3906 6320
491 314 597 372 835

1569 312 1842 371 CLAUDII
1882 314 2346 371 TAURINENSIS
2386 313 2692 372 EPISCOPI

3683 320 3776 374 836

489 431 685 505 ticam:
710 436 895 498 script.
917 437 1040 505 vet;
1055 429 1329 505 volumine
1351 444 1403 505 p.
1430 428 1536 505 274
1561 428 1730 505 (Infra
1774 430 1878 484 col.
1923 431 2072 505 837).
2107 437 2157 496 Α
2181 429 2326 485 beati
2343 427 3000 504 Hieronymipresbyteri,
3016 448 3176 504 quem
3197 434 3251 487 in
3275 432 3604 503 prazfatione
3625 449 3778 505 expo-

489 499 643 570 Nune
677 497 856 552 autem
898 497 1272 570 praefationem
1316 497 1865 570 ejusdemdivulgare
1895 497 2072 570 placet

489 571 544 640 in
568 568 832 640 catenam
869 568 936 622 ab
962 586 1046 640 eo
1073 568 1383 624 contextam
1413 584 1478 623 ex
1521 568 2072 640 Latinis'prmsertim

487 639 742 711 Patribus
767 653 932 709 stiper
960 639 1193 711 Mattluei
1217 641 1595 710 Evangelium;
1621 639 1784 711 quam
1816 641 2073 696 ineditam

487 710 543 765 In
567 709 776 763 duobus
801 710 1060 779 conspexi
1081 709 1573 774 codicibus,’altero
1595 709 1812 779 quidem
1837 720 2076 766 vetusta-

490 779 561 851 tis
590 789 697 833 tam
722 780 1043 835 veneranda:
1069 791 1142 851 ut,
1170 781 1270 851 ipsi
1299 781 1526 851 Claudio
1558 781 1809 836 videatur
1837 797 2070 846 coaevus,

488 850 665 904 altero
701 859 882 906 autem
910 851 1091 905 steculi
1121 849 1290 906 ferme
1316 867 1392 904 xt.
1421 849 1562 905 Sane
1585 851 1711 919 quia
1736 851 1942 906 Latinis
1968 851 2072 906 Ca-

487 920 630 989 tenis
669 935 776 972 non
805 935 958 989 teque
983 930 1044 975 ut
1086 920 1290 976 Graecis
1331 920 1701 983 abundamus,
1752 922 1884 975 utile
1937 921 2077 976 foret

488 987 1009 1063 Claudianamgha‘nc
1039 991 1106 1045 ad
1147 992 1420 1061 publicum
1453 1007 1608 1063 usum
1643 989 1892 1063 deferre;
1928 993 2076 1063 quod

489 1074 576 1115 me
606 1058 895 1131 aliquando
925 1058 1198 1131 facturum
1227 1078 1332 1115 non
1368 1062 1697 1131 despondeo.
1725 1058 1962 1116 Interim'
1992 1072 2074 1118 ta—

490 1143 613 1202 men
630 1129 902 1202 eruditum
922 1129 1037 1198 ejus
1058 1132 1335 1201 prologum
1362 1129 1593 1186 libenter
1613 1133 1755 1202 typis
1771 1134 2074 1198 committo,

486 1197 644 1272 cujus
685 1200 899 1272 nonnisi
945 1197 1080 1272 duas
1129 1197 1425 1270 paucorum
1469 1197 1722 1256 versuum
1780 1197 2078 1272 particulas

489 1268 729 1344 vulgavit
757 1268 1247 1344 _olii_n__Barouius_
1273 1273 1340 1325 ad
1390 1287 1591 1344 annum
1611 1273 1752 1344 _8l5,
1780 1268 1870 1327 _ex
1905 1290 2078 1344 eoque

488 1338 834 1410 ingépistolas
865 1339 1184 1395 Ilibernicas
1233 1342 1420 1410 (quasi
1457 1341 1714 1397 Claudius
1743 1352 1888 1398 esset
1919 1338 2078 1410 gente

489 1406 896 1485 Uiberneusis,
938 1412 1081 1485 quod
1121 1406 1404 1485 immerito
1439 1413 1705 1485 creditum
1755 1413 1859 1485 est)
1916 1406 2079 1470 Usse-

489 1478 607 1551 rius
646 1478 971 1551 transtulitf
996 1479 1339 1548 Cmteroquiu
1367 1550 1370 1551 ν
1394 1483 1510 1536 lucc
1560 1481 1805 1551 praefatio
1842 1478 2076 1540 'nonnisi

489 1547 545 1602 in
593 1549 901 1622 antiquiore
950 1552 1139 1606 codice
1186 1547 1490 1621 superfuit,
1535 1547 1662 1622 quia
1711 1554 1853 1608 alzer
1902 1557 2078 1610 codex

489 1618 784 1688 aeepbalus
813 1631 914 1675 est.

937 1734 1187 1790 INCIPIT
1227 1734 1619 1792 PRZEFATIO.

838 1863 1039 1903 DOIINO
1066 1864 1269 1903 SANCTO
1299 1865 1361 1904 AC
1393 1864 1708 1904 BEATISSIMO

539 1932 610 1973 Ιτ
649 1933 763 1972 III"
795 1935 1076 1973 PECULIARI
1101 1935 1274 1973 CULTU
1303 1933 1646 1982 AFFECTUOUB
1675 1935 2025 1976 SPECIALITER

781 2003 1094 2044 EXCOLENDO
1153 2007 1312 2044 PATRI
1374 2007 1536 2046 IUSTO
1599 2009 1792 2046 ΛΒΒΑΤΙ

991 2075 1252 2115 CLAUDIUS
1283 2077 1576 2116 PECCATOR.

563 2194 582 2225 ι
613 2175 770 2231 Anno
797 2174 902 2230 8l5
941 2175 1338 2230 incarnationis
1371 2174 1672 2231 Salvatoris
1716 2175 1844 2231 Jesu
1875 2176 2078 2231 Christi

488 2264 702 2322 Domini
733 2265 903 2320 nostri
925 2306 940 2328 ,
979 2275 1267 2335 postquam
1297 2266 1419 2335 pius
1449 2281 1514 2318 ac
1557 2266 1880 2320 mitissimus
1932 2268 2079 2336 priu-

484 2371 632 2428 ceps,
662 2363 865 2410 sanctae
892 2355 986 2410 Dei
1021 2355 1283 2409 Ecclesiae
1318 2355 1600 2410 catholica
1633 2354 1774 2409 filius
1806 2355 2080 2410 llludowi-

483 2455 582 2501 cus
606 2459 746 2499 anno
775 2445 1010 2500 secundo
1039 2444 1253 2516 imperii
1277 2446 1382 2510 sui,
1415 2445 1624 2500 caelesti
1668 2445 1836 2500 fultus
1871 2447 2077 2501 auxilio

485 2538 748 2594 adversus
777 2537 1043 2593 barbaras
1071 2537 1319 2592 nationes
1349 2537 1609 2592 movisset
1631 2540 1966 2604 exercitum;
2001 2548 2079 2592 te-

484 2643 592 2699 que
618 2626 854 2681 abeunte
877 2634 931 2682 et
953 2625 1267 2682 discedente
1296 2635 1385 2680 tua
1427 2622 1750 2696 paternit'ate
1778 2644 1845 2682 ex
1873 2629 2077 2698 palatio

476 2717 593 2789 jam
623 2718 752 2773 dicti
791 2716 1052 2788 principis
1079 2716 1146 2771 ad
1175 2725 1348 2772 tutum
1395 2718 1760 2787 dilectumque
1797 2720 1894 2774 tibi
1929 2735 2070 2774 sem-

483 2824 582 2880 per
609 2808 685 2862 tui
703 2807 1022 2862 monasterii
1046 2814 1258 2877 portum
1282 2824 1295 2872 ;
1329 2806 1610 2878 injunxisti
1634 2809 1766 2862 mihi
1788 2809 2079 2878 utaliquod

481 2902 704 2972 dignum
739 2900 1015 2954 memoriae
1040 2900 1360 2969 opusculum
1387 2902 1440 2954 in
1466 2901 1807 2970 expositione
1831 2901 2075 2971 Evange-

481 2989 538 3046 lii
570 2989 636 3045 ad
666 2991 949 3061 legendum
991 2991 1280 3060 dirigerem
1327 2988 1589 3044 fratribus
1631 2990 1952 3044 monasterii
1976 3006 2070 3044 ve-

481 3080 582 3135 stri
610 3079 709 3152 (α).
735 3099 752 3131 ι
787 3078 965 3150 Atque
993 3080 1204 3134 utinam
1247 3089 1393 3133 tanta
1421 3088 1566 3135 esset
1618 3078 1766 3134 fandi
1821 3079 2073 3147 facultas,

2177 523 2392 577 sitionis
2413 521 2573 592 hujus
2597 523 2832 580 Matthzei
2857 526 3078 596 scripsit
3119 525 3186 580 ad
3209 527 3512 596 quemdam
3554 526 3771 582 Eusebii

2176 617 2414 682 nomine,
2449 617 2502 670 in
2529 632 2638 686 quo
2677 617 2794 672 ait:
2833 637 2850 668 ι
2896 619 3028 672 satis
3058 619 3261 684 miror,
3296 619 3504 673 Eusebi
3532 618 3777 674 dilectis-

2176 708 2336 772 sime,
2361 722 2458 760 cur
2481 706 2710 761 Romam
2732 707 2912 762 subito
2934 708 3307 780 navigaturus.
3343 709 3490 763 hanc
3514 710 3617 763 tibi
3648 724 3679 761 a
3700 725 3780 764 me

2175 799 2329 868 quasi
2363 799 2640 852 sitarciam
2669 799 2784 853 dari
2823 799 3078 864 volueris,
3119 810 3180 854 ut
3225 799 3546 854 Matthmum
3607 801 3779 854 brevi-

2177 899 2259 944 ter
2279 906 2572 960 exponens,
2607 892 2786 946 verbis
2813 893 3161 963 stringerem,
3186 891 3439 947 sensibus
3466 892 3776 946 dilatarem.

2179 979 2234 1036 Si
2268 983 2606 1036 meminisses
2635 984 3004 1052 responsionis
3046 999 3200 1047 mese,
3241 999 3523 1052 nunquam
3560 984 3616 1037 in
3662 999 3782 1054 pau-

2178 1073 2257 1127 cis
2302 1074 2490 1128 diebus
2552 1090 2665 1128 rem
2713 1090 2977 1129 annorum
3021 1084 3255 1145 peteres.
3307 1095 3325 1127 ›
3364 1074 3782 1146 Spoponditquo

2179 1179 2238 1218 se
2261 1165 2336 1218 illi
2366 1167 2467 1219 hoc
2491 1165 2543 1218 in
2570 1176 2846 1235 posterum
2873 1165 3185 1235 plenissime
3201 1166 3606 1236 expositurum.
3632 1165 3782 1232 Quod

2179 1257 2396 1326 quidem
2421 1270 2764 1325 nequaquam
2786 1254 3009 1318 faceret,
3035 1256 3082 1310 si
3097 1271 3202 1310 non
3223 1256 3389 1309 multa
3408 1256 3782 1325 praetermissa

2181 1348 2291 1403 illic
2322 1356 2664 1401 sacramenta
2691 1361 2813 1400 esse
2834 1385 2849 1412 ,
2901 1346 3044 1400 idem
3078 1345 3160 1399 vir
3189 1354 3411 1399 sanctus
3447 1348 3647 1400 sciret.
3687 1344 3784 1399 Le-

2181 1445 2274 1506 gat
2307 1444 2362 1490 et
2411 1434 2548 1490 alios
2599 1435 2768 1505 ipsius
2810 1434 3093 1505 Evangelii
3158 1433 3382 1489 Latinos
3440 1436 3785 1505 expositores

2183 1529 2446 1584 Hilarium
2475 1537 2532 1584 et
2571 1528 2947 1592 Fortunatum,
2973 1537 3028 1582 et
3050 1528 3204 1598 juxta
3248 1528 3496 1583 historia:
3526 1530 3779 1585 ordinem

2181 1636 2370 1676 omnes
2419 1635 2610 1675 sensus
2672 1620 2947 1690 physicos,
3006 1619 3348 1689 allegoricos,
3405 1629 3576 1688 atque
3623 1620 3783 1673 etiam

2186 1713 2394 1768 ethicos
2420 1713 2665 1783 requirat
2692 1712 2983 1782 diligenter
3003 1712 3070 1767 ad
3099 1728 3297 1782 purum
3325 1729 3340 1775 ;
3373 1719 3429 1766 et
3457 1720 3594 1765 tunc
3626 1727 3783 1766 nosse

2117 1813 2162 1870 Β
2190 1806 2388 1873 poterit
2439 1813 2619 1858 utrum
2659 1818 2760 1874 ego
2814 1805 2987 1859 otiose
3029 1818 3097 1856 an
3149 1804 3361 1867 devote,
3406 1802 3686 1872 superflue
3722 1817 3784 1854 an

2187 1899 2515 1963 necessarie,
2542 1899 2595 1951 in
2635 1897 2739 1951 hoc
2785 1912 2951 1965 opere
2997 1895 3376 1950 laboraverim.
3419 1895 3563 1950 Etsi
3604 1895 3655 1950 ei
3685 1911 3783 1949 non

2184 1991 2449 2061 placuerit
2477 1991 2685 2046 fructus
2714 1990 2916 2045 laboris
2951 1989 3080 2055 mei,
3123 1989 3309 2044 audiat
3343 1989 3496 2043 salva
3523 1988 3786 2042 eharitate

2186 2096 2504 2150 responsum
2535 2099 2550 2147 ;
2581 2084 2668 2138 cui
2709 2097 2814 2136 non
2841 2082 3036 2152 placet,
3079 2083 3334 2152 negligat.

2253 2173 2490 2230 Obsecro
2515 2176 2679 2229 etiam
2708 2175 3092 2245 paternitatem
3134 2183 3303 2238 luant,
3347 2184 3406 2228 et
3443 2184 3768 2228 cunctorum

2184 2264 2412 2320 fratrum
2443 2265 2748 2319 benivolam
2795 2265 3144 2328 charitatem,
3195 2274 3254 2318 ut
3285 2279 3393 2318 non
3438 2276 3540 2318 vos
3587 2274 3782 2318 terreat

2183 2354 2392 2425 prolixa
2434 2355 2722 2424 expositio,
2777 2369 2877 2408 nec
2918 2354 3216 2408 voluminis
3258 2355 3617 2423 magnitudo;
3651 2357 3772 2423 quia

2183 2460 2373 2500 revera
2403 2454 2652 2500 sanctum
2683 2445 3054 2516 Evangelium,
3107 2444 3250 2514 quod
3297 2460 3470 2515 regno
3515 2446 3778 2499 caelorum

2183 2535 2360 2590 slmile
2391 2551 2421 2589 a
2451 2535 2735 2588 Salvatore
2761 2545 2948 2589 nostro
2980 2535 3164 2589 multis
3196 2535 3249 2588 in
3282 2535 3417 2589 locis
3440 2551 3566 2590 esse
3599 2537 3780 2606 perhi-

2181 2631 2360 2694 betur,
2387 2645 2494 2683 non
2516 2638 2696 2699 potest
2721 2629 2908 2698 paucis
2951 2628 3222 2682 enuntiari
3267 2627 3450 2681 verbis
3496 2627 3585 2682 vel
3612 2628 3777 2680 sensi-

2180 2722 2282 2776 bus
2309 2721 2598 2790 explicari;
2631 2720 2758 2790 quia
2803 2729 2858 2774 et
2887 2734 3188 2789 congruum
3236 2717 3359 2781 fuit,
3408 2728 3466 2771 ut
3498 2734 3657 2772 sacra
3689 2735 3778 2771 no-

2181 2813 2279 2868 Stri
2318 2810 2617 2866 Salvatoris
2671 2811 2815 2865 dicta
2857 2809 3071 2864 caeteris
3120 2807 3440 2878 Scripturis,
3493 2809 3640 2863 sicut
3673 2825 3775 2862 me-

2182 2903 2288 2957 rito
2322 2903 2396 2956 ita
2419 2909 2475 2956 et
2504 2901 2682 2971 specie
2727 2902 3202 2965 discernerentur;
3242 2914 3310 2953 ne
3354 2899 3446 2952 illa
3473 2899 3778 2954 ccelestium

2181 3008 2506 3048 arcanorum
2538 2992 2770 3062 dignitas
2799 2993 3003 3062 passim
3036 3000 3199 3060 atque
3230 2991 3529 3044 indiscrete
3568 2990 3774 3044 cunctis

2181 3093 2414 3155 pateret,
2477 3092 2830 3152 sanctumque
2868 3082 3115 3147 canibus,
3147 3091 3202 3136 et
3249 3082 3566 3152 margarita
3601 3080 3775 3151 porcis

480 3180 685 3242 quanta
707 3179 791 3225 est
811 3171 1096 3225 obedientli
1124 3170 1375 3225 voluntas
1403 3185 1634 3239 cumque
1654 3171 1798 3224 aliud
1823 3172 2070 3225 scriben-
2101 3171 2143 3231 C
2176 3181 2594 3244 exponerentur.
2634 3172 2700 3225 Et
2724 3172 2843 3227 ideo
2874 3174 2941 3226 ab
2971 3172 3088 3242 ipso
3121 3169 3404 3226 Salvatore
3448 3177 3641 3225 nostro
3664 3186 3776 3239 pm-

479 3262 613 3321 dum
638 3278 705 3318 ex
733 3264 1059 3333 pnecedenti
1085 3261 1200 3331 jam
1238 3272 1480 3334 tempore
1507 3278 1624 3316 mea
1658 3271 1865 3318 teneret
1889 3263 2074 3317 volun-

482 3364 566 3411 tas
587 3397 602 3420 ,
639 3355 708 3409 ad
731 3353 782 3408 Id
813 3355 958 3423 quod
974 3355 1219 3424 jusseras
1243 3370 1416 3408 meam
1440 3355 1697 3408 continuo
1730 3353 1911 3408 studui
1937 3355 2070 3407 diri-

481 3460 612 3517 gere
657 3443 1022 3507 voluntatem;
1073 3452 1126 3497 et
1184 3442 1533 3514 Evangelium
1591 3443 1888 3496 secundum
1938 3441 2074 3496 Mat-

483 3536 683 3589 tbaeum
706 3549 771 3588 ex
797 3532 1072 3604 opusculis
1098 3544 1410 3588 sanctorum
1435 3533 1674 3595 Patrum,
1710 3533 1834 3588 licet
1864 3549 1970 3588 non
2004 3532 2072 3588 ad

483 3641 703 3698 purum,
735 3625 879 3695 quod
905 3626 1072 3678 etiam
1097 3624 1312 3678 dillicile
1343 3634 1425 3678 est
1458 3623 1572 3678 fieri
1591 3665 1606 3690 ,
1640 3632 1820 3678 tamen
1847 3634 1908 3678 ut
1931 3624 2072 3678 valui

483 3718 762 3789 inquirere
826 3726 990 3786 atque
1044 3716 1336 3786 explanare
1389 3723 1617 3771 conatus
1670 3731 1791 3769 sum
1844 3731 1911 3770 ex
1965 3722 2074 3768 tra-

482 3810 718 3867 ctatibus
747 3809 1032 3864 doctorum
1073 3816 1128 3862 et
1179 3807 1446 3877 majorum
1481 3815 1812 3871 nostrorum,
1842 3807 1934 3877 qui
1974 3822 2073 3861 nos

481 3903 538 3959 in
569 3901 750 3957 studio
795 3898 957 3967 hujus
1008 3900 1213 3970 operis,
1263 3899 1404 3954 sicut
1451 3899 1681 3952 scientia
1731 3899 1807 3952 ita
1853 3906 1909 3953 et
1938 3907 2072 3952 tem-

480 4009 613 4068 pore
634 4001 1048 4064 praecesserunt,
1085 3991 1138 4045 id
1169 3999 1252 4045 est
1295 3989 1568 4060 Origenis,
1601 3989 1813 4054 Iliiarii,
1841 3989 2075 4045 Ambro-

479 4085 569 4148 sii,
605 4083 939 4153 Hieronymi,
972 4080 1284 4150 Augustini,
1311 4078 1489 4132 Ruﬁni
1514 4078 1612 4150 (b),
1643 4077 1889 4144 Joannis,
1935 4076 2075 4131 Ful-

479 4172 670 4244 gentii,
711 4169 928 4234 Leonis,
961 4169 1203 4234 Maximi,
1236 4167 1503 4238 Gregorii,
1524 4179 1579 4222 et
1603 4168 1779 4223 Bedae.
1809 4168 1914 4223 Sed
1931 4168 2074 4223 sicut

481 4265 536 4319 in
564 4277 688 4317 arce
707 4261 902 4331 capitis
925 4260 1070 4313 inter
1089 4259 1270 4313 omnia
1295 4264 1540 4313 membra
1564 4257 1747 4328 lingua
1765 4257 1886 4326 plus
1907 4271 2074 4311 mem-

481 4358 594 4412 bris
616 4356 868 4411 omnibus
890 4361 1083 4416 sonat,
1142 4351 1216 4404 ita
1263 4352 1317 4405 in
1367 4349 1689 4420 exponendo
1736 4348 2066 4418 Evangelio,

482 4450 626 4503 inter
678 4461 870 4503 omnes
925 4453 1011 4500 est
1069 4443 1418 4497 beatissimus
1470 4439 1826 4511 Augustinus.
1894 4437 2074 4492 Multis

2175 3274 2424 3320 curatum
2454 3272 2558 3329 est,
2586 3273 2647 3319 ut
2673 3264 2761 3318 illa
2784 3280 3006 3319 suorum
3027 3265 3254 3319 castitas
3277 3263 3624 3333 eloquiorum
3649 3278 3766 3332 pro-

2175 3359 2398 3413 miscuis
2426 3368 2746 3413 cunctorum
2786 3358 2958 3412 oculis
2999 3359 3178 3412 abdita
3201 3358 3304 3413 sub
3351 3357 3510 3426 quasi
3540 3357 3772 3426 quodam

2174 3451 2440 3506 velamine
2471 3450 2741 3520 pudicitiae
2771 3457 3170 3521 contegeretur.
3212 3448 3291 3503 Ac
3322 3449 3506 3502 divina
3533 3449 3765 3519 optima-

2173 3554 2279 3609 que
2313 3540 2717 3610 dispensatione
2766 3541 3044 3609 provisum
3097 3547 3203 3603 est,
3237 3548 3294 3592 ut
3346 3537 3631 3608 Scriptura
3663 3538 3769 3607 ipsa

2174 3632 2488 3702 evangelica
2542 3632 2760 3686 Domini
2814 3632 2986 3687 nostri
3032 3631 3105 3685 ita
3152 3640 3430 3701 tegeretur
3460 3630 3769 3685 cmlestibus

2174 3725 2497 3778 obumbrata
2535 3724 2829 3793 mysteriis,
2869 3725 3010 3778 sicut
3035 3731 3248 3779 secreto
3283 3736 3381 3775 suo
3417 3722 3540 3790 ipsa
3582 3721 3769 3775 divini-

2176 3825 2259 3870 tas
2302 3815 2684 3894 operiebatur;
2741 3815 2886 3885 quod
2913 3829 2980 3868 ex
3009 3812 3270 3883 subjectis
3299 3813 3514 3882 plenius
3546 3811 3762 3866 manife-

2176 3917 2355 3962 statur
2383 3908 2665 3978 exemplis.

2246 4002 2400 4069 Quod
2445 4019 2574 4058 vero
2619 4005 2866 4073 quaedam
2916 4005 3096 4058 minus
3137 4003 3388 4058 ordinata
3426 4018 3596 4074 quam
3623 4003 3768 4058 decet

2175 4091 2230 4145 iu
2267 4092 2369 4146 hoc
2404 4092 2591 4146 codice
2642 4092 2810 4146 multa
2867 4097 3232 4163 reperiuntur,
3293 4108 3406 4147 non
3457 4093 3647 4147 omnia
3684 4093 3767 4146 tti-

2176 4181 2311 4236 buas
2350 4182 2655 4252 imperitiae,
2689 4182 2782 4237 sed
2814 4183 3060 4253 quaedam
3108 4192 3332 4252 propter
3368 4191 3760 4252 paupertatem.

2175 4276 2423 4346 quaedam
2471 4275 2690 4344 ignosce
2741 4284 2961 4344 propter
3008 4275 3256 4344 corporis
3307 4273 3686 4329 infirmitatem
3717 4283 3764 4328 et

2176 4381 2422 4421 meorum
2451 4365 2728 4420 oculorum
2779 4366 3225 4432 imbecillitatem,
3253 4367 3379 4436 quia
3410 4383 3521 4422 non
3554 4366 3763 4421 fuerunt

2177 4456 2230 4510 in
2268 4456 2479 4511 tabellis
2505 4465 2748 4526 excepta,
2782 4456 2866 4510 vel
2921 4457 3194 4511 schedulis
3242 4458 3476 4528 digesta,
3513 4458 3611 4513 sed
3647 4472 3704 4516 ut
3734 4479 3759 4514 a

480 4543 647 4597 etiam
693 4539 748 4594 in
791 4538 961 4602 locis,
1007 4535 1100 4591 ubi
1155 4535 1351 4591 horum
1394 4531 1566 4588 defuit
1603 4547 1798 4588 sensus
1826 4530 1911 4585 vel
1948 4545 2072 4585 ver-

2180 4560 2265 4601 me
2286 4545 2516 4600 inveniri
2537 4545 2622 4599 vel
2657 4545 2890 4600 discerni
2923 4555 3234 4615 potuerunt,
3290 4547 3367 4600 ita
3391 4547 3446 4600 in
3479 4548 3586 4604 hoc
3611 4550 3761 4603 aflixa

482 4633 591 4696 ba,
650 4632 753 4686 hoc
803 4637 1080 4697 utcunque
1143 4625 1351 4682 valuit.
1407 4624 1628 4694 explere
1683 4623 1893 4679 studuit
1950 4638 2071 4679 mea

482 4731 795 4793 paupertas.

555 4811 632 4865 Te
685 4810 830 4864 enim
870 4805 1131 4876 lubente,
1165 4805 1280 4862 scio
1322 4804 1464 4875 quod
1510 4819 1690 4858 meum
1745 4805 1888 4874 apud
1934 4804 2074 4860 mul-

485 4914 570 4957 tos
618 4899 1004 4972 prmdicabitur
1044 4897 1310 4968 judicium
1347 4935 1362 4958 ,
1423 4895 1518 4965 qui
1585 4895 1886 4949 secundum
1945 4910 2071 4950 car-

484 5011 609 5050 nem
663 5000 910 5054 tantum,
970 5001 1026 5045 et
1071 5005 1176 5044 non
1209 4988 1376 5042 etiam
1419 4985 1628 5055 justum
1677 4997 1946 5040 noverunt
1985 4986 2074 5056 ju-

483 5086 685 5142 dicium
733 5082 1024 5152 judicare,
1081 5081 1236 5149 quasi
1285 5081 1465 5149 aliqua
1519 5080 1824 5134 temeritate
1869 5080 1924 5134 in
1974 5096 2073 5150 pu-

483 5176 759 5249 gillatione
775 5173 860 5228 vel
889 5172 1310 5242 reprehensione
1332 5169 1595 5239 majorum
1611 5172 1712 5223 hoc
1737 5184 1838 5240 ego
1851 5170 2071 5240 aggredi

483 5269 633 5322 nisus
646 5265 839 5320 fuerim
853 5279 1007 5333 opus.
1026 5261 1191 5332 Legat
1203 5261 1450 5331 quisquis
1480 5261 1566 5315 ille
1581 5268 1664 5316 est
1679 5261 2070 5331 apologeticum

555 5401 631 5472 (α)
658 5401 932 5457 Hactenus
948 5399 1226 5472 Barouius
1256 5397 1500 5472 loco_cit.

556 5468 630 5541 (li)
689 5472 887 5542 Ruﬁni.
945 5469 1196 5542 Meudum
1235 5468 1399 5539 prisci
1438 5468 1779 5542 amanuensis
1818 5469 2070 5542 existimo

523 5538 582 5599 ro
616 5538 838 5596 'Rnba'no
869 5555 887 5593 :
919 5541 1122 5596 etenim
1159 5540 1212 5593 in
1237 5538 1441 5594 catena
1476 5538 1565 5592 ubi
1610 5539 1868 5594 scribitur
1890 5541 2068 5594 littera

538 5655 550 5673 .
586 5613 864 5668 Babanum
903 5626 1006 5664 non
1047 5608 1299 5680 Rufinum
1334 5609 1736 5680 intelligendum
1769 5625 1890 5664 esse
1920 5625 2067 5664 com-

482 5685 596 5752 peri
629 5725 644 5746 ,
694 5682 889 5737 collato
934 5681 1050 5736 loco
1083 5679 1174 5752 illo
1210 5698 1226 5728 ι
1262 5680 1318 5752 Si
1356 5680 1480 5752 quis
1518 5679 1744 5734 uxorem
1800 5680 2067 5752 dimiserit

482 5749 708 5822 excepta
736 5765 897 5809 causa
929 5750 1303 5807 fornicationis
1338 5773 1352 5802 ι
1380 5749 1481 5819 qui
1520 5757 1661 5804 totus
1698 5759 1778 5805 est
1809 5749 2014 5805 Rabaui
2051 5767 2061 5803 :

2175 4638 2363 4692 codice
2386 4646 2531 4692 sunt.
2572 4636 2707 4690 Date
2739 4637 2922 4705 itaque
2947 4638 3161 4691 veniam
3198 4638 3584 4706 imprudentia
3619 4656 3759 4702 mea,

2174 4744 2339 4799 quam
2363 4729 2711 4793 extorsistis;
2740 4729 2863 4798 quia
2896 4736 2954 4782 ut
2981 4730 3204 4783 auribus
3254 4730 3455 4785 vestris
3503 4732 3758 4788 verbosus

2175 4820 2490 4887 existerem,
2549 4820 2789 4893 dignatio
2847 4831 3030 4874 vestra
3085 4836 3172 4876 me
3225 4822 3424 4890 coegit,
3487 4824 3760 4878 conﬁdens

2175 4911 2319 4980 quod
2347 4910 2637 4966 voluminis
2665 4911 2968 4980 prolixitas,
2988 4911 3034 4966 si
3060 4911 3340 4980 displiceat
3372 4913 3564 4977 aﬂ'atu,
3598 4915 3760 4984 placet

2175 4999 2404 5066 allectu;
2456 5017 2579 5058 cum
2624 5001 3019 5066 intellexeritis,
3069 5016 3194 5055 eum
3242 5001 3461 5071 (scilicet
3513 5005 3760 5071 codicem)

2177 5105 2287 5144 non
2307 5105 2406 5160 pro
2434 5091 2759 5161 eloquentiae
2783 5106 3055 5155 sermone,
3107 5091 3199 5145 sed
3241 5107 3340 5161 pro
3365 5101 3553 5146 vestro
3583 5109 3758 5148 amore

2174 5184 2461 5254 digestum.
2489 5182 2766 5253 Simulque
2792 5183 2917 5253 quia
2943 5184 3180 5238 sciebam
3204 5183 3505 5240 almitatem
3527 5197 3755 5241 vestram

2175 5271 2230 5324 in
2254 5272 2507 5326 amicitiis
2539 5271 2670 5327 meis
2697 5271 2819 5342 plus
2845 5273 3239 5342 reprehendere
3267 5272 3663 5330 taciturnitatis
3683 5291 3760 5330 ve-

2175 5401 2318 5475 quod
2351 5403 2601 5475 equidem
2629 5417 2956 5475 magnopere
2985 5403 3170 5464 miror,
3199 5404 3326 5473 quia
3346 5403 3516 5459 coaevi
3546 5403 3756 5475 quidem

2177 5472 2399 5546 fuerth
2431 5471 2770 5546 Clattdiuset
2798 5472 3056 5546 [tabanus
3085 5514 3098 5537 ,
3132 5471 3229 5529 scd
3257 5484 3440 5530 tamen
3482 5471 3649 5546 paulo
3678 5490 3755 5528 se-

2175 5543 2297 5597 nior
2343 5542 2617 5613 Claudius.
2663 5538 2945 5613 Fortunati
2967 5557 3193 5613 quoque
3221 5560 3419 5600 nomen
3455 5538 3754 5600 u'onnisiex

2173 5613 2489 5684 [imfzttione
2519 5610 2828 5684 Hieronymi
2858 5615 2924 5668 ad
2950 5610 3160 5670 comm.
3220 5615 3273 5670 in
3312 5615 3507 5672 Matth.
3549 5616 3756 5671 videtur

2173 5682 2429 5740 Claudius
2458 5682 2798 5754 cognovisse.
