3906 6312
165 324 274 380 837

913 323 1230 381 PREFAT.
1272 324 1339 381 ΙΝ
1377 324 1728 384 COMMENT.
1771 320 1948 383 SUOS
1983 324 2074 381 AD
2114 325 2330 382 EPIST.
2370 324 2595 383 PAULI.

3316 333 3422 387 858

165 436 500 501 recusdiata,
526 450 690 505 quam
717 435 994 507 loquacem
1024 436 1406 494 familiaritatis
1433 439 1734 495 audaciam.
1766 444 1814 502 Α
1841 438 1947 493 mei
1975 439 2299 509 pervenerit,
2332 440 2768 495 intercessionem
2800 450 3142 511 peccatorum
3171 457 3414 499 meorum

165 529 354 598 Legite
379 528 422 582 si
465 528 658 583 vivetis
688 528 786 601 (ita
828 528 994 600 cod.),
1021 537 1184 598 atque
1222 531 1586 587 transeribite.

238 618 476 674 Obsecro
491 619 656 676 etiam
669 627 728 673 ut
741 629 1026 691 postquam
1041 619 1196 674 vobis
1209 621 1347 676 bene
1370 623 1620 691 cognitus
1636 621 1750 677 fue-

165 710 259 774 rit,
284 708 538 769 fratribus
559 711 777 772 nostris,
803 709 999 779 quibus
1020 710 1196 765 adhuc
1218 712 1523 783 incognitus
1537 722 1639 778 est,
1671 727 1749 767 re-

163 802 430 852 mittatur.
453 797 692 870 Denique
704 813 805 870 ego
818 800 1159 869 praesentiam
1180 812 1414 856 vestram
1436 803 1576 857 intra
1605 817 1749 857 men-

165 889 241 940 tis
270 902 401 942 mea:
423 890 894 960 arcanapossideo,
928 889 1231 960 ctelligiem
1274 902 1509 948 vestram
1547 893 1601 947 in
1632 907 1748 962 spe-

163 978 290 1030 culo
311 978 416 1032 mei
431 978 856 1044 cordisiutueor,
872 996 1033 1050 quam
1054 981 1164 1036 illic
1179 983 1414 1037 Charitas
1430 991 1610 1037 nostra
1626 998 1747 1051 per-

166 1064 307 1121 fecte
326 1055 584 1136 depinxit,
605 1078 662 1122 ut
676 1069 874 1124 nullius
889 1076 1064 1124 etatis
1089 1073 1258 1141 possit
1274 1072 1539 1126 oblivione
1554 1072 1741 1138 deleri,

164 1157 418 1227 qurejugi
448 1159 818 1213 recordatione
840 1162 1128 1216 momentis
1166 1163 1390 1233 singulis
1432 1163 1739 1218 innovatur.

167 1244 284 1299 illic
303 1247 447 1300 enim
476 1248 753 1303 vobiscum
778 1258 833 1304 et
856 1252 1299 1307 consuetudinem
1322 1254 1744 1324 pietatisvestra:

164 1337 432 1392 secretius
453 1340 770 1409 conloquor;
795 1341 904 1395 illic
928 1343 1089 1396 etiam
1117 1344 1182 1399 de
1205 1345 1327 1399 vitae
1355 1346 1594 1402 melioris
1615 1363 1743 1402 eon-

163 1427 470 1480 versatione
482 1438 754 1496 pertracto
773 1448 784 1483 :
813 1430 919 1485 illic
946 1447 1039 1486 vos
1052 1433 1207 1488 labiis
1222 1437 1417 1490 mentis
1436 1438 1738 1502 exosculor,

162 1525 223 1570 et
243 1518 489 1572 manibus
509 1520 704 1574 mentis
725 1520 1168 1590 amplector.Quo
1197 1523 1254 1578 lit
1271 1532 1326 1578 ut
1349 1540 1478 1579 vera
1499 1525 1738 1592 dilectio,

161 1622 286 1675 qua:
309 1608 362 1662 in
392 1610 689 1666 visceribus
710 1614 846 1667 meis
874 1614 992 1667 viva
1025 1616 1189 1669 vestri
1225 1615 1543 1686 ﬁguratione
1568 1621 1742 1673 nutri-

164 1704 273 1758 tur.
306 1697 618 1768 etigniculo
645 1700 927 1754 charitatis
954 1703 1290 1769 accenditur,
1321 1705 1525 1759 amoris
1571 1707 1736 1760 vestri

1851 526 2075 597 supplex
2106 528 2174 582 ab
2201 527 2449 582 omnibus
2476 528 2722 598 exquiro,
2778 529 3005 585 subnixa
3049 547 3211 602 prece
3259 534 3419 602 depo-

1849 634 2024 685 scens,
2053 629 2112 676 ut
2142 621 2215 674 ita
2265 619 2768 677 misericordissima
2799 622 3026 678 Domino
3061 632 3247 680 nostro
3277 627 3417 681 assi-

1848 711 1969 767 duis
1997 712 2345 782 petitionibus
2389 712 2642 784 llagitetis
2668 755 2682 779 ,
2711 725 2771 770 ut
2819 718 2871 773 in
2925 719 3176 773 omnibus
3204 720 3417 775 delictis

1849 803 1984 856 meis
2012 812 2174 873 atque
2201 803 2441 872 peccatis
2489 805 2741 860 omnibus
2759 845 2776 870 ,
2807 808 3193 876 opitulantibus
3221 811 3379 865 vobis
3399 850 3416 872 .

1847 889 2318 944 consuetudinaria
2344 889 2627 945 clementia
2653 900 2707 947 et
2746 895 2960 964 copiosa
2989 895 3228 953 bonitate
3264 898 3410 952 delc-

1847 978 1942 1043 tis,
1971 978 2073 1032 etsi
2099 992 2204 1031 non
2235 978 2303 1032 ad
2327 979 2467 1032 idem
2495 982 2770 1047 przemium
2791 1022 2805 1047 ,
2848 983 3023 1037 saltim
3049 984 3116 1038 ad
3156 987 3406 1046 eumdem

1845 1085 1944 1124 nos
1963 1078 2176 1138 portum
2206 1070 2403 1139 quietis
2423 1068 2611 1138 iubeat
2639 1074 2920 1142 pervenire
2953 1073 3052 1146 (a).
3077 1097 3094 1127 ι
3131 1075 3200 1131 Ut
3225 1086 3414 1146 quate-

1844 1175 1945 1214 nus
1973 1161 2059 1215 hic
2084 1168 2304 1230 propter
2354 1161 2527 1231 spatia
2577 1160 2856 1230 interiecta
2913 1175 3202 1227 terrarum,
3234 1165 3409 1222 oculis

1844 1252 2086 1322 corporis
2111 1252 2309 1321 saepius
2325 1267 2421 1306 nos
2441 1251 2622 1307 videre
2637 1268 2741 1306 non
2764 1267 3071 1322 possumus,
3097 1253 3183 1306 vel
3210 1254 3409 1308 ibidem

1843 1344 1909 1397 de
1937 1352 2120 1398 mutua
2148 1343 2432 1414 praesentia
2463 1343 2806 1412 gaudeamus.
2857 1345 2923 1398 Et
2950 1346 3164 1413 quando
3196 1343 3350 1398 vobis
3378 1360 3408 1396 a

1837 1432 1983 1502 justo
2005 1435 2185 1504 judice
2215 1434 2542 1488 retribuetur
2589 1449 2789 1488 corona
2821 1434 3161 1497 meritorum,
3212 1434 3342 1487 mihi
3378 1449 3408 1485 a

1842 1525 2085 1593 piissimo
2113 1523 2449 1592 redemptore
2475 1531 2529 1577 et
2561 1524 2823 1577 advocato
2845 1521 3236 1592 perfectissimo
3257 1537 3408 1576 com-

1844 1615 2126 1668 missorum
2157 1612 2314 1666 venia
2337 1626 2441 1665 non
2467 1619 2710 1681 negetur.
2728 1611 2793 1665 Et
2817 1612 2936 1665 ideo
2961 1626 3057 1680 per
3083 1608 3406 1664 ineffabilem

1843 1705 2031 1775 gratim
2044 1691 2108 1758 ac
2126 1702 2343 1756 virtutis
2368 1700 2734 1769 operationem
2759 1701 2915 1754 nobis
2939 1706 3199 1768 praestare
3221 1699 3410 1768 digne-

163 1777 299 1838 milti
329 1787 777 1842 necessitudinem
809 1793 1178 1859 repromittat,
1226 1803 1282 1846 et
1330 1795 1544 1848 animus
1576 1811 1728 1850 meus
1758 1793 1803 1851 B
1835 1803 1947 1857 tur,
1981 1801 2042 1847 ut
2056 1807 2188 1862 quos
2214 1791 2302 1846 hic
2329 1791 2558 1844 veritate
2582 1789 2704 1844 fidei
2726 1790 3023 1860 coniungit,
3055 1789 3165 1843 illic
3194 1788 3410 1844 habi‘.a-

163 1875 296 1928 mibi
331 1876 495 1930 animi
530 1879 695 1931 vestri
738 1879 1022 1950 fldejussor
1060 1883 1285 1948 existat;
1317 1884 1441 1939 dum
1469 1897 1731 1956 quantum

1836 1888 1977 1941 tione
2002 1901 2107 1940 non
2137 1893 2377 1955 separet;
2409 1884 2777 1954 concedatque
2803 1884 2982 1938 divina
3013 1883 3314 1945 miseratio,
3350 1889 3410 1935 ut

161 1968 296 2023 mihi
324 1969 390 2024 de
420 1972 572 2026 vobis
598 1988 920 2041 praesumere
945 1981 1189 2041 debeam,
1224 1978 1502 2032 conscium
1531 1989 1732 2035 mutare
1833 1975 2214 2046 paternitalem
2236 1982 2382 2028 tuam
2407 1988 2504 2042 per
2523 1988 2694 2027 annos
2715 1972 3198 2033 multosextoriore
3214 1974 3396 2041 νὶεοω

159 2057 468 2115 dilectionis
495 2072 680 2130 pectus
705 2064 999 2135 interrogo.

1831 2075 1887 2121 et
1931 2066 2212 2120 alacritate
2237 2067 2459 2136 integra:
2494 2064 2742 2119 sanitatis
2783 2063 3091 2133 indulgeat;
3125 2063 3252 2132 quia
3275 2075 3404 2120 vero

236 2148 301 2202 Et
327 2149 443 2203 ideo
465 2153 773 2221 specialiter
805 2154 1035 2224 deposco
1063 2165 1172 2210 tam
1219 2172 1314 2212 vos
1350 2171 1511 2226 quam
1543 2173 1733 2214 omnes
1835 2164 1963 2210 tunc
1985 2163 2293 2224 reparatum
2316 2169 2436 2210 esse
2459 2171 2542 2209 me
2571 2155 2766 2219 sentio,
2789 2154 2916 2208 side
2939 2153 3199 2222 sospitate
3224 2160 3402 2212 vestra

157 2239 326 2293 etiam
347 2243 646 2296 cmlestium
671 2254 1062 2315 praeceptorum
1085 2245 1337 2312 factores,
1353 2257 1408 2302 et
1428 2248 1733 2302 divinorum
1833 2259 2047 2315 semper
2056 2252 2237 2314 optata
2252 2258 2570 2315 cognovero.
2587 2241 2752 2297 Filios
2764 2250 2970 2297 vestros
2979 2250 3036 2296 et
3047 2241 3242 2296 fratres
3256 2254 3406 2296 meos

157 2329 494 2398 eloquiorum
519 2342 814 2389 sectatores
862 2353 880 2386 ‹
912 2337 979 2391 ad
1006 2352 1354 2408 quoscunque
1373 2339 1485 2393 sive
1515 2354 1612 2407 per
1637 2339 1739 2392 hoc

158 2419 275 2473 sive
294 2435 389 2489 per
411 2423 551 2476 aliud
574 2424 927 2495 quodcunque
951 2427 1263 2496 opusculum
1289 2428 1478 2483 notitia
1507 2428 1739 2483 nominis

235 2551 311 2620 (α)
347 2552 498 2607 lianc
525 2554 654 2610 item
691 2556 1014 2625 particulam
1038 2557 1283 2614 ediderat
1315 2558 1602 2614 Baronius.

1841 2335 2084 2391 salutans
2102 2349 2346 2398 veneror,
2366 2341 2420 2388 et
2432 2347 2697 2388 venerans
2707 2332 2898 2388 saluto.
2923 2329 3246 2387 Mementote
3263 2329 3396 2394 mei,

1845 2429 1947 2484 viri
1976 2428 2093 2484 Dei.

1141 2811 1715 2926 CLAUDII
1803 2809 2439 2926 EPISCOPI

245 3027 764 3104 PRIEFATIO
846 3029 945 3107 IN
1024 3029 1832 3110 COMMENTARIOS
1891 3031 2148 3212 SU?)S
2219 3030 2351 3105 AD
2413 3026 2972 3104 EPISTOLAS
3045 3025 3353 3105 PAULI

1502 3155 1998 3212 ADnRTﬂIJ
2057 3159 2086 3193 α

1496 3155 1999 3233 APOSTOLI
2035 3155 2136 3229 (α).

1153 3383 1288 3443 (Maii
1312 3384 1488 3446 Script.
1516 3388 1635 3431 vett.
1660 3381 1780 3434 Coll.
1809 3395 1942 3441 nov.,
1969 3390 2084 3430 tom.
2113 3379 2220 3444 ΥΠ,
2243 3395 2289 3445 ρ.
2313 3379 2442 3442 2η.)

233 3597 538 3658 Venerabili
568 3598 622 3653 in
669 3595 885 3652 Christo
929 3593 1246 3662 sinceraque
1291 3594 1555 3647 charitate
1603 3592 1726 3649 dili-
1756 3597 1798 3658 C
1831 3609 1927 3663 per
1961 3572 2368 3662 intelligentiam
2398 3587 2754 3644 extendentes
2777 3601 2893 3649 nos,
2922 3587 2973 3640 in
2996 3587 3262 3656 spiritualt
3289 3608 3406 3663 spe-

155 3694 335 3766 gendo
360 3688 720 3745 Theudemiro
748 3685 928 3740 abbati
954 3683 1208 3739 Claudius
1233 3683 1529 3752 inspirante
1558 3683 1730 3752 gratia

156 3785 253 3840 Dei
273 3783 556 3853 episcopus
579 3783 890 3849 perpetuam
909 3771 1258 3827 beatitudinis
1279 3780 1405 3841 opto
1427 3771 1478 3824 in
1501 3770 1730 3823 Domino

156 3875 411 3933 salutem.

230 3965 346 4020 Non
373 3962 515 4017 velut
537 3957 884 4029 pertinaciter
906 3954 1131 4027 rigidus,
1161 3954 1375 4008 renisus
1393 3969 1510 4009 sum
1540 3952 1731 4007 volun-

157 4058 258 4112 tati
293 4066 398 4110 tua:
427 4053 514 4108 diu
543 4049 897 4117 multumque,
928 4045 1326 4102 studiosissime
1352 4043 1606 4098 clientule
1625 4083 1638 4106 .
1670 4049 1730 4096 ut

155 4147 481 4205 dilucidatas
508 4142 745 4214 gentium
774 4138 1018 4209 magistri
1052 4135 1318 4207 Epistolas
1345 4150 1449 4188 non
1480 4135 1573 4188 tibi
1602 4133 1730 4186 diri-

154 4235 499 4313 gerem;st
526 4229 959 4300 obstrepentibus
994 4242 1113 4296 qua:
1140 4228 1242 4280 isto
1277 4226 1327 4277 in
1355 4223 1727 4313 smeulo_rota-

157 4311 270 4385 tico
316 4325 496 4381 causis
549 4324 834 4391 insurgunt
883 4316 1234 4386 prgepeditus,
1292 4314 1517 4367 necdum
1552 4311 1730 4366 facere

151 4417 327 4488 potui.
354 4415 745 4483 Proposueram
773 4409 825 4462 in
848 4407 1008 4460 corde
1035 4419 1153 4458 meo
1176 4403 1390 4473 quippe,
1419 4411 1476 4456 ut
1504 4403 1554 4455 in
1584 4417 1730 4455 scru-

156 4508 340 4562 tandis
367 4501 795 4568 meditandisque
825 4495 1142 4565 Seripturis,
1169 4495 1383 4564 quando
1415 4494 1482 4546 ad
1517 4492 1728 4545 illarum

157 4597 497 4654 dulcedinem
521 4592 772 4665 primitus
805 4587 1031 4650 accessi,
1059 4585 1185 4656 vigil
1210 4593 1264 4638 et
1289 4582 1591 4638 indefessus
1615 4583 1731 4636 cxi-

155 4699 380 4749 stet-em,
421 4700 488 4739 ne
513 4696 740 4737 acumen
781 4677 977 4732 mentis
1005 4674 1313 4729 obdormire
1358 4671 1727 4742 permitterem

157 4779 322 4835 inerti
352 4774 879 4846 torporezcogitaus
906 4781 1073 4837 penes
1128 4781 1245 4828 me,
1287 4773 1414 4819 tunc
1464 4764 1731 4818 veraciter

156 4886 244 4924 me
279 4868 460 4920 vivere
482 4861 789 4933 angelorum
822 4871 995 4927 pane;
1028 4863 1084 4908 et
1114 4855 1158 4908 si
1188 4869 1294 4907 non
1316 4861 1378 4907 ut
1395 4852 1587 4907 summi
1607 4850 1725 4914 viri,

1835 3684 1957 3739 culo
1981 3692 2306 3746 crescentes,
2335 3681 2557 3736 minime
2588 3678 2920 3736 retineamur
2949 3679 3017 3733 ab
3044 3679 3268 3737 inlicitis
3304 3699 3400 3739 eu—

1833 3773 2172 3845 piditalibus.
2223 3770 2293 3826 Ut
2321 3767 2510 3825 Cicero
2532 3771 2610 3823 ait
2641 3768 2714 3840 (b)
2751 3789 2763 3824 :
2800 3790 2818 3821 s
2843 3761 3176 3838 manebis,
3208 3771 3401 3841 inquit,

1834 3865 1948 3919 dies
1973 3871 2265 3931 noctesque
2287 3861 2750 3916 considerantibus
2767 3863 3186 3933 acuentibusque
3206 3861 3411 3917 intelli-

1834 3953 2090 4024 gentiam,
2123 3967 2242 4021 quae
2296 3958 2380 4005 est
2419 3950 2616 4004 mentis
2651 3951 2830 4017 acies,
2888 3954 3312 4025 caventibusque
3337 3973 3408 4012 ne

1835 4043 2050 4113 quando
2081 4041 2169 4094 illa
2215 4038 2488 4102 ltcbeseat,
2518 4039 2570 4093 id
2597 4048 2681 4092 est
2721 4039 2773 4092 in
2808 4040 3142 4110 philosophia
3177 4044 3407 4100 viventi-

1833 4134 1963 4196 bus,
2021 4144 2212 4197 magna
2245 4142 2367 4199 spes
2400 4135 2504 4181 est.
2538 4146 2556 4179 ι
2614 4125 2745 4181 Post
2778 4128 3053 4197 paululum
3109 4130 3408 4206 adiungens

1832 4223 1906 4276 ait
1942 4237 1957 4276 :
1998 4239 2016 4271 ι
2049 4221 2116 4274 Et
2138 4223 2180 4275 si
2203 4228 2262 4274 ut
2289 4219 2527 4288 antiquis
2556 4217 2911 4288 philosophis,
2937 4220 3128 4291 hisque
3153 4224 3408 4279 maximis

1832 4312 2095 4382 longeque
2120 4309 2437 4364 clarissimis
2464 4309 2696 4379 placuit,
2726 4317 2957 4363 aeternos
2981 4311 3189 4365 animos
3229 4327 3294 4366 ac
3326 4312 3408 4367 di-

1832 4403 1985 4456 vinos
2014 4400 2295 4463 habemus,
2324 4400 2402 4453 sic
2427 4398 2840 4451 existimandum
2865 4407 2968 4461 est,
3005 4413 3110 4468 quo
3140 4400 3316 4470 magis
3346 4402 3403 4456 bi

1833 4491 2036 4546 fuerint
2077 4502 2289 4557 semper
2317 4489 2369 4541 in
2393 4502 2490 4540 suo
2525 4501 2720 4550 cursu,
2748 4486 2800 4539 id
2845 4495 2928 4540 est
2973 4487 3025 4540 in
3087 4489 3297 4543 ratione
3350 4498 3403 4543 et

1831 4581 2190 4649 investigandi
2233 4579 2526 4648 cupiditate
2550 4617 2564 4640 ,
2594 4586 2648 4631 et
2673 4593 2778 4646 quo
2799 4579 2979 4632 minus
3005 4595 3062 4633 se
3091 4579 3399 4637 admiscue-

1831 4672 1940 4725 rint
1970 4679 2132 4738 atque
2158 4668 2550 4736 implicaverint
2565 4667 2840 4721 hominum
2864 4666 3011 4721 vitiis
3029 4674 3083 4720 et
3102 4669 3399 4733 erroribus,

1829 4762 1931 4816 hoc
1959 4761 2046 4814 bis
2071 4759 2366 4812 faciliorem
2392 4771 2675 4810 ascensum
2701 4764 2757 4809 et
2772 4755 3002 4809 reditum
3023 4755 3073 4809 in
3103 4756 3297 4810 cu-lum
3324 4756 3405 4812 fo-

1829 4866 1887 4905 re
1910 4870 1955 4903 ).
1980 4849 2185 4902 Deinde
2199 4848 2400 4901 addens
2422 4846 2562 4898 hanc
2580 4844 2747 4913 ipsam
2770 4843 3063 4898 clausulam
3081 4846 3398 4912 repetendo,

155 4957 349 5012 saltem
376 4929 823 5025 quemadmodum
842 4947 1100 5016 languens
1117 4943 1300 4997 vivere
1323 4943 1520 5004 nitens,
1547 4941 1726 5010 lingua
1750 4929 1802 4986 D
1829 4954 2132 4996 sermonem
2148 4937 2339 4992 finiens
2365 4953 2377 4987 :
2405 4933 2791 5025 «Quapropter,
2815 4932 3006 5025 inquit,
3029 4941 3088 4986 ut
3112 4933 3402 5025 aliquando

154 5023 407 5101 lambere
429 5042 629 5112 aliquid
660 5038 968 5099 valuissem,
1000 5041 1056 5091 et
1079 5033 1212 5088 altos
1235 5033 1581 5087 admonerem
1607 5070 1623 5095 ,
1668 5035 1728 5082 ut
1829 5031 2147 5085 terminetur
2175 5025 2367 5127 oratio,
2399 5025 2443 5078 si
2491 5031 2585 5127 aut
2618 5023 2886 5127 exstingui
2915 5023 3219 5127 .tranquille
3245 5024 3400 5127 vplu-

156 5134 512 5207 apostolicum
539 5147 660 5187 meo
687 5135 1025 5195 sectarentur
1057 5123 1380 5193 exemplum.
1413 5122 1568 5178 Unde
1607 5135 1728 5191 quze
1830 5137 1971 5185 mus,
1997 5135 2119 5174 cum
2151 5118 2204 5171 in
2235 5117 2320 5171 his
2371 5115 2595 5207 artubus
2755 5115 3084 5207 vixerimus;
3125 5121 3218 5168 aut
3250 5114 3295 5169 si
3331 5131 3397 5170 ex

161 5205 312 5284 retro
335 5232 460 5281 sunt
486 5224 884 5286 obliviscentes,
913 5218 982 5273 ad
1029 5232 1094 5272 ea
1131 5231 1253 5286 qua:
1301 5214 1559 5269 interiora
1604 5220 1731 5268 sunt
1830 5211 1934 5266 hac
1985 5212 2038 5265 in
2066 5208 2224 5262 aliam
2276 5213 2370 5260 aut
2426 5205 2502 5278 (d)
2529 5205 2802 5276 paululum
2859 5205 3138 5261 meliorem
3181 5207 3398 5264 domum

1825 5375 2419 5508 efclitéofragmell‘iﬁ
2451 5431 2628 5501 ορθτίδ
2657 5430 3123 5508 ,ἀε-ῐῖιιίιεξξοριιίτι
3147 5433 3302 5508 ,Αεὶνε
3333 5433 3387 5490 in

1827 5501 2116 5562 Hortensio
2141 5545 2154 5566 ,
2194 5501 2335 5574 apud
2372 5503 2596 5574 Attgust.
2640 5502 2709 5574 de
2733 5501 2883 5574 Trin.
2916 5501 3135 5574 Ιίὺέλκιν
3160 5502 3251 5558 fin.

1919 5593 1946 5629 ε
2012 5575 2081 5630 Pe
2148 5571 2292 5630 eram
2327 5571 2522 5625 artibus
2546 5572 2597 5625 in
2628 5571 2951 5626 editionibus
2986 5571 3264 5629 Ciceronis

1897 5576 1976 5715 ξλ)
2016 5590 2176 5712 Etim,
2205 5643 2346 5697 haud
2371 5641 2547 5710 paulo.

1958 5647 1976 5717 )
2016 5641 2176 5712 Edd.,
2205 5643 2346 5697 haud
2371 5641 2547 5710 paulo.

231 5387 311 5458 (al
350 5387 427 5441 Ex
451 5383 700 5458 antiquo-
719 5380 906 5458 codice
924 5376 1218 5458 .Bo'biensi,
1250 5387 1394 5454 nunc
1419 5372 1722 5458 faticano.

158 5442 334 5517 Po‘rno
379 5454 536 5523 hujus
563 5442 893 5525 prgfationis
924 5442 1521 5525 infavisiensiueojlice
1544 5442 1724 5525 “lectis

161 5509 410 5587 nteminit
441 5509 938 5593 eligamgllichardus
984 5514 1263 5593 Simonius
1295 5513 1431 5593 Hist.
1478 5514 1613 5592 erit:

165 5583 417 5668 ἥλων.
469 5592 555 5648 25.
610 5591 720 5662 Ego
753 5602 880 5643 vero
924 5589 1062 5668 hanc
1105 5583 1469 5668 interitnpedo,
1507 5583 1725 5668 omissis

165 5641 846 5730 quorum
879 5665 1060 5726 postea
1097 5641 1534 5724 divulgaudorum
1555 5650 1724 5706 otium
