3906 6326
506 339 609 397 859

1572 342 1845 398 CLAUDII
1881 337 2345 398 TAURINENSIS
2380 339 2681 400 EPISCOPI

3678 345 3785 400 διο

477 454 621 507 sine
675 468 827 507 mora
880 454 1207 526 demigrare,
1263 455 1317 509 in
1345 455 1431 509 his
1461 446 1653 509 studiis
1708 456 1865 510 nobis
1911 456 2093 509 omnis
2120 462 2168 520 Α
2196 455 2361 511 debes
2388 454 2646 510 molestus
2673 468 2794 508 esse
2838 453 2991 518 mihi,
3023 455 3243 524 quando
3274 470 3375 526 ego
3402 455 3476 521 si,
3507 466 3572 511 ut
3593 456 3784 511 volun-

504 561 668 617 opera
709 552 763 600 et
796 562 924 600 cura
947 547 1194 616 ponenda
1222 555 1304 602 est
1354 547 1452 619 (a).
1485 547 1663 601 Ardor
1700 562 1931 617 namque
1962 548 2085 613 iste,

504 646 605 701 etsi
636 659 739 697 non
770 644 991 697 instruit
1022 645 1316 713 qum-emis
1354 644 1614 708 animum,
1666 643 1939 710 ingenium
1985 642 2093 696 sal-

504 742 615 789 tem
666 743 922 797 exercet;
958 741 1012 786 ct
1065 733 1269 786 invenit
1324 733 1464 786 scire
1484 747 1544 786 se
1596 733 1737 801 quod
1775 744 1833 785 se
1864 730 2093 785 fortasse

505 824 715 877 nescire
770 824 1029 892 putabat;
1069 823 1211 877 unde
1268 823 1575 877 admonitus
1627 822 1731 877 scit
1764 822 1905 891 Quod
1934 830 2092 876 antea

506 913 803 967 nesciebat.
846 933 862 964 ι
900 914 1037 965 Dum
1085 914 1227 966 enim
1270 914 1474 966 victum
1508 910 1691 966 labore
1752 921 1807 966 et
1857 913 2094 966 nummis

506 1006 765 1063 emerem,
810 1002 1146 1055 commodius
1177 1002 1229 1055 in
1260 1001 1454 1056 divinis
1500 1000 1797 1069 Scripturis
1822 1016 1942 1055 mea
1972 1016 2093 1053 ver-

506 1093 729 1146 sabatur
755 1079 1007 1146 intentio.
1035 1092 1115 1145 Ad
1138 1092 1437 1147 dimceseos
1452 1106 1637 1145 curam
1655 1091 1939 1155 accedens,
1960 1099 2093 1160 quot

507 1194 688 1236 causa:
722 1192 993 1255 ,surgtmt,
1044 1196 1110 1236 eo
1157 1181 1388 1250 amplius
1432 1180 1821 1235 sollicitudines
1850 1181 2090 1249 pariunt.

504 1271 757 1326 Brumale
803 1278 1013 1340 tempus
1056 1272 1171 1325 vias
1217 1271 1485 1340 palatinas
1518 1280 1701 1325 terens
1724 1272 1901 1325 eundo
1928 1279 1982 1325 et
2010 1286 2096 1325 re-

507 1359 741 1422 deundo,
768 1360 947 1415 minus
989 1360 1116 1413 licet
1152 1359 1373 1428 implere
1408 1373 1571 1428 supra
1611 1369 2091 1414 commemoratum

506 1463 767 1506 amorem.
798 1450 925 1505 Post
955 1450 1191 1504 medium
1247 1450 1394 1504 veris
1443 1450 1781 1519 procedendo
1824 1458 2091 1503 armatum

506 1552 888 1611 pergamenam
928 1539 1001 1611 (b)
1037 1540 1243 1609 pariter
1289 1549 1410 1593 cum
1470 1539 1636 1592 armis
1685 1537 1884 1602 ferens,
1930 1554 2094 1608 pergo

505 1631 574 1685 a‘d
598 1630 857 1684 excubias
884 1630 1205 1692 maritimas,
1238 1644 1363 1683 cum
1412 1628 1605 1681 timore
1654 1626 1972 1681 escubando
1999 1627 2095 1682 ad-

505 1736 694 1775 versus
722 1722 1001 1791 Agarenos
1045 1729 1099 1775 et
1130 1719 1373 1784 Mauros;
1406 1728 1565 1774 nocte
1611 1728 1805 1773 tenens
1833 1718 2087 1788 gladium,

506 1820 557 1863 et
592 1811 678 1864 die
708 1810 876 1865 libros
906 1816 960 1864 et
984 1810 1252 1864 calamum
1315 1810 1541 1876 implere
1595 1818 1798 1862 conans
1852 1815 2088 1875 emptum
2121 1841 2167 1899 Β

509 1901 861 1957 desiderium.
906 1900 1019 1955 Nisi
1070 1901 1217 1954 enim
1268 1900 1357 1954 ille
1397 1900 1501 1963 vir,
1530 1908 1653 1953 cum
1687 1899 1859 1969 gratia
1889 1911 2093 1967 praece-

506 1992 688 2055 dente,
717 1991 931 2060 splritui
969 1992 1311 2059 praesideret,
1370 2004 1529 2058 quem
1569 1988 1915 2042 commendat
1951 1988 2095 2055 Apo-

506 2083 697 2147 stolus,
729 2100 854 2137 cum
889 2082 957 2137 de
981 2084 1161 2153 capite
1193 2082 1295 2135 viri
1336 2097 1443 2135 non
1482 2080 1711 2135 Velando
1742 2080 1998 2149 loquitur,
2032 2077 2094 2130 il-

508 2173 600 2227 lud
631 2173 805 2227 menti
826 2187 961 2227 mea:
992 2173 1261 2227 accideret
1284 2172 1427 2240 quod
1460 2170 1764 2225 de'semine
1788 2168 1933 2237 iacto
1959 2168 2092 2221 citra

511 2264 657 2316 viam
702 2263 961 2316 Dominus
1010 2262 1251 2331 protulit.
1308 2260 1409 2327 Qui
1438 2260 1607 2314 etiam
1663 2266 1900 2327 tcagere
1928 2257 2092 2309 vitam

507 2354 870 2418 dearumtras,
913 2354 1129 2422 quando
1170 2367 1257 2405 me
1279 2352 1403 2405 sine
1454 2350 1816 2405 sollicitudine
1842 2347 2091 2401 conside-

508 2460 619 2507 ras,
648 2454 703 2498 et
746 2446 815 2499 ob
845 2445 947 2499 hoc
972 2443 1234 2499 molestus
1261 2458 1321 2497 es
1348 2442 1480 2496 mihi
1538 2448 1779 2496 exactor.
1809 2438 1919 2494 Nec
1946 2440 2089 2493 enim

584 2578 660 2647 (al
687 2577 957 2659 Hactenus
971 2577 1160 2659 Cicero
1185 2577 1323 2659 apud
1346 2573 1722 2659 Augustinum.
1749 2571 2098 2659 ﬁubsequens

513 2645 696 2705 autem
725 2648 983 2717 periodus
1005 2656 1185 2702 utrum
1211 2645 1491 2703 Ciceronis
1511 2663 1579 2700 an
1606 2645 1815 2701 Claudii
1850 2645 1921 2699 sit
1976 2658 2101 2697 eru-

511 2718 611 2771 diti
647 2718 955 2785 dispiciant.

582 2788 656 2857 (b)
694 2788 825 2857 Cod.
838 2828 853 2851 ,
880 2804 1211 2857 pergameuo.

584 2850 656 2925 (ε)
697 2850 1008 2911 Temeraria
1039 2858 1154 2912 llzcc
1181 2866 1234 2910 et
1267 2855 1396 2910 falsa
1429 2855 1635 2925 Claudii
1660 2850 1929 2925 sententia
1959 2865 2092 2925 con-

511 2914 779 2981 falvat'ione
799 2942 907 2981 non
937 2927 1160 2997 indiget.
1204 2926 1269 2979 Et
1296 2927 1513 2996 quidem
1542 2914 1780 2988 scimus,
1810 2921 2094 2979 Claudium

2200 554 2283 599 tas
2311 546 2481 609 adest,
2510 544 2835 614 possibilitas
2870 545 3103 611 adesset,
3138 545 3351 599 debitor
3398 548 3479 600 tui
3513 561 3625 601 non
3649 549 3783 602 tuis-

2198 652 2313 691 sem
2343 654 2356 689 :
2394 636 2439 690 si
2469 644 2592 690 ante
2618 636 2720 689 bas
2748 634 3137 691 sollicitudines
3183 638 3285 691 hoc
3322 652 3461 707 opus
3511 653 3623 693 non
3653 638 3786 694 fuis.

2198 744 2311 783 sem
2345 744 2652 800 aggressus,
2712 731 3029 802 rogantibus
3076 729 3355 793 fratribus,
3386 739 3450 785 ut
3493 731 3667 793 nosti,
3694 732 3783 783 vix

2198 835 2342 874 nunc
2363 819 2554 874 exinde
2576 816 2780 888 aliquid
2805 822 3091 876 valuissem
3120 837 3299 891 agere.
3350 822 3416 875 Et
3446 835 3582 875 vere
3609 821 3786 875 fateor

2199 924 2285 963 me
2311 910 2563 978 primitus
2599 910 2824 963 invitum
2850 911 3144 965 accessisse
3174 921 3227 965 et
3255 914 3307 964 in
3338 912 3444 966 hoc
3471 926 3616 982 Opus
3647 921 3701 966 et
3730 912 3781 964 in

2197 996 2643 1063 Pentateucbum,
2696 1000 2838 1067 quod
2865 1000 3126 1070 postulas,
3172 1001 3570 1069 imperantibus
3597 1000 3783 1055 fratri-

2197 1084 2299 1141 bus
2324 1087 2375 1139 in
2404 1086 2587 1141 schola
2614 1089 2941 1153 constitutis,
2980 1089 3180 1158 quibus
3210 1090 3331 1143 viva
3358 1106 3494 1145 voce
3524 1090 3782 1161 Scriptu-

2199 1190 2287 1229 ras
2317 1175 2617 1240 tradebam,
2660 1176 3007 1246 praecipiente
3050 1179 3138 1247 pio
3186 1179 3431 1247 principe
3464 1179 3785 1234 Hludowieo

2201 1266 2547 1334 imperatore,
2574 1268 2882 1336 compulsus
2907 1270 3069 1323 etiam
3119 1285 3148 1323 a
3178 1279 3478 1326 memorato
3530 1271 3785 1341 principe

2198 1363 2385 1409 utnon
2435 1363 2640 1409 tantum
2677 1358 2840 1411 verba
2875 1372 2973 1427 per
3013 1358 3335 1413 oblivionem
3369 1361 3646 1427 palantem
3676 1369 3784 1414 tra-

2200 1446 2402 1510 derem,
2433 1447 2527 1501 sed
2552 1448 2714 1501 etiam
2743 1448 2953 1503 calamo
2979 1450 3065 1503 diu
3088 1461 3437 1519 permanente
3458 1452 3779 1515 scriberem,

2198 1537 2425 1607 utquod
2477 1552 2573 1593 ore
2620 1540 2958 1609 promebam,
3006 1542 3217 1597 calamo
3273 1544 3665 1614 scriptitarem.
3708 1545 3781 1598 De

2198 1627 2562 1683 admonitione
2590 1626 2816 1683 Fratrum
2844 1639 2901 1684 et
2948 1631 3322 1687 exhortatione
3376 1634 3521 1688 unde
3573 1636 3781 1702 rogasti

2197 1720 2338 1789 quod
2382 1722 2701 1784 scriberem,
2728 1729 2788 1774 ut
2815 1730 3000 1777 votum
3044 1723 3189 1792 quod
3238 1732 3504 1778 voverunt
3550 1724 3781 1779 Domino

2197 1809 2452 1875 reddant;
2483 1819 2537 1864 et
2564 1820 2769 1873 votum,
2804 1818 2865 1864 ut
2900 1810 3040 1877 dico,
3086 1827 3193 1865 non
3245 1812 3605 1882 propositum,
3639 1814 3780 1881 quod

2201 1902 2485 1972 scripsisti,
2538 1901 2681 1971 quod
2728 1902 2895 1956 solius
2930 1902 3025 1957 Dei
3069 1910 3184 1969 est;
3221 1903 3419 1957 nullam
3455 1904 3781 1958 admonitio-

2200 2006 2325 2045 nem
2378 1991 2656 2047 meliorem
2688 1992 2835 2061 potui
2869 1992 3134 2056 invenire,
3192 2007 3352 2061 quam
3383 1993 3642 2063 Epistolas
3674 1994 3781 2063 pri‘

2198 2097 2299 2136 ma:
2328 2082 2479 2136 Pauli
2503 2083 2752 2153 apostoli,
2782 2097 2945 2151 quam
2978 2082 3122 2148 misi,
3157 2084 3285 2153 quia
3317 2092 3427 2137 tota
3454 2085 3582 2138 inde
3607 2086 3777 2153 agitur

2200 2178 2260 2224 ut
2288 2172 2479 2225 merita
2511 2171 2789 2225 hominum
2822 2170 2995 2236 tollat,
3024 2172 3166 2226 unde
3192 2173 3427 2227 maxime
3480 2188 3629 2227 nunc
3661 2189 3775 2226 mo-

2201 2259 2359 2313 nachi
2418 2260 2717 2330 gloriantur
2768 2258 2879 2332 (c):
2919 2269 2974 2315 et
3020 2262 3248 2332 gratiam
3292 2262 3388 2318 Dei
3412 2265 3771 2339 commendat,

2198 2362 2295 2415 per
2344 2363 2504 2415 quam
2551 2351 2728 2403 omnis
2781 2349 2875 2418 qui
2932 2350 3100 2414 vovit,
3152 2350 3297 2419 quod
3343 2352 3492 2405 vovit
3554 2352 3774 2407 Domino

2202 2437 2409 2493 reddat.

2203 2652 2421 2714 nantem
2451 2660 2478 2695 a
2508 2643 2869 2714 Theudemiro
2896 2646 3087 2700 abbate
3135 2643 3317 2714 (quem
3343 2643 3611 2698 Claudius
3640 2661 3770 2697 nunc

2202 2712 2518 2782 alloquitur)
2556 2713 2722 2767 fuisse
2768 2713 3084 2769 refutatum.
3133 2712 3203 2770 Ut
3237 2714 3449 2767 mittam
3485 2715 3767 2767 Arianismi

2200 2783 2634 2855 criminationem
2687 2782 2910 2855 Claudio
2961 2786 3283 2855 impactam,
3311 2799 3421 2855 qua
3452 2786 3768 2853 czeteroquin

2200 2851 2374 2908 critici
2407 2853 2656 2909 homines
2682 2864 2807 2909 eum
2827 2851 3131 2921 absolvunt.

2205 2571 2271 2627 de
2297 2571 2443 2627 cultu
2472 2586 2687 2644 quoque
2710 2587 2988 2628 sacrarum
3021 2576 3127 2631 ima
3167 2574 3315 2627 inum
3338 2590 3626 2644 perperam
3663 2577 3770 2644 opi-

2205 2652 2421 2697 nantem
2451 2660 2478 2695 a
2508 2643 2869 2698 Theudemiro
2896 2646 3087 2700 abbate
3133 2590 3317 2770 iquem
3350 2646 3611 2698 Claudius
3640 2661 3770 2697 nunc

2205 2712 2518 2770 alloquitur)
2556 2713 2722 2767 fuisse
2768 2713 3084 2769 refutatum.
3184 2724 3203 2768 t
3237 2714 3449 2767 mittam
3485 2715 3767 2767 Arianismi

514 3054 3761 3088 _____________________________________..________________..

1610 3164 2098 3249 CLAUDII
2172 3160 2703 3246 EPISCOPI

1159 3321 1534 3379 PREFATIO
1571 3316 2050 3375 EXPOSITIONIS
2084 3316 2153 3371 ΙΝ
2192 3316 2576 3373 EPISTOLAM
2614 3316 2706 3371 AD
2743 3313 3080 3372 EPHESIOS
3109 3350 3131 3381 ,

1373 3451 1478 3510 AD
1520 3449 1992 3511 LUDOVICUM
2046 3447 2239 3510 PIUM
2298 3448 2903 3510 IMPERATOREM.

1721 3635 1948 3699 (lisbill.,
1972 3634 2087 3684 Yet.
2112 3635 2335 3685 Analect.
2353 3673 2367 3697 ,
2397 3648 2445 3697 p.
2466 3634 2569 3695 9t.)

580 3871 810 3941 Proprie
836 3868 1055 3924 domino
1082 3880 1205 3921 meo
1244 3863 1446 3935 inclyte
1475 3868 1639 3930 atque
1664 3859 1921 3929 glorioso,
1961 3858 2093 3914 mihi
2121 3862 2165 3923 (ζ
2197 3860 2478 3928 scripserit
2500 3858 2689 3914 beatus
2708 3874 2871 3931 porro
2896 3858 3172 3929 apostolus
3190 3858 3412 3923 Petrus,
3443 3876 3498 3914 ιιι
3528 3875 3630 3930 qua
3656 3870 3723 3915 au
3747 3880 3757 3915 :

514 3962 735 4035 speciali
768 3960 913 4016 cultu
959 3957 1262 4025 aﬂ‘ectuque
1290 3970 1401 4025 prie
1424 3952 1637 4008 cunctis
1660 3949 1981 4008 mortalibus
2014 3948 2097 4002 di—

515 4059 752 4130 ligendo,
777 4056 951 4126 gratia
981 4052 1075 4108 Dei
1118 4050 1269 4105 Patri
1300 4048 1489 4119 patriae
1518 4045 1697 4115 potius
1725 4060 1888 4113 quam
1928 4044 2097 4112 impe-

512 4148 707 4211 ratori,
738 4146 893 4215 cujus
919 4141 1130 4212 imperil
1155 4138 1392 4210 dignitas
1421 4150 1486 4189 ex
1509 4133 1657 4189 fonte
1678 4141 1797 4188 orta
1824 4139 1907 4187 est
1931 4132 2097 4201 pieta-

508 4240 601 4301 tis,
624 4243 827 4291 sach
877 4233 973 4287 Dei
1008 4228 1264 4285 Ecclesiae
1303 4224 1583 4282 catholica:
1632 4222 1742 4278 filio
1797 4220 2097 4277 lllodohico

502 4327 770 4383 Claudius
790 4329 1067 4393 petcator.

583 4416 717 4472 Cum
748 4414 950 4469 nostris
974 4408 1307 4480 temporibus
1343 4404 1745 4475 tepescentibus
1778 4401 1969 4458 studiis
2012 4415 2095 4456 ra-

511 4520 605 4564 rus
637 4508 867 4577 quisque
890 4503 1201 4558 inveniatur
1224 4498 1539 4569 quotidiana
1584 4495 1884 4550 intentione
1922 4507 2101 4563 prom-

506 4599 814 4670 ptissimus,
833 4609 937 4648 non
961 4593 1133 4647 solum
1157 4591 1224 4655 ad
1239 4586 1616 4643 disserendum
1641 4599 1761 4654 quae
1791 4584 2097 4638 indiscussa

513 4697 657 4754 sunt,
698 4688 791 4742 sed
820 4686 982 4739 etiam
1016 4684 1082 4735 ad
1128 4680 1410 4750 legendum
1448 4692 1567 4745 quae
1586 4676 1700 4745 jam
1742 4690 1772 4727 a
1804 4672 2099 4741 majoribus

513 4779 745 4833 disserta
773 4781 922 4837 sunt,
948 4772 1146 4825 mirum
1184 4784 1213 4821 a
1238 4782 1322 4821 me
1351 4780 1485 4834 opus
1507 4773 1656 4818 tanta
1692 4777 1757 4816 ac
1794 4771 1901 4815 tam
1934 4760 2098 4815 subli-

516 4870 620 4923 mis
642 4875 820 4922 veStra
870 4863 1037 4933 exigit
1061 4858 1360 4929 imperialis
1389 4861 1652 4925 potestas,
1675 4867 1799 4907 cum
1832 4849 2098 4920 Epistolas

516 4956 761 5027 magistri
785 4953 1022 5025 gentium
1055 4945 1283 5018 apostoli
1311 4943 1463 4998 Pauli
1492 4957 1556 4995 ex
1593 4940 1912 4994 tractatibus
1939 4936 2100 5005 majo-

517 5061 637 5101 rum
665 5054 970 5098 nostrorum
1018 5039 1287 5092 disserere
1314 5034 1467 5102 jubet
1512 5034 1603 5101 qui
1647 5047 1745 5085 nos
1799 5030 2099 5083 illuminan-

518 5144 601 5190 tes
627 5149 657 5188 e
683 5132 896 5189 Christo
938 5130 990 5183 in
1020 5126 1198 5182 studio
1226 5124 1386 5193 hujus
1410 5123 1591 5191 operis
1623 5120 1826 5174 aﬂatim
1871 5120 2095 5174 scientia

2198 3947 2346 4002 Sicut
2384 3958 2431 4002 et
2457 3950 2799 4021 durissimus
2828 3948 2993 4018 frater
3034 3960 3207 4004 noster
3232 3948 3442 4006 Paulus
3491 3955 3759 4009 secundum

2196 4037 2376 4091 datam
2401 4038 2500 4091 sibi
2538 4038 2849 4108 sapientiam
2899 4040 3101 4109 scripsit
3138 4040 3301 4105 vobis,
3332 4042 3473 4095 sicut
3494 4053 3541 4095 et
3569 4044 3622 4095 in
3662 4058 3759 4094 ant-

2198 4129 2349 4182 nibus
2378 4128 2630 4198 Epistolis
2665 4127 2877 4198 loquens
2912 4132 2966 4183 in
2992 4132 3069 4185 eis
3094 4131 3159 4188 de
3200 4132 3283 4186 his
3324 4132 3383 4187 in
3429 4134 3620 4202 quibus
3654 4144 3759 4188 sset

2196 4216 2436 4287 quaedam
2474 4215 2720 4285 difﬁcilia
2745 4218 3030 4284 intellectu,
3054 4236 3171 4290 om
3207 4210 3407 4275 indocti
3436 4232 3485 4276 et
3509 4223 3756 4277 instabiles

2196 4308 2427 4361 homines
2471 4308 2778 4376 depravant,
2819 4310 2955 4363 sicut
3003 4320 3053 4365 et
3106 4322 3322 4367 cwteras
3368 4316 3659 4384 scripturas
3699 4315 3756 4367 ad

2198 4412 2348 4449 suam
2370 4398 2602 4465 ipsorum
2643 4399 3005 4477 perditionem.
3042 4401 3183 4456 Ecce
3232 4411 3372 4458 teste
3417 4407 3579 4459 beato
3614 4405 3757 4459 Petro

2198 4484 2313 4551 ejus
2341 4490 2649 4557 coapostolo
2679 4490 2980 4545 invenimus
3012 4492 3156 4559 quod
3200 4494 3377 4549 adhuc
3405 4494 3462 4548 in
3493 4511 3655 4550 came
3693 4497 3757 4549 vi-

2198 4575 2447 4630 ventibus
2476 4577 2607 4645 ipsis
2630 4578 2905 4648 apostolis,
2932 4578 3001 4635 ob
3020 4580 3395 4637 difﬁcultatem
3428 4600 3624 4643 sensus
3656 4586 3755 4639 illa-

2200 4678 2319 4717 rum
2348 4665 2416 4719 ab
2441 4665 2670 4722 indoctis
2699 4667 3025 4733 hominibus,
3055 4671 3147 4738 qui
3177 4686 3272 4726 cas
3298 4688 3405 4725 non
3442 4683 3593 4727 recte
3620 4672 3754 4727 intel

2197 4754 2468 4820 lexerunt,
2517 4756 2742 4811 diversa:
2786 4758 3022 4813 hmreses
3064 4770 3424 4815 emerserunt.
3470 4760 3603 4829 Quis
3642 4776 3752 4832 ergo

2198 4846 2266 4899 ad
2304 4846 2693 4914 expositionem
2722 4847 2933 4902 illarum
2962 4850 3121 4919 digne
3143 4850 3226 4905 vel
3253 4853 3477 4922 proprie
3518 4854 3753 4909 accedere

2198 4936 2384 5004 possit,
2417 4950 2552 5005 quas
2584 4944 2765 4993 tantus
2808 4955 2872 4993 ac
2904 4940 3027 4994 talis
3051 4941 3255 5010 primus
3289 4942 3342 4995 in
3369 4958 3537 4997 carne
3565 4943 3751 4998 Domini

2198 5022 2479 5078 confessor
2502 5032 2556 5078 et
2584 5025 2716 5079 Novi
2742 5026 3072 5081 Testamenti
3098 5028 3353 5084 Ecclesiae
3394 5039 3587 5099 pastor
3627 5045 3751 5087 asse-

2199 5118 2270 5171 rit
2294 5132 2416 5172 essc
2442 5118 2686 5174 dilIiciles
2728 5118 3036 5174 intellectu?
3063 5120 3338 5187 Attamen,
3386 5122 3515 5177 licet
3548 5139 3651 5178 non
3690 5122 3752 5174 vi—

517 5237 573 5283 et
600 5236 837 5294 tempore
856 5225 1271 5292 praecesserunt.
1300 5214 1455 5267 Novit
1480 5225 1709 5280 namque
1731 5210 2095 5265 sacratissima
2128 5211 2175 5269 D
2203 5213 2352 5267 ribus
2381 5215 2535 5278 meis,
2581 5214 2674 5268 sed
2720 5215 2929 5269 meritis
2955 5216 3181 5275 vestris.
3220 5215 3510 5283 adiuvante
3552 5217 3641 5273 illo
3678 5216 3748 5285 qui

519 5325 574 5370 et
597 5314 727 5369 mihi
760 5326 973 5379 semper
1003 5305 1379 5361 amantissima
1429 5302 1697 5356 serenitas
1728 5310 1929 5363 vestra,
1980 5316 2100 5368 qua:

519 5406 624 5478 piis
657 5415 739 5459 est
764 5416 979 5471 semper
1004 5398 1259 5468 operibus
1287 5397 1514 5456 intenta,
1541 5400 1596 5445 et
1624 5393 1825 5445 sanctis
1854 5392 2098 5445 lectioni-

518 5497 621 5551 bus
664 5493 903 5549 erudita.
955 5504 1117 5559 quam
1165 5489 1265 5541 sub
1297 5483 1557 5554 imperiali
1602 5482 1903 5536 diademate
1948 5483 2099 5535 theo-

524 5578 743 5639 rcticam
779 5599 885 5637 non
915 5580 1129 5649 ambigo
1157 5590 1416 5646 peragere
1458 5574 1661 5634 vitam;
1700 5571 1826 5640 quid
1848 5570 1914 5626 de
1942 5571 2099 5626 laude

521 5674 831 5728 earumdem
882 5670 1231 5741 cpistolarum
1302 5666 1353 5719 in
1419 5662 1656 5733 Epistola
1711 5676 1805 5715 sua
1862 5673 2097 5718 secunda

2203 5303 2413 5370 aperuit
2454 5318 2517 5356 os
2546 5312 2841 5368 mutorum,
2872 5312 2924 5358 et
2956 5304 3165 5374 linguas
3192 5304 3477 5361 infantium
3523 5305 3651 5361 fecit
3689 5305 3750 5357 di-

2202 5400 2377 5445 sertas
2406 5409 2417 5443 :
2452 5392 2544 5461 Qui
2571 5401 2655 5445 cst
2678 5392 2848 5447 fidelis
2882 5393 2936 5447 in
2960 5396 3147 5450 verbis
3184 5396 3319 5460 suis,
3348 5404 3404 5451 et
3454 5405 3669 5452 sanctus
3707 5395 3748 5447 in

2201 5481 2452 5536 onmibus
2478 5480 2732 5550 operibus
2755 5483 2898 5550 suis;
2930 5484 3023 5553 qui
3042 5485 3204 5540 dixit:
3224 5483 3467 5547 Petite.et
3491 5486 3746 5556 accipietis.

2200 5575 2419 5643 qscwrite
2444 5586 2492 5628 et
2522 5577 2813 5640 invenietis,
2842 5576 3119 5646 pulsatc.ct
3156 5578 3422 5647 aperietur
3450 5578 3626 5639 nobis;
3664 5576 3748 5629 lar-

2204 5664 2382 5734 giente
2412 5665 2610 5735 pietate
2634 5663 2771 5734 eius,
2799 5670 2943 5721 circa
2966 5666 3267 5721 socordiam
3306 5682 3497 5723 sensus
3523 5667 3625 5725 mei
3647 5665 3749 5735 Epi-
