3906 6354
2700 4 2863 15 m—
2884 6 2897 11 ι
2926 6 2937 9 Ἰ
2974 6 2995 9 τ
3026 6 3043 7 ί
3104 0 3153 7 ¹’““Γ

1420 50 1647 55 ἔψη
1666 52 1703 55 Ὗ
1718 52 1781 55 --,

168 330 285 387 διν

1111 330 1365 387 ΕΝᾸῐζῐὶ.
1406 328 1473 385 ῐῇ
1514 328 1731 387 EPIS’L
1773 328 1837 384 D.
1876 326 2080 385 PAULI
2121 333 2211 387 AD
2248 331 2495 388 CALA'I.

3336 339 3443 395 84⁸1

169 445 363 500 stolas
384 445 527 500 beati
548 443 658 513 Iam
691 443 820 501 dicti
847 445 1073 516 apostoli
1108 446 1257 501 Pauli
1300 447 1367 502 ad
1389 445 1649 516 Ephesios
1688 452 1767 499 at-
1793 446 1843 505 Α
1870 442 2038 508 virus,
2062 444 2345 498 catholicis
2366 444 2585 498 auribus
2614 442 2869 499 denuntio
2895 442 3144 513 fugienda
3172 462 3182 498 :
3210 460 3437 515 quorum

167 550 294 606 que
331 542 398 590 ad
431 534 818 606 Philippenses,
847 546 1085 591 nontam
1123 553 1189 593 ex
1226 536 1488 606 majorum
1530 537 1766 592 tractati-

168 627 308 685 bus.
360 640 520 695 quam
570 641 631 681 ex
683 627 1021 682 diversorum
1069 636 1394 683 tractatuum
1446 629 1763 693 sententiis,

167 716 352 771 veluti
378 716 658 771 mendicus
688 732 792 769 non
823 716 1028 771 habens
1051 718 1324 787 propriam
1352 726 1619 787 segetem,
1671 718 1766 772 sed

168 815 308 874 post
337 812 483 875 terga
526 807 840 861 metentium
867 822 931 860 ex
974 807 1202 862 aliorum
1252 819 1432 878 segete
1475 818 1770 880 congregat

168 895 285 949 sibi
323 896 546 959 victum,
579 912 648 952 ne
687 898 881 952 hiemis
911 907 1154 968 tempore
1203 898 1344 954 fame
1389 900 1762 969 periclitetur:

170 986 256 1038 ita
284 994 344 1039 et
368 1001 469 1055 ego
491 1002 554 1040 ex
584 988 811 1041 aliorum
838 989 1014 1051 dictis,
1051 989 1150 1042 has
1178 989 1328 1042 brevi
1361 990 1501 1060 stylo
1529 1004 1771 1059 compre-

169 1074 353 1130 hendi
402 1076 687 1147 Epistolas.
727 1078 897 1144 Quam
947 1094 1085 1147 expo
1120 1079 1340 1133 itionem
1389 1080 1432 1132 si
1477 1089 1657 1149 aptam
1700 1081 1766 1133 ad

169 1164 473 1236 legendum
499 1165 826 1234 judicavcrit
854 1169 1117 1223 serenitas
1143 1177 1350 1232 vestra,
1391 1170 1456 1221 ad
1489 1178 1767 1223 auctorem

172 1254 409 1311 referitc
432 1254 705 1311 Christum
738 1278 749 1312 :
782 1260 906 1329 quia
931 1260 1031 1314 hoe
1049 1260 1245 1330 ipsum,
1275 1269 1335 1314 ut
1355 1260 1608 1331 praefatus
1627 1277 1762 1319 sum.

173 1346 425 1402 donante
459 1350 686 1405 Domino
707 1360 947 1405 vestrum
978 1361 1079 1406 est.
1116 1352 1172 1406 Si
1208 1366 1333 1406 vero
1365 1352 1768 1423 reprehensioni

173 1436 423 1503 patuerit
446 1446 667 1507 prapter
694 1440 961 1494 sermonis
991 1441 1369 1505 rusticitatem,
1393 1450 1599 1497 remota
1624 1442 1771 1497 falla-

172 1526 268 1583 cia
301 1543 423 1596 qua:
466 1539 665 1584 rectam
696 1529 855 1585 ﬁdem
881 1530 1125 1596 otl‘endit,
1167 1531 1473 1600 hnjusmodi
1521 1535 1770 1589 homines

172 1630 206 1668 a
245 1618 409 1673 nobis
446 1635 551 1673 non
598 1621 1057 1691 pertimescendos
1102 1622 1187 1677 ille
1223 1622 1522 1688 admonuit,
1568 1624 1634 1678 de
1663 1639 1770 1692 quo

174 1704 481 1775 loquimur,
504 1716 559 1764 et
585 1724 743 1778 quem
778 1717 1021 1765 tenemus
1048 1711 1099 1764 in
1126 1710 1395 1772 manibus,
1417 1712 1509 1781 qui
1540 1727 1767 1781 regnum

173 1792 280 1852 Dei
331 1814 435 1853 non
481 1800 535 1854 in
562 1815 833 1864 sermone,
867 1803 960 1857 sed
990 1803 1041 1857 in
1080 1804 1277 1857 virtute
1303 1816 1422 1857 esse
1459 1803 1715 1871 perdoeui

172 1902 248 1944 ac
268 1891 621 1961 semetipsum
652 1893 816 1947 verbo
855 1893 1034 1963 potius
1075 1908 1237 1962 quam
1273 1894 1499 1948 scientia
1549 1894 1768 1965 imperi-

173 1989 299 2036 tum
322 1996 441 2036 esse
463 1984 697 2053 scripsit.
738 1984 1033 2039 Funestam
1069 1991 1230 2053 atque
1258 1985 1581 2041 detestabile
1614 1985 1765 2039 Pela-

172 2071 254 2143 gii
278 2072 496 2141 dogma,
526 2076 617 2144 qui
656 2076 900 2146 ingratus
944 2076 1137 2131 divina:
1166 2078 1351 2147 gratia:
1381 2078 1592 2132 exstitit
1633 2095 1767 2149 prm-

174 2160 396 2215 dieator
416 2177 514 2232 per
545 2164 780 2221 caelestis
819 2167 1007 2236 gratia:
1042 2167 1411 2237 gratissimum
1460 2183 1762 2237 praeconem

173 2250 557 2309 beatissimum
578 2254 939 2326 Augustinum
975 2258 1042 2313 de
1086 2259 1188 2313 hac
1220 2259 1463 2325 epistola,
1501 2269 1762 2324 quantum

174 2344 356 2415 potui,
388 2342 629 2400 funditus
662 2346 927 2403 abdicari.

255 2435 363 2492 Sed
400 2446 455 2492 et
500 2438 713 2493 illorum
740 2440 831 2509 qui
873 2455 942 2495 ex
972 2442 1074 2497 hac
1097 2444 1165 2497 ad
1213 2441 1474 2512 Ephesios
1527 2441 1765 2511 Epistola

177 2525 360 2582 fulciri
386 2527 557 2583 moliti
590 2537 716 2583 sunt
743 2530 1005 2585 haeresem
1032 2545 1209 2595 suam,
1246 2532 1336 2585 ubi
1364 2532 1457 2596 ait,
1482 2531 1633 2586 Sicut
1667 2530 1767 2584 ele-

173 2618 255 2687 git
292 2634 386 2671 nos
413 2627 533 2671 ante
564 2619 744 2672 mundi
772 2621 1213 2686 constitutionem,
1237 2622 1445 2676 animas
1484 2623 1764 2676 hominum

175 2718 309 2763 ante
333 2694 515 2764 mundi
544 2706 1063 2781 principium'fuisse
1086 2719 1468 2767 etcomternas
1494 2710 1604 2767 Deo
1621 2726 1769 2765 erea-

178 2802 285 2856 tori
328 2812 643 2868 senserunt;
686 2804 800 2858 sive
864 2805 1027 2858 etiam
1072 2804 1126 2857 in
1177 2804 1410 2873 Epistula
1453 2804 1521 2857 ad
1562 2801 1766 2873 Philip-

182 2904 385 2959 penses
432 2892 599 2946 Deum
649 2893 863 2947 Patrem
906 2894 1173 2963 potiorem
1214 2892 1352 2947 Filio
1395 2893 1763 2949 crediderunt.

186 2981 315 3037 Ilaec
352 2985 557 3049 omnia,
594 2984 738 3039 velut
781 2984 1007 3039 mortale
1039 2984 1393 3055 praecipitium
1438 2991 1533 3037 aut
1570 2983 1769 3040 letbale

1871 533 2070 588 idcirco
2100 535 2301 589 reticeo
2327 536 2608 601 vocabula,
2650 552 2715 591 ne
2743 536 3003 607 derogare
3052 538 3256 602 videar,
3306 556 3446 611 prae-

1868 644 2110 685 cessores
2138 630 2335 699 potius,
2364 642 2526 697 quam
2564 626 2741 680 dicere
2764 627 3071 681 veritatem.

1941 740 2235 810 Epistolam
2253 756 2380 795 sane
2396 736 2637 811 Apostoli
2652 738 2717 791 ad
2732 736 2951 791 Galatas
2966 738 3016 791 in
3035 754 3141 808 qua
3156 753 3297 793 anno
3315 755 3460 812 prte-

1870 832 2049 891 terito,
2070 830 2119 884 in
2138 839 2395 899 quantum
2412 828 2571 889 valui,
2590 826 2983 881 studiosissime
3015 828 3273 890 laboravi,
3308 828 3445 884 nihil

1868 921 1921 972 in
1936 936 1999 973 ea
2016 935 2184 989 nuper
2200 920 2322 972 auxi
2345 918 2467 971 :sed
2495 918 2590 981 ita,
2623 923 2855 969 utantea
2873 931 2903 969 a
2936 931 3019 970 me
3048 918 3441 986 comprehensa

1867 1018 1969 1072 est,
1987 1010 2111 1063 huic
2127 1025 2253 1062 vero
2271 1009 2417 1077 operi
2428 1006 2834 1075 juxtaordinem
2859 1022 3013 1060 suum
3039 1007 3090 1060 in
3133 1010 3308 1077 capite
3346 1025 3436 1064 so-

1868 1100 2025 1153 ciavi.

1938 1214 2013 1266 De.
2034 1224 2242 1269 czeteris
2272 1229 2400 1268 vero
2430 1206 2689 1281 epistolis,
2721 1212 2846 1266 licet
2878 1212 3108 1293 piurima
3141 1226 3304 1280 penes
3350 1227 3438 1266 me

1870 1314 2154 1361 teneantur
2183 1312 2457 1372 excerpta,
2508 1302 2672 1356 multa
2702 1311 2879 1356 tamen
2930 1302 3106 1357 adhuc
3151 1310 3440 1371 supersunt

1868 1395 2243 1465 perquirenda.
2297 1393 2403 1448 Sed
2442 1393 2565 1463 quia
2607 1408 2693 1445 me
2740 1406 2882 1445 anno
2931 1392 3203 1461 prmsenti,
3237 1408 3446 1461 prche—

1868 1488 2139 1542 dientibus
2165 1487 2404 1557 peccatis
2443 1486 2595 1549 meis,
2635 1485 2872 1555 graviter
2916 1485 3214 1555 ohligastis,
3262 1493 3316 1540 et
3366 1486 3450 1539 ni-

1869 1583 1993 1638 miis
2035 1582 2397 1637 anxietatibus
2438 1580 2672 1645 deditus,
2727 1580 2857 1633 mihi
2900 1579 3082 1633 vivere
3130 1594 3235 1633 non
3290 1579 3443 1641 libet,

1869 1688 2047 1745 neque
2088 1672 2401 1741 Scripturas
2443 1670 2773 1741 perscrutari
2820 1669 2963 1724 licet.
3024 1669 3175 1724 Unde
3221 1671 3449 1725 obsecro

1723 1758 1767 1856 Γ
1794 1782 1843 1842 Β
1871 1764 2212 1821 clementiam
2270 1772 2538 1825 vestram,
2587 1769 2647 1814 ut
2697 1775 2801 1815 non
2847 1760 2981 1814 mihi
3026 1760 3145 1814 sitis
3186 1758 3449 1816 molestus

1748 1845 1763 1867 9

1870 1865 2131 1910 exactor:
2176 1854 2299 1923 quia
2351 1855 2396 1907 si
2439 1866 2525 1906 me
2565 1850 2832 1921 adiuverit
2862 1850 3035 1919 pietas
3082 1848 3262 1904 divina
3290 1889 3306 1914 ,
3347 1864 3451 1921 ego

1870 1949 1938 2003 ad
1985 1946 2313 2003 reddendum
2364 1945 2589 1999 devotus
2637 1957 2755 1996 sum
2808 1942 3039 1997 debitor.
3090 1940 3449 2012 Omnipotens

1872 2037 2152 2099 Dominus,
2183 2035 2272 2104 qui
2297 2042 2381 2089 est
2408 2033 2521 2088 Rex
2571 2046 2757 2100 regum
2802 2038 2860 2086 et
2900 2031 3161 2087 Dominus
3206 2030 3450 2086 domino-

1870 2143 2010 2193 rum,
2042 2142 2135 2181 vos
2156 2125 2433 2180 dominum
2455 2137 2633 2177 meum
2658 2121 2997 2176 inimicorum
3024 2120 3263 2177 omnium
3288 2133 3451 2189 supeo

1870 2232 1993 2271 rare
2019 2213 2245 2270 insidias
2274 2213 2468 2277 faciat;
2496 2225 2860 2280 concessoque
2885 2210 3108 2281 praemio
3147 2208 3450 2265 sincerissi-

1874 2320 1976 2360 mze
1999 2304 2306 2367 cbaritatis,
2332 2301 2398 2355 ad
2434 2300 2733 2371 profectum
2778 2307 2834 2354 et
2870 2306 3121 2353 ornatum
3149 2299 3319 2352 totius
3344 2298 3448 2353 Ee-

1869 2397 2071 2462 clesire,
2095 2396 2168 2449 ita
2209 2395 2394 2449 virere
2424 2394 2701 2456 concedat,
2739 2400 2799 2445 ut
2840 2390 2994 2446 (inito
3033 2391 3277 2447 mortalis
3319 2392 3447 2446 vitae

1868 2488 2122 2552 termino,
2152 2486 2379 2540 liberum
2409 2499 2439 2538 a
2484 2482 2689 2552 peccati
2733 2481 3066 2537 conscientia
3113 2496 3211 2536 suo
3258 2490 3446 2537 sancto

1870 2587 2051 2632 astare
2076 2576 2236 2629 faciat
2259 2576 2471 2630 throno.
2506 2572 2754 2643 Explica.

2299 2685 2544 2742 INCIPIT
2581 2684 3017 2742 TRACTATUS.

1948 2802 2163 2873 Ephesii
2195 2808 2323 2855 sunt
2364 2798 2568 2853 Asiani.
2614 2797 2678 2851 Ili
2728 2804 2952 2866 accepto
2995 2798 3160 2853 verbo
3200 2797 3441 2853 veritati:

1871 2893 2228 2963 perstiterunt
2257 2892 2306 2943 in
2338 2888 2461 2954 ﬁde,
2485 2890 2582 2943 hos
2603 2886 2870 2942 collaudat
2892 2886 3180 2957 Apostolus
3206 2890 3450 2943 scribens

1872 2982 1954 3036 eis
1975 2996 2007 3038 a
2039 2980 2206 3034 Roma
2231 2979 2297 3033 de
2317 2991 2561 3043 carcere,
2587 2985 2691 3031 etc.

985 3212 1725 3326 CLAUDII
1798 3209 2634 3327 EPISCOPI

182 3409 838 3564 ENARIIA'I‘I0
947 3415 1077 3566 IN
1186 3416 1828 3573 EPISTOLAM
1935 3427 2049 3573 Ι).
2170 3422 2531 3573 PAULI
2635 3422 2793 3573 AI)
2870 3423 3429 3577 GALA'I‘AS.

1339 3736 1592 3797 (Biblioth.
1618 3751 1745 3787 max.
1771 3739 1989 3802 Patrum,
2017 3750 2128 3793 tom.
2168 3740 2316 3805 XIV.)

710 3946 1208 4026 AUCTORIS

473 4098 853 4161 EPISTOLA
897 4099 1446 4165 DEDICATORIA
1462 4149 1475 4163 .

252 4220 475 4274 Domino
524 4222 766 4289 piissimo
794 4231 849 4276 et
894 4222 945 4277 in
994 4222 1212 4278 Christo
1258 4240 1468 4279 summo
1495 4225 1624 4279 mihi
1653 4226 1753 4279 hoc

178 4325 311 4364 nore
330 4311 674 4380 singulariter
693 4312 985 4366 excolendo
1006 4313 1376 4367 Dructeranno
1394 4314 1574 4369 abbati
1596 4314 1754 4371 Clan-

178 4403 299 4457 dius
322 4413 594 4470 peccator.

246 4492 404 4556 Tres,
434 4492 483 4545 ni
515 4491 689 4557 fallor,
739 4501 793 4546 et
836 4508 899 4547 eo
944 4495 1174 4564 amplius
1216 4496 1328 4565 jam
1376 4505 1755 4566 pertranseunt

179 4592 417 4653 tempore
447 4584 592 4647 anni,
646 4584 789 4652 quod
816 4599 905 4637 me
946 4586 1121 4639 adhuc
1168 4588 1223 4640 in
1264 4587 1491 4643 Alucnni
1540 4592 1757 4659 cespitis

178 4686 326 4733 arvo,
360 4671 411 4725 in
454 4670 651 4742 palatio
688 4672 760 4742 pii
789 4673 1049 4742 principis
1098 4674 1297 4729 domini
1344 4676 1599 4732 Ludovici
1632 4686 1757 4732 tunc

180 4762 335 4831 regis,
368 4763 525 4815 modo
564 4762 922 4831 imperatoris,
955 4762 1233 4818 detentum
1284 4767 1529 4820 socordia
1562 4776 1753 4821 sensus

179 4857 281 4910 mei
311 4863 397 4908 tua
447 4855 649 4910 fervida
696 4857 982 4911 dilectione
1024 4858 1251 4912 adorsus
1277 4860 1535 4922 excitare,
1564 4866 1623 4911 ut
1652 4858 1752 4911 ali-

176 4961 332 5015 quem
361 4944 693 5001 fructuosum
717 4946 955 5002 laborem
993 4947 1044 5001 in
1073 4948 1326 5017 Epistolis
1356 4948 1595 5017 magistri
1628 4962 1755 5017 gen-

182 5035 308 5088 tium
338 5050 666 5089 assumerem
714 5037 938 5106 apostoli
972 5036 1142 5090 Pauli.
1186 5035 1291 5091 Sed
1322 5036 1446 5105 quia
1480 5037 1755 5091 laboribus

179 5132 233 5177 ct
259 5124 557 5178 turbinibus
606 5127 1107 5195 munditdepressus
1143 5127 1404 5180 hactenus
1430 5142 1622 5196 parere
1646 5128 1757 5197 jus-

179 5213 309 5269 sioni
338 5221 439 5266 tuae
468 5214 702 5284 nequivi,
751 5218 908 5269 modo
939 5216 1196 5286 largiente
1228 5218 1337 5271 Deo
1364 5216 1415 5269 in
1464 5217 1568 5271 isto
1599 5218 1740 5285 Qua-

1779 3943 1823 4002 C
1856 3942 1922 3995 ad
1946 3944 2078 3999 alios
2101 3947 2265 4001 libros
2285 3945 2620 4016 prmfatijam
2649 3946 2824 4001 Patris
2846 3947 3127 4017 Augustini
3174 3959 3229 4004 et
3248 3954 3442 4010 exinde

1859 4048 1999 4099 eam,
2032 4050 2151 4104 qum
2179 4036 2233 4091 iu
2266 4036 2370 4090 illis
2419 4036 2606 4091 deerat
2633 4036 2973 4100 tractatibus,
3006 4038 3223 4107 explere
3261 4044 3439 4098 studui

1856 4124 2270 4193 expositionem.
2320 4125 2584 4181 Nonnulla
2633 4127 2816 4192 etiam,
2869 4137 2927 4182 ut
2967 4130 3097 4183 mihi
3130 4132 3300 4186 visum
3332 4147 3438 4199 est,

1859 4211 1996 4268 infra
2050 4213 2265 4269 illorum
2322 4214 2668 4281 locutionem,
2717 4231 2836 4271 mea
2887 4218 3067 4272 studui
3111 4222 3439 4294 conjungere

1856 4314 2043 4368 verba,
2072 4319 2190 4373 quae
2217 4313 2501 4376 utramque
2523 4306 2911 4376 expositionem
2948 4308 3149 4380 absque
3178 4312 3435 4369 scissione

1856 4394 2267 4464 coniungerent,
2302 4404 2357 4449 et
2399 4395 2624 4465 legentis
2648 4409 2965 4454 exercerent
3010 4414 3248 4467 sensum,
3280 4414 3336 4458 et
3360 4405 3433 4457 fa~

1855 4485 2072 4540 stitlium
2105 4485 2344 4541 facerent
2374 4486 2595 4541 evitare.
2629 4486 2779 4543 lianc
2816 4488 3031 4543 interim
3060 4492 3213 4559 quasi
3241 4509 3431 4548 manu-

1857 4578 1971 4632 bias
1998 4576 2255 4645 quasdam
2299 4584 2403 4631 tute
2428 4591 2597 4631 ovans
2624 4576 2860 4645 dirigere
2899 4577 3088 4633 studeo
3116 4581 3388 4635 sanctitati
3418 4598 3431 4635 :

1856 4675 1915 4719 ut
1941 4666 2149 4734 quoties
2174 4681 2293 4720 eam
2323 4682 2484 4719 manu
2513 4666 2753 4722 tenueris
2773 4675 2828 4722 et
2856 4668 3071 4738 legeris,
3098 4671 3201 4725 mei
3230 4687 3435 4726 memor

1855 4771 1975 4811 esse
2008 4756 2285 4826 digneris:
2337 4766 2391 4812 et
2422 4758 2474 4812 in
2501 4774 2665 4812 unum
2695 4758 2982 4831 conjungat
3025 4762 3284 4818 immensa
3312 4766 3430 4819 nbi-

1855 4864 1960 4919 que
1987 4864 2227 4918 praesens
2256 4850 2460 4906 Christi
2492 4852 2746 4918 charitas,
2778 4868 2913 4922 quos
2955 4856 3127 4923 spatia
3165 4864 3429 4910 terrarum

1857 4940 2167 4994 dissociant.
2216 4941 2290 4995 De
2341 4942 2551 4997 cmteris
2581 4958 2710 4996 vero
2739 4943 3001 5011 epistolis,
3032 4944 3144 5012 jam
3175 4945 3340 5000 multa
3376 4947 3429 5001 in

1857 5029 2102 5085 manibus
2135 5031 2335 5085 nostris
2383 5039 2634 5086 tenentur
2658 5041 2933 5105 excerpta,
2969 5034 3039 5089 ad
3067 5051 3221 5105 quas,
3256 5037 3300 5091 si
3328 5038 3430 5092 Do-

1858 5119 2034 5173 minus
2060 5120 2308 5184 voluerit,
2341 5129 2394 5175 et
2418 5120 2583 5175 vitam
2626 5131 2790 5193 atque
2820 5123 3044 5180 salutem
3076 5128 3426 5191 concesserit.

1854 5211 2135 5264 orantibus
2170 5213 2320 5266 vobis
2348 5228 2447 5282 pro
2491 5212 2667 5279 nobis,
2695 5215 2762 5269 ad
2794 5217 3179 5285 expositionem
3213 5218 3427 5274 illarum

180 5304 486 5375 dragesimze
512 5316 749 5377 tempore
771 5284 1050 5377 epistolam
1072 5309 1216 5363 beati
1233 5306 1346 5376 jam
1367 5307 1495 5363 dicti
1520 5284 1747 5378 apostoli
1772 5284 1825 5343 Ῑ)
1852 5301 2171 5369 quantocius
2194 5309 2416 5372 ροιιιονο
2442 5304 2697 5358 accedere
2739 5284 3060 5374 procumbo.
3088 5306 3217 5363 Pius
3245 5318 3297 5363 et
3323 5310 3425 5364 nti-

180 5394 320 5451 Pauli
346 5396 413 5449 ad
443 5394 662 5449 Galatas
700 5411 763 5449 ex
802 5398 1121 5452 tractatibus
1150 5396 1431 5451 beatorum
1464 5396 1747 5465 Augustini

177 5493 234 5540 et
259 5484 558 5554 Hieronymi
602 5484 821 5539 Patrum
866 5486 1151 5555 permixtis.
1180 5487 1462 5555 procuravi
1502 5487 1751 5540 ordinare

179 5574 472 5629 sententiis.
521 5572 575 5625 In
606 5574 800 5642 quibus
850 5575 1168 5629 tractatibus
1196 5592 1317 5629 cum
1350 5576 1416 5629 ad
1447 5589 1749 5644 congruen-

184 5672 279 5718 tem
306 5662 691 5732 expositionem
724 5662 888 5715 multa
919 5664 1109 5719 deesse
1154 5680 1450 5732 cernerem,
1498 5670 1628 5721 verti
1662 5682 1747 5722 me

573 5775 845 5837 PnnOL.
891 5774 1050 5836 CIV.

1854 5392 2083 5446 sericors
2145 5392 2285 5445 Deus
2334 5400 2389 5445 et
2444 5395 2792 5447 reverendam
2854 5394 2985 5449 mihi
3040 5396 3425 5452 beatitudinem

1855 5491 2020 5542 tuam,
2052 5481 2119 5535 ad
2157 5481 2454 5550 profectum
2502 5492 2555 5536 et
2595 5492 2843 5537 ornatum
2897 5484 3149 5540 Ecclesia:
3193 5501 3325 5547 sure,
3375 5501 3427 5541 υι

1855 5573 2013 5627 annis
2039 5572 2393 5641 multiplicare
2424 5573 2694 5642 dignetur,
2734 5583 2788 5626 ct
2816 5573 3039 5626 meritis.
3086 5572 3212 5627 V'ale
3242 5573 3290 5626 in
3323 5573 3424 5628 Do.

1856 5665 2001 5719 mino
2028 5664 2110 5716 vir
2144 5663 2252 5729 Dei,
2286 5672 2339 5716 et
2370 5672 2637 5716 memento
2667 5662 2790 5715 mei.

2949 5775 3021 5834 ‘27
