3906 6332
518 329 624 385 847

1508 404 1511 407 Α
1572 330 1859 405 αιΔυωι
1894 329 2364 390 TAURINENSIS
2402 334 2711 404 EPISCOP!

3694 349 3787 409 818

572 442 639 498 In
680 441 879 498 sarcula
922 439 1259 497 sa'culorum.
1311 441 1543 499 lndnitis
1572 444 1853 500 beneﬁciis
1882 445 2087 500 inﬁnita
2118 448 2164 505 Α
2196 446 2425 515 scipsos,
2486 449 2536 503 id
2569 462 2652 505 est
2680 453 2951 523 apostolos
3003 454 3068 525 (si
3110 458 3382 513 immutati
3437 458 3587 516 forte
3638 464 3790 521 aliter

500 535 673 606 gloria
696 535 940 590 debetur.

570 630 756 685 Amen.
787 627 1074 698 Prologum
1117 644 1278 685 suum
1325 628 1556 685 Hebraeo
1590 645 1844 686 sermone
1874 628 2095 684 conclu-

499 723 597 785 dat
627 720 819 776 Amen'
850 717 1201 790 δθΡῑυθὲίηίθ
1241 718 1656 786 transtulerunt,
1697 722 1910 794 γένοιτο,
1959 718 2091 790 iiut;

497 811 690 887 Aquila
701 850 715 876 ,
730 811 1135 882 πεπιστωμένος.
1150 807 1260 866 Nos
1271 823 1402 865 vero
1418 824 1543 865 vere
1557 809 1669 868 sive
1686 808 1914 864 ﬁdeliter
1927 808 2093 866 inter-

496 902 700 973 pretari
726 916 1050 974 possumus:
1094 902 1244 972 quod
1281 900 1448 956 etiam
1482 900 1536 955 in
1569 899 1867 971 Evangelia
1895 914 1924 952 a
1970 897 2091 953 Sal-

495 1003 687 1048 vatore
715 1006 930 1062 semper
958 990 1399 1056 assrunitur,~sua
1426 989 1720 1061 perAmen
1765 989 1928 1044 verba
1957 1004 2091 1043 cou-

496 1085 771 1140 lirmante.
1343 1158 1345 1160 η

568 1172 741 1230 Miror
766 1174 907 1247 quod
933 1182 1045 1229 tant
1088 1176 1191 1229 cito
1227 1174 1637 1245 transferimini,
1677 1173 1741 1227 ab
1773 1190 1832 1227 eo
1877 1174 1967 1245 qui
2006 1189 2091 1227 vos

493 1266 689 1322 vocavit
719 1265 775 1319 in
798 1265 1022 1335 gloriam
1054 1261 1276 1330 Christi,
1304 1266 1361 1319 in
1390 1263 1539 1319 aliud
1562 1262 1927 1335 Evangelium,
1952 1265 2089 1335 quod

494 1371 601 1409 non
634 1354 903 1411 estaliud.
950 1355 1295 1411 Enumeratis
1324 1354 1606 1411 beneﬁciis
1650 1355 1837 1410 mirari
1876 1370 1935 1411 se
1962 1355 2093 1410 dicit

491 1446 785 1517 Apostolus
814 1447 957 1517 quod
987 1446 1056 1501 ab
1078 1446 1353 1517 Evangelii
1380 1445 1634 1503 libertate
1658 1446 1937 1515 potuerint
1961 1445 2091 1507 solis

492 1539 675 1606 verbis
719 1537 925 1595 retrahi
966 1536 1022 1591 in
1058 1536 1194 1609 legis
1220 1537 1556 1601 servitutem,
1594 1550 1625 1590 a
1651 1551 1759 1605 quo
1787 1535 1947 1590 nullis
1984 1543 2092 1590 tor-

493 1630 693 1687 mentis
721 1628 1009 1707 debuerint
1032 1628 1297 1700 separari.
1328 1627 1678 1699 Evangelium
1706 1626 1851 1681 enim
1876 1626 1921 1681 si
1944 1624 2091 1681 aliud

492 1728 580 1779 est
612 1729 813 1797 prater
842 1721 899 1777 id
947 1722 1093 1791 quod
1132 1720 1247 1776 sive
1283 1734 1381 1792 per
1418 1734 1497 1784 se,
1551 1727 1667 1773 sive
1713 1732 1813 1789 per
1852 1717 2087 1787 aliquem

2196 536 2576 608 praedicarent)
2624 553 2731 593 non
2786 541 2963 596 audiri
3018 543 3239 601 doceret
3286 562 3573 617 :quorum
3611 552 3790 619 utique

2197 623 2365 693 fama,
2417 629 2561 699 quod
2601 642 2785 685 essent
2828 633 3057 703 apostoli
3116 634 3339 702 ChriSti,
3399 653 3790 710 peragraverat

2195 731 2409 774 omnem
2441 718 2617 775 locum
2664 740 2676 775 :
2717 730 2810 777 aut
2844 724 2888 779 si
2919 722 3056 779 forte
3092 725 3340 782 diabolus
3385 731 3653 800 angelum
3702 732 3788 786 Dei

2190 808 2424 880 ﬁngens,
2472 813 2721 870 utllacile
2752 816 2919 885 possit
2942 816 3137 882 audiri,
3176 818 3242 873 de
3274 819 3430 874 cmlis
3478 837 3784 892 appareret.

2194 909 2382 955 contra
2413 903 2530 957 haec
2563 906 2887 973 prcedicans,
2926 908 3163 963 sciretur
3184 924 3319 965 esse
3349 913 3695 978 contrarius,
3742 924 3790 969 et

2184 991 2528 1049 aheminatio
2570 994 2884 1053 haberetur.
2941 998 3000 1053 Si
3049 1014 3178 1068 ergo
3229 1002 3507 1071 apostolos
3562 1002 3789 1067 Christi,

2194 1098 2423 1151 quorum
2453 1094 2561 1139 tam
2590 1088 2850 1156 praeclara
2889 1090 3073 1159 opinio
3098 1091 3160 1145 ’in
3205 1092 3375 1162 signis
3425 1103 3483 1147 et
3527 1096 3791 1166 prodigiis

2192 1189 2311 1235 erat
2361 1180 2644 1245 faciendis,
2678 1190 2733 1237 et
2767 1184 3017 1255 angelum
3078 1186 3144 1240 de
3190 1187 3352 1251 c0310,
3407 1203 3574 1257 quem
3626 1191 3793 1259 possit

2191 1271 2461 1340 spiritalis
2490 1273 2631 1327 ratio
2663 1275 3071 1339 commendare,
3095 1275 3263 1331 aliter
3302 1277 3591 1343 docentes,
3633 1293 3790 1348 quam

2194 1361 2263 1415 ab
2290 1361 2535 1432 apostolo
2555 1362 2730 1418 Paulo
2760 1364 2904 1419 docti
2936 1373 3114 1430 erant,
3144 1366 3609 1421 anathematizari
3659 1382 3792 1436 prm-

2193 1450 2342 1519 cipit,
2381 1461 2586 1521 quanto
2632 1453 2805 1524 magis
2856 1468 2995 1523 quos
3051 1455 3255 1510 nullum
3298 1456 3684 1511 testimonium
3730 1457 3791 1510 ad

2192 1540 2555 1595 seducendum
2584 1551 2771 1613 potest
2794 1544 3212 1601 commendare?
3241 1546 3366 1601 ideo
3412 1544 3605 1601 autem
3638 1548 3794 1602 iterat

2192 1635 2668 1702 contestationem,
2697 1644 2757 1690 ut
2772 1636 3059 1692 conﬁrmet
3080 1653 3174 1693 eos
3195 1638 3247 1692 in
3271 1640 3449 1708 prima
3473 1640 3789 1694 traditione.

2192 1722 2390 1781 Iterat:
2409 1725 2553 1779 enim
2578 1724 2663 1779 lex
2691 1725 3037 1780 sollicitiores
3061 1726 3237 1781 reddit
3261 1726 3625 1797 negligentes.

493 1814 762 1881 Dominus
787 1815 959 1881 dedit,
979 1814 1093 1884 jam
1120 1828 1222 1869 nec
1246 1810 1597 1883 Evangelium
1626 1809 1734 1865 dici
1776 1819 1973 1880 potest.
2004 1810 2092 1866 Vi—
2113 1806 2166 1866 Β
2269 1815 2419 1871 Sicut
2448 1821 2587 1870 enim
2610 1818 2979 1887 pradirimus,
3012 1827 3061 1873 et
3103 1834 3243 1873 nunc
3286 1820 3479 1873 iterum
3525 1822 3650 1874 dico
3685 1836 3704 1871 :
3736 1819 3791 1876 Si

492 1906 724 1977 gilanter
773 1912 956 1960 autem
1001 1921 1125 1961 cum
1171 1904 1418 1968 dixisset,
1481 1900 1885 1973 Transferimini
1918 1901 1984 1956 ab
2030 1918 2091 1957 eo

492 2000 585 2069 qui
612 1999 937 2053 uos'vocauit
980 1998 1036 2052 in
1081 1995 1305 2069 gloriam
1353 1994 1572 2061 Christi,
1626 2009 1793 2065 quam
1837 1994 2093 2055 volebant

493 2091 568 2146 illi
599 2105 885 2155 evacuare,
916 2090 1075 2160 quasi
1119 2089 1319 2145 frustra
1356 2089 1569 2144 venerit
1612 2086 1889 2153 Christus,
1922 2087 1967 2142 si
1996 2088 2091 2143 ad-

494 2183 599 2240 huc
638 2183 867 2239 tenenda
918 2190 1039 2237 erat
1080 2181 1427 2239 circumcisio
1454 2179 1656 2247 carnis,
1700 2187 1860 2250 atque
1901 2177 2093 2248 hujus-

494 2272 640 2333 tnodi
666 2272 801 2345 legis
841 2287 1008 2343 Opera
1045 2280 1253 2328 tantum
1281 2272 1559 2337 valebant,
1601 2280 1663 2327 ut
1686 2287 1789 2342 per
1817 2270 1964 2326 illam
1994 2271 2091 2326 bo-

494 2367 668 2422 mines
704 2367 841 2421 salvi
878 2367 1091 2433 tierent,
1123 2365 1332 2421 addidit
1359 2383 1396 2419 ε-

576 2457 693 2521 Nisi
714 2466 836 2514 sunt
865 2455 1029 2528 aliqui
1058 2457 1149 2528 qui
1184 2472 1272 2510 vos
1313 2457 1650 2519 conturbant,
1676 2463 1725 2509 et
1746 2453 1926 2515 volunt
1960 2468 2087 2507 con—-

492 2558 690 2605 vertere
716 2547 1062 2619 Euangetium
1097 2543 1313 2601 Christi.
1346 2545 1567 2612 Volunt,
1606 2545 1806 2615 inquit,
1839 2545 2088 2615 Evange-

494 2641 627 2694 lium
671 2638 874 2694 Christi
905 2645 1137 2701 mutare,
1180 2643 1521 2702 convertere,
1557 2633 1778 2689 turbare
1811 2651 1824 2687 :
1858 2633 1955 2688 sed
1980 2648 2088 2687 non

494 2731 695 2799 valent,
737 2730 863 2799 quia
914 2727 1077 2798 hujus
1124 2734 1333 2801 natura:
1373 2732 1457 2781 est
1492 2733 1695 2780 utvnon
1731 2723 1907 2797 possit
1943 2722 2089 2778 aliud

494 2835 617 2876 esse
662 2834 827 2889 quam
876 2818 1021 2889 quod
1074 2831 1265 2872 verum
1318 2823 1423 2872 est.
1472 2814 1589 2869 Non
1632 2812 2090 2886 quemadmodum

495 2912 631 2973 istos
658 2906 1007 2973 conturbant,
1030 2907 1104 2961 ita
1130 2906 1295 2961 etiam
1324 2914 1641 2961 convertere
1661 2911 1889 2974 possunt
1914 2904 2090 2958 Evan-

497 3003 696 3074 gelium
722 3000 948 3067 Christi,
974 3000 1102 3070 quia
1128 3007 1310 3054 manet
1330 2998 1704 3053 ﬁrmissimum
1734 3016 1746 3051 :
1777 2999 1871 3053 sed
1907 3005 2087 3052 tamen

499 3102 819 3149 convertere
847 3091 1053 3156 volunt,
1084 3088 1213 3160 quia
1256 3088 1324 3143 ab
1349 3086 1724 3159 spiritualibus
1752 3087 1820 3142 ad
1846 3086 2085 3141 carnalia

2190 1908 2307 1979 quis
2341 1907 2495 1962 .vobis
2519 1907 2950 1979 erangelizaverit
2980 1918 3331 1980 pret-terquem
3358 1911 3505 1979 quod
3542 1912 3791 1981 accepis-

2192 1998 2279 2063 tis,
2312 1998 2593 2052 anathema
2623 1999 2712 2053 sit.
2754 1997 2861 2052 Aut
2897 2013 3139 2067 praesens
3170 1999 3276 2054 hoc
3307 1999 3668 2070 pnedixerat,
3705 2012 3793 2054 aut

2189 2091 2316 2162 quia
2365 2092 2645 2148 iteraverit
2689 2092 2837 2163 quod
2867 2094 3026 2159 dixit,
3065 2103 3354 2166 propterea
3385 2095 3559 2150 voluit
3587 2096 3790 2159 dicere,

2190 2182 2333 2236 sicut
2377 2182 2758 2253 praediximus;
2794 2192 2977 2239 tamen
3027 2185 3140 2252 ipsa
3172 2185 3387 2240 iteratio
3422 2185 3794 2242 saluberrime

2191 2274 2548 2329 intentionem
2603 2285 2788 2330 movet
2837 2276 2906 2331 ad
2963 2275 3279 2330 ﬁrmitatem
3330 2278 3610 2332 retinendi
3652 2292 3791 2338 eam.

2190 2380 2312 2436 qua
2338 2366 2417 2421 sic
2460 2369 2894 2431 commendatur,
2926 2366 3108 2421 ﬁdem.
3134 2366 3320 2421 Potest
3343 2376 3399 2421 et
3434 2368 3795 2438 hyperbolice

2189 2455 2393 2510 dictum
2439 2454 2656 2525 accipi:
2691 2470 2796 2511 non
2834 2456 2980 2525 quod
3022 2464 3117 2510 aut
3144 2456 3444 2526 apostolus,
3480 2467 3579 2511 aut
3628 2473 3795 2528 ange-

2189 2545 2296 2612 lus,
2334 2546 2493 2602 aliter
2535 2549 2809 2618 potuerint
2854 2549 3170 2618 praedicare,
3218 2565 3381 2618 quam
3419 2553 3593 2606 semel
3646 2553 3795 2606 dixe—

2191 2639 2301 2693 rint
2338 2657 2350 2694 :
2382 2640 2476 2695 sed
2507 2640 2695 2706 etiam,
2727 2640 2770 2694 si
2800 2640 2903 2695 hoc
2932 2649 3115 2710 posset
3154 2640 3295 2706 ﬁeri,
3322 2650 3377 2696 ut
3414 2650 3471 2697 et
3500 2643 3795 2713 Apostolus
3862 2706 3869 2715 _

2188 2738 2244 2785 et
2278 2729 2454 2799 angeli
2484 2737 2847 2793 mutarentur,
2889 2737 3070 2784 tamen
3108 2745 3215 2785 non
3254 2746 3376 2786 esse
3408 2732 3478 2786 ab
3528 2747 3619 2797 eo,
3651 2733 3794 2803 quod
3866 2716 3869 2725 ’

2191 2820 2359 2875 semel
2401 2830 2684 2891 acceptum
2726 2819 2929 2887 fuerat,
2973 2822 3355 2878 recedendum.
3414 2823 3570 2878 Facit
3608 2834 3793 2880 autem

2193 2914 2315 2977 hoc,
2335 2926 2440 2966 non
2458 2922 2647 2967 contra
2663 2911 2807 2968 solos
2818 2910 3059 2977 Galatas,
3080 2914 3174 2968 sed
3195 2921 3453 2969 etcontra
3469 2929 3669 2969 omnes
3688 2916 3796 2969 has»

2192 3004 2411 3069 retices,
2438 3003 2529 3073 qui
2557 3003 2876 3059 traditiones
2909 3005 3234 3073 apostolicas
3257 3012 3475 3060 mutare
3500 3017 3793 3060 conantur.

2264 3094 2426 3149 Modo
2450 3094 2591 3150 enim
2618 3094 2921 3149 [caminibus
2965 3095 3183 3161 suadeo,
3218 3114 3287 3150 an
3314 3096 3424 3149 Deo
3453 3096 3481 3149 .’
3508 3113 3581 3148 an
3613 3112 3795 3166 quem

497 3190 754 3240 revocant
783 3152 1145 3239 intentionem
1178 3152 1537 3235 credentium.
1573 3177 1685 3232 lllis
1711 3177 1856 3232 enim
1881 3179 1948 3231 ad
1981 3177 2086 3231 ista
2111 3152 2160 3221 (ἶ
2192 3184 2489 3238 hominibus
2512 3182 2718 3253 placere
2742 3184 2767 3236 ?
2820 3182 2880 3238 Si
2933 3183 3109 3237 adhuc
3150 3152 3450 3238 hominibus
3483 3152 3753 3254 placerem
3778 3225 3791 3248 ,

497 3268 795 3339 conversis,
848 3278 1034 3326 manet
1076 3268 1425 3341 Evangelium
1474 3282 1583 3321 non
1625 3281 1965 3321 conversum.
2022 3266 2090 3321 Et

497 3369 618 3424 ideo
641 3381 763 3421 cum
787 3364 1015 3420 dixisset
1041 3362 1427 3417 conturbantes
1453 3368 1569 3425 Vos,
1592 3373 1701 3413 non
1724 3357 1861 3413 dixit
1887 3365 1941 3411 et
1961 3372 2089 3411 con-

498 3442 798 3531 vertentés,
832 3455 928 3512 sed
963 3452 1211 3519 volentes,
1256 3451 1455 3520 inquit.
1507 3459 1805 3504 convertere
1852 3447 2089 3518 Evange—

499 3536 631 3607 lium
662 3550 879 3608 Christi.

572 3638 676 3703 Sed
698 3646 818 3717 licet
859 3662 973 3714 nos,
1025 3653 1117 3699 aut
1147 3643 1362 3714 angelus
1378 3643 1458 3697 de
1484 3642 1624 3698 rario
1648 3642 1967 3713 evangelizet
1994 3657 2087 3698 vo—

498 3743 600 3806 bis,
624 3750 974 3813 prwtesquam
996 3737 1135 3808 quod
1159 3724 1630 3806 evattgelizavimus
1661 3734 1827 3799 vobis,
1863 3735 2087 3787 anathev

497 3851 584 3889 ma
608 3834 695 3903 sit.
724 3830 939 3886 Veritas
958 3837 1190 3899 propter
1236 3826 1470 3896 seipsam
1508 3824 1781 3895 diligenda
1826 3834 1931 3888 est,
1982 3840 2088 3879 non

498 3934 720 3996 propter
759 3922 1055 3985 hominem,
1102 3928 1207 3973 aut
1223 3927 1445 3987 propter
1480 3914 1753 3985 angelum,
1794 3928 1889 3983 per
1927 3929 2089 3983 quem

432 4004 439 4014 ’
499 4013 874 4090 annuntiatur.
912 4009 1013 4077 Qui
1050 4008 1197 4078 enim
1245 4014 1468 4077 propter
1508 4003 1922 4058 annuntiatores
1962 4016 2088 4056 eam

497 4107 697 4178 diligit,
721 4112 904 4175 potest
942 4113 999 4159 et
1026 4100 1310 4159 mendacia
1335 4098 1653 4169 diligere,fsi
1688 4113 1791 4167 qua
1822 4096 1961 4151 forte
1986 4094 2088 4165 ipsi

497 4214 597 4265 sua
625 4195 971 4268 protulerint.
1003 4192 1299 4262 Propterea
1338 4198 1522 4257 autem
1559 4188 1685 4253 sibi,
1715 4188 1808 4256 qui
1852 4186 1999 4240 aliud
2033 4186 2087 4239 in

496 4287 683 4343 Judtea
709 4285 912 4361 facere,
937 4283 1083 4355 aliud
1102 4282 1299 4337 docere
1313 4279 1643 4350 imgenlibus
1665 4276 2084 4343 criminabatur;

495 4388 551 4434 ct
576 4360 791 4448 angelo,
839 4388 998 4445 quem
1031 4370 1291 4441 maiorem
1325 4370 1489 4425 etiam
1526 4367 1946 4438 praecessorihus
1974 4367 2090 4422 suis

2192 3273 2389 3329 Christi
2416 3290 2595 3328 servus
2632 3286 2735 3327 non
2782 3290 2966 3328 essem.
3011 3271 3181 3327 Nemo
3225 3272 3339 3327 Deo
3390 3272 3608 3335 suadet,
3666 3273 3792 3341 quia

2191 3364 2478 3419 manifesta
2519 3372 2649 3418 sunt
2674 3364 2753 3418 illi
2781 3364 2985 3430 omnia,
3021 3365 3115 3419 sed
3156 3363 3491 3418 hominibus.
3535 3363 3625 3416 Ille
3656 3365 3796 3417 bene

2191 3456 2402 3521 suadet,
2434 3455 2525 3525 qui
2548 3470 2654 3510 non
2677 3469 2734 3510 se
2768 3455 2872 3510 illis
2902 3455 3117 3526 placere
3136 3455 3270 3521 vult,
3296 3456 3392 3509 sed
3408 3456 3609 3525 ipsam,
3628 3470 3791 3523 quam

2191 3549 2401 3613 suadet,
2426 3547 2733 3602 veritatem.
2782 3545 2883 3611 Qui
2910 3546 3067 3604 enim
3104 3544 3281 3615 placet
3311 3545 3650 3605 hominibus,
3683 3558 3791 3596 non

2191 3639 2259 3693 ab
2306 3638 2438 3706 ipsis
2472 3652 2623 3691 suam
2653 3635 2882 3705 gloriam
2934 3649 3203 3703 qumrens,
3236 3634 3330 3689 sed
3364 3634 3486 3698 Dei,
3542 3643 3603 3687 ut
3657 3634 3789 3687 salvi

2191 3729 2343 3794 (iant,
2370 3743 2476 3782 non
2502 3726 2615 3797 jam
2645 3725 2978 3791 hominibus,
3007 3725 3099 3779 sed
3132 3726 3242 3779 Deo
3272 3726 3470 3794 placet.
3505 3724 3617 3778 Aut
3642 3734 3791 3778 certe

2184 3819 2297 3890 jam
2340 3832 2466 3873 cum
2499 3825 2554 3871 et
2607 3816 2717 3871 Deo
2750 3815 2948 3885 placet,
2999 3812 3159 3869 simul
3207 3820 3262 3866 et
3305 3813 3648 3877 hominibus,
3681 3830 3788 3868 non

2190 3912 2376 3981 utique
2417 3908 2727 3964 hominibus
2779 3905 2975 3977 placet.
3033 3904 3193 3958 Aliud
3241 3912 3329 3958 est
3380 3906 3536 3959 extim
3572 3905 3788 3976 placere

2190 4000 2518 4064 hominibus,
2571 3996 2714 4051 aliud
2744 4004 2800 4051 et
2849 3994 2960 4049 Deo
2990 4002 3045 4048 et
3070 3994 3383 4049 hominibus
3430 3993 3517 4063 (II
3550 3994 3676 4047 Cor.
3712 3996 3785 4066 ν).

2190 4090 2306 4144 Non
2334 4100 2587 4158 putemus
2629 4088 2699 4143 ab
2734 4086 3123 4157 Apostolouos
3176 4088 3384 4149 doceri,
3424 4096 3487 4145 ut
3539 4087 3787 4155 exemplo

2190 4196 2289 4233 suo
2311 4180 2593 4234 hominum
2614 4176 2820 4245 judicia
2845 4186 3277 4240 contemnamus,
3311 4177 3404 4244 qui
3438 4178 3491 4230 in
3535 4178 3642 4230 alio
3668 4177 3785 4230 loco

2189 4269 2330 4324 dixit
2379 4286 2394 4322 :
2454 4266 2687 4322 Scicutes
2737 4282 2859 4337 ergo
2928 4266 3172 4319 timorem
3216 4264 3436 4319 Domini
3486 4266 3781 4319 hominibus

2188 4365 2495 4427 suademus,
2546 4360 2657 4415 Deo
2702 4369 2876 4413 mitem
2923 4357 3191 4428 manifesti
3233 4374 3439 4415 sumus.
3491 4357 3563 4412 Et
3610 4358 3776 4411 illud:

497 4472 759 4543 apostolis
782 4484 907 4526 esse
931 4467 1357 4531 contestabatur,
1403 4463 1693 4527 anathema
1724 4460 2082 4525 denuntiavit,
2109 4495 2162 4553 D
2192 4455 2314 4509 Sine
2335 4454 2622 4524 o/fensione
2648 4449 3049 4517 cstoteJudwia
3075 4459 3123 4503 et
3161 4450 3426 4521 gentibus,
3456 4462 3506 4505 et
3533 4450 3781 4505 Ecclesia

497 4574 569 4633 ut
591 4578 698 4629 non
724 4576 917 4631 magna
939 4558 1089 4619 Petri
1125 4565 1180 4613 et
1209 4554 1435 4613 Joannis
1454 4560 1742 4625 putaretur
1760 4549 2080 4611 auctoritas,

496 4677 619 4716 cum
644 4675 747 4714 nec
783 4657 1126 4719 sibiliceret,
1152 4652 1240 4707 cui
1269 4658 1512 4715 eosante
1542 4647 1957 4710 docuerat,nec
1981 4658 2080 4696 an-

496 4754 616 4824 gelo
646 4752 805 4811 aliter
837 4749 1154 4819 praedicare,
1202 4758 1366 4816 quam
1415 4738 1583 4797 semel
1631 4739 1956 4795 didicerant.
1991 4734 2083 4790 Sic

498 4843 683 4911 itaque
730 4849 785 4895 et
848 4839 1098 4909 srtgelum
1156 4833 1479 4890 nominatim
1530 4830 1732 4899 posuit,
1782 4827 1917 4881 alios
1951 4840 2082 4879 vero

497 4934 700 5001 absque
716 4930 961 4994 nomine.
999 4927 1067 4983 Si
1090 4926 1234 4996 quis,
1262 4924 1458 4991 inquit,
1498 4920 1650 4976 vobis
1679 4916 2081 4987 evangelizave-

496 5023 588 5087 rit,
621 5029 681 5076 ut
714 5022 770 5075 in
802 5018 1038 5091 generali
1069 5013 1333 5071 vocabulo
1357 5027 1459 5067 nec
1487 5008 1907 5084 praecessoribus
1936 5004 2081 5059 lace-

494 5123 579 5169 ret
616 5112 893 5183 injuriam,
934 5118 989 5165 et
1037 5118 1217 5163 tamen
1253 5105 1474 5160 nomina
1505 5116 1695 5157 eorum
1734 5100 1970 5152 latenter
1994 5112 2082 5152 os-

494 5202 758 5261 tenderet.
810 5197 978 5253 Nemo
1024 5196 1254 5249 miretur
1297 5190 1639 5261 Apostolum,
1691 5188 1781 5257 qui
1811 5185 2079 5240 feritatem

494 5308 706 5349 morum
733 5287 1131 5353 mansuetabat,
1162 5288 1241 5341 sic
1264 5299 1385 5340 esse
1417 5284 1768 5340 commntum.
1802 5280 1908 5335 Pro
1928 5278 2080 5334 Gala-

492 5394 671 5439 tarum
722 5382 866 5437 enim
919 5378 1092 5434 salute
1139 5378 1453 5447 indignatur
1506 5375 1770 5430 adversus
1829 5370 2078 5427 inimicos

492 5472 785 5542 disciplina:
808 5468 1151 5526 Christianae.
1180 5466 1486 5535 lntignatio
1512 5465 1655 5518 enim
1678 5464 1796 5517 hac
1822 5454 2075 5522 ostendit,

492 5582 598 5620 non
631 5565 744 5618 leve
770 5568 1053 5631 peccatum
1078 5573 1223 5623 esse,
1271 5565 1393 5627 post
1427 5561 1705 5622 acceptam
1752 5550 1910 5604 iidem
1951 5563 2078 5602 con-

490 5657 627 5710 verti
658 5656 725 5709 ad
755 5655 946 5723 legem.
979 5650 1116 5705 Nam
1155 5658 1263 5704 tam
1296 5648 1511 5703 ﬁrmum
1536 5653 1591 5700 et
1620 5659 1809 5699 verum
1830 5643 2075 5709 Evange-

484 5746 643 5812 lium,
697 5744 839 5816 quod
909 5747 989 5802 eis
1053 5743 1463 5815 ριηυςῐίρςιγοτιιι,
1511 5736 1724 5803 asserit,
1784 5743 1840 5789 ut
1914 5733 2077 5787 etiam

2188 4548 2307 4612 Dei,
2331 4548 2462 4601 sicut
2484 4561 2575 4615 ego
2605 4544 2844 4599 omnibus
2864 4559 2956 4613 per
2983 4544 3157 4596 omnia
3181 4541 3385 4612 placeo,
3409 4561 3515 4597 non
3542 4560 3779 4612 quarens

2184 4638 2324 4710 quod
2352 4636 2480 4690 mihi
2522 4634 2649 4689 utile
2696 4644 2791 4698 est,
2844 4633 2934 4687 sed
2979 4633 3121 4704 quod
3145 4633 3347 4698 multis,
3398 4644 3459 4687 ut
3484 4636 3619 4689 salvi
3648 4636 3779 4703 ﬁant

2186 4727 2238 4799 (Ι
2264 4725 2387 4780 Cor.
2418 4724 2496 4795 χ).
2542 4723 2599 4778 Si
2624 4724 2767 4779 enim
2809 4723 2927 4777 fieri
2962 4730 3145 4791 potest
3179 4732 3238 4777 ut
3259 4724 3476 4793 pariter
3502 4733 3561 4779 et
3592 4724 3703 4778 Deo
3726 4733 3779 4779 et

2184 4817 2490 4873 hominibus
2536 4817 2866 4884 placeamus,
2916 4814 3235 4883 placendum
3256 4824 3419 4871 estet
3443 4818 3777 4871 hominibus.

2184 4909 2279 4962 Sin
2306 4915 2486 4961 autem
2519 4907 2674 4960 aliter
2719 4922 2823 4960 non
2861 4906 3139 4976 placemus
3159 4907 3495 4974 hominibus,
3528 4909 3631 4963 nisi
3670 4910 3778 4964 Deo

2182 5000 2582 5069 displiceamus,
2642 5000 2752 5053 Deo
2801 5000 2974 5069 magis
3007 5013 3171 5067 quam
3201 4999 3519 5054 hominibus
3562 4999 3778 5070 placere

2182 5089 2458 5143 debemus.
2510 5089 2723 5158 Alioqui
2776 5096 2832 5144 ct
2866 5090 2982 5158 ipse
3038 5087 3203 5144 infert
3254 5104 3355 5143 cur
3381 5091 3643 5146 omnibus
3682 5105 3779 5162 per

2181 5182 2362 5235 omnia
2403 5183 2632 5250 placeat,
2673 5182 2785 5234 Non
2831 5196 3101 5250 qurerens,
3134 5181 3409 5251 inquiens,
3460 5183 3609 5250 quod
3644 5184 3777 5237 mihi

2182 5271 2311 5325 utile
2338 5280 2439 5335 est,
2472 5273 2566 5325 sed
2617 5271 2758 5341 quod
2798 5271 2997 5331 multis,
3031 5279 3092 5325 ut
3134 5270 3430 5324 solventur.
3460 5270 3565 5337 Qui
3594 5280 3777 5326 autem

2180 5379 2242 5417 ex
2268 5379 2330 5418 ea
2357 5364 2625 5417 cbaritate
2670 5378 2789 5432 qua:
2837 5376 2942 5415 non
2974 5362 3168 5430 qumrit
3209 5376 3330 5430 quae
3361 5377 3458 5415 sua
3496 5373 3649 5427 sunt,
3682 5364 3778 5418 sed

2179 5473 2298 5526 qua:
2342 5457 2540 5519 aliena,
2573 5455 2747 5525 placet
2787 5453 3116 5515 hominibus,
3145 5462 3205 5507 ut
3250 5453 3556 5533 solventur,
3592 5456 3779 5523 utique

2180 5551 2287 5603 Deo
2311 5550 2546 5619 primum
2594 5546 2787 5615 placet,
2816 5545 2903 5600 cui
2939 5546 3087 5598 salus
3133 5546 3415 5599 hominum
3471 5546 3569 5598 civ.
3585 5562 3644 5599 ra
3672 5554 3776 5599 est.

2178 5639 2349 5693 liabet
2380 5646 2558 5692 autem
2590 5645 2643 5690 ct
2680 5636 2925 5699 verbum,
2960 5636 3102 5705 quod
3140 5636 3227 5689 hic
3274 5634 3593 5705 specialiter
3625 5633 3779 5687 addi-

2177 5743 2290 5787 tum
2328 5741 2427 5797 est,
2488 5730 2662 5795 modo,
2699 5728 2778 5781 vel
2836 5727 3152 5797 placendum
3195 5742 3315 5781 esse
3368 5741 3469 5795 pro
3523 5736 3777 5797 tempore
