3906 6354
170 412 277 468 859

1127 411 1381 467 ENARR.
1421 411 1487 467 ΙΝ
1527 411 1742 466 EPIST.
1786 413 1846 466 D.
1891 411 2095 468 PAULI
2135 414 2226 467 AD
2265 412 2511 468 GALAT.

3336 414 3440 472 850

169 525 504 590 hominibus,
562 524 647 578 vel
699 521 1110 593 displiccndum,
1175 531 1234 578 ut
1288 525 1380 594 qui
1435 525 1592 579 modo
1644 539 1749 577 non
1780 526 1828 583 Α
1854 524 2132 578 Judaismo
2188 542 2347 594 supra
2389 523 2577 578 multos
2633 533 2921 579 cowtancos
2973 528 3026 580 in
3069 544 3251 597 genere
3303 546 3439 592 meo,

167 617 344 686 placet
378 623 596 686 propter
623 615 896 687 Evangelii
933 616 1235 680 veritatem,
1268 615 1531 685 placuerit
1581 628 1754 684 quon-

168 709 297 764 dam
323 709 391 763 ob
436 709 661 764 salutem
715 710 1089 780 plurimorum.
1122 708 1408 764 Placuerat
1437 707 1633 763 Paulus
1662 708 1759 762 ali-

171 799 392 867 quando
419 797 635 864 Iudaeis,
667 816 807 860 curn.
839 800 1118 854 aemulator
1143 801 1387 854 existens
1409 807 1755 868 paternarum

170 889 542 952 traditionum,
580 890 696 944 sine
731 890 947 959 querela
1000 891 1052 944 in
1095 891 1210 960 lege
1263 898 1508 944 versatus
1544 897 1648 954 est,
1703 896 1756 943 et

169 989 379 1034 tantum
433 981 624 1035 habuit
667 982 721 1034 in
773 982 1036 1052 majorum
1072 983 1411 1036 caeremoniis
1457 982 1664 1036 ardoris
1703 989 1756 1036 et

170 1069 314 1132 ﬁdei,
339 1078 396 1122 ut
421 1070 473 1123 in
497 1069 752 1140 Stephani
780 1085 909 1125 nece
937 1071 1207 1139 particeps
1239 1068 1421 1134 fuerit,
1461 1077 1515 1123 et
1560 1068 1754 1122 Dama-

165 1174 320 1217 scum
358 1161 658 1230 perrexerit
691 1161 758 1216 ad
784 1177 896 1227 eos,
926 1163 1016 1230 qui
1047 1177 1076 1215 a
1103 1161 1219 1230 lege
1239 1161 1603 1224 desciverant,
1635 1160 1754 1213 vin-

169 1251 388 1304 ciendos
418 1249 557 1320 (Act.
588 1266 704 1315 vm,
740 1251 838 1322 rx).
887 1250 994 1306 Sed
1025 1258 1310 1320 postquam
1333 1249 1385 1303 in
1420 1264 1516 1304 vas
1541 1248 1754 1302 electio-

171 1338 252 1394 nis
301 1340 366 1394 de
417 1350 764 1408 persecutore
802 1341 1094 1395 translatus
1134 1348 1238 1406 est,
1267 1348 1320 1394 et
1365 1340 1527 1408 ccepit
1557 1339 1754 1413 prtedi-

167 1443 294 1484 care
348 1428 528 1492 ﬁdem,
573 1446 735 1499 quam
788 1431 1056 1498 quondam
1109 1439 1530 1501 expugnaverat,
1587 1430 1752 1499 cmpit

168 1521 372 1591 pariter
397 1519 680 1589 displicere
703 1521 920 1585 Judaeis,
948 1521 1141 1590 quibus
1167 1531 1290 1576 ante
1313 1521 1609 1592 placuerat.
1639 1521 1752 1575 lloc

169 1617 250 1663 est
297 1623 426 1678 ergo
459 1609 600 1678 quod
630 1610 706 1663 ait
733 1629 743 1662 :
774 1608 1023 1679 Nunquid
1053 1627 1236 1679 quaero
1285 1597 1485 1667 Judmis
1513 1619 1748 1681 placere,

169 1700 364 1769 quibus
402 1699 752 1768 displicendo,
779 1701 888 1756 Deo
917 1701 1130 1771 placui?
1160 1702 1217 1757 Si
1259 1706 1399 1757 enim
1430 1703 1537 1758 illis
1575 1703 1752 1773 plaee-

168 1807 304 1855 rem,
354 1792 526 1847 adhuc
567 1790 764 1846 Christi
815 1810 991 1847 servus
1041 1809 1145 1848 non
1192 1811 1374 1848 essem.
1428 1798 1747 1850 Assererem

1861 615 2213 668 abundantius
2253 613 2528 669 wmulator
2576 616 2800 669 existens
2826 625 3167 686 paternarum
3208 634 3443 674 mearum

1859 705 2219 758 traditionum.
2246 703 2590 774 Propositum
2629 720 2807 769 suum,
2837 719 2942 775 quo
2965 707 3286 778 priusjuxta
3317 723 3441 763 car-

1857 812 1980 850 nem
2002 797 2214 866 vigebat
2240 810 2545 866 repugnans
2571 794 2846 860 Ecclesia,
2874 795 3113 853 breviter
3141 805 3436 852 memorat:

1858 886 1973 951 sed,
2004 896 2062 940 ut
2093 885 2324 940 famulus
2351 885 2552 941 Christi
2600 893 2766 950 esset,
2824 886 2967 942 hunc
2997 901 3054 942 se
3104 889 3388 957 reliquisse
3423 908 3435 942 :

1857 979 2030 1049 magis
2071 979 2217 1032 enim
2267 993 2324 1031 se
2355 978 2604 1032 devotum
2636 991 2800 1047 quam
2833 977 2974 1044 illos,
3009 980 3062 1033 in
3113 979 3437 1036 vindicanda

1856 1066 1971 1136 lege
2014 1068 2180 1122 fuisse
2225 1067 2486 1138 designat.
2537 1067 2652 1122 Non
2693 1077 2876 1124 tamen
2903 1079 3128 1138 propter
3160 1071 3435 1126 hominum

1854 1159 2115 1227 favorem,
2146 1163 2238 1216 sed
2282 1162 2383 1215 hoc
2409 1171 2602 1230 putans
2627 1161 2758 1216 utile
2779 1162 2920 1232 apud
2951 1163 3137 1218 Deum.
3162 1164 3264 1218 Per
3286 1166 3352 1235 ig.
3377 1181 3438 1219 o—

1855 1252 2084 1306 rantium
2133 1252 2278 1306 enim
2306 1263 2430 1306 cum
2460 1251 2783 1306 humanitati
2813 1253 3070 1323 placeret,
3107 1253 3216 1309 Deo
3241 1269 3298 1308 se
3325 1269 3440 1308 ser-

1854 1341 1968 1395 vire
1996 1341 2238 1410 putabat,
2274 1341 2497 1396 liberam
2529 1341 2736 1395 habens
2784 1344 3193 1398 conscientiam.
3220 1342 3438 1399 Nescie-

1852 1431 1948 1486 bat
1985 1431 2125 1486 enim
2160 1432 2274 1502 jam
2325 1439 2544 1502 tempus
2585 1432 2892 1488 asserenda:
2945 1432 3078 1504 legis
3135 1448 3241 1488 non
3294 1449 3433 1488 esse.

1853 1523 2192 1594 Quapropter
2228 1524 2533 1579 doctrinam
2589 1533 2808 1580 secutus
2843 1533 3060 1596 patrum
3104 1525 3435 1589 Judzeornm,

1853 1623 1945 1668 aut
1995 1615 2048 1668 in
2083 1629 2289 1680 errore,
2329 1623 2422 1668 aut
2467 1615 2521 1669 in
2561 1613 2940 1671 malevolentia
2993 1618 3434 1680 constitutorum,

1852 1705 1998 1758 omni
2033 1704 2298 1759 industria
2328 1714 2381 1760 et
2413 1703 2624 1760 fervore
2655 1707 2852 1761 mentis
2880 1707 2932 1760 id
2955 1707 3169 1777 agebat,
3195 1716 3253 1761 ut
3274 1717 3428 1762 caete-

1855 1795 1931 1849 ris
1957 1795 2322 1865 coaequalibus
2371 1795 2471 1851 sibi
2521 1795 2864 1851 aemulatione
2914 1797 3050 1868 legis
3096 1800 3440 1867 praestantior

165 1883 363 1952 quippe
409 1883 601 1955 legem,
659 1892 714 1938 et
755 1885 1030 1954 Evangelii
1081 1886 1312 1955 gratiam
1363 1886 1694 1943 destruerein
1729 1906 1741 1940 :
1777 1898 1822 1958 Β
1852 1888 2124 1943 videretur
2154 1907 2166 1942 :
2195 1889 2271 1944 sic
2297 1889 2575 1944 insaniens
2615 1897 2805 1945 contra
2837 1890 3176 1960 disciplinam
3210 1889 3436 1954 Christi,

164 1990 309 2028 nunc
340 1984 520 2030 autem
569 1984 852 2046 prepterea
888 1991 956 2030 ne
986 1976 1040 2030 in
1091 1975 1488 2031 simulationem
1534 1977 1749 2045 quidem

161 2065 516 2120 observanda:
559 2065 693 2137 legis
721 2065 979 2130 adducor,
1009 2066 1132 2134 quia
1179 2081 1287 2120 non
1349 2080 1491 2135 queo
1539 2075 1594 2122 et
1642 2068 1751 2121 Deo

161 2155 379 2224 placere
407 2157 611 2224 pariter
659 2164 713 2212 et
741 2155 962 2222 Iudaeis,
995 2157 1192 2226 quibus
1222 2157 1530 2227 quicunque
1551 2157 1747 2226 placet,

162 2245 276 2302 Deo
303 2246 568 2317 displicet.

239 2333 437 2388 Notum
468 2335 604 2389 enim
633 2336 771 2390 vobis
802 2336 964 2404 facio,
1006 2335 1218 2405 fratres,
1250 2335 1590 2406 Evangelium
1611 2337 1750 2406 quod

160 2425 572 2494 evangelisatum
602 2435 676 2479 est
699 2444 728 2479 α
752 2443 851 2491 me,
875 2427 997 2495 quia
1029 2443 1132 2480 non
1157 2435 1230 2480 est
1256 2426 1540 2480 secundum
1577 2426 1747 2479 homi-

161 2533 280 2571 nem
307 2531 324 2568 :
354 2534 515 2587 neque
545 2519 680 2571 enim
709 2535 800 2587 ego
836 2521 899 2571 ab
943 2518 1150 2572 homine
1180 2519 1354 2585 accepi
1392 2517 1550 2582 illud,
1587 2534 1749 2588 neque

160 2609 361 2672 didici,
384 2609 474 2662 sed
505 2626 597 2679 per
627 2609 986 2663 revelationem
1015 2609 1144 2663 Jesu
1177 2608 1390 2663 Christi.
1428 2609 1579 2664 Nunc
1602 2611 1748 2678 prin-

161 2699 365 2768 cipium
408 2699 646 2768 epistola:
703 2701 894 2771 aperit.
959 2700 1138 2769 Ipsum
1183 2701 1328 2755 enim
1369 2717 1587 2756 sensum
1636 2702 1750 2756 vult

160 2791 535 2856 manifestare,
580 2793 705 2861 quia
734 2809 836 2847 non
860 2808 920 2848 ea
952 2809 1071 2862 quze
1118 2795 1368 2858 docebat,
1410 2795 1477 2849 ab
1531 2795 1747 2848 homine

159 2879 444 2945 didicerat,
472 2892 529 2936 ut
562 2881 700 2938 forte
746 2882 1084 2938 dubitaretur
1137 2885 1202 2939 de
1237 2885 1322 2939 his
1348 2901 1466 2954 quae
1497 2886 1742 2952 docebat,

159 2988 337 3041 neque
363 2975 655 3030 secundum
699 2975 991 3030 humanum
1021 2977 1281 3046 judicium
1307 2985 1430 3047 apta
1481 2987 1597 3031 erat
1625 2975 1743 3045 ejus

159 3065 503 3134 pnedicatio,
533 3077 588 3119 ut
628 3066 844 3137 indigna
894 3068 1069 3121 divina
1098 3067 1419 3122 auctoritate
1450 3067 1738 3130 videretur,

161 3155 257 3209 sed
288 3170 315 3207 a
352 3155 445 3210 Dei
473 3157 605 3212 Filio
636 3157 767 3213 dicit
792 3173 850 3212 se
884 3158 1136 3212 didicisse
1185 3173 1282 3227 per
1334 3158 1737 3220 revelationem,

1853 1985 1913 2028 ut
1959 1976 2091 2031 nulli
2139 1978 2417 2033 hominum
2444 1986 2714 2049 parceret,
2749 1978 2872 2034 fidei
2921 1977 3124 2034 fcedera
3152 1989 3433 2045 assecuta;

1851 2068 1944 2121 sed
1978 2082 2097 2122 cum
2126 2068 2457 2124 revelatione
2507 2068 2603 2124 Dei
2631 2068 2874 2124 laborem
2907 2071 3048 2125 hunc
3072 2071 3286 2125 inanem
3316 2085 3438 2125 esse

1851 2159 2123 2226 didicisse,
2153 2169 2209 2215 et
2249 2161 2420 2232 magis
2462 2162 2816 2225 contrarium,
2855 2161 3126 2216 destitisse
3156 2161 3224 2216 ab
3256 2175 3341 2226 eo,
3382 2171 3438 2217 et

1851 2261 1908 2301 se
1932 2245 2056 2302 ﬁdei
2084 2251 2274 2317 gratiae
2303 2251 2624 2316 deStinasse,
2653 2259 2710 2305 ut
2735 2251 3012 2321 prolectus
3049 2252 3097 2306 ei
3128 2259 3273 2306 esset
3294 2253 3445 2320 apud.

1850 2337 2038 2392 Deum.
2071 2338 2126 2394 Si
2160 2355 2289 2410 ergo
2317 2341 2426 2408 hic,
2461 2343 2552 2413 qui
2582 2342 2825 2398 Israelita
2853 2350 2954 2406 est,
2976 2349 3031 2396 et
3056 2341 3147 2412 qui
3174 2341 3436 2412 dignitate

1847 2425 2087 2483 doctoris
2120 2426 2285 2483 fultus
2312 2439 2428 2483 crat
2477 2431 2613 2500 apud
2639 2429 2872 2494 Iudaeos,
2901 2430 3142 2485 eruditus
3173 2445 3202 2484 a
3230 2429 3432 2484 Gama-

1849 2515 1969 2571 liele
1998 2518 2116 2572 viro
2143 2519 2589 2587 prudentissimo,
2617 2519 2792 2574 locum
2827 2521 3032 2574 ba!.ens
3062 2534 3183 2574 cum
3214 2519 3434 2588 optimis

1847 2610 1958 2663 vita
1993 2609 2304 2664 hominibus
2334 2611 2551 2681 reliquit
2585 2611 2755 2682 legem
2791 2631 2803 2664 :
2831 2620 3033 2680 quanto
3068 2611 3241 2681 magis
3272 2611 3305 2664 ii
3339 2612 3432 2680 qui

1847 2706 2004 2752 extra
2036 2699 2209 2769 legem
2239 2708 2415 2764 erant,
2449 2702 2552 2768 legi
2584 2717 2641 2756 se
2669 2700 2935 2769 subjicere
2965 2717 3070 2754 non
3103 2700 3433 2756 debuerant?

1847 2787 1982 2846 Etsi
2027 2790 2123 2846 hic
2149 2793 2347 2860 gaudet
2375 2793 2554 2846 exisse
2594 2809 2651 2848 se
2700 2793 2766 2848 de
2817 2793 2916 2847 sub
2954 2792 3084 2862 jngo
3133 2792 3430 2857 servitutis,

1846 2882 1974 2950 quid
1996 2892 2080 2936 est
2107 2892 2166 2937 ut
2194 2883 2246 2937 hi
2277 2883 2582 2938 libertatem
2620 2900 2772 2938 suam
2809 2884 3165 2954 obligaverint
3204 2882 3432 2938 vinculis

1845 2971 2011 3042 legis?
2035 2971 2330 3025 Plurimum
2382 2973 2603 3041 prodest
2633 2971 2835 3027 Calatis
2863 2973 2961 3026 ista
2996 2972 3259 3036 narratio,
3291 2987 3429 3041 quo-

1846 3063 2004 3118 modo
2025 3063 2223 3117 Paulus
2253 3072 2496 3117 vastator
2519 3064 2790 3133 quondam
2815 3062 3068 3119 Ecclesia:
3093 3072 3146 3118 et
3167 3061 3431 3118 Judaismi

1846 3157 2142 3209 acerrimus
2171 3153 2444 3216 defensor,
2476 3156 2542 3208 ad
2592 3153 2792 3208 Christi
2849 3153 3006 3209 fidem
3039 3162 3257 3224 repente
3306 3169 3434 3209 con-

159 3259 287 3298 cum
311 3245 422 3314 jam
455 3257 574 3317 post
620 3250 1071 3304 resurrectionem
1121 3257 1263 3305 esset
1301 3251 1352 3304 in
1404 3250 1580 3314 coctis,
1605 3250 1743 3304 sicut
1771 3235 1814 3297 C
1846 3259 2035 3298 versus
2066 3244 2138 3297 sit
2181 3243 2246 3296 Et
2275 3245 2376 3298 hoc
2421 3259 2486 3297 eo
2535 3253 2796 3313 tempOre,
2825 3259 2932 3313 quo
2980 3245 3272 3298 cruciﬁxus
3315 3245 3428 3313 pri-

161 3351 326 3406 supra
359 3340 698 3403 memoravit,
746 3347 799 3394 et
829 3356 890 3394 ea
945 3356 1064 3410 quze
1106 3342 1295 3396 didicit
1331 3342 1622 3396 convenire
1657 3358 1749 3397 vo-

159 3428 357 3484 luntati
397 3430 770 3499 majestatique
792 3431 906 3500 ejus
943 3447 973 3485 a
997 3447 1102 3502 quo
1127 3448 1183 3486 se
1206 3432 1457 3488 didicisse
1499 3442 1745 3488 testatur.

159 3520 511 3590 Evangelium
545 3523 685 3591 quod
736 3523 1027 3578 secundum
1063 3524 1336 3578 hominem
1384 3535 1486 3588 est,
1537 3527 1750 3580 menda-

159 3610 306 3664 cium
335 3618 416 3663 est
446 3629 457 3663 :
494 3606 675 3665 Omnis
719 3612 862 3666 enim
909 3612 1060 3666 homo
1092 3613 1318 3667 mendax
1356 3612 1528 3686 (Psal.
1579 3630 1743 3680 cxvt;

161 3697 320 3754 Rom.
353 3698 459 3770 tu);
501 3700 623 3768 quia
668 3701 924 3771 quidquid
972 3703 1530 3759 veritatis'invenitur
1553 3705 1606 3758 in
1651 3705 1746 3760 ho-

157 3790 330 3852 mine,
364 3806 470 3844 non
499 3800 582 3845 est
627 3791 696 3844 ah
722 3793 960 3857 homine,
995 3795 1087 3848 sed
1116 3809 1145 3848 a
1176 3793 1283 3849 Deo
1307 3810 1405 3864 per
1448 3796 1740 3850 hominem.

159 3881 284 3936 Ideo
308 3882 421 3951 jam
452 3882 591 3951 quod
618 3883 910 3937 secundum
949 3885 1220 3939 hominem
1248 3893 1353 3951 est,
1383 3901 1480 3940 nec
1513 3885 1746 3956 Evange-

156 3972 290 4026 lium
315 3971 598 4026 dicendum
621 3980 720 4038 est,
748 3973 903 4042 quale
935 3974 1008 4028 illi
1034 3976 1346 4030 asserebant
1376 3977 1465 4045 qui
1492 3977 1544 4029 in
1577 3978 1745 4032 servi-

161 4069 334 4116 tutem
382 4077 446 4117 ex
477 4063 725 4119 libertate
782 4065 1129 4121 attrahebant
1186 4082 1279 4123 eos
1324 4083 1458 4138 quos
1499 4069 1640 4123 Deus
1676 4085 1744 4124 ex

158 4151 425 4207 servitute
447 4151 499 4205 in
532 4149 833 4208 libertatem
855 4155 1101 4210 vocabat.
1130 4157 1276 4212 inter
1300 4159 1545 4229 accipere
1562 4167 1741 4213 autem

159 4251 218 4297 et
236 4243 444 4297 discere
483 4244 584 4299 hoc
617 4245 839 4300 interest
860 4248 1002 4316 quod
1034 4249 1229 4316 accipit
1260 4249 1628 4317 Evangelium,
1654 4247 1742 4304 cui

156 4332 396 4402 primum
427 4333 748 4398 insinuatur,
792 4344 845 4388 et
885 4337 972 4402 qui
1004 4337 1069 4389 ad
1110 4336 1267 4390 [idem
1291 4335 1405 4402 ejus
1433 4337 1737 4403 adducitur,

157 4430 220 4474 ut
257 4423 440 4475 credat
490 4438 616 4476 vera
644 4437 763 4477 esse
793 4439 910 4492 quae
942 4426 1139 4495 scripta
1168 4435 1322 4490 sunt;
1365 4428 1520 4481 discit
1559 4438 1738 4484 autem

153 4513 209 4567 is
235 4512 329 4581 qui
357 4528 417 4566 ea
464 4527 584 4582 quae
629 4513 682 4566 in
721 4513 812 4566 illo
839 4529 935 4582 per
962 4516 1245 4584 aenigmata
1274 4525 1327 4571 et
1356 4517 1642 4585 parabolas
1673 4518 1737 4572 li-

153 4615 352 4680 gurata
406 4615 551 4672 sunt,
601 4607 886 4678 explanata
932 4619 985 4662 et
1026 4611 1256 4663 disserta
1321 4610 1626 4679 cognoscit,
1685 4617 1741 4665 et

153 4700 436 4768 cognoscit
463 4714 567 4752 non
590 4700 805 4753 homine
831 4699 1121 4763 reri-laute,
1150 4702 1242 4754 sed
1265 4699 1501 4755 Christo.
1534 4701 1738 4767 Potest,

152 4789 300 4844 sicut
330 4789 382 4842 in
420 4789 684 4857 principio
713 4789 962 4851 diximus,
997 4804 1118 4843 cum
1148 4805 1559 4859 exponeremns,
1589 4791 1737 4844 Pau-

152 4877 241 4930 lus
268 4875 533 4946 apostolus
574 4893 676 4929 non
715 4877 778 4929 ab
810 4878 1124 4942 hominibus,
1155 4896 1317 4949 neque
1341 4897 1432 4950 per
1452 4881 1733 4946 hominem,

154 4967 234 5022 ita
263 4973 318 5019 et
360 4965 412 5018 in
440 4966 691 5035 praesenti
725 4966 840 5021 loco
869 4966 1082 5038 oblique
1125 4969 1176 5021 in
1206 4968 1425 5023 Petrum
1458 4971 1649 5040 accipi,
1683 4979 1742 5024 et

153 5056 216 5110 in
257 5062 482 5110 czeteros
529 5069 887 5124 prtecessores
920 5055 1057 5124 ejus,
1089 5057 1231 5128 quod
1259 5057 1454 5112 nullius
1485 5074 1581 5127 pro
1619 5057 1735 5130 lege

152 5149 483 5206 auctoritate
522 5156 819 5211 moveatur,
852 5149 947 5217 qui.
988 5147 1261 5201 Christum
1299 5149 1468 5202 solum
1498 5149 1737 5218 Evange-

154 5238 214 5293 lii
267 5238 466 5292 habeat
497 5249 900 5307 praeceptorem.
948 5238 1114 5294 Porro
1165 5239 1545 5294 revelationcm
1584 5241 1728 5294 illam

154 5326 446 5398 signiﬁcat,
483 5343 604 5381 cum
635 5327 954 5382 Damascum
987 5329 1185 5382 vadens
1221 5329 1274 5381 in
1312 5330 1504 5383 itinere
1530 5329 1728 5385 Christi

156 5433 344 5474 vocem
368 5417 571 5474 audivit
599 5435 612 5471 :
648 5416 831 5483 Saule,
860 5420 986 5486 quid
1012 5421 1427 5490 mepersequeris
1461 5420 1598 5489 (Act.
1629 5422 1732 5490 Ix)?

156 5511 222 5565 Et
251 5519 488 5564 emeatus
511 5509 680 5563 oculis
706 5525 891 5565 verum
922 5511 1098 5564 lumen
1136 5510 1320 5564 mundi
1371 5511 1595 5565 intuitus
1627 5521 1728 5565 est.

227 5599 464 5652 Audistis
515 5597 649 5651 enim
688 5601 1130 5653 conversationem
1171 5617 1337 5653 meam
1365 5599 1647 5669 aliquando
1678 5601 1731 5655 in

156 5690 457 5751 Judnismo,
489 5690 732 5759 quoniam
762 5707 919 5760 supra
945 5691 1155 5744 modum
1183 5691 1520 5763 persequebar
1552 5691 1731 5745 Eccle-

156 5782 288 5834 sium
338 5780 452 5844 Dei,
491 5791 536 5833 at
591 5782 944 5852 rxpugnabam
1003 5781 1171 5848 illam,
1210 5791 1255 5836 et
1303 5781 1632 5851 proﬁciebam
1672 5783 1727 5836 in

1851 3351 1995 3389 mum
2045 3335 2464 3388 annuntiabatur
2493 3335 2545 3388 in
2598 3335 2813 3396 mundo,
2847 3349 2952 3403 quo
2992 3349 3187 3388 novum
3215 3335 3429 3404 dogtna,

1849 3434 1905 3478 et
1928 3442 1955 3479 a
1988 3425 2256 3496 gentibus,
2282 3433 2337 3478 et
2368 3439 2397 3477 a
2424 3422 2645 3487 Judaeis,
2678 3423 2842 3477 totius
2864 3424 3011 3477 orbis
3041 3423 3236 3477 finibus
3268 3423 3434 3493 pelle-

1848 3514 2024 3568 batur.
2074 3515 2263 3568 Dicere
2314 3515 2457 3567 enim
2511 3521 2783 3584 poterant,
2836 3511 2891 3566 Si
2916 3513 3022 3577 ille,
3071 3513 3220 3582 quia
3268 3528 3432 3583 parva

1847 3613 2006 3659 aetate
2062 3605 2454 3658 Pharisaeorum
2513 3605 2793 3659 institutus
2831 3613 2914 3659 est
2965 3604 3286 3674 disciplinis,
3339 3606 3431 3674 qui

1845 3711 2033 3750 onmes
2053 3704 2353 3751 coaetaneos
2383 3711 2508 3749 suos
2537 3695 2588 3748 in
2611 3692 2831 3748 Judaiea
2872 3693 3166 3747 traditione
3208 3708 3432 3762 supera-

1843 3785 1954 3849 bat,
2000 3800 2145 3839 nunc
2193 3783 2434 3839 defendit
2456 3784 2775 3848 Ecclesiam,
2802 3798 2961 3852 quam
3003 3783 3272 3851 quondam
3298 3783 3431 3836 vali-

1845 3873 2067 3928 dissime
2109 3873 2557 3944 persequebatur,
2605 3881 2659 3927 et
2684 3873 2857 3941 magis
2894 3871 3092 3927 Christi
3121 3873 3349 3942 gratiam
3376 3882 3428 3927 et

1846 3967 2142 4021 novitatem
2201 3966 2315 4022 vult
2358 3966 2562 4020 habere
2595 3981 2715 4019 cum
2749 3965 2945 4018 invidia
2994 3965 3233 4018 omnium
3268 3979 3430 4032 quam

1844 4062 2184 4111 venustatem
2232 4055 2366 4126 legis
2394 4070 2515 4109 cum
2546 4054 2702 4108 laude
2731 4053 3044 4117 tnultorum,
3071 4052 3196 4122 quid
3229 4069 3325 4107 nos
3351 4051 3429 4107 la-

1844 4162 1967 4202 cere
1995 4155 2230 4215 opo:tet,
2271 4146 2360 4214 qui
2392 4161 2457 4199 ex
2482 4144 2782 4215 gentilitate
2820 4159 2940 4198 esse
2983 4145 3246 4213 cmpimus
3272 4142 3434 4198 Chrio

1841 4237 2040 4290 stiani?
2071 4235 2299 4292 Pulchre
2326 4251 2456 4290 vero
2477 4235 2720 4304 adjnnxit
2747 4253 2758 4288 :
2795 4234 2971 4305 Supra
3014 4234 3224 4287 modum
3253 4251 3428 4304 perse-

1839 4325 2038 4395 quebar
2062 4324 2354 4379 Ecclesium
2378 4325 2498 4391 Dei,
2523 4334 2584 4380 ut
2603 4327 2730 4380 hinc
2758 4339 2971 4394 quoque
3013 4325 3298 4380 admiratio
3332 4341 3428 4379 na-

1844 4425 2107 4480 sceretur,
2125 4415 2265 4486 quod
2291 4430 2396 4469 non
2418 4430 2556 4469 unus
2580 4416 2885 4483 quicunque
2913 4414 2978 4467 de
3004 4414 3089 4466 his
3115 4414 3204 4482 qui
3232 4413 3423 4468 leviter

1843 4507 2306 4577 persequebantur
2351 4505 2670 4566 Ecclesiam,
2725 4505 2818 4559 sed
2848 4504 2936 4558 ille
2988 4504 3081 4573 qui
3111 4511 3338 4558 cmteros
3368 4505 3422 4558 in

1767 4578 1818 4636 υ
1843 4599 2216 4671 persecutione
2266 4597 2535 4664 vincebat,
2597 4612 2891 4652 conversus
2920 4597 2987 4650 ad
3025 4595 3182 4650 fidem
3221 4596 3292 4649 sit
3324 4613 3336 4649 ;
3371 4602 3428 4650 et

1842 4696 2135 4765 prudenter
2159 4695 2286 4750 dum
2317 4693 2460 4748 aliud
2485 4700 2690 4757 narrat,
2728 4692 3024 4754 interserit,
3057 4706 3161 4745 non
3192 4698 3298 4744 tam
3329 4690 3424 4745 Dei

1844 4796 1900 4842 Se
1941 4787 2174 4841 servisse
2204 4785 2308 4856 legi
2331 4800 2492 4855 quam
2517 4785 2778 4855 paternis,
2803 4783 2855 4838 id
2881 4791 2984 4848 est,
3024 4782 3422 4838 Pharisaeorum

1844 4877 2240 4938 traditionibus,
2276 4875 2368 4944 qui
2414 4875 2606 4928 docent
2644 4873 2935 4936 doctrinas,
2969 4869 3221 4924 mandata
3251 4871 3424 4928 homi-

1843 4983 1988 5031 num,
2015 4975 2070 5021 ct
2105 4965 2354 5034 rejiciu'nt
2385 4963 2554 5034 legem
2588 4964 2706 5027 Dei,
2739 4969 2797 5015 ut
2829 4967 3072 5016 statuant
3101 4959 3424 5013 traditiones

1838 5073 1985 5113 suas.
2031 5056 2203 5123 Quam
2239 5055 2457 5126 elegans
2511 5061 2691 5108 autem
2742 5050 3052 5107 observatio
3103 5048 3421 5119 pondusque

1835 5150 2144 5203 verborum.

1904 5236 2158 5299 Audistis,
2209 5234 2400 5302 inquit,
2439 5232 2884 5286 conversationem
2929 5245 3097 5284 meam
3129 5229 3418 5299 aliquando

1830 5332 1884 5384 in
1932 5329 2228 5382 Judaismo.
2259 5326 2756 5388 Conversationem,
2787 5339 2891 5376 non
2925 5337 3020 5391 per
3056 5322 3284 5392 gratiam
3314 5339 3326 5374 :
3358 5330 3420 5375 ut

1837 5419 2086 5476 ostendat
2133 5433 2236 5471 non
2262 5417 2498 5486 potuisse
2537 5429 2592 5468 se
2625 5415 2747 5469 inde
2778 5414 3013 5468 humano
3037 5413 3284 5476 consilio,
3310 5411 3414 5466 nisi

1837 5510 2017 5565 divina
2073 5507 2396 5561 revelatione
2446 5513 2500 5558 et
2553 5503 2942 5567 misericordia,
2991 5503 3250 5570 separari.
3298 5501 3413 5554 Ali-

1835 5601 2069 5670 quando,
2103 5612 2207 5651 non
2239 5596 2416 5650 modo.
2451 5595 2505 5647 in
2531 5593 2828 5656 Judaismo,
2885 5608 2990 5646 non
3043 5593 3094 5644 in
3125 5591 3242 5662 lege
3290 5589 3409 5645 Dei.

1837 5692 2098 5758 Quoniam
2143 5685 2514 5759 supramodum
2558 5685 2905 5754 persequebar
2961 5681 3251 5737 Ecclesium
3290 5681 3408 5745 Dei,

1833 5789 1886 5837 et
1930 5779 2275 5835 devastabam
2325 5774 2486 5830 illam.
2534 5772 2647 5827 Non
2698 5769 3060 5842 persequebar
3112 5777 3170 5826 ut
3201 5769 3402 5835 caeteri,
