3906 6338
484 320 580 379 851

1569 331 1843 387 CLAUDll
1883 332 2350 389 TAUHINENSIS
2389 334 2698 391 EPISCOPI

3667 330 3697 380 δ
3706 331 3766 383 Si

486 446 582 503 sed
629 441 1028 514 supramodum.
1085 440 1197 496 Nec
1246 442 1568 509 sufﬁciebat,
1605 448 1852 513 quamvis
1903 447 2070 500 vehe-
2100 448 2403 513 Asaream,
2452 458 2499 502 et
2552 449 2861 503 dimiserunt
2895 450 3135 504 Tarsum.
3198 451 3299 505 Hic
3345 462 3533 506 autem
3570 453 3698 506 dicit
3727 469 3777 509 se

487 549 642 591 mens
674 531 1002 603 persecutio,
1031 531 1124 586 sed
1148 533 1302 601 quasi
1332 530 1555 601 quidam
1585 544 1866 603 grassator
1890 535 2079 589 Eccle-

487 625 622 678 siam
652 630 707 678 et
736 621 921 693 prtedo
948 623 1249 677 vastabam.
1279 622 1392 679 Nec
1422 623 1497 677 ait
1525 622 1823 679 Ecclesiam
1852 623 2077 691 Christi,

487 723 548 767 ut
578 723 707 767 tunc
734 712 979 782 putabat,
1018 728 1183 782 quam
1230 713 1458 768 ducebat
1510 716 1864 785 contemptui,
1914 732 2078 785 quam

486 803 919 872 persequebatur
949 820 963 856 :
989 801 1105 867 sed,
1139 809 1198 856 ut
1224 817 1369 858 nunc
1397 804 1592 869 credit,
1616 804 1913 861 Ecclesiam
1948 806 2074 860 Dei:

486 891 571 945 vel
613 892 791 962 ipsum
855 891 1138 947 Christum
1209 892 1379 947 Deum
1428 907 1550 949 esse
1601 894 1935 965 significans,
1995 896 2081 951 vel

485 983 727 1053 ejusdem
749 984 846 1040 Dei
864 998 986 1040 esse
1023 983 1348 1049 Ecclesiam,
1377 984 1469 1054 qui
1497 986 1772 1055 quondam
1797 985 1931 1057 legis
1954 986 2082 1042 doc-

490 1084 573 1130 tor
596 1074 717 1130 fuit.

559 1164 627 1219 Et
655 1164 1012 1236 proﬁciebam,
1045 1165 1243 1236 inquit,
1273 1167 1327 1221 in
1351 1165 1636 1221 Judaismo
1671 1184 1836 1238 supra
1883 1166 2080 1221 multos

489 1267 780 1311 coaetaneos
844 1257 901 1312 in
949 1273 1135 1328 genere
1187 1274 1326 1323 meo,
1374 1256 1735 1311 abundantius
1805 1256 2084 1311 trmulator

487 1346 713 1399 existens
739 1354 1084 1417 paternarum
1135 1363 1375 1402 mearum
1422 1346 1792 1401 traditionum.
1844 1346 2082 1402 Rursum

488 1434 814 1506 profectum,
850 1450 958 1490 non
985 1436 1123 1507 legis
1165 1436 1285 1503 Dei,
1330 1437 1425 1492 sed
1453 1436 1717 1492 Judaismi
1753 1446 1953 1495 vocat:
1984 1453 2085 1494 nec

485 1542 651 1598 super
670 1542 879 1593 omnes,
913 1526 1009 1582 sed
1032 1542 1197 1598 super
1222 1527 1518 1599 plurimos;
1574 1544 1677 1584 nec
1708 1544 1875 1599 super
1900 1544 2081 1595 senes,

486 1618 583 1673 sed
630 1633 795 1689 super
835 1625 1161 1683 coaetaneos,
1212 1626 1273 1673 ut
1299 1627 1355 1674 et
1390 1619 1631 1675 studium
1659 1636 1817 1675 suum
1854 1620 2086 1677 referret

487 1708 540 1762 in
570 1707 710 1779 lege,
752 1715 808 1762 et
851 1706 1176 1776 iactantiam
1221 1708 1541 1764 declinaret.
1598 1708 1864 1766 Paternas
1901 1718 2081 1764 autem

2180 538 2414 606 primum
2445 538 2553 593 isse
2587 538 2639 591 in
2684 538 2960 603 Arabiam,
3010 553 3065 593 et
3110 541 3306 594 iterum
3354 558 3645 595 reversum
3680 542 3777 597 Da—

2184 642 2447 681 mascum.
2490 627 2617 682 Post
2649 628 2939 682 triennium
2962 628 3174 683 venisse
3206 627 3676 698 Hierosolymam,
3708 633 3777 685 vi-

2184 718 2329 773 disse
2375 719 2617 783 Petrum,
2650 728 2705 773 et
2740 736 2862 774 cum
2899 736 2961 774 eo
2997 722 3264 773 mansisse
3305 720 3503 775 diebus
3553 723 3778 791 quinde-

2183 807 2308 862 cim.
2343 806 2469 869 Nec,
2500 817 2697 877 printer
2718 807 2983 863 Iacobum
3018 809 3240 864 fratrem
3269 810 3512 873 Domini,
3548 812 3777 865 alienun

2185 896 2485 965 apostolum
2535 897 2752 961 vidisse,
2796 913 2915 967 quae
2963 907 3019 952 at
3061 914 3191 953 vera
3242 901 3542 954 credantur
3601 901 3778 972 (dubia

2185 985 2381 1055 quippe
2416 986 2587 1041 videri
2629 988 2944 1044 absentibus
2999 990 3267 1059 poterant)
3327 991 3429 1045 sub
3494 993 3780 1047 testatione

2184 1076 2470 1132 confirmat
2498 1079 2684 1133 dicens
2714 1095 2726 1132 :
2755 1078 2887 1144 Qua:
2914 1092 3087 1132 autem
3114 1079 3230 1132 dico
3268 1081 3430 1145 vobis,
3459 1097 3583 1134 ecce
3609 1098 3781 1134 coram

2184 1165 2316 1232 Deo,
2346 1168 2471 1239 quia
2516 1184 2621 1222 non
2667 1170 2913 1223 mentior.
2962 1168 3256 1223 Possumus
3309 1171 3479 1237 igitur
3509 1173 3782 1226 aestimare

2186 1256 2293 1311 isse
2347 1257 2565 1327 quidem
2634 1256 2860 1312 Paulum
2922 1259 3218 1314 secundum
3276 1259 3445 1313 Lucae
3495 1261 3779 1315 historiam
3872 1306 3873 1329 η

2187 1345 2636 1416 Hierosolymam,
2664 1361 2771 1400 non
2797 1347 2953 1416 quasi
2988 1348 3055 1401 ad
3077 1357 3455 1403 antecessores
3481 1349 3777 1418 apostolos,

2186 1444 2247 1491 ut
2288 1436 2491 1507 aliquid
2520 1437 2589 1490 ab
2616 1435 2723 1490 illis
2751 1434 3007 1500 disceret,
3037 1435 3132 1490 sed
3165 1445 3225 1489 ut
3258 1438 3665 1506 persecutionis
3689 1438 3781 1492 imo
3872 1478 3873 1485 η

2185 1538 2369 1599 petum
2417 1529 2731 1593 declinaret,
2756 1528 2849 1597 qui
2889 1528 2991 1581 sibi
3028 1528 3275 1582 Damasci
3301 1539 3525 1598 propter
3552 1544 3783 1599 evange-

2185 1618 2317 1672 lium
2347 1616 2548 1673 Christi
2579 1616 2759 1672 fuerat
2789 1617 3115 1680 concitatus,
3147 1625 3200 1672 et
3242 1618 3321 1671 sic
3349 1619 3567 1672 venisse
3598 1618 3783 1672 Hiero-

2186 1709 2450 1779 solymam
2503 1708 2659 1778 quasi
2706 1705 2774 1760 ad
2832 1721 3211 1775 quamcunque
3260 1706 3419 1760 aliam
3475 1708 3774 1761 civitatem.

487 1800 826 1867 traditiones,
859 1815 967 1855 non
998 1800 1211 1855 Domini
1258 1800 1510 1855 mandata
1544 1816 1999 1866 commemorans,
2029 1810 2084 1856 et
2111 1791 2157 1850 B
2190 1798 2341 1854 Unde
2381 1812 2505 1853 eum
2534 1799 2716 1851 statim
2762 1803 2982 1865 propter
3009 1794 3235 1849 insidias
3261 1796 3577 1860 recessisse,
3616 1806 3673 1848 et
3698 1812 3780 1850 ve-

486 1890 822 1945 Phariszeum
872 1906 939 1946 ex
976 1888 1267 1945 Pharisaais
1294 1891 1577 1958 indicavit,
1606 1900 1662 1947 et
1683 1892 1942 1947 habuisse
1963 1892 2084 1960 qui-

485 1980 607 2034 dem
636 1981 811 2037 zelum
837 1980 958 2044 Dei,
986 1980 1080 2035 sed
1104 1995 1210 2035 non
1237 1982 1535 2036 secundum
1565 1982 1872 2036 scientiam.
1899 1979 2083 2049 Usque

483 2068 646 2125 hodie
688 2078 894 2135 autem,
924 2070 1016 2140 qui
1064 2066 1290 2125 Judaico
1325 2085 1488 2125 sensu
1532 2069 1848 2139 Scripturas
1881 2069 2081 2123 intelli-

485 2166 637 2229 gunt,
687 2166 1088 2229 persequuntur
1129 2158 1427 2213 Ecclesiam
1478 2157 1705 2224 Christi,
1755 2167 1810 2212 et
1845 2158 2085 2225 depOpu-

486 2246 667 2303 lantur
710 2248 879 2313 illam,
908 2264 1016 2303 non
1056 2249 1237 2303 studio
1263 2248 1400 2321 legis
1427 2249 1543 2316 Dei,
1573 2250 1669 2304 sed
1699 2247 2084 2302 traditionibus

486 2339 769 2395 hominum
802 2340 1105 2410 depravati.

557 2427 689 2482 Cum
738 2437 913 2482 autem
949 2427 1146 2499 placuit
1168 2428 1235 2493 ei,
1260 2429 1352 2499 qui
1381 2444 1461 2481 me
1496 2428 1783 2497 segregavit
1826 2427 1890 2480 de
1934 2436 2082 2479 utero

483 2522 673 2575 matris
695 2537 847 2586 mete,
878 2530 925 2573 ct
951 2520 1150 2573 vacavit
1181 2536 1273 2591 per
1297 2520 1525 2589 gratiam
1549 2534 1725 2581 suam,
1751 2526 1805 2570 ut
1830 2517 2081 2571 reuelaret

486 2610 537 2665 F
539 2612 688 2666 ilium
713 2627 866 2665 suum
894 2612 949 2663 in
974 2626 1075 2675 me,
1103 2619 1158 2663 ut
1183 2609 1535 2680 evangelizem
1566 2607 1717 2662 illum
1738 2607 1791 2661 in
1814 2608 2076 2677 gentibus.

487 2700 816 2771 Segrcgatur
844 2698 1243 2769 quodammodo
1265 2700 1330 2754 de
1362 2708 1546 2752 ventre
1578 2698 1794 2761 matris,
1832 2699 2080 2767 quisquis

489 2809 518 2846 a
548 2791 844 2845 carnalium
893 2796 1179 2859 parentum
1221 2789 1612 2844 consuetudine
1661 2804 1806 2843 eatea
1860 2805 2080 2859 separa-

488 2893 595 2937 tur.
623 2882 720 2937 Vel
772 2882 937 2935 etiam
970 2880 1023 2934 in
1051 2879 1390 2950 prtescientia
1431 2880 1499 2934 ab
1554 2888 1708 2934 utero
1752 2883 2077 2952 segregavit,

486 2973 703 3040 quando
736 2972 989 3027 voluitet
1035 2970 1162 3025 fecit
1196 2971 1343 3039 quod
1388 2970 1599 3025 sciebat
1642 2986 1763 3026 esse
1812 2969 2075 3025 futurum.

485 3062 673 3117 Potest
712 3072 765 3116 et
794 3076 899 3116 non
931 3061 1376 3116 inconvenienter
1403 3070 1591 3116 uterus
1617 3062 1807 3116 matris
1834 3077 1945 3118 sua:
1993 3064 2078 3118 in-

486 3153 651 3222 telligi
678 3152 983 3223 Synagoga.

556 3240 818 3296 Continuo
858 3257 962 3296 non
990 3241 1223 3309 acquievi
1260 3240 1409 3295 carni
1437 3250 1487 3296 et
1522 3243 1787 3313 sanguini.
1844 3243 2077 3314 Aequic-

484 3334 587 3388 scit
634 3342 816 3387 autem
864 3332 1016 3388 carni
1050 3338 1105 3386 et
1136 3332 1410 3401 sanguini,
1468 3334 1717 3402 quisquis
1768 3334 2077 3389 carnalibus

483 3425 801 3494 propinquis
832 3431 885 3479 et
926 3422 1346 3495 consanguineis
1375 3424 1488 3478 suis
1522 3424 1818 3479 carnaliter
1840 3428 2075 3480 suaden-

484 3514 629 3567 tibus
658 3512 976 3566 assentitur.

556 3603 739 3673 Neque
789 3604 903 3657 veni
934 3601 1360 3673 Hierosolymam
1407 3605 1477 3658 ad
1531 3615 1882 3660 antecessores
1935 3623 2075 3661 meos

482 3691 766 3761 apostolos.
800 3690 857 3747 Si
888 3692 956 3746 de
985 3692 1243 3761 apostolis
1285 3694 1515 3758 dixerat,
1550 3692 1813 3749 Continuo
1847 3712 1953 3749 non
1983 3713 2075 3750 ac—

478 3781 650 3852 quievi
678 3781 826 3834 carni
845 3790 891 3835 et
914 3781 1183 3850 sanguini,
1208 3781 1337 3852 quid
1365 3797 1587 3838 necesse
1610 3783 1789 3838 fuerat
1818 3786 1872 3839 id
1900 3786 2074 3855 ipsum

482 3872 684 3927 iterare
713 3871 956 3935 dicendo,
998 3870 1184 3942 Neque
1210 3873 1326 3926 veni
1358 3872 1783 3944 Hierosolymam
1810 3876 1878 3928 ad
1925 3886 2073 3930 ante-

481 3978 709 4016 cessores
736 3979 879 4017 meos
920 3962 1203 4033 apostolos,
1238 3971 1298 4017 ut
1325 3964 1524 4033 aliquid
1547 3965 1747 4021 abillis
1777 3966 2076 4021 discerem?

480 4050 588 4105 iste
628 4051 812 4123 itaque
843 4066 1036 4107 sensus
1078 4052 1339 4107 tenendus
1374 4060 1459 4108 est
1486 4069 1651 4124 quem
1699 4070 1863 4125 supra
1913 4071 2076 4125 expo-

483 4158 715 4197 sunmus.

555 4254 665 4311 Sed
713 4255 821 4308 abii
859 4255 916 4309 in
959 4255 1231 4319 Arabiam,
1255 4264 1304 4309 et
1326 4256 1515 4309 iterum
1552 4273 1787 4311 reversus
1821 4275 1938 4311 sum
1967 4257 2075 4311 Da-

484 4364 741 4402 muscum.
779 4345 838 4403 Si
891 4347 957 4402 de
998 4349 1261 4403 Damasco
1293 4347 1426 4401 abiit
1482 4347 1536 4401 in
1569 4347 1847 4413 Arabiam,
1880 4357 1941 4401 ut
1980 4350 2075 4403 do-

484 4445 632 4493 ceret
658 4438 803 4508 quod
831 4431 1006 4492 fuerat
1027 4424 1074 4492 bi
1099 4437 1413 4501 revelatum,
1448 4453 1555 4493 non
1584 4439 1685 4493 sibi
1714 4440 1929 4493 videtur
1963 4439 2076 4494 his-
2099 4466 2151 4524 D

483 4529 637 4584 toria:
684 4529 818 4583 ordo
870 4530 1181 4595 convenire,
1228 4531 1497 4585 referente
1554 4532 1698 4586 Luca
1755 4533 1807 4586 in
1847 4532 2073 4587 Actibus

485 4617 851 4688 apostolorum
905 4616 1059 4689 (Cap.
1088 4620 1165 4688 ιι)
1190 4620 1330 4688 quod
1367 4634 1490 4674 cum
1532 4621 1733 4675 Paulus
1762 4631 1882 4692 post
1911 4622 2073 4677 fidem

484 4709 683 4764 Christi
710 4726 807 4780 per
834 4709 951 4763 dies
985 4708 1181 4763 multos
1216 4709 1566 4779 Evangelium
1597 4710 1843 4767 Damasci
1890 4713 2074 4782 loque-

484 4806 637 4853 retur
656 4800 938 4863 audenter,
966 4799 1123 4853 factae
1153 4796 1355 4853 fuerint
1382 4800 1430 4853 ei
1461 4800 1688 4865 insidiae,
1728 4810 1777 4856 et
1806 4803 1858 4856 in
1891 4811 2073 4871 sporta

486 4906 583 4960 per
632 4906 849 4944 murum
886 4900 1044 4945 nocte
1075 4890 1330 4944 dimissus
1363 4891 1453 4955 sit,
1486 4901 1540 4946 et
1575 4892 1724 4946 venit
1772 4891 2073 4952 Jerusalem

486 4984 702 5032 tentans
736 4992 796 5032 se
814 4978 1044 5049 jungcre
1071 4978 1368 5048 discipulis,
1420 4994 1450 5032 a
1488 4980 1685 5049 quibus
1722 4996 1847 5035 eum
1876 4982 2075 5038 vitare-

487 5083 595 5139 tur,
650 5081 705 5129 et
734 5074 989 5128 timerent
1032 5073 1101 5127 ad
1145 5088 1269 5127 eum
1322 5074 1602 5139 accedere,
1648 5091 1679 5129 a
1729 5075 1976 5130 Bamaba
2008 5077 2073 5130 ad

488 5163 761 5234 apostolos
784 5164 934 5217 illum
960 5178 1079 5217 esse
1111 5162 1452 5232 perductum,
1480 5171 1533 5219 et
1563 5165 1635 5219 ibi
1662 5180 1917 5221 narrasse
1942 5181 2075 5235 quo-

490 5255 649 5311 modo
679 5255 847 5309 Deum
880 5254 1076 5308 viderit
1125 5254 1178 5306 in
1210 5252 1424 5317 itinere,
1456 5262 1509 5308 et
1536 5252 1790 5311 Damasci
1813 5255 2075 5311 fiduciali-

490 5351 575 5401 ter
628 5343 801 5414 egerit
849 5344 903 5396 in
936 5342 1153 5395 nomine
1197 5340 1346 5396 Jesu.
1385 5341 1540 5406 Erat,
1588 5343 1784 5411 inquit,
1818 5360 1937 5397 cum
1967 5344 2074 5397 illis

493 5435 697 5487 intrans
727 5441 773 5485 et
797 5433 974 5486 exiens
1003 5432 1055 5484 in
1076 5430 1393 5497 Jerusalem,
1419 5441 1467 5485 et
1496 5432 1818 5501 ﬁducialiter
1839 5451 1997 5505 agens
2020 5436 2076 5488 in

494 5522 700 5576 nomine
750 5520 983 5575 Domini.
1023 5519 1353 5591 Loquebatur
1398 5539 1623 5593 quoque,
1676 5534 1725 5575 et
1777 5524 2075 5594 disputabat

495 5628 613 5663 cum
657 5607 875 5663 Crwcis.
923 5610 1013 5663 Illi
1063 5619 1237 5663 autem
1291 5612 1593 5680 quazrebant
1649 5614 1880 5668 occidere
1934 5632 2071 5668 eum.

498 5698 649 5763 Quod
685 5716 801 5753 cum
828 5700 1177 5767 cognovissent
1210 5696 1418 5767 fratres.
1453 5700 1779 5757 deduxerunt
1811 5718 1927 5757 eum
1962 5702 2075 5757 Ca:-

2184 1890 2330 1945 nisse
2382 1888 2437 1943 in
2465 1888 2721 1943 Arabiam
2773 1887 2886 1941 sive
2917 1887 3260 1941 Damascum.
3291 1886 3469 1955 Atque
3504 1887 3635 1941 inde
3662 1898 3779 1957 post

2184 1980 2478 2034 triennium
2523 1979 2592 2033 ad
2640 1978 2929 2033 videndum
2961 1976 3185 2032 Petrum
3216 1977 3657 2049 Hierosolymam
3702 1994 3780 2032 re-

2182 2071 2430 2126 vertisse.
2466 2070 2559 2125 Vel
2585 2078 2738 2125 certe
2779 2070 2964 2124 statim
3004 2078 3064 2123 ut
3096 2070 3407 2140 baptizatus
3442 2070 3538 2133 sit,
3599 2078 3657 2123 et
3692 2085 3777 2123 ae-

2181 2170 2338 2230 ccpto
2386 2159 2508 2213 cibo
2546 2158 2906 2223 confortatus,
2954 2157 3119 2213 fuisse
3175 2174 3298 2213 eum
3328 2175 3452 2214 cum
3500 2158 3779 2229 discipulis

2182 2252 2273 2321 qui
2327 2259 2485 2306 erant
2532 2250 2783 2305 Damasci
2837 2265 2934 2319 per
2960 2250 3076 2304 dies
3121 2249 3326 2319 aliquot
3372 2249 3517 2320 (Act.
3580 2249 3687 2319 ix).
3718 2250 3779 2303 Et

2181 2342 2528 2410 stupentibus
2553 2340 2766 2395 cunctis
2816 2339 2868 2393 in
2918 2341 3204 2410 synagogis
3229 2338 3541 2393 Iudaeorum
3585 2342 3778 2410 praedi-

2181 2446 2335 2487 casse
2384 2431 2642 2484 continuo
2690 2429 2832 2500 quod
2859 2427 3016 2484 .lcsus
3042 2437 3187 2484 esset
3228 2428 3398 2484 Filius
3425 2431 3548 2495 Dei,
3576 2441 3634 2485 et
3656 2439 3777 2484 tunc

2180 2520 2287 2576 isse
2309 2521 2364 2573 in
2393 2520 2669 2584 Arabiam,
2694 2526 2747 2573 et
2780 2519 2845 2573 de
2871 2519 3071 2572 Arabia
3104 2520 3426 2574 Damascum
3457 2522 3774 2585 revertisse,

2179 2621 2234 2666 et
2262 2612 2335 2665 ibi
2361 2611 2554 2666 fecisse
2582 2610 2876 2666 triennium
2912 2629 2925 2665 :
2964 2626 3101 2680 quos
3124 2611 3240 2665 dies
3268 2612 3467 2666 multos
3492 2611 3774 2683 Scriptura

2180 2709 2432 2768 testatur,
2458 2702 2646 2764 dicens
2677 2719 2689 2754 :
2718 2698 2849 2755 Cum
2874 2701 3218 2771 implerentur
3246 2712 3422 2755 autem
3444 2701 3559 2755 dies
3598 2703 3771 2769 multi,

2179 2790 2457 2845 consilium
2497 2790 2732 2861 fecerunt
2761 2789 2963 2854 Juda't’,
2989 2800 3044 2844 ut
3072 2808 3191 2844 eum
3212 2792 3590 2861 interﬁcerent.
3626 2792 3775 2847 Nota:

2180 2889 2359 2936 autem
2385 2880 2542 2935 facttc
2578 2889 2703 2936 sunt
2734 2879 2897 2935 Saulo
2938 2880 3149 2935 insidiae
3181 2896 3392 2947 eorum,
3425 2891 3481 2935 et
3512 2882 3773 2936 custodie-

2179 2970 2309 3025 bant
2334 2978 2517 3039 portas
2543 2977 2698 3024 nocte
2726 2984 2790 3022 ac
2820 2969 2925 3034 die,
2951 2978 3011 3022 ut
3036 2984 3160 3022 eum
3194 2969 3586 3023 interficerent.
3620 2970 3772 3025 Acci-

2178 3060 2391 3130 pientes
2428 3075 2557 3129 ergo
2593 3059 2841 3129 discipuli
2892 3059 3010 3128 ejus
3051 3068 3210 3113 nocte
3237 3076 3333 3128 per
3362 3074 3580 3113 murum
3611 3062 3771 3115 dimi-

2180 3160 2368 3207 serunt
2396 3168 2540 3218 eum,
2572 3152 2951 3205 suhtnittentes
2978 3151 3030 3205 in
3062 3160 3265 3219 sporta.
3305 3150 3440 3206 Cum
3470 3162 3657 3206 autem
3683 3168 3769 3205 ve-

2178 3245 2348 3299 nisset
2372 3242 2823 3313 Hierosolymam,
2854 3242 3099 3297 tcntabat
3125 3259 3181 3299 se
3209 3244 3441 3313 iungere
3468 3242 3765 3312 discipulis.

2179 3336 2378 3391 Lucam
2410 3351 2539 3391 vero
2572 3335 2773 3390 idcirco
2806 3335 2872 3389 de
2902 3336 3099 3390 Arabia
3127 3336 3479 3406 prteteriisse,
3514 3338 3639 3405 quia
3672 3336 3770 3389 for-

2178 3427 2320 3481 sitan
2348 3426 2483 3480 nihil
2509 3427 2729 3497 dignum
2756 3425 3061 3495 apostolatu
3097 3426 3151 3479 in
3180 3426 3375 3479 Arabia
3403 3435 3765 3496 perpetrarat.

2177 3528 2233 3571 et
2254 3533 2317 3573 ea
2353 3518 2529 3588 potius
2574 3518 2954 3587 compendiosa
3013 3516 3326 3571 narratione
3386 3516 3593 3571 dixisse
3650 3533 3767 3587 quze

2177 3609 2338 3679 digna
2370 3607 2573 3663 Christi
2606 3606 2900 3677 Evangelio
2932 3607 3268 3661 videbantur.
3306 3605 3417 3661 Nec
3463 3608 3567 3661 hoc
3594 3606 3765 3673 segni-

2179 3699 2264 3753 tia:
2289 3698 2519 3766 apostoli
2548 3696 2934 3766 deputandum,
2967 3696 3011 3750 si
3040 3695 3242 3750 frustra
3272 3696 3327 3750 in
3356 3697 3561 3750 Arabia
3588 3697 3761 3758 fuerit,

2177 3789 2269 3843 sed
2296 3788 2439 3858 quod
2467 3788 2645 3857 aliqua
2674 3786 3025 3857 dispensatio,
3056 3794 3112 3840 et
3160 3787 3255 3840 Dei
3290 3797 3625 3856 praeceptum
3656 3786 3763 3839 fuc-

2177 3879 2270 3943 rit,
2296 3886 2355 3932 ut
2383 3876 2604 3932 faceret.
2634 3875 2771 3930 Nam
2803 3883 2856 3930 et
2888 3884 3075 3947 postea
3113 3874 3341 3945 legimus
3364 3877 3417 3929 in
3446 3878 3600 3930 Actis
3644 3892 3763 3945 apo-

2176 3968 2459 4031 stolorum,
2512 3967 2740 4021 Paulum
2769 3983 2891 4021 cum
2955 3965 3067 4021 Sila
3106 3981 3388 4037 egressum
3434 3968 3759 4036 prohibitum

2175 4072 2295 4113 esse
2328 4074 2360 4112 a
2388 4056 2593 4128 Spiritu
2625 4066 2813 4111 saneto
2845 4058 3068 4111 verbum
3099 4057 3152 4110 in
3182 4058 3309 4111 Asia
3343 4058 3513 4127 loqui.
3553 4060 3716 4111 Aliter
3744 4074 3755 4108 ε

2174 4146 2284 4202 Sed
2310 4146 2415 4199 abii
2438 4146 2491 4199 in
2516 4144 2785 4208 Arabiam,
2817 4154 2864 4197 et
2895 4146 3082 4197 iterum
3126 4143 3361 4198 t’eversus
3403 4163 3523 4198 sum
3577 4146 3760 4199 Danis-

2176 4251 2341 4288 scum.
2371 4234 2508 4300 Quid
2540 4234 2671 4287 mihi
2712 4234 2929 4303 prodest
2963 4233 3064 4286 ista
3092 4233 3307 4297 relatio,
3339 4236 3382 4287 si
3420 4235 3599 4305 legam
3628 4239 3756 4305 quod

2176 4323 2375 4379 Paulus
2388 4332 2509 4394 post
2529 4324 2915 4378 revelationem
2941 4323 3141 4377 Christi
3171 4324 3357 4377 statim
3390 4324 3516 4378 ierit
3553 4327 3605 4378 in
3634 4330 3756 4379 Ara-

2177 4416 2344 4479 biam,
2410 4416 2572 4470 etde
2624 4416 2825 4469 Arabia
2890 4416 3210 4470 Damascum
3271 4416 3437 4472 fuerit
3495 4435 3753 4477 reversus,

2177 4506 2418 4561 nesciam
2466 4514 2648 4560 autem
2695 4505 2822 4573 quid
2869 4506 2940 4559 ibi
2977 4509 3225 4575 gesserit,
3270 4508 3469 4577 quidve
3520 4510 3754 4561 utilitatis

2175 4596 2426 4650 habuerit
2470 4613 2483 4649 :
2526 4595 2639 4649 ltus
2679 4610 2741 4648 ac
2774 4594 3013 4649 reditus?
3064 4595 3162 4648 Dat
3188 4598 3533 4652 occasionem
3561 4601 3754 4652 altioris

2176 4687 2544 4756 intelligentia:
2590 4686 2643 4740 in
2690 4687 2791 4741 hac
2818 4685 3007 4739 eadem
3043 4686 3267 4756 cpistola
3322 4688 3439 4757 ipse
3478 4688 3755 4756 Apostolus

2175 4782 2240 4836 de.
2262 4781 2532 4835 Abraham
2554 4787 2608 4833 et
2632 4778 2785 4844 Sara,
2818 4788 2871 4834 et
2892 4779 3037 4848 Agar
3065 4780 3363 4847 disputans.
3396 4780 3530 4844 Qua:
3557 4780 3753 4849 quidem

2175 4880 2319 4935 sunt,
2346 4871 2544 4939 inquit,
2567 4886 2659 4939 per
2686 4869 2992 4939 allegoriam
3010 4869 3169 4922 dicta.
3203 4869 3329 4923 Ha'c
3352 4872 3491 4924 enim
3511 4882 3630 4923 sunt
3654 4870 3751 4922 dvo

2180 4962 2511 5016 Testamenta
2537 4972 2554 5009 :
2587 4975 2748 5012 unum
2778 4958 2986 5029 quidem
3009 4960 3060 5011 in
3090 4968 3260 5011 monte
3293 4957 3423 5011 Sina
3450 4960 3505 5011 in
3543 4961 3751 5012 sarritu-

2177 5059 2275 5103 tem
2314 5064 2585 5120 generans,
2616 5064 2731 5120 qua:
2760 5057 2834 5101 est
2868 5050 3026 5117 Agar.
3062 5046 3193 5101 Sina
3244 5049 3380 5100 enim
3412 5064 3564 5102 mons
3597 5059 3667 5102 est
3700 5050 3749 5099 in

2178 5141 2394 5205 Arabia,
2434 5142 2521 5211 qui
2549 5139 2858 5208 conjunctus
2884 5147 2958 5191 est
2985 5138 3051 5201 ei,
3070 5154 3188 5208 quae
3211 5155 3347 5190 nunc
3366 5149 3441 5191 est
3464 5138 3751 5192 Jerusalem

2178 5232 2319 5305 (Gal.
2353 5233 2450 5303 iv).
2480 5235 2548 5287 Et
2576 5235 2731 5288 docet
2755 5234 2919 5288 Vetus
2941 5233 3370 5297 Testamentum,
3412 5234 3517 5289 hoc
3544 5245 3648 5298 est,
3669 5250 3749 5288 au-

2178 5323 2314 5379 cillte
2340 5324 2528 5387 tilium,
2554 5326 2607 5377 in
2630 5322 2849 5388 Arabia,
2882 5338 3003 5392 qua:
3033 5323 3421 5391 interpretatur
3450 5325 3671 5380 humilis
3701 5338 3749 5377 εἰ

2177 5413 2404 5467 occiduo
2471 5410 3113 5466 constitutum..Statim
3166 5411 3350 5481 itaque
3408 5420 3471 5466 ut
3530 5414 3751 5469 credidit

2178 5501 2374 5558 Paulus
2403 5502 2468 5557 ad
2490 5503 2663 5573 legem
2686 5510 2741 5558 ct
2763 5503 3077 5573 prophetas,
3108 5512 3163 5557 et
3184 5503 3397 5558 Veteris
3422 5505 3749 5560 Testatur-nti

2174 5594 2283 5665 jam
2310 5596 2361 5650 in
2388 5596 2633 5661 occiduo,
2657 5596 2816 5666 positi
2849 5602 3184 5651 sacramenta
3216 5610 3536 5663 conversus,
3563 5598 3750 5665 qun-i-

2182 5685 2253 5739 \it
2281 5685 2334 5741 in
2361 5684 2437 5740 eis
2473 5685 2763 5750 Christum,
2810 5700 2969 5755 quem
2996 5684 3180 5756 jussus
3203 5683 3379 5741 fuerat
3405 5685 3458 5740 in
3508 5686 3747 5755 gentibus
