3906 6354
238 425 346 482 853

1164 423 1415 478 ENARR.
1456 424 1520 479 IN
1562 425 1779 479 EPIST.
1825 428 1886 480 D.
1929 427 2135 483 PAULI
2176 430 2265 483 AD
2304 430 2553 485 CALAT.

3382 439 3481 491 ΒΜ

235 538 530 609 praedicare
553 552 569 591 :
592 544 649 592 et
696 544 911 606 reperto
936 536 1049 601 illo,
1080 552 1187 591 non
1215 546 1297 592 est
1340 536 1413 591 ibi
1441 536 1640 591 diutius
1670 553 1812 592 com—
1838 546 1889 603 Α
1915 544 2110 613 quippe
2140 546 2523 627 interpretatur
2549 548 2864 617 assumptio,
2909 549 3021 603 sive
3051 551 3259 606 voeatio
3284 552 3489 609 lamen-

232 640 498 695 inoratus,
565 629 659 683 sed
711 643 958 683 reversus
1013 627 1363 693 Damascum,
1423 628 1527 683 hoc
1588 634 1691 692 est,
1742 628 1810 682 ad

230 718 552 788 sanguinem
578 726 633 772 et
654 719 721 773 ad
756 718 1060 789 passionem
1086 715 1307 771 Christi.
1334 716 1401 769 Et
1427 716 1552 771 inde
1582 717 1811 787 pr0phev

233 810 341 866 tiea
390 809 621 864 lectione
650 809 913 872 ﬁrmatus,
938 808 1113 876 pergit
1143 804 1587 877 Hierosolymam,
1630 806 1808 861 locum

227 898 457 953 visionis
479 906 533 953 et
554 899 723 969 pacis.
751 897 865 950 Non
898 905 1008 950 tam
1033 895 1326 957 disciturus
1351 895 1554 965 aliquid
1582 896 1650 951 ab
1678 911 1808 966 apo-

226 989 402 1053 stolis,
452 1004 615 1057 quam
644 1003 766 1042 cum
814 986 893 1040 eis
938 984 1313 1056 Evangelium,
1340 986 1485 1057 quod
1523 986 1810 1052 docuerat,

230 1079 548 1135 collaturus.

301 1169 500 1224 Deinde
543 1178 656 1239 post
686 1184 851 1221 annos
880 1176 981 1221 tres
1020 1166 1134 1222 veni
1178 1165 1599 1237 Hierosolymam
1630 1168 1800 1223 videre

226 1260 467 1316 Petrum.
516 1258 572 1314 Si
615 1274 738 1314 cum
777 1258 1204 1331 evangelizasset
1246 1256 1445 1313 Paulus
1494 1259 1548 1313 in
1582 1259 1802 1327 Arabia,

222 1361 415 1423 postea
444 1351 576 1405 vidit
603 1350 821 1405 Petrum
846 1368 860 1405 :
887 1365 994 1405 non
1025 1349 1145 1404 ideo
1169 1358 1233 1404 ut
1259 1364 1355 1419 per
1378 1350 1553 1420 ipsum
1584 1350 1804 1405 Petrum

222 1442 460 1497 disceret
490 1440 860 1511 Evangelium,
885 1441 975 1511 qui
1005 1441 1181 1495 tribus
1200 1439 1318 1509 jam
1345 1440 1502 1496 annis
1522 1441 1803 1508 docuerat,

223 1532 322 1587 sed
349 1539 409 1585 ut
441 1531 735 1585 fraternam
763 1530 1083 1585 charitatem
1118 1531 1284 1585 etiam
1314 1531 1582 1602 corporali
1615 1533 1802 1588 notitia

221 1618 543 1674 cumularet.
575 1618 728 1686 Quod
772 1618 818 1674 si
851 1618 937 1673 cui
978 1633 1084 1673 non
1113 1619 1353 1685 videtur,
1378 1635 1503 1675 cum
1532 1622 1801 1691 superiori

219 1723 385 1762 sensu
410 1707 599 1779 jungat
643 1708 759 1762 ham
796 1708 1017 1763 omnia:
1050 1709 1194 1778 quod
1243 1710 1380 1764 nihil
1424 1711 1525 1766 sibi
1570 1713 1800 1783 apostoli

218 1799 568 1865 contulerint,
613 1799 757 1869 quod
797 1798 985 1869 jussus
1024 1799 1095 1854 sit
1123 1800 1203 1854 ire
1242 1800 1689 1873 Hierosolymam,
1733 1804 1801 1859 ad

1917 634 2111 690 labilis.

1982 724 2147 779 Eram
2189 734 2361 780 autem
2404 731 2611 796 ignotus
2644 728 2780 798 facie
2820 730 3069 786 Ecclesiis
3114 730 3341 799 ludicre,
3372 750 3491 805 qua:

1910 815 1965 867 in
1996 814 2201 870 Christo
2230 825 2372 870 sunt.
2400 817 2946 874 Animadvertendum
2977 837 3081 876 non
3121 824 3174 877 in
3220 824 3332 879 sola
3366 824 3490 879 ilic-

1912 906 2180 977 rosolyma
2205 904 2419 963 Iudaeos
2438 909 2490 962 in
2514 908 2734 964 Christo
2756 911 3067 977 credidisse,
3094 927 3196 967 nec
3223 923 3333 968 tam
3360 931 3489 985 pau-

1910 1009 2004 1050 cos
2050 995 2243 1063 fuisse,
2282 1006 2347 1053 ut
2387 999 2645 1055 Ecelesiis
2691 1001 2929 1070 gentium
2980 1003 3354 1067 miscerentur,
3393 1006 3487 1059 scil

1910 1086 2075 1140 etiam
2105 1088 2318 1153 multos,
2343 1098 2403 1143 ut
2429 1104 2496 1144 ex
2524 1089 2627 1145 illis
2658 1090 2914 1145 Ecclesiae
2942 1091 3129 1147 ﬁerent

1985 1174 2210 1230 Tantum
2235 1187 2409 1231 autem
2433 1178 2670 1233 auditum
2702 1179 2989 1247 habebant,
3018 1184 3158 1253 quod
3186 1186 3276 1253 qui
3314 1204 3487 1257 perse-

1908 1267 2161 1338 quebatur
2182 1284 2273 1322 nos
2298 1267 2606 1339 aliquando,
2629 1286 2765 1324 nunc
2786 1272 3107 1342 euangelizat
3126 1274 3307 1342 ﬁdem,
3330 1294 3487 1347 quam

1908 1356 2191 1433 aliquando
2233 1358 2581 1429 expugnabat,
2608 1369 2655 1414 et
2680 1360 2736 1415 in
2765 1377 2846 1416 me
2889 1361 3257 1432 glori/icabant
3294 1363 3483 1418 Deum.

1909 1449 2021 1505 Hoc
2048 1450 2176 1505 dicit
2200 1450 2326 1520 quia
2373 1466 2497 1506 cum
2542 1449 2879 1507 Judaismum
2916 1452 3251 1521 defenderet,
3296 1464 3482 1510 contra

1908 1538 2090 1603 ﬁdem,
2117 1538 2258 1595 sicut
2287 1548 2342 1595 et
2384 1540 2420 1594 ii
2458 1555 2489 1594 a
2517 1542 2715 1611 quibus
2744 1541 2946 1598 Galatae
2975 1543 3190 1599 fuerant
3219 1547 3415 1611 eversi,
3454 1562 3484 1601 a

1905 1630 2016 1685 Deo
2053 1630 2258 1687 electus
2282 1640 2397 1698 est,
2434 1640 2489 1689 et
2530 1633 2721 1688 doctus
2750 1634 3091 1690 dissimulare
3116 1651 3145 1689 a
3174 1634 3482 1701 Judaismo,

1902 1732 1957 1778 et
1984 1740 2179 1779 novam
2204 1725 2376 1795 legem
2404 1727 2720 1797 praedicare,
2748 1728 2821 1781 ita
2851 1738 2911 1781 ut
2935 1729 3228 1797 gauderent
3254 1730 3309 1783 in
3332 1746 3397 1785 eo
3417 1746 3483 1785 ex

1902 1811 2109 1868 Iudaeis
2132 1815 2443 1881 credentes,
2480 1831 2615 1886 quos
2652 1816 2862 1886 pridem
2902 1818 3353 1886 persequebatur,
3378 1819 3487 1875 Deo

218 1891 325 1945 hoc
365 1906 485 1946 esse
522 1898 580 1944 ut
610 1890 815 1945 videret
845 1890 1146 1960 apostolum
1170 1910 1183 1945 ε
1220 1900 1332 1947 tum
1359 1892 1705 1963 intelligeret,
1733 1911 1799 1953 eo
1827 1894 1873 1953 B
1902 1911 2121 1972 agentes
2139 1905 2368 1974 gratias,
2386 1907 2478 1975 qui
2507 1905 2572 1960 de
2592 1914 2939 1976 persecutore
2966 1906 3095 1961 fecit
3120 1906 3483 1974 defensorem,

215 1980 444 2035 Paulum
478 1996 584 2035 nun
627 1980 787 2035 ivisse
814 1981 1053 2036 discendi
1082 1983 1280 2049 studio,
1307 1983 1399 2053 qui
1423 1991 1479 2039 et
1518 1984 1633 2055 ipse
1655 1999 1804 2040 eum-

214 2070 339 2125 dem
382 2071 783 2141 praedicationis
811 2071 1038 2127 haberet
1083 2081 1396 2140 auctorem,
1443 2074 1539 2130 sed
1584 2075 1805 2134 honoris

216 2160 386 2229 priori
414 2159 656 2229 apostolo
683 2159 982 2215 deferendi.

288 2254 357 2307 Et
386 2254 578 2308 mansit
606 2254 745 2324 apud
774 2271 893 2309 eum
940 2255 1122 2310 diebus
1151 2256 1466 2323 quindecim.
1509 2257 1801 2327 Propterea

212 2343 525 2415 quindecim
552 2345 703 2415 ponit
731 2344 867 2410 dies,
890 2354 951 2401 ut
976 2347 1244 2411 ostendat,
1269 2362 1377 2402 non
1401 2346 1569 2403 fuisse
1599 2349 1801 2419 grande

214 2444 426 2505 tempus
455 2451 561 2506 quo
591 2437 828 2506 potuerit
870 2436 1073 2505 aliquid
1098 2453 1128 2492 a
1156 2436 1317 2492 Petro
1346 2438 1556 2493 discere
1581 2456 1593 2493 :
1630 2446 1689 2492 ut
1730 2440 1799 2494 ad

211 2524 363 2580 illum
395 2540 632 2591 sensum,
658 2542 688 2579 a
734 2541 842 2596 quo
879 2528 1076 2597 cmpit,
1114 2535 1309 2582 cuncta
1351 2526 1571 2593 referat,
1600 2542 1659 2583 se
1688 2544 1797 2583 non

212 2613 284 2668 ab
320 2614 537 2668 homine
566 2614 782 2669 doctum
808 2630 947 2681 esse,
976 2614 1070 2670 sed
1094 2631 1124 2669 a
1154 2614 1286 2671 Deo.

281 2724 462 2778 Alium
501 2734 674 2778 autem
710 2724 1001 2796 apostolum
1043 2724 1151 2779 vidi
1184 2726 1464 2790 neminem,
1499 2726 1600 2780 nisi
1637 2725 1798 2779 laco-

207 2816 333 2871 bum
382 2816 601 2885 fratrem
646 2814 877 2872 Domini.
917 2816 1177 2872 Iacobum
1205 2818 1341 2872 vidit
1384 2816 1791 2887 Hierosolyma,

206 2906 337 2977 quia
367 2907 440 2961 ibi
466 2914 588 2961 erat
610 2907 936 2963 constitutus
960 2908 1028 2962 ab
1050 2906 1308 2978 apostolis
1327 2908 1631 2978 episc0pus.
1662 2908 1793 2963 Fra-

208 3010 351 3055 trem
380 3000 590 3055 Domini
633 3001 1012 3056 consobrinum
1037 3001 1154 3072 ejus
1179 3000 1437 3056 debemus
1466 3000 1787 3071 intelligere.

205 3090 381 3163 Negat
403 3107 459 3146 se
487 3093 668 3162 itaque
697 3098 895 3163 praeter
930 3091 1033 3147 hos
1060 3106 1387 3163 quemquam
1419 3090 1789 3160 apostolorum

205 3180 429 3246 vidisse,
456 3196 555 3237 nec
582 3182 791 3238 occulta
816 3181 1175 3237 contradictio
1201 3190 1535 3247 nasceretur,
1564 3180 1788 3236 Etiamsi

204 3287 239 3327 a
270 3272 434 3328 Petro
460 3290 565 3328 non
600 3289 659 3329 es
685 3274 897 3339 doctus,
923 3274 1060 3329 alios
1084 3274 1327 3329 habuisti
1348 3272 1617 3344 apostolos
1651 3288 1789 3342 prae-
1816 3235 1861 3298 θ’

201 3374 477 3435 eeptores.
504 3364 622 3420 Non
665 3366 797 3420 vidit
826 3375 1006 3419 autem
1036 3378 1153 3430 eos,
1181 3379 1289 3419 non
1320 3378 1426 3433 quo
1454 3369 1788 3433 contemptui

202 3454 459 3520 duceret,
492 3457 587 3511 sed
626 3457 751 3526 quia
782 3456 856 3510 illi
902 3456 969 3511 ad
1011 3455 1357 3526 Evangelium
1387 3453 1788 3525 prmdicandum

204 3556 321 3601 toto
347 3547 559 3602 fuerant
581 3548 713 3603 orbe
740 3547 990 3617 dispersi.

278 3638 411 3703 Qua:
432 3648 605 3693 autent
630 3638 798 3693 scribo
828 3637 987 3703 vobis,
1016 3654 1131 3693 ecce
1164 3654 1340 3692 coram
1369 3636 1502 3701 Deo,
1530 3638 1655 3707 quia
1682 3654 1785 3691 non

199 3729 443 3783 mentior.
474 3727 627 3794 Quod
654 3728 723 3782 ad
753 3727 1271 3782 commendationem
1301 3725 1417 3795 ejus
1446 3726 1681 3796 pertinet
1709 3714 1783 3780 lb-

196 3827 447 3883 cuturus,
482 3825 675 3873 testem
704 3816 873 3871 Deum
902 3816 1013 3881 dat,
1051 3817 1177 3887 quia
1205 3816 1283 3870 ita
1321 3832 1381 3872 se
1409 3817 1637 3881 habent,
1665 3832 1784 3886 qua:

196 3912 446 3966 dicturus
486 3919 605 3978 est,
648 3926 715 3966 ne
758 3910 896 3967 forte
934 3910 1211 3966 videretur
1248 3911 1627 3981 compositum,
1660 3927 1782 3966 cum

196 4017 446 4073 personze
488 4003 605 4073 ejus
651 4017 757 4057 non
815 4002 1103 4057 conveniat
1147 4001 1347 4069 aliquid
1396 4000 1600 4071 lingere
1635 4019 1646 4055 :
1689 4000 1784 4055 sed

197 4107 330 4148 eum
352 4106 409 4146 se
440 4092 803 4157 commendat,
844 4092 942 4147 hos
967 4091 1082 4146 vult
1115 4091 1399 4162 proficere.
1427 4092 1783 4147 Commenda-

199 4183 278 4238 tio
302 4182 444 4236 enim
475 4182 592 4237 hzec
619 4182 737 4236 istis
760 4181 998 4251 prolicit,
1031 4190 1091 4235 ut
1117 4181 1294 4236 sciant
1316 4197 1404 4248 ea,
1430 4197 1552 4252 qua:
1578 4183 1645 4237 ab
1680 4183 1782 4237 hoc

196 4273 469 4335 dicuntur,
499 4286 620 4327 esse
646 4273 925 4327 verissima
950 4289 963 4325 :
992 4273 1084 4342 qui
1112 4273 1267 4337 dicit,
1295 4289 1411 4326 ecce
1439 4289 1617 4326 coram
1646 4272 1783 4338 Deo,

198 4379 305 4415 non
338 4363 578 4416 mentior.
620 4361 773 4417 Jurat
801 4362 1017 4431 utique;
1046 4370 1100 4415 et
1129 4361 1258 4430 quid
1294 4361 1539 4415 sanctius
1566 4362 1669 4415 hac
1691 4360 1780 4430 ju-

198 4451 445 4506 ratione?
473 4450 578 4506 Sed
613 4467 719 4505 non
751 4460 832 4505 est
858 4460 1049 4505 contra
1076 4458 1405 4519 praeceptum
1433 4450 1646 4505 Domini
1674 4451 1779 4505 ista

189 4544 418 4614 juratio,
446 4544 497 4596 in
529 4558 635 4611 quo
677 4542 791 4595 ait:
826 4540 906 4596 Sit
950 4557 1120 4595 sermo
1152 4550 1337 4607 vester,
1361 4550 1475 4604 est,
1501 4550 1607 4605 est,
1639 4558 1741 4595 non
1763 4582 1777 4606 ,

199 4651 326 4689 non.
354 4631 505 4697 Quod
531 4641 705 4685 autent
735 4630 958 4702 amplius
984 4640 1077 4695 est,
1110 4648 1141 4685 a
1173 4630 1317 4684 malo
1344 4639 1418 4684 est
1449 4629 1661 4702 (Matth.
1689 4630 1773 4701 v);

198 4732 465 4794 quantum
493 4734 621 4791 ergo
653 4721 705 4775 in
740 4720 853 4789 ipso
876 4728 982 4783 est,
1010 4734 1117 4774 non
1142 4719 1291 4788 jurat
1314 4719 1599 4790 Apostolus
1626 4737 1637 4775 :
1669 4736 1774 4776 non

197 4814 349 4884 epim
388 4810 590 4881 appetit
610 4809 935 4879 juratiouem
962 4810 1258 4879 cupiditate
1285 4820 1377 4864 aut
1421 4810 1774 4866 delectatione

192 4898 437 4973 jurandi,
466 4901 608 4969 quod
652 4916 718 4955 ex
753 4901 896 4954 malo
923 4907 1038 4963 est,
1082 4902 1176 4954 sed
1206 4900 1494 4954 inﬁrmitas
1518 4908 1573 4957 et
1600 4900 1775 4955 incre-

198 4992 401 5050 dulitas
423 4991 527 5046 hoc
548 4990 713 5059 exigit
733 5004 921 5045 eorum
949 4990 1039 5059 qui
1076 4990 1233 5043 aliter
1261 5005 1367 5043 non
1394 4997 1681 5045 moventur
1707 4990 1774 5044 ad

197 5082 383 5139 ﬁdem.
411 5079 524 5135 lloc
548 5091 723 5135 autem
755 5096 860 5135 non
883 5080 1053 5135 solum
1074 5080 1140 5134 de
1164 5080 1249 5133 his
1274 5094 1393 5147 qua:
1422 5094 1565 5133 nunc
1586 5079 1778 5133 scribit

198 5174 269 5228 ad
299 5171 541 5236 Galatas,
571 5177 747 5239 potest
771 5170 943 5241 accipi
968 5185 982 5223 :
1012 5169 1107 5225 sed
1131 5180 1185 5223 et
1214 5168 1539 5240 generaliter
1561 5169 1626 5223 de
1654 5183 1773 5222 om-

198 5268 360 5323 nibus
388 5262 663 5333 Epistolis,
697 5262 823 5331 quia
868 5278 974 5316 non
1004 5269 1128 5316 sunt
1155 5260 1289 5315 falsa
1321 5275 1442 5330 qua)
1468 5260 1691 5325 scribat,
1721 5266 1776 5314 et

196 5372 294 5412 cor
318 5354 438 5424 ejus
458 5352 729 5420 verbaque
754 5365 860 5404 non
887 5350 1215 5419 discrepent.

273 5441 471 5497 Deinde
498 5440 610 5495 veni
650 5440 704 5494 in
732 5449 903 5509 partes
932 5440 1105 5510 Syria:
1142 5450 1188 5495 et
1217 5439 1434 5495 Cilicice.
1471 5438 1600 5494 Post
1651 5438 1777 5494 Ilie—

198 5532 484 5603 rosolyma:
526 5529 787 5587 visionem
818 5531 963 5584 venit
991 5532 1058 5586 ad
1088 5531 1323 5602 Syriam,
1355 5546 1475 5600 quia
1503 5530 1660 5585 nobis
1690 5530 1773 5585 di-

197 5624 339 5678 citur
380 5620 593 5676 excelsa
646 5627 809 5689 atque
854 5621 1121 5687 sublimis,
1166 5628 1220 5675 et
1275 5621 1399 5676 inde
1449 5620 1664 5675 transiit
1707 5621 1775 5674 ad

196 5713 475 5777 Ciliciam,
528 5726 687 5781 quam
728 5712 783 5767 in
814 5711 917 5766 fide
957 5712 1160 5767 Christi
1194 5711 1441 5783 cupiebat
1473 5725 1769 5775 assumere,

196 5800 573 5874 evangelitans
640 5800 719 5857 eis
786 5802 1118 5857 vocationem
1179 5800 1507 5866 pcenitentiae
1586 5799 1774 5855 Cilicia

1906 2002 1964 2047 ut
2007 1995 2232 2065 perinde
2274 1997 2477 2052 scirent
2503 1996 2704 2053 Gal-ala:
2738 1999 3136 2054 circumventos
3163 2014 3256 2066 se,
3294 2009 3351 2055 ut
3385 2005 3485 2057 sub

1903 2086 2123 2141 nomine
2150 2086 2351 2144 Christi
2396 2088 2610 2144 Judmos
2657 2105 2715 2145 se
2755 2092 3163 2160 proﬁterentur,
3199 2093 3486 2149 circumci-

1901 2176 2091 2233 dentes
2118 2193 2337 2233 carnem
2367 2181 2613 2251 prieputii
2653 2181 2753 2246 sui,
2800 2197 2921 2237 eum
2952 2181 3171 2238 Christo
3208 2182 3297 2237 lex
3337 2185 3482 2241 aliud

1903 2266 2187 2336 impleret,
2218 2284 2379 2338 quam
2422 2268 2752 2326 Judaismus.
2798 2270 2914 2327 Illic
2950 2273 3093 2328 enim
3141 2273 3485 2331 circumcisio

1901 2359 2083 2413 carnis
2109 2371 2223 2425 est,
2257 2359 2344 2415 hic
2384 2361 2593 2427 cordis;
2624 2362 2771 2418 illinc
2801 2364 2900 2418 sub
2931 2364 3211 2421 elementis
3249 2368 3483 2422 servitur

1899 2449 2198 2503 neomeniis
2236 2457 2290 2504 et
2333 2450 2587 2518 sabbato;
2617 2453 2705 2508 hic
2740 2453 2841 2508 soli
2870 2454 2979 2510 Deo
3017 2456 3072 2509 in
3102 2457 3319 2527 spiritu,
3351 2460 3476 2529 quia

1897 2538 2062 2594 corde
2092 2541 2349 2597 creditur.
2384 2543 2498 2598 Illic
2534 2547 2772 2601 conditio
2801 2556 2885 2601 est
2912 2561 3077 2602 causa
3115 2551 3354 2619 peccati,
3388 2552 3479 2609 hic

1898 2628 2120 2686 libertas
2165 2647 2234 2686 ex
2282 2634 2601 2690 remissione
2651 2648 3044 2706 peccatorum:
3084 2639 3251 2693 multa
3298 2641 3479 2713 itaque

1897 2719 2151 2775 distantia
2184 2731 2283 2778 est.

2470 2813 2537 2868 IN
2576 2814 2803 2872 CAPUT
2834 2816 2898 2871 ll.

1967 2904 2165 2959 Dehinc
2208 2915 2323 2975 post
2368 2923 2536 2961 annos
2569 2910 2965 2978 quatuordecim
3009 2928 3217 2965 rursum
3262 2916 3474 2968 escendi

1897 2996 2339 3069 Hierosolymam,
2373 3016 2490 3054 sum
2527 3001 2774 3057 Barnuba
2810 3015 3076 3075 assumpto
3114 3015 3161 3059 et
3196 3006 3330 3060 Tito.
3373 3008 3471 3063 As-

1894 3089 2075 3143 cendit
2119 3090 2282 3160 igitur
2326 3100 2449 3161 post
2491 3094 2898 3162 quatuordecim
2945 3112 3115 3153 annos
3163 3097 3474 3171 Hierosoly-

1895 3194 2059 3245 mam,
2092 3187 2145 3235 et
2186 3182 2277 3251 qui
2320 3181 2473 3250 prius
2509 3181 2575 3236 ad
2604 3184 2891 3239 videndum
2922 3194 3129 3242 tantum
3156 3201 3476 3258 perrexerat

1896 3267 2140 3333 Petrum,
2181 3278 2238 3324 et
2267 3271 2457 3327 diebus
2482 3273 2791 3341 quindecim
2834 3287 3110 3333 manserat
3149 3282 3290 3351 apud
3324 3297 3469 3347 eum,

1893 3374 2037 3415 nunc
2062 3374 2119 3415 se
2145 3360 2275 3415 dicit
2306 3362 2424 3418 ideo
2449 3365 2773 3434 perrexisse,
2804 3375 2862 3421 ut
2898 3369 3167 3426 conferret
3194 3387 3315 3426 cum
3341 3389 3471 3443 apo-

1892 3452 2045 3507 stolis
2075 3452 2426 3523 Evangelium
2462 3469 2739 3527 assumpto
2765 3458 3015 3516 Barnaba
3044 3464 3387 3531 circumciso,
3418 3479 3471 3520 et

1892 3543 2014 3599 Tito
2038 3559 2106 3599 ex
2133 3547 2383 3616 gentibus
2408 3548 2638 3605 habente
2658 3554 2999 3622 praeputium,
3031 3565 3087 3610 ut
3115 3556 3209 3610 sub
3234 3574 3323 3612 ore
3344 3560 3471 3612 duo-

1890 3650 2009 3687 rum
2037 3635 2112 3689 vel
2162 3638 2322 3689 trium
2374 3640 2585 3693 testium
2618 3650 2781 3696 staret
2829 3661 2979 3699 omne
3026 3648 3231 3701 verbum
3273 3647 3463 3721 (Deut.

1888 3726 2047 3795 xvn).

1958 3816 2180 3870 Ascendi
2207 3828 2381 3873 autem
2407 3822 2691 3876 secundum
2717 3824 3099 3881 reuelationem.
3124 3828 3201 3884 Ne
3228 3844 3469 3886 moveret

1886 3922 2000 3973 eos,
2028 3922 2197 3977 quare
2227 3910 2312 3963 vel
2344 3917 2467 3965 tunc
2501 3913 2829 3977 ascenderit,
2865 3931 2972 3985 quo
3004 3918 3187 3972 tandiu
3225 3935 3332 3975 non
3375 3938 3461 3977 as-

1886 3999 2143 4053 cenderat
2179 4017 2191 4053 :
2238 4010 2568 4071 quapropter
2616 4004 2660 4058 si
2704 4019 2768 4058 ex
2819 4006 3147 4063 revelatione
3188 4010 3461 4074 ascendit,

1889 4097 2016 4145 tunc
2039 4090 2297 4160 proderat
2338 4101 2395 4146 ut
2429 4093 2744 4150 ascenderet
2779 4111 2792 4149 :
2822 4096 3074 4165 quoniam
3120 4098 3290 4153 multo
3325 4107 3461 4155 tem-

1884 4196 2014 4250 pore
2063 4180 2203 4234 fama
2248 4181 2366 4250 ejus
2404 4185 2782 4240 crebrescebat
2812 4188 2952 4256 apud
2996 4202 3185 4243 omnes
3224 4187 3459 4256 Judteos,

1882 4276 2020 4329 facie
2041 4284 2221 4330 autem
2250 4292 2355 4330 non
2382 4277 2683 4332 videbatur.
2714 4278 3133 4335 Perambulabat
3164 4282 3308 4337 enim
3340 4284 3461 4340 fun-

1882 4367 2013 4422 dare
2052 4376 2107 4421 et
2152 4367 2409 4423 roborare
2449 4369 2721 4425 Ecclesias
2767 4371 2921 4426 solita
2964 4374 3272 4429 constantia
3319 4376 3461 4431 inter

1882 4467 2089 4528 gentes.
2115 4458 2159 4511 Α
2186 4457 2387 4514 Judmis
2414 4469 2595 4515 autem
2624 4478 2787 4516 causa
2828 4462 2960 4532 legis
3003 4462 3143 4516 mala
3174 4464 3249 4517 illi
3295 4465 3462 4521 flebat

1807 4571 1857 4629 Β
1883 4543 2088 4613 opinio,
2116 4545 2271 4612 quasi
2310 4545 2643 4600 discordaret
2669 4561 2700 4599 a
2726 4548 3105 4616 prmdicationc
3141 4556 3458 4606 czcterorum

1886 4634 2251 4704 apostolorum
2278 4651 2290 4687 :
2323 4642 2378 4687 et
2408 4635 2495 4688 hic
2529 4634 2694 4689 ﬁebat
2736 4636 2921 4692 multis
2965 4639 3268 4709 scrupulus,
3296 4643 3370 4697 ita
3401 4652 3461 4699 ut

1884 4731 1939 4778 et
1972 4731 2158 4793 gentes
2186 4731 2406 4792 possent
2432 4724 2755 4791 perturbari,
2786 4738 2854 4778 ne
2878 4725 2932 4779 in
2958 4724 3102 4782 aliud
3132 4728 3457 4787 ducerentur

1885 4815 1951 4868 ab
1994 4829 2079 4878 co,
2112 4829 2275 4883 quam
2319 4813 2603 4868 tradebant
2633 4815 2891 4883 apostoli,
2938 4816 3030 4885 qui
3071 4832 3194 4873 cum
3228 4819 3456 4876 Domino

1885 4905 2117 4960 fuerant.
2151 4904 2287 4959 Nam
2319 4906 2433 4974 ipsa
2460 4906 2743 4961 occasione
2777 4908 3021 4963 subversi
3046 4917 3174 4963 sunt
3200 4908 3402 4968 Galatae
3424 4934 3454 4968 a

1882 4989 2079 5045 ludatis
2103 4990 2404 5045 dicentibus
2442 4990 2567 5059 quia
2614 4989 2758 5044 aliud
2778 4984 3027 5047 traderet
3062 4993 3259 5049 Paulus
3289 5011 3456 5065 quam

1882 5079 2093 5135 Petrus.
2122 5079 2258 5134 Hinc
2297 5078 2497 5134 factum
2525 5088 2608 5133 est
2643 5087 2731 5145 ut,
2776 5081 3080 5137 admonitus
3126 5082 3454 5143 revelatione

1883 5170 2129 5234 Domini,
2177 5169 2494 5223 ascenderet
2552 5169 2981 5242 Hierosolymam
3038 5187 3160 5227 cum
3227 5175 3453 5229 testibus

1882 5259 2280 5331 prmdicationis
2320 5274 2449 5324 sum,
2477 5259 2531 5313 id
2572 5268 2675 5324 est,
2702 5259 2950 5316 Barnaba
2989 5270 3044 5317 et
3074 5262 3217 5329 Tito,
3250 5278 3356 5317 uno
3384 5278 3450 5318 ex

1880 5348 2088 5415 Judzeo,
2118 5356 2170 5403 et
2199 5348 2367 5403 altero
2393 5364 2459 5404 ex
2499 5351 2682 5420 gentili
2708 5368 2721 5403 :
2754 5350 2884 5404 utsi
2927 5352 3071 5422 quod
3103 5352 3169 5407 de
3196 5368 3263 5407 eo
3286 5352 3451 5408 habe-

1882 5446 2003 5493 rent
2031 5437 2363 5503 scandalum,
2396 5438 2590 5493 horum
2637 5440 2944 5494 testimonio
2982 5440 3283 5509 ‘alleretur,
3323 5457 3449 5514 ape-

1878 5530 2024 5584 riens
2055 5528 2157 5583 illis
2182 5542 2398 5583 sensum
2430 5528 2825 5596 praedicationis
2851 5544 2980 5598 suae,
3025 5548 3148 5587 eum
3192 5532 3451 5604 aposwlis

1879 5634 2008 5673 vero
2035 5626 2243 5673 secreto
2271 5617 2530 5683 contulit,
2574 5626 2633 5672 ut
2666 5620 2867 5675 scirent
2896 5634 3001 5675 non
3047 5620 3197 5675 illum
3245 5620 3452 5677 discor-

1880 5708 2007 5762 dare
2037 5722 2064 5760 a
2108 5707 2289 5777 regula
2331 5707 2675 5777 Evangelica,
2707 5708 2810 5765 hoc
2852 5718 2957 5774 est,
2991 5724 3057 5765 ne
3102 5716 3352 5781 putarent
3397 5710 3450 5764 in

1880 5814 2107 5854 vacuum
2157 5813 2395 5867 currere,
2439 5808 2529 5854 aut
2576 5800 2899 5867 cucurrisse,
2945 5800 3081 5855 sicut
3111 5798 3451 5856 aestimabant
