3906 6316
442 369 548 428 855

1517 380 1645 434 CL}.
1658 379 1793 435 UDll
1836 380 1971 437 ΤΑΕ
1985 382 2299 438 ΙίΙΝΕΝδΙΞ
2342 385 2651 441 El’lSCGl‘l

3627 400 3727 453 856

439 484 706 555 aliquanti
736 500 803 539 ex
844 484 1045 541 Judccis
1087 488 1453 545 credentibus.
1489 492 1598 547 Nec
1635 495 1781 547 enim
1826 495 2028 564 aliquid
2059 500 2104 554 Α
2134 494 2317 561 εειίαρ
2342 491 2609 553 libertatis
2630 506 2685 553 et
2712 499 2847 570 legis
2876 501 3089 557 abolita:
3120 513 3449 560 vetustatem
3482 508 3725 563 contule-

438 573 508 629 ab
530 573 611 630 eis
654 575 864 631 discere
904 586 1140 646 poterat,
1172 583 1260 648 qui
1289 596 1318 635 a
1348 580 1457 636 Deo
1486 583 1664 639 fuerat
1689 586 2022 642 instructus:

436 667 532 723 sed
558 676 780 738 propter
807 671 1157 737 concordiam
1190 682 1242 726 et
1271 689 1459 742 pacem
1487 677 1581 731 Dei
1610 689 1794 733 notum
1826 678 2023 735 factum

434 765 539 821 est,
571 766 630 812 ut
679 759 960 814 tolleretur
995 764 1282 831 Scrupulus
1327 775 1420 820 aut
1464 769 1701 837 suspicio
1743 768 2023 836 fratribus,

437 856 530 907 aut
557 849 909 918 conpostolis;
939 860 994 904 et
1023 861 1082 905 ut
1107 855 1357 923 gentibus
1389 859 1672 926 prodesset
1697 876 2026 931 cognoscen-

436 938 601 1004 tibus,
639 940 765 1009 quia
796 942 1163 998 concordabat
1206 946 1557 1017 Evangelium
1594 950 1710 1020 ejus
1738 968 1860 1006 cum
1891 968 2024 1023 apo-

433 1030 606 1086 stolis.

501 1124 571 1178 Et
598 1125 798 1179 contuli
831 1144 949 1181 cum
981 1129 1056 1183 eis
1106 1128 1472 1203 Euangelium,
1511 1134 1651 1204 quod
1698 1136 1927 1207 prtedieo
1968 1139 2024 1191 in

430 1216 689 1285 gentibus.
734 1217 897 1272 Aliud
943 1229 1024 1274 est
1073 1230 1254 1276 autem
1304 1223 1574 1290 conferre,
1607 1226 1755 1281 aliud
1788 1228 2018 1283 discere.

430 1307 575 1361 Inter
616 1307 959 1364 conferentes
1002 1313 1288 1381 aequalitas
1322 1324 1406 1369 est
1434 1335 1444 1368 :
1479 1316 1626 1372 inter
1652 1318 1935 1374 docentem
1968 1330 2023 1376 et

427 1396 726 1451 discentem
758 1399 937 1453 minor
958 1408 1041 1454 est
1072 1401 1162 1456 ille
1187 1404 1277 1472 qui
1310 1404 1493 1459 discit.
1520 1405 1574 1459 In
1598 1408 1867 1477 principio
1894 1408 2019 1463 fidei

428 1486 481 1540 in
516 1488 744 1541 transitu
779 1489 1053 1559 apostolos
1081 1493 1237 1547 vidit.
1282 1493 1411 1550 Post
1439 1510 1631 1561 annos,
1668 1505 1726 1552 ut
1766 1500 1878 1568 ipse
1922 1500 2017 1565 ait,

425 1577 616 1633 decem
654 1588 709 1633 et
740 1589 946 1649 septem
994 1582 1152 1652 plene
1187 1599 1311 1639 cum
1343 1587 1426 1641 eis
1468 1587 1710 1659 loquitur
1742 1598 1799 1643 et
1825 1604 1884 1644 se
1914 1591 2011 1644 hu-

426 1668 616 1734 utiliat,
640 1680 695 1725 et
724 1686 795 1726 ne
820 1673 959 1728 forte
990 1674 1042 1728 in
1070 1690 1300 1731 vacuum
1327 1688 1595 1744 curreret,
1621 1690 1716 1735 aut
1741 1684 2019 1738 cucurris-

424 1770 530 1827 set,
571 1760 798 1831 inquirit
836 1764 1104 1833 duplicem
1136 1768 1206 1823 ob
1233 1783 1475 1835 causam,
1502 1785 1609 1840 quo
1646 1780 1701 1826 et
1742 1772 2017 1827 humilitas

2128 586 2219 648 rit,
2245 596 2465 655 propter
2489 589 2880 645 multitudinem
2906 595 3244 649 credentium
3267 594 3613 663 Iudaeorum,
3637 601 3726 668 qui

2128 675 2355 729 necdum
2385 687 2638 747 poterant
2662 680 2939 736 Christum
2982 684 3049 738 ad
3080 684 3451 753 impletionem
3478 694 3538 741 et
3564 685 3725 741 tinem

2126 768 2260 837 legis
2305 771 2518 835 audire,
2548 772 2638 842 qui
2682 780 2737 827 et
2766 774 2988 830 absente
3019 774 3185 830 Paulo
3221 777 3624 848 Hierosolyma:
3645 778 3726 848 ja-

2126 866 2429 925 ctaverant,
2458 859 2659 916 frustra
2699 879 2821 918 eum
2852 881 3093 931 currere,
3140 874 3234 920 aut
3263 868 3601 933 cucurrisse,
3635 871 3723 939 qui

2125 954 2341 1014 putaret
2384 950 2557 1021 legem
2607 960 2846 1008 veterem
2890 971 2996 1009 non
3050 957 3400 1025 sequendam.
3450 958 3575 1013 Non
3619 976 3725 1029 quo

2125 1034 2325 1093 Paulus
2371 1040 2643 1107 timuerit,
2690 1058 2758 1097 ne
2805 1058 2903 1112 per
2946 1046 3130 1099 decem
3179 1054 3234 1100 et
3288 1056 3497 1117 septem
3552 1064 3724 1103 annos

2125 1127 2327 1185 falsum
2376 1131 2429 1185 in
2477 1132 2729 1202 gentibus
2775 1134 3125 1205 Evangelium
3178 1136 3583 1205 prmdicasset;
3631 1139 3723 1193 sed

2126 1230 2185 1274 ut
2230 1222 2541 1276 ostenderet
2588 1225 3013 1291 prmcessoribus
3062 1225 3192 1287 suis,
3246 1240 3353 1279 non
3406 1242 3467 1280 se
3510 1227 3570 1280 in
3627 1244 3721 1280 va-

2123 1326 2285 1364 cuum
2313 1326 2556 1376 currere,
2580 1320 2673 1366 aut
2700 1314 3026 1379 cucurrisse,
3052 1314 3191 1369 sicut
3221 1325 3554 1385 putaverant
3585 1318 3725 1387 igno-

2125 1408 2327 1454 rantes.
3637 1410 3641 1411 ⁷

2195 1506 2299 1561 Sed
2343 1524 2503 1577 neque
2557 1508 2729 1574 Titus,
2774 1510 2864 1579 qui
2895 1527 3095 1563 mecum
3127 1521 3275 1573 erat,
3323 1529 3442 1565 cum
3493 1522 3633 1566 esset
3664 1529 3728 1565 ex

2121 1603 2394 1673 gentibus;
2421 1601 2723 1672 compulsus
2746 1614 2821 1656 est
2848 1603 3155 1657 circumcidi
3178 1617 3196 1655 :
3226 1614 3437 1674 prapter
3461 1606 3718 1657 subintro-

2121 1691 2306 1744 duclos
2334 1700 2511 1743 autem
2539 1690 2733 1759 fratres
2758 1689 2945 1758 falsos,
2977 1691 3067 1760 qui
3094 1691 3513 1745 subintroierunt
3538 1690 3719 1757 explo—

2122 1795 2242 1833 rare
2286 1779 2577 1833 libertatem
2622 1790 2891 1845 nostram,
2932 1796 3091 1849 quam
3140 1780 3388 1833 habemus
3421 1781 3474 1831 in
3506 1780 3723 1833 Christo

423 1853 802 1909 ostenderetur
831 1856 1003 1921 Pauli,
1029 1858 1123 1927 qui
1163 1859 1355 1914 doctor
1376 1861 1430 1915 in
1462 1869 1574 1916 toto
1601 1862 1735 1917 orbe
1771 1862 2011 1945 gentium
2039 1846 2085 1903 Β
2112 1869 2264 1939 Iesu,
2292 1881 2351 1924 ιιι
2382 1887 2475 1925 nos
2511 1870 2566 1924 εη
2594 1874 2892 1925 servitutem
2937 1846 3226 1941 ξεάίθενεηι
3250 1885 3267 1921 ;
3297 1872 3491 1941 φαείνω
3516 1876 3592 1925 ad
3626 1873 3715 1925 ho.

424 1946 492 2000 ad
524 1962 884 2017 prtecessores
912 1952 1185 2020 apostolos
1229 1954 1581 2019 cucurrisset,
1611 1963 1666 2008 et
1693 1954 1899 2010 Galatae
1934 1955 2015 2010 di-

423 2049 671 2107 soerent,
712 2056 819 2098 non
864 2043 1186 2114 reprobasse
1215 2046 1565 2118 Evangelium
1601 2046 1719 2116 ejus
1758 2061 1851 2102 eos
1880 2061 2015 2116 quo-

422 2148 528 2204 que
558 2135 650 2204 qui
692 2134 747 2191 in
788 2135 972 2191 Judaea
1003 2136 1264 2193 Ecclesiis
1293 2138 1676 2209 przesidiebant.
1711 2136 1883 2193 Simul
1912 2154 2013 2191 au-

422 2236 533 2280 tem
562 2235 619 2281 et
649 2227 778 2283 illud
805 2226 984 2293 docet,
1013 2228 1157 2298 quod
1186 2244 1287 2299 pro
1307 2228 1509 2284 Christi
1532 2228 1638 2284 ﬁde
1660 2239 1716 2283 et
1736 2228 2012 2298 Evangelii

421 2316 674 2373 libertate
717 2319 785 2373 ad
815 2333 910 2373 eos
940 2320 1085 2389 ipsos
1116 2320 1207 2388 qui
1236 2318 1303 2373 de
1347 2333 1412 2373 eo
1447 2318 1603 2387 plura
1647 2316 1785 2374 falso
1814 2332 2013 2388 cogno-

424 2418 630 2475 verant,
663 2411 810 2480 quod
852 2410 1024 2481 legem
1057 2411 1396 2481 infringeret,
1434 2409 1651 2482 Moysen
1683 2410 2010 2472 destrueret,

420 2498 892 2555 circumcisionem
941 2499 1159 2569 penitus
1192 2498 1452 2564 auferret,
1496 2513 1662 2554 ausus
1712 2500 1784 2557 sit
1817 2498 2015 2553 ducere

420 2590 641 2658 Titum,
679 2590 956 2646 hominem
1003 2590 1474 2656 incircumcisum;
1524 2599 1580 2645 et
1624 2588 1767 2643 inter
1807 2596 2014 2642 tantam

423 2681 823 2737 multitudinem
852 2680 1184 2746 Iudaeorum,
1212 2692 1267 2736 et
1293 2681 1544 2737 inimicos
1569 2673 1716 2745 suos,
1739 2680 1838 2749 qui
1858 2678 2014 2750 quasi

420 2773 493 2827 ob
524 2770 700 2827 zelum
738 2771 874 2842 legis
915 2772 1236 2842 sanguinem
1280 2770 1398 2839 ejus
1434 2770 1653 2826 haurire
1694 2769 2012 2840 cupiebant,

422 2878 523 2918 nec
565 2865 682 2934 ipse
722 2872 935 2929 tamen,
974 2877 1075 2918 nec
1116 2862 1270 2917 Titus
1312 2861 1495 2932 aliquo
1536 2864 1645 2917 sint
1678 2869 1885 2916 terrore
1926 2877 2017 2916 su-

420 2955 594 3027 perati
618 2955 931 3011 necessitati
960 2953 1175 3009 cedere.
1199 2952 1331 3020 Quae
1355 2953 1531 3024 potuit
1554 2953 1757 3008 habere
1776 2952 2013 3016 veniam,

420 3050 506 3104 vel
534 3064 635 3119 pro
664 3048 804 3114 loco,
829 3047 915 3102 vel
948 3063 1049 3118 pro
1082 3046 1411 3101 auctoritate
1440 3045 1709 3115 majorum
1730 3084 1745 3109 ,
1790 3044 1871 3098 vel
1916 3057 2016 3111 pro

422 3154 649 3197 numero
693 3139 1059 3195 Ecclesiarum
1091 3153 1212 3207 qua:
1242 3152 1309 3193 ex
1336 3135 1540 3192 Judteis
1574 3136 1626 3189 in
1654 3135 1871 3191 Οιηὶοιο
1899 3147 2018 3189 cre-

422 3234 653 3299 debant;
686 3231 771 3289 vel
803 3247 901 3301 pro
932 3240 1194 3300 tempore,
1226 3244 1292 3282 ne
1322 3236 1529 3283 tantam
1558 3226 1720 3282 simul
1756 3226 2012 3281 invidiam

422 3323 774 3379 sustinerent.
802 3322 995 3376 Totum
1023 3328 1203 3375 autem
1232 3319 1375 3390 quod
1404 3320 1497 3381 ait,
1526 3318 1658 3373 illud
1689 3327 1800 3383 est,
1831 3326 1889 3371 ut
1920 3315 2017 3372 do-

425 3424 545 3471 ceat
568 3430 628 3470 se
654 3428 935 3483 nunquam
959 3414 1024 3468 de
1052 3420 1399 3483 persecutore
1424 3411 1565 3481 apud
1586 3426 1680 3465 eos
1711 3410 1855 3479 ipsos
1880 3423 2015 3477 quos

426 3508 577 3577 prius
607 3512 926 3577 persecutus
957 3504 1133 3559 fuerat
1163 3504 1405 3574 potuisse
1435 3503 1670 3557 existere
1699 3501 2010 3573 gloriosum,

424 3599 529 3655 nisi
579 3596 891 3669 prmdicatio
935 3594 1054 3665 ejus
1099 3611 1287 3652 eorum
1338 3608 1553 3663 quoque
1594 3593 1686 3662 qui
1731 3600 1857 3648 ante
1890 3607 2014 3647 eum

428 3689 566 3743 male
600 3696 882 3751 noverant,
913 3695 1055 3743 esset
1081 3685 1284 3757 judicio
1312 3682 1681 3755 comprobata,
1709 3691 1766 3737 et
1795 3682 1863 3736 ad
1892 3695 2016 3751 pro-

427 3778 664 3847 positum
692 3776 905 3832 occulte
936 3776 1095 3841 redit,
1127 3784 1242 3831 tam
1272 3775 1437 3830 breve
1469 3782 1681 3842 tempus
1723 3788 1786 3828 se
1826 3773 1881 3827 in
1923 3770 2016 3826 Ju-

427 3873 541 3926 dma
588 3868 783 3924 fecisse
811 3868 1165 3932 confirmans,
1198 3876 1257 3922 ut
1295 3866 1461 3920 etiam
1489 3864 1639 3919 vultu
1674 3862 2016 3918 credentibus

428 3973 575 4019 esset
606 3963 844 4032 ignotus,
868 3976 936 4015 es
969 3976 1077 4030 quo
1102 3959 1338 4014 ostendit
1366 3973 1475 4013 non
1508 3955 1751 4019 Petrum,
1796 3967 1899 4008 non
1928 3951 2018 4005 Ja-

430 4054 662 4117 cobut‘u,
714 4066 823 4107 non
873 4048 1139 4105 Joannem
1184 4063 1242 4103 se
1287 4047 1544 4103 habuisse
1589 4044 1872 4108 doctores,
1923 4045 2019 4098 sed

430 4145 743 4209 Christum,
788 4142 882 4212 qui
932 4141 1034 4197 sibi
1078 4139 1430 4210 Evangelium
1482 4135 1794 4193 revelasset.
1844 4134 2018 4190 Simul

431 4245 611 4291 autem
645 4235 939 4291 notandum
980 4233 1124 4303 quod
1150 4247 1314 4300 supra
1345 4230 1495 4296 dicit,
1526 4228 1824 4285 Ecclesium
1854 4243 2020 4298 expu-

430 4341 643 4393 gnasse,
675 4324 765 4379 hic
792 4324 980 4387 fidem;
1009 4322 1279 4384 homines,
1308 4320 1397 4375 hic
1431 4335 1582 4384 rem;
1612 4326 1672 4373 ut
1701 4334 1801 4375 nec
1824 4333 2019 4389 oppor-

436 4419 617 4472 tunius
660 4415 974 4479 inferretur,
1011 4412 1088 4470 lbi
1126 4412 1461 4483 evangelizat
1499 4408 1679 4474 fidem,
1722 4424 1889 4478 quam
1917 4408 2019 4462 ali-

434 4507 650 4579 quando
676 4508 1042 4577 expugnabat.
1083 4506 1157 4560 Dc
1188 4504 1429 4560 Ecclesia
1463 4502 1608 4559 enim
1649 4500 1897 4558 similiter
1934 4516 2019 4556 so-

436 4616 566 4656 nare
592 4616 699 4655 non
727 4609 960 4670 poterat.

508 4695 760 4750 Seorsum
784 4700 957 4747 autent
1000 4692 1080 4746 Itis
1115 4692 1203 4761 qui
1228 4690 1556 4753 videbantur,
1588 4704 1651 4741 ne
1682 4686 1817 4755 forte
1841 4687 1897 4739 in
1938 4702 2029 4739 va-

437 4803 593 4842 cuum
634 4800 901 4841 currerent
926 4794 1016 4837 aut
1046 4782 1414 4836 cucurrissem.
1453 4778 1609 4845 Quod
1645 4791 1891 4832 seorsum
1926 4789 2026 4830 ex-

440 4878 619 4949 posuit
663 4873 1015 4946 Evaugelium
1057 4872 1139 4927 eis
1178 4871 1269 4942 qui
1316 4869 1629 4926 eminebant
1672 4867 1726 4922 in
1765 4864 2021 4927 Ecclesia,

441 4982 563 5021 cum
578 4965 699 5034 jam
732 4964 863 5017 illud
892 4960 1233 5032 exposuisset
1258 4956 1741 5020 coramomnibus,
1770 4969 1875 5008 non
1907 4954 2030 5008 ideo

443 5063 643 5116 factum
674 5066 779 5120 est,
830 5055 973 5126 quod
1007 5053 1185 5121 aliqua
1236 5050 1367 5104 falsa
1413 5050 1647 5112 dixerat,
1676 5053 1736 5100 ut
1781 5057 2026 5099 seorsum

442 5150 744 5222 potioribus
788 5163 914 5202 vera
961 5146 1185 5208 diceret,
1229 5144 1322 5198 sed
1369 5141 1548 5211 aliqua
1599 5144 1876 5200 tacuerat,
1910 5150 2031 5205 quae

445 5242 621 5297 adhuc
651 5239 859 5311 parvuli
891 5250 1106 5308 portare
1141 5252 1247 5290 non
1284 5240 1571 5304 poterant:
1604 5230 1852 5300 qualibus
1880 5244 1938 5283 se
1963 5228 2029 5282 ad

444 5332 758 5389 Cui-inthios
794 5331 877 5385 lac
907 5329 1036 5383 dicit
1062 5326 1291 5389 dedisse,
1335 5340 1440 5377 non
1468 5337 1650 5377 escam
1682 5319 1733 5392 (Ι
1766 5319 1890 5373 Cor.
1922 5317 2026 5388 ιιι).

445 5424 665 5482 Falsum
702 5421 847 5475 enim
886 5419 1069 5473 dicere
1109 5414 1241 5471 nihil
1273 5414 1418 5469 licet.
1462 5412 1648 5466 Potest
1689 5417 1867 5464 autem
1901 5408 2025 5470 hoc,

445 5514 590 5587 quod
620 5514 696 5567 ait
721 5530 734 5565 :
766 5509 975 5564 Contuli
1003 5524 1117 5561 cum
1140 5507 1214 5560 eis
1249 5502 1609 5574 Evangelium,
1633 5500 1773 5571 quod
1801 5498 2029 5568 pra'dico

448 5608 504 5659 in
548 5604 802 5676 gentibus,
845 5614 1079 5655 seorsum
1122 5607 1296 5651 autent
1336 5596 1415 5648 his
1460 5594 1547 5663 qui
1602 5590 1924 5652 videbantur,
1971 5603 2032 5640 ne

456 5698 588 5763 forte
615 5696 669 5747 in
700 5710 917 5747 vacuum
945 5705 1205 5743 currerent
1236 5698 1323 5741 aut
1364 5685 1727 5744 cucurrissent,
1757 5690 1807 5735 et
1846 5681 1921 5735 sic
1954 5680 2032 5733 in-

459 5782 652 5858 tclﬁgi:
679 5786 819 5855 quotl
848 5782 1157 5838 abscondite
1183 5796 1305 5835 cum
1331 5777 1584 5848 apostolis
1610 5774 1844 5846 gentium
1876 5788 2031 5826 evan~

2113 1974 2228 2012 ram
2267 1959 2516 2012 cessimus
2562 1958 2902 2028 subjectioni,
2948 1967 3006 2012 ut
3039 1959 3227 2013 veritas
3280 1958 3560 2030 Evangelii
3598 1976 3712 2029 per-

2112 2056 2322 2101 maneat
2369 2046 2510 2117 apud
2556 2063 2665 2101 vos.
2710 2046 2768 2102 Si
2800 2046 2977 2112 Titus,
3019 2061 3141 2101 cum
3168 2056 3314 2103 esset
3341 2064 3407 2103 ex
3435 2050 3717 2119 gentibus,

2112 2135 2259 2191 nullo
2312 2138 2489 2206 potuit
2538 2126 2750 2193 terrore
2794 2136 3079 2207 compelli,
3125 2148 3186 2191 ut
3226 2137 3719 2193 circumcideretur

2113 2227 2521 2298 Hierosolymis,
2563 2226 2875 2282 Iudaeorum
2922 2227 3206 2297 metropoli
3234 2228 3475 2293 civitate,
3504 2229 3564 2282 in
3609 2243 3719 2298 qua

2115 2327 2262 2375 tanta
2287 2318 2483 2373 Paulus
2505 2318 2851 2388 blasphemiae
2876 2319 2929 2373 in
2954 2318 3168 2390 Moysen
3192 2317 3455 2390 ﬂagrabat
3479 2318 3718 2382 invidia,

2113 2422 2171 2468 ut
2207 2423 2393 2482 postea
2438 2424 2576 2481 pene
2617 2425 2649 2465 a
2685 2409 2885 2465 Iudaeis
2929 2410 3247 2464 interfectus
3294 2412 3395 2474 sit,
3423 2411 3653 2479 quando
3688 2428 3720 2464 a

2114 2502 2331 2558 tribuno
2379 2500 2663 2565 liberatus,
2699 2508 2753 2555 et
2801 2499 3030 2554 Romam
3068 2501 3282 2555 vinctus
3328 2502 3393 2554 ad
3434 2499 3718 2554 Cursarem

2113 2592 2366 2646 mittitur.
2391 2589 2533 2657 Quid
2551 2598 2655 2655 est,
2687 2598 2745 2643 ut
2776 2604 2868 2644 vos
2891 2588 3378 2653 circumcldamini,
3408 2604 3526 2643 cum
3552 2588 3721 2643 Titus

2114 2683 2182 2738 ab
2230 2682 2507 2752 apostolis,
2538 2682 2631 2752 qui
2676 2681 3003 2736 videbantur
3049 2679 3252 2748 aliquid
3296 2693 3432 2743 esse,
3466 2695 3576 2733 non
3631 2689 3717 2733 est

2114 2772 2423 2843 compulsus
2458 2772 2803 2836 circumcidi,
2836 2769 2929 2826 sed
2976 2778 3269 2839 susceptus
3302 2776 3385 2824 est
3410 2770 3717 2823 incircum-

2115 2866 2261 2920 cisus
2286 2879 2300 2918 :
2330 2865 2434 2919 hoc
2463 2864 2517 2918 in
2547 2871 2660 2918 toto
2683 2863 2950 2918 sermonis
2976 2861 3059 2916 sui
3086 2870 3339 2915 contextu
3370 2860 3494 2930 agit,
3528 2868 3593 2913 ut
3623 2860 3722 2913 do-

2116 2968 2238 3016 ceat
2258 2972 2316 3015 se
2343 2957 2630 3014 Hebraeum
2661 2972 2726 3012 ex
2757 2955 3020 3020 Hebraeis,
3050 2954 3233 3009 omnia
3262 2954 3530 3023 quondam
3569 2953 3718 3023 legis

2116 3066 2281 3121 Opera
2319 3058 2662 3114 servantem,
2702 3047 3097 3104 Circumcisum
3147 3055 3338 3100 octava
3377 3045 3482 3108 die,
3510 3058 3723 3097 secun-

2119 3141 2244 3196 dum
2274 3139 2447 3210 legem
2472 3138 2804 3193 Pharisceum
2833 3155 2844 3189 :
2871 3134 3234 3208 Nihilominus
3260 3143 3437 3187 tamen
3461 3131 3530 3185 ob
3548 3131 3720 3186 Chri«

2120 3232 2191 3287 sti
2237 3230 2469 3299 gratiam
2506 3229 2759 3283 universa
2807 3234 3178 3281 contemnere.
3227 3222 3364 3277 Nam
3404 3238 3526 3277 cum
3576 3223 3720 3276 isset

2118 3321 2569 3392 Hierosolymam,
2594 3330 2647 3374 et
2676 3317 2800 3372 falsi
2832 3317 3061 3381 fratres,
3082 3315 3173 3384 qui
3201 3330 3267 3369 ex
3297 3313 3715 3369 circumcisione

2117 3414 2478 3477 crediderant,
2509 3426 2632 3465 eum
2662 3409 2858 3465 vellent
2892 3406 3171 3478 impellere
3200 3414 3259 3458 ut
3293 3404 3714 3459 circumcideret

2118 3506 2298 3561 Titum
2326 3524 2337 3559 :
2385 3520 2485 3560 nec
2524 3504 2703 3557 Titum
2724 3542 2737 3565 ,
2769 3516 2869 3556 nec
2895 3515 2953 3554 se
2984 3498 3214 3553 cessisse
3242 3495 3526 3559 violentize,
3564 3509 3715 3563 quo-

2118 3600 2296 3654 minus
2321 3597 2661 3654 custodirent
2686 3592 2961 3663 Evangelii
2988 3590 3295 3645 veritatem.
3322 3586 3474 3654 Quod
3499 3586 3541 3639 si
3573 3586 3716 3639 dicit

2117 3704 2175 3745 se
2207 3690 2533 3745 necessitate
2570 3691 2903 3756 superatum,
2938 3690 2997 3737 ut
3040 3678 3457 3736 circumcideret
3500 3675 3716 3738 Titum,

2117 3779 2387 3849 quomodo
2434 3776 2659 3833 Galatas
2708 3781 2930 3830 revocat
2974 3786 3005 3825 a
3053 3767 3490 3832 circumcisione,
3534 3780 3565 3817 a
3599 3780 3712 3835 qua

2118 3883 2220 3925 nec
2249 3869 2453 3929 Titum,
2491 3866 2582 3935 qui
2624 3878 2808 3920 secum
2842 3860 3017 3916 fuerat
3056 3874 3123 3914 ex
3168 3857 3420 3928 gentibus
3446 3853 3709 3908 Hier-uso-

2119 3959 2275 4031 lymis
2307 3957 2482 4027 potuit
2508 3952 2806 4010 excusare?
2831 3951 3017 4019 Itaque
3045 3956 3139 4001 aut
3176 3947 3335 4016 juxta
3376 3942 3591 3999 Graecos
3619 3955 3713 3995 co-

2121 4049 2268 4103 dices
2291 4056 2375 4102 est
2402 4045 2707 4117 legendum,
2737 4040 2935 4107 Quibus
2967 4053 3131 4109 neque
3155 4034 3225 4090 ad
3257 4035 3442 4088 horam
3463 4031 3713 4085 cessimus

2121 4137 2451 4206 subiectioni,
2484 4145 2544 4190 ut
2585 4140 2982 4203 consequenter
3023 4130 3197 4199 possit
3235 4124 3482 4196 intelligi,
3520 4131 3572 4175 ut
3615 4138 3706 4175 ee-

2123 4228 2250 4280 ritas
2296 4222 2573 4294 Evangelii
2612 4229 2914 4291 permaneat
2957 4218 3097 4288 apud
3130 4232 3240 4269 vos.
3285 4214 3396 4267 Aut
3439 4212 3485 4266 si
3527 4208 3710 4265 Latini

2122 4313 2444 4385 exemplaris
2466 4310 2628 4366 alicui
2661 4309 2777 4363 ﬁeri
2810 4307 3011 4377 placet,
3039 4303 3335 4359 secundum
3368 4300 3707 4370 superiorem

2124 4420 2341 4462 sensum
2370 4404 2615 4474 accipere
2654 4401 2931 4461 detentus,
2960 4405 3020 4451 ut
3059 4396 3129 4451 ad
3159 4396 3350 4450 horam
3392 4390 3567 4447 cessio
3600 4403 3710 4444 non

2126 4494 2544 4553 circumcidendi
2608 4492 2824 4555 Titum,
2883 4490 2975 4544 sed
3048 4486 3210 4542 eundi
3284 4481 3710 4551 Hiemelymam

2048 4548 2101 4609 Β
2131 4548 2514 4648 Quod
2560 4579 2767 4634 scilicet
2812 4548 3019 4632 idcirco
3068 4573 3393 4644 subjectioni
3446 4548 3715 4626 cesserint

2133 4674 2329 4730 Paulus
2357 4680 2411 4727 et
2451 4669 2731 4725 Barnabas
2755 4666 2916 4721 eundi
2952 4664 3407 4733 Hierosolymam,
3447 4658 3714 4715 seditione

2132 4764 2203 4822 ob
2228 4764 2401 4835 legem
2426 4759 2726 4816 Antiochiae
2749 4758 3041 4819 concitata,
3069 4763 3127 4808 ut
3152 4768 3247 4823 per
3275 4749 3560 4821 epistolam
3585 4762 3715 4818 apo-

2133 4857 2398 4915 stolorum
2427 4868 2524 4908 sua
2553 4849 2826 4907 sententia
2855 4848 3186 4908 firmaretur,
3220 4852 3276 4898 et
3301 4848 3547 4897 maneret
3574 4838 3715 4908 apud

2135 4950 2354 5006 Galatas
2378 4944 2652 5015 Evangelii
2685 4943 2910 5004 veritas,
2951 4954 3070 5008 qum
3095 4953 3203 4991 non
3232 4943 3379 4991 esset
3425 4935 3480 4987 in
3514 4932 3714 4992 littera,

2129 5043 2225 5099 sed
2252 5041 2305 5095 in
2336 5037 2575 5110 Spiritu;
2604 5051 2710 5089 non
2739 5035 2791 5088 in
2836 5030 3041 5088 carnali
3084 5044 3265 5089 sensu,
3299 5026 3394 5081 sed
3424 5026 3479 5079 in
3520 5022 3719 5079 intelli-

2131 5131 2314 5203 gentia
2354 5127 2583 5199 spiritali
2620 5142 2633 5179 :
2668 5139 2770 5179 nec
2817 5123 2871 5177 in
2904 5118 3191 5175 manifesto
3210 5114 3512 5179 Judaismo,
3540 5113 3636 5168 sed
3668 5112 3719 5165 in

2131 5220 2365 5277 occulto.
2396 5216 2625 5285 Quidam
2650 5221 2774 5284 post
2796 5207 3208 5281 quatuordecim
3234 5220 3409 5261 annos
3436 5220 3560 5259 eum
3588 5203 3717 5257 llic-

2134 5312 2462 5383 rosolymam
2507 5307 2835 5368 ascendisse,
2865 5312 2993 5357 tunc
3020 5302 3227 5363 dicunt,
3254 5296 3470 5368 quando
3516 5295 3569 5348 in
3611 5293 3715 5383 Act

2137 5377 2298 5457 tibus-
2326 5398 2691 5470 apostolorum
2723 5394 2789 5448 de
2819 5390 3207 5462 questionibus
3248 5382 3603 5440 observanda:
3635 5377 3713 5434 vel

2137 5488 2609 5561 prmtermittendte
2642 5484 2777 5556 legis
2814 5480 3232 5541 intercedentes,
3275 5472 3575 5529 Antiochia
3597 5476 3712 5523 orta

2138 5583 2400 5639 dissensio
2436 5587 2547 5640 est,
2581 5586 2636 5632 et
2664 5574 2863 5645 placuit
2893 5572 2971 5627 ire
3016 5567 3466 5637 Hierosolymam,
3499 5569 3554 5615 et
3595 5574 3715 5612 seu-

2141 5672 2360 5727 tentiam
2413 5665 2677 5733 majorum
2725 5659 3061 5732 praestolari:
3092 5655 3309 5726 quando
3355 5653 3470 5720 ipse
3504 5660 3716 5715 quoque

2139 5765 2335 5822 Paulus
2374 5770 2422 5817 ct
2475 5758 2743 5813 Barnabas
2780 5753 2925 5808 missi
2972 5760 3091 5806 sunt
3125 5768 3136 5804 :
3170 5757 3227 5802 ct
3271 5746 3373 5802 hoc
3416 5755 3536 5798 esse
3576 5735 3718 5803 Quod
