3906 6368
176 457 291 513 857

1120 460 1373 516 ENARR.
1417 463 1486 520 IN
1526 463 1746 519 EPlST.
1794 465 1854 520 D.
1899 467 2102 525 PAULI
2142 472 2233 528 AD
2271 475 2522 531 GALAT.

3350 490 3452 546 838

176 570 235 624 in
275 569 550 626 codicibus
579 569 790 641 legatur
817 570 1046 637 Latinis,
1075 573 1261 643 quibus
1290 576 1358 628 ad
1385 576 1570 629 horam
1611 576 1768 629 cessi-
1796 579 1844 636 Α
1871 578 2014 645 quod
2062 578 2377 648 perfectioni
2417 582 2534 651 ejus
2575 586 2852 643 adderent.
2884 590 2974 642 sed
3006 593 3183 661 potius
3218 596 3460 652 viderent

176 677 299 715 mus
347 661 688 731 subjectiom',
731 673 789 716 ut
829 664 1022 718 veritas
1069 662 1340 734 Evangelii
1389 677 1766 735 perseveraret

172 752 321 821 apud
350 768 454 806 vos.
482 751 634 819 Quod
678 753 885 808 scilicet
914 762 1200 824 propterea
1244 754 1441 811 Paulus
1474 766 1529 812 et
1557 757 1765 812 Barna-

170 842 295 907 bas,
340 843 406 897 de
445 858 504 897 re
535 841 855 910 manifesta,
899 845 1053 914 quasi
1098 845 1288 909 dubia,
1329 861 1388 901 se
1434 848 1577 902 mitti
1617 848 1762 919 passi

169 940 303 987 sunt
351 931 805 1005 Hierosolymam,
850 942 912 989 ut
962 937 1230 1006 majorum
1292 952 1507 1008 quoque
1555 938 1763 1009 judicio

170 1025 446 1097 Evangelii
476 1028 648 1098 gratia
678 1030 998 1085 conlirmata
1040 1033 1387 1089 credentibus
1415 1036 1759 1106 probaretur,

168 1122 227 1170 et
282 1117 413 1171 nulli
481 1118 747 1175 resideret
799 1120 941 1176 ultra
1000 1122 1272 1178 dubitatio
1332 1125 1761 1184 circumeisionis

164 1206 411 1272 omissae,
442 1223 564 1262 cum
591 1211 959 1280 apostolorum
999 1223 1144 1268 esset
1174 1214 1370 1269 litteris
1410 1217 1757 1287 imperatum,

157 1296 354 1367 jngum
383 1296 519 1369 legis
543 1300 611 1354 ab
653 1302 719 1355 iis
747 1302 837 1371 qui
868 1303 919 1356 in
948 1302 1226 1359 Christum
1267 1321 1334 1361 ex
1359 1308 1610 1378 gentibus
1640 1326 1759 1366 cre-

163 1389 420 1444 diderant
460 1390 833 1448 auferendum.
861 1393 1153 1451 Sciendum
1182 1413 1313 1453 vero
1348 1399 1513 1469 quod,
1560 1412 1754 1468 autem,

161 1478 497 1546 conjunctio,
541 1497 661 1551 qua:
708 1482 763 1537 in
807 1486 1058 1554 praesenti
1107 1487 1226 1542 loco
1267 1490 1502 1558 ponitur,
1548 1502 1758 1560 propter

157 1568 589 1625 subintroductos
617 1581 792 1626 autem
819 1574 982 1643 fa’sos
1014 1576 1206 1646 fratres
1229 1578 1496 1648 superflua
1523 1582 1620 1644 sit;
1651 1584 1752 1638 etsi

155 1658 397 1727 legatur,
442 1676 547 1715 non
580 1662 776 1718 habeat
820 1666 963 1733 quod
1007 1668 1055 1721 ei
1101 1669 1448 1738 respondeat,
1494 1672 1754 1744 illamque

154 1750 472 1806 concludat.
519 1753 625 1809 Sed
650 1755 797 1809 hunc
822 1771 945 1812 esse
970 1758 1216 1814 ordinem
1263 1761 1510 1818 lectionis
1538 1774 1591 1818 et
1623 1782 1749 1819 sen-

151 1856 290 1895 sus:
324 1840 431 1896 Sed
460 1858 633 1913 neque
678 1844 849 1909 Titus,
879 1847 969 1915 qui
1000 1864 1212 1903 mecum
1249 1861 1398 1915 erat,
1436 1867 1560 1906 cum
1605 1864 1750 1909 esset

149 1948 230 1989 ex.
272 1935 545 2005 gentibus,
584 1939 894 2007 compulsus
936 1949 1022 1995 est
1066 1942 1415 2008 circumcidi,
1459 1945 1748 2014 statimque
1777 1925 1824 1983 Β

147 2025 448 2097 subjungat
492 2043 610 2097 quae
656 2043 820 2083 causa
867 2030 1032 2085 fuerit
1071 2040 1130 2086 ut
1176 2033 1242 2087 ad
1283 2034 1748 2089 circumcisionem

144 2115 526 2185 impelleretur
566 2118 805 2174 invitus:
846 2130 1058 2192 propter
1099 2123 1529 2179 subintroductos
1572 2139 1747 2182 autem

142 2204 319 2272 falsos
348 2206 563 2274 fratres,
591 2208 681 2278 qui
706 2208 1120 2267 subintroierunt
1152 2213 1429 2285 explorare
1456 2215 1745 2271 libertatm

143 2304 410 2357 nostram,
446 2313 604 2366 quam
648 2298 897 2354 habemus
926 2301 980 2355 in
1014 2301 1222 2356 Christo
1266 2303 1415 2368 Jrsu,
1464 2314 1519 2357 ut
1556 2322 1648 2359 nos
1692 2306 1745 2358 in

137 2384 446 2437 servitutem
488 2387 799 2456 redigerent.
830 2388 885 2443 id
917 2398 1030 2455 est,
1063 2391 1140 2445 illi
1179 2392 1270 2461 qui
1313 2394 1745 2449 subintroierunt

137 2474 434 2544 explorare
466 2476 769 2533 libertatem
799 2490 1059 2546 nostram,
1102 2484 1453 2539 vehementer
1479 2485 1738 2539 observa-

139 2566 279 2619 bant
305 2574 359 2620 et
382 2567 671 2637 cupiebant
698 2571 1011 2626 circumcidi
1036 2573 1240 2639 Titum,
1274 2582 1333 2628 ut
1367 2574 1480 2644 jam
1507 2575 1742 2630 circum-

137 2654 431 2719 cisionem,
468 2657 637 2711 etiam
661 2657 833 2728 ipsius
870 2661 1022 2715 Pauli
1059 2664 1405 2718 attestatioue
1430 2672 1485 2719 et
1515 2681 1740 2720 consen-

136 2744 322 2809 sione,
366 2754 620 2816 tanquam
648 2749 809 2804 saluti
838 2753 1224 2820 necessariam,
1256 2756 1615 2824 praedicarent
1642 2776 1654 2810 :
1685 2768 1740 2812 et

136 2834 224 2887 sic
261 2848 358 2889 eos
401 2835 453 2888 in
483 2837 802 2893 servitutem
848 2842 1175 2912 redigerent,
1206 2844 1257 2897 id
1289 2854 1393 2909 est,
1442 2848 1541 2902 sub
1574 2863 1738 2903 onera

137 2925 287 2997 legis
312 2928 529 2983 servilia
573 2941 930 2986 revocarent:
963 2935 1158 3002 quibus
1193 2951 1251 2990 se
1284 2952 1383 2991 nec
1413 2938 1479 2992 ad
1523 2939 1735 3005 horam,

137 3017 198 3071 id
232 3027 331 3080 est,
365 3034 463 3073 nec
490 3020 559 3074 ad
606 3029 816 3091 tempus
858 3024 1089 3079 cessisse
1132 3025 1264 3080 dicit
1293 3026 1500 3096 subject
1523 3029 1641 3093 oni,
1681 3038 1739 3083 ut

134 3106 349 3161 veritas
384 3107 659 3179 Evangelii
686 3120 1031 3179 permaneret
1069 3114 1212 3182 apud
1248 3124 1453 3185 gentes,
1480 3118 1574 3185 qui
1611 3134 1735 3171 cum

134 3195 328 3261 minis,
376 3206 607 3263 terrore,
647 3200 988 3255 multitudine
1030 3202 1229 3258 vellent
1272 3220 1370 3259 nos
1409 3221 1441 3259 a
1486 3206 1735 3262 libertate

135 3286 344 3342 Christi
375 3289 428 3341 in
456 3288 589 3359 legis
620 3290 902 3347 traducere
928 3293 1266 3360 servitutem,
1300 3312 1400 3350 nec
1429 3297 1495 3350 ad
1525 3308 1735 3368 tempus
1764 3285 1808 3344 (ἶ

137 3378 363 3447 quidem
405 3380 485 3434 eis
533 3381 797 3435 cessimus
836 3391 896 3436 ut
944 3384 1457 3441 circumcideremus
1504 3387 1682 3442 Titum
1719 3408 1730 3443 :

134 3468 381 3523 maxime
407 3484 529 3523 cum
558 3478 612 3523 et
638 3469 817 3540 aliqua
842 3473 911 3527 ob
951 3473 1388 3529 Ecclesiasticam
1421 3493 1608 3546 pacem
1642 3495 1735 3548 po-

136 3558 312 3610 tuerit
358 3573 456 3612 nos
484 3560 781 3615 necessitas
824 3577 1127 3617 excusare:
1160 3566 1224 3618 Et
1253 3566 1355 3620 hoc
1397 3575 1566 3621 totum
1606 3566 1736 3622 feei-

135 3661 262 3700 mus
290 3656 348 3700 ut
375 3648 526 3703 vobis
555 3650 697 3703 nulla
727 3649 881 3706 fieret
910 3655 1125 3709 occasio
1155 3655 1222 3708 ab
1252 3656 1526 3727 Evangelii
1556 3659 1731 3729 gratia

135 3736 451 3792 recedendi.
506 3737 563 3793 Si
604 3740 767 3811 igitur
800 3741 1189 3815 Hierosolymis
1224 3745 1366 3799 inter
1411 3754 1590 3803 tantos
1638 3747 1731 3802 .lu-

132 3826 316 3891 daeos,
362 3827 765 3885 imminentibus
799 3831 926 3885 hinc
978 3832 1099 3887 inde
1143 3832 1294 3888 falsis
1346 3834 1637 3901 fratribus,
1677 3846 1734 3892 et

133 3915 227 3970 bis
270 3916 362 3986 qui
414 3918 647 3987 majores
683 3929 870 3987 erant,
914 3922 1092 3993 aliqua
1132 3939 1198 3978 ex
1232 3935 1385 3995 parte
1422 3926 1731 3982 cohibenti-

130 4008 260 4073 hus,
299 4008 444 4063 nulla
489 4010 761 4079 potuimus
794 4012 847 4066 vi
885 4028 949 4067 ac
996 4015 1208 4069 ratione
1254 4017 1504 4085 compelli
1534 4026 1594 4072 ut
1630 4020 1729 4073 ob-

134 4110 481 4154 servaremus
524 4101 1031 4168 circumcisionem,
1068 4121 1229 4174 quam
1262 4108 1571 4165 sciebamus
1608 4125 1730 4166 esse

134 4188 391 4253 ﬁnitam,
438 4204 533 4245 vos
598 4205 664 4245 ex
718 4193 995 4262 gentibus,
1047 4211 1143 4250 vos
1193 4198 1247 4251 in
1296 4196 1546 4265 Galatia,
1596 4216 1724 4267 vos,

134 4280 336 4350 quibus
365 4282 443 4335 vis
484 4282 628 4337 nulla
667 4283 856 4340 inferri
896 4294 1101 4356 potest,
1133 4289 1277 4345 ultro
1305 4306 1335 4344 a
1368 4292 1542 4361 gratia
1580 4309 1728 4348 rece—

133 4371 330 4425 dentes
379 4371 445 4425 ad
500 4371 635 4443 legis
680 4372 793 4442 jam
852 4376 1067 4431 abolita:
1130 4380 1524 4433 transcendetis
1574 4388 1727 4434 vetu—

134 4470 360 4517 etatem.

206 4570 283 4623 Ab
331 4570 411 4624 Itis
442 4580 635 4633 autem,
668 4572 758 4641 qui
802 4572 1109 4627 videbantur
1135 4592 1246 4629 esse
1279 4576 1512 4646 aliquid,
1543 4578 1724 4646 quales

132 4658 422 4729 aliquando
456 4657 671 4727 fuerint,
704 4660 837 4713 nihil
864 4678 979 4715 mea
1016 4664 1249 4718 interest.
1278 4665 1421 4719 Deus
1449 4684 1725 4735 personant

132 4746 361 4800 hominis
400 4763 504 4800 non
543 4749 750 4817 accipit.
782 4749 950 4815 Licet,
982 4750 1178 4821 inquit,
1210 4753 1429 4808 Petrqu
1461 4763 1515 4809 et
1560 4755 1725 4812 Joan-

136 4844 261 4890 nem
295 4836 554 4891 Dominus
584 4853 765 4892 secum
815 4842 1085 4908 apostolos
1117 4844 1384 4910 habuerit,
1413 4855 1466 4901 et
1506 4849 1725 4904 transii-

134 4935 387 4996 guratutn
428 4942 551 4981 eum
592 4928 644 4981 in
677 4937 857 4983 monte
884 4931 1135 4999 viderint,
1166 4942 1219 4989 et
1246 4951 1409 5005 super
1440 4938 1586 5008 ipsos
1622 4940 1722 4996 Ec-

134 5017 315 5071 etesiae
341 5016 412 5070 sit
437 5017 670 5086 positum
704 5018 1132 5088 fundamentum,
1163 5027 1293 5080 nihil
1324 5044 1440 5084 mea
1468 5031 1716 5099 interest,

134 5104 263 5172 quia
309 5118 415 5157 non
452 5104 737 5159 adversum
770 5122 863 5162 eos
894 5108 1086 5179 loquor
1108 5113 1199 5182 qui
1240 5129 1305 5168 eo
1345 5125 1583 5187 tempore
1612 5121 1717 5176 Do—

138 5194 346 5245 minum
382 5195 767 5262 sequebantur,
795 5198 887 5251 sed
920 5199 1175 5255 adversus
1212 5217 1304 5256 eos
1344 5206 1436 5272 qui
1480 5223 1619 5261 nunc
1643 5208 1717 5263 lc-

136 5290 256 5349 gem
284 5294 589 5351 proponunt
619 5286 823 5354 gratiae.
867 5287 975 5343 Nec
1017 5288 1245 5345 detraho
1271 5296 1714 5362 praecessoribus,

137 5384 239 5423 nec
285 5370 337 5423 in
366 5371 542 5440 aliqua
571 5384 722 5441 parte
763 5392 957 5431 accuso
995 5378 1265 5447 majores:
1298 5385 1390 5438 se]
1437 5386 1539 5439 hoc
1571 5386 1713 5452 dico,

137 5464 261 5532 quia
289 5463 428 5518 Deus
455 5482 730 5533 personam
756 5470 978 5525 hominis
1011 5489 1113 5525 non
1152 5476 1362 5544 accipit,
1389 5478 1439 5531 id
1465 5488 1565 5543 est,
1600 5480 1715 5535 sine

135 5570 490 5625 personarum
527 5562 837 5628 acceptione
869 5564 935 5616 ad
972 5565 1195 5619 salutem
1230 5569 1459 5633 vocavit,
1500 5588 1601 5625 non
1632 5589 1715 5625 re-

133 5654 322 5711 putans
346 5644 452 5697 illis
474 5644 662 5699 delicta
688 5665 884 5703 eorum.
914 5650 978 5704 Et
1003 5651 1121 5706 ideo
1142 5655 1455 5711 absentibus
1480 5658 1604 5723 illis,
1625 5661 1712 5729 qui

135 5734 337 5800 priores
366 5732 494 5789 facti
542 5747 694 5790 erant
736 5740 993 5807 apostoli,
1041 5740 1236 5798 Paulus
1265 5763 1293 5797 a
1327 5746 1552 5800 Domino
1593 5764 1626 5817 p
1664 5767 1715 5802 r-

136 5826 298 5882 fertns
331 5836 450 5893 est,
486 5836 539 5881 ut
578 5831 791 5898 quando
832 5848 951 5886 eum
983 5834 1060 5888 cis
1103 5836 1354 5901 contulit,
1400 5838 1534 5891 nihil
1572 5851 1712 5894 esset

1869 668 2118 722 eumdem
2152 669 2436 725 Dominum
2461 671 2641 728 Jesum
2682 674 2980 745 Christum,
3009 682 3098 751 qui
3131 682 3247 738 sine
3272 701 3459 754 ρει-εον

1868 772 2059 811 narum
2103 761 2418 830 acceptione
2450 763 2627 819 salvos
2673 765 2823 832 facit,
2867 769 2970 823 hoc
3012 770 3224 827 dedisse
3266 772 3459 844 Paulo,

1866 857 1925 902 ut
1955 850 2290 906 ministraret
2315 854 2586 922 gentibus,
2626 858 2768 925 quod
2809 860 2972 917 etiam
3005 859 3167 915 Petro
3205 864 3455 933 dederat,

1866 944 1925 990 ut
1951 938 2284 994 ministraret
2310 940 2527 997 Iudaeis.
2571 943 2689 998 Non
2718 961 2846 1017 ergo
2874 948 3074 1003 inventi
3104 961 3231 1006 sunt
3262 953 3316 1007 in
3354 953 3456 1010 ali-

1863 1043 1970 1097 quo
1993 1029 2280 1086 dissentire
2306 1033 2371 1086 ab
2394 1032 2501 1095 illo,
2531 1042 2590 1089 ut
2608 1051 2734 1090 cum
2765 1037 2851 1091 ille
2877 1054 2934 1093 se
2962 1040 3257 1109 perfectum
3282 1044 3458 1098 Evan-

1861 1118 2080 1189 gelium,
2112 1123 2388 1193 accepisse
2420 1125 2654 1191 diceret,
2703 1127 2779 1181 illi
2814 1142 3107 1200 negarent,
3155 1141 3209 1188 et
3246 1134 3451 1204 aliquid

1860 1210 2077 1276 vellent,
2112 1221 2367 1283 tanquam
2402 1215 2740 1286 imperfecto,
2779 1219 3015 1276 addere:
3051 1224 3143 1277 sed
3178 1240 3208 1278 e
3235 1233 3459 1278 contra-

1860 1301 1939 1356 rio
1968 1316 2073 1371 pro
2091 1304 2573 1374 reprehensoribus
2602 1309 3026 1378 imperfectionis
3055 1313 3449 1382 approbatores

1856 1391 2204 1461 perfectionis
2245 1393 2467 1450 fuerunt
2501 1415 2515 1450 :
2544 1407 2601 1452 et
2643 1400 2906 1455 dederunt
2948 1402 3171 1458 dextras
3214 1406 3448 1459 societa-

1858 1485 1948 1548 tis,
1982 1485 2037 1539 id
2074 1495 2186 1552 est,
2232 1499 2629 1544 consenserunt
2668 1491 2721 1545 in
2767 1493 3116 1558 societatem,
3163 1504 3215 1550 et
3262 1512 3451 1565 parue-

1856 1582 1982 1629 runt
2025 1575 2286 1632 voluntati
2332 1578 2578 1645 Domini,
2614 1584 3040 1649 consentientes,
3064 1592 3125 1637 ut
3169 1584 3367 1639 Paulus
3393 1596 3450 1641 et

1855 1662 2131 1721 Barnabas
2176 1667 2319 1722 irent
2362 1671 2429 1723 ad
2459 1678 2683 1740 gentes:
2724 1672 2822 1742 ipsi
2855 1682 3036 1728 autem
3069 1676 3126 1729 in
3159 1677 3447 1732 circumci-

1853 1753 2024 1819 sione,
2057 1770 2177 1824 qute
2220 1759 2498 1827 praeputio,
2544 1760 2595 1815 id
2623 1769 2708 1815 est
2748 1762 2998 1831 gentibus
3042 1766 3316 1819 contraria
3360 1767 3444 1820 vi-

1852 1842 2029 1897 detur.

1925 1931 2059 1985 .ilihi
2080 1943 2254 1988 autem
2273 1935 2363 2004 qui
2398 1935 2742 2003 videbantur,
2762 1938 2896 1992 nihil
2922 1939 3271 1995 contulerunt.
3298 1941 3443 1996 Nihil

1854 2037 1912 2076 se
1928 2023 2058 2077 dicit
2082 2024 2151 2077 ab
2176 2027 2437 2095 apostolis
2459 2036 2795 2093 assecutum,
2823 2031 2915 2085 sed
2944 2046 2974 2085 a
3002 2031 3113 2086 Deo
3143 2051 3154 2086 :
3186 2034 3314 2102 quia
3343 2035 3435 2102 qui

1850 2112 2119 2182 imperitis
2155 2131 2373 2171 sensum
2399 2116 2587 2171 tribuit
2621 2119 2918 2190 disciplina:
2948 2122 3290 2188 Cbristianm,
3325 2125 3439 2194 ipse

1850 2212 1906 2258 et
1928 2206 2082 2270 mihi,
2116 2205 2293 2275 inquit
2341 2223 2465 2262 cum
2495 2223 2669 2263 essem
2695 2209 2827 2281 legis
2850 2214 3058 2280 peritus
3084 2214 3335 2285 dignatus
3356 2224 3442 2272 est

1846 2295 2127 2364 impartire
2190 2313 2409 2353 sensum
2466 2308 2693 2355 rationis
2759 2302 3089 2372 hujusmodi.
3155 2304 3439 2373 Quomodo

1846 2398 1977 2454 ergo
2012 2386 2127 2441 ﬁeri
2159 2396 2391 2457 poterat,
2441 2399 2501 2444 ut
2531 2390 2621 2444 hic
2651 2392 2717 2445 ab
2747 2393 2832 2447 his
2871 2393 3126 2449 disceret.
3157 2410 3317 2465 quem
3342 2413 3449 2467 pe-

1844 2477 2009 2531 ritum
2040 2479 2321 2535 inveniens
2349 2482 2663 2550 peritiorem
2688 2481 2815 2537 fecit
2852 2484 3024 2552 gratia
3046 2484 3245 2541 Christi
3272 2487 3431 2557 ?lpse

1844 2567 2094 2637 superius
2124 2583 2249 2622 cum
2282 2569 2385 2623 illis
2440 2570 2686 2635 contulit,
2718 2580 2773 2625 et
2803 2572 2972 2626 multa
2997 2575 3066 2628 ad
3086 2589 3180 2630 eos
3224 2576 3431 2641 retulit,

1841 2674 1961 2728 qua:
2002 2660 2054 2712 in
2104 2661 2356 2730 gentibus
2383 2670 2744 2731 perpetrarat.
2797 2663 2876 2717 illi
2918 2664 3051 2718 nihil
3089 2666 3435 2721 contulerunt

1842 2751 1914 2813 ei,
1950 2751 2043 2803 sed
2078 2752 2474 2815 tantummodo,
2510 2769 2630 2821 qua:
2654 2754 2722 2806 ab
2751 2769 2816 2808 eo
2842 2755 2984 2809 dicta
3014 2765 3157 2818 sunt,
3183 2772 3440 2828 compro—

1840 2840 2067 2904 bantes,
2115 2839 2337 2895 dextras
2383 2842 2579 2898 dedere
2634 2846 2913 2910 consortii,
2972 2855 3028 2902 et
3057 2863 3222 2902 unum
3270 2864 3425 2905 suum

1840 2931 2101 3003 Paulique
2126 2933 2479 3005 Evangelium
2512 2936 2884 2992 firmaverunt.

1912 3041 2018 3096 Sed
2047 3053 2251 3109 contra,
2290 3062 2408 3098 cum
2434 3047 2701 3114 vidissent,
2738 3051 2878 3120 quod
2904 3052 3161 3106 creditum
3191 3064 3265 3109 est
3298 3057 3428 3111 mihi

1840 3129 2191 3201 Evangelium
2220 3135 2463 3204 pra'putii
2494 3177 2508 3200 ,
2538 3137 2673 3190 sicut
2703 3147 2751 3191 et
2794 3138 2953 3194 Petro
2989 3142 3422 3200 circumcisionis.

1840 3223 2035 3278 Totum
2066 3235 2271 3291 autem,
2296 3230 2439 3298 quod
2462 3230 2613 3294 dicit,
2643 3232 2747 3286 hoc
2776 3243 2882 3298 est,
2908 3251 3070 3290 unum
3095 3247 3256 3307 atque
3281 3242 3423 3296 idem

1840 3315 1974 3369 mihi
2004 3317 2350 3387 Evangelium
2404 3323 2651 3391 przeputii
2701 3333 2755 3377 et
2782 3324 2942 3379 Petro
2995 3329 3427 3388 circumcisionis

1838 3406 2088 3461 credidit.
2124 3406 2205 3461 Me
2228 3410 2374 3463 misit
2400 3411 2465 3464 ad
2498 3422 2707 3481 gentes,
2740 3414 2753 3467 i
2782 3415 2891 3467 lum
2926 3419 3104 3485 posuit
3136 3420 3187 3473 in
3218 3419 3422 3476 Judzea.

1836 3492 1947 3548 Nec
1970 3504 2158 3565 gentes
2182 3506 2436 3567 poterant
2458 3500 2639 3554 adulta
2662 3500 2775 3569 jam
2800 3513 2957 3559 (etate
2985 3523 3090 3561 non
3117 3525 3214 3579 pro
3244 3510 3425 3567 futuro

1834 3586 2265 3643 circumeision'rs
2292 3590 2475 3645 dolore
2503 3594 2754 3657 cruciari,
2786 3605 2841 3651 et
2861 3599 3136 3655 abstinere
3161 3618 3218 3657 se
3249 3604 3316 3658 ab
3332 3621 3421 3660 cs-

1834 3674 1935 3738 cis,
1961 3677 2158 3743 quibus
2183 3692 2399 3748 semper
2424 3695 2798 3750 assueverant,
2837 3697 2891 3741 et
2931 3703 3065 3757 quas
3101 3690 3241 3746 Deus
3267 3709 3421 3749 crea-

1835 3774 1987 3819 verat
2012 3766 2080 3819 ad
2125 3770 2407 3823 utendum.
2436 3771 2547 3826 Nec
2578 3775 2651 3837 lii,
2694 3778 2786 3844 qui
2828 3794 2891 3832 ex
2925 3776 3125 3836 Judzeis
3167 3784 3415 3840 credide—

1835 3864 1975 3919 rant,
1995 3866 2050 3911 et
2079 3857 2388 3913 circumcisi
2419 3870 2577 3915 erant
2605 3904 2619 3927 ,
2650 3873 2703 3918 et
2727 3882 2789 3919 ex
2820 3871 3231 3935 consuetudine,
3260 3877 3415 3942 quasi

1832 3947 2067 4000 secunda
2108 3956 2323 4014 natura,
2377 3952 2643 4020 putabant
2686 3969 2742 4009 se
2766 3958 2978 4012 czeteris
3015 3962 3264 4029 gentibus
3293 3964 3415 4034 plus

1830 4036 2055 4101 habere,
2106 4036 2663 4099 facile'contemnere
2706 4054 2957 4115 poterant
2999 4067 3087 4117 ea,
3122 4053 3175 4107 in
3215 4057 3412 4125 quibus

1830 4124 2221 4195 gloriabantur.
2266 4128 2610 4186 Providentia
2635 4136 2819 4204 utique
2850 4137 2944 4192 Dei
2977 4139 3117 4195 alius
3139 4124 3415 4211 apostolo-

1830 4232 1949 4271 rum
1978 4218 2321 4273 circumtisis
2353 4220 2515 4276 datus
2537 4231 2639 4287 est,
2672 4224 2764 4293 qui
2796 4224 2928 4296 legis
2965 4230 3172 4285 umbris
3200 4232 3411 4290 videre-

1828 4315 1916 4359 tur
1942 4308 2319 4376 acquiescere,
2370 4311 2507 4367 alius
2554 4313 2606 4366 in
2639 4317 2900 4385 praeputio
2938 4321 3287 4388 constitutus,
3318 4325 3411 4393 qui

1827 4398 2099 4467 Evangelii
2133 4401 2365 4468 gratiam
2405 4418 2515 4457 non
2556 4413 2771 4473 putaret
2819 4422 2940 4465 esse
2970 4411 3269 4477 servitium,
3311 4416 3407 4469 sed

1826 4487 2053 4541 liberam
2083 4489 2264 4552 ﬁdem,
2297 4506 2366 4544 ne
2396 4493 2495 4546 sub
2522 4492 2701 4562 aliqua
2728 4497 3015 4551 occasione
3050 4500 3410 4570 impedimen-

1831 4586 1941 4631 tum
1974 4576 2097 4631 lidei
2120 4588 2460 4643 nasceretur,
2480 4588 2534 4634 et
2558 4592 2781 4652 propter
2798 4586 3001 4641 circum
3011 4588 3272 4647 cisionem
3296 4595 3411 4652 sive

1832 4669 2174 4737 prteputium,
2198 4684 2303 4721 non
2328 4658 2644 4725 crederetur
2671 4673 2723 4726 in
2740 4674 2979 4731 Christo.

1903 4756 2006 4821 Qui
2033 4758 2169 4810 enim
2186 4768 2429 4827 operatus
2445 4770 2517 4813 est
2540 4761 2697 4816 Petro
2721 4764 2771 4817 in
2796 4765 3157 4836 Apostotatum
3183 4774 3411 4828 cireum-

1828 4849 2060 4914 cisionis,
2089 4861 2331 4919 operatus
2360 4862 2434 4905 est
2466 4863 2511 4906 et
2538 4856 2665 4908 mihi
2704 4857 2839 4911 inter
2863 4870 3057 4928 gentes.
3090 4862 3145 4916 id
3173 4874 3275 4928 est,
3300 4882 3406 4920 non

1827 4939 1902 4992 illi
1932 4954 2048 4993 sum
2081 4939 2331 5005 inferior,
2361 4944 2484 5012 quia
2516 4946 2583 4999 ab
2620 4962 2727 5001 uno
2750 4962 2935 5005 sumus
2966 4956 3127 5007 ambo
3152 4955 3204 5007 in
3237 4972 3402 5012 unum

1825 5029 2185 5084 ministerium
2221 5032 2475 5086 ordinati.
2521 5034 2598 5088 Ex
2634 5052 2741 5105 quo
2771 5040 3130 5108 perspicimus
3158 5056 3403 5115 propter-

1825 5134 1886 5172 ea
1932 5120 2152 5175 dextras
2174 5123 2329 5177 datas
2350 5122 2513 5178 Paulo
2540 5134 2595 5179 et
2620 5126 2885 5182 Barnabas
2910 5145 2939 5183 a
2971 5130 3151 5196 Petro,
3176 5132 3399 5200 Jacobo,
3439 5150 3445 5156 '

1822 5217 1876 5263 cl
1902 5208 2127 5275 Joanne,
2159 5228 2225 5266 ne
2260 5213 2311 5265 in
2343 5213 2719 5270 observatione
2736 5219 2882 5271 varia
2905 5220 3173 5276 diversum
3197 5223 3403 5280 Christi

1824 5299 2172 5370 Evangelium
2204 5311 2488 5369 putaretur
2518 5321 2530 5356 :
2580 5304 2673 5358 sed
2722 5314 2776 5359 et
2807 5307 3251 5365 circumcisorum
3284 5352 3298 5376 ,
3348 5323 3402 5367 et

1824 5390 2133 5443 habentium
2164 5394 2481 5461 pratpatium
2512 5405 2654 5450 esset
2682 5413 2786 5450 una
2813 5402 3141 5465 communio,
3186 5418 3251 5456 ne
3271 5419 3399 5473 gen-

1825 5488 1905 5533 tes
1934 5479 2067 5549 legis
2097 5495 2262 5536 onere
2289 5482 2668 5540 etdillicultate
2694 5487 2968 5544 deterrita:
2994 5506 3024 5543 a
3045 5490 3243 5546 Christi
3271 5494 3396 5559 tide,

1818 5577 1871 5625 et
1900 5570 2216 5627 credulitate
2246 5573 2600 5629 discederent.
2654 5575 2879 5653 Occulto
2931 5581 3105 5635 oritur
3131 5583 3219 5637 hic
3247 5600 3399 5653 quae-

1816 5660 1938 5713 stio.
1975 5658 2113 5726 Quid
2153 5661 2351 5730 igitur?
2380 5664 2570 5719 Petrus
2616 5666 2661 5720 si
2691 5651 2985 5722 invenisset
3024 5686 3089 5725 ex
3123 5651 3398 5741 genti—bus,

1817 5766 1920 5803 non
1953 5766 2047 5804 eos
2076 5752 2375 5806 adducebat
2412 5755 2475 5807 ad
2509 5756 2669 5810 ﬁdem
2694 5758 2715 5809 ’ἶ
2743 5759 2845 5811 Aut
2872 5758 3089 5825 Paulus,
3122 5763 3163 5816 si
3193 5778 3257 5816 ex
3289 5764 3399 5817 cir-

1816 5842 2144 5896 cumcisione
2194 5844 2398 5913 aliquos
2447 5850 2759 5916 reperisset,
2812 5868 2914 5905 non
2966 5867 3059 5907 eos
3100 5854 3166 5907 ad
3195 5854 3397 5912 Christi
