3906 6322
518 382 620 436 850

1623 376 1893 434 CLAUDII
1931 374 2392 441 TAURINENSIS
2430 373 2731 431 EPISCOPI

3688 377 3780 430 860

517 494 848 566 baptismum
885 492 1210 563 provocabat
1237 492 1260 544 Ῥ
1286 490 1415 558 Qua:
1446 492 1519 545 ita
1544 491 1773 546 solvitur
1805 510 1818 545 :
1851 490 1922 546 Ut
1949 490 2098 544 dica—
2126 495 2172 551 Α
2200 503 2322 546 cum
2348 473 2590 551 eis'erat,
2613 489 2834 544 dextras
2862 505 2967 544 non
2997 487 3285 542 dederunt.
3321 487 3567 541 Necdum
3595 489 3783 558 quippe

518 603 658 652 mus,
685 585 982 656 principale
1026 584 1251 654 singulis
1281 584 1332 637 in
1361 582 1577 638 Judzeos
1617 591 1673 637 et
1715 592 1903 653 gentes
1934 579 2098 635 fuisse

521 676 834 743 mandatum
868 715 884 738 ,
940 683 998 728 ut
1046 675 1137 742 qui
1186 673 1546 729 defendebant
1596 674 1789 742 legem,
1839 671 2102 727 baberent

518 782 681 838 quem
713 777 1106 835 sequerentur:
1143 765 1235 834 qui
1268 764 1399 835 legis
1443 764 1673 832 gratiam
1713 762 2094 835 pneferebant,

520 872 626 911 non
653 856 867 911 deesset
885 856 964 909 eis
992 854 1181 910 doctor
1205 862 1260 909 et
1287 855 1538 924 praevius.
1570 855 1625 908 In
1660 865 1947 909 commune
1970 867 2099 907 vero

519 946 624 1003 hoc
659 961 754 1002 eos
801 945 1058 1000 habuisse
1087 945 1368 1016 propositi,
1415 953 1476 1000 ut
1523 945 1739 1000 Christo
1779 959 1844 999 ex
1889 942 2101 998 cunctis

520 1037 768 1112 gentibus
809 1037 1106 1094 Ecclesiam
1136 1048 1550 1110 congregarent.
1598 1037 1851 1109 Legimus
1875 1037 2020 1090 enim
2044 1044 2100 1090 et

520 1150 547 1186 a
574 1140 763 1187 sancto
785 1133 946 1187 Petro
960 1131 1213 1203 gentilem
1226 1131 1556 1200 baptizatum
1587 1130 1749 1186 fuisse
1767 1128 2095 1194 Cornelium,

515 1232 572 1278 et
601 1239 631 1277 a
661 1222 828 1277 Paulo
859 1223 913 1276 in
961 1222 1251 1293 synagogis
1270 1222 1578 1277 Judteorum
1607 1221 1883 1276 Christum
1908 1221 2097 1291 stepis-

515 1313 651 1366 sime
676 1312 1026 1381 praedicatum
1052 1352 1067 1376 ,
1101 1311 1196 1366 sed
1226 1321 1406 1365 tamen
1435 1311 1588 1382 plena
1619 1311 1916 1365 auctoritas
1936 1309 2100 1364 Petro

515 1403 570 1458 in
599 1401 862 1458 Judaismi
893 1400 1282 1471 praedicatione
1318 1401 1442 1455 data
1475 1401 1831 1472 dignoscitur,
1862 1409 1919 1454 et
1950 1399 2098 1454 Pauli

514 1489 756 1560 perfecta
787 1490 1088 1545 auctoritas
1114 1491 1167 1544 in
1198 1489 1584 1559 praedicatione
1629 1489 1868 1560 gentium
1894 1488 2101 1543 inveni-

516 1588 622 1632 tur.
654 1578 805 1634 Unde
833 1588 890 1634 et
925 1581 1245 1650 magistrum
1291 1589 1350 1634 se
1385 1579 1626 1651 gentium
1651 1586 1812 1634 vocat
1837 1577 1892 1632 in
1921 1577 2024 1633 fide
2047 1587 2103 1633 et

514 1669 769 1724 veritate.
806 1668 1188 1740 Unusquisque
1229 1669 1373 1724 enim
1409 1685 1504 1740 pro
1536 1669 1740 1724 viribus
1767 1669 1881 1724 suis
1906 1676 1961 1723 et
1985 1668 2098 1723 dis-

513 1761 888 1830 pensationem
946 1761 1177 1816 sortitus
1226 1769 1329 1816 est.
1409 1759 1688 1816 Difﬁcilius
1747 1761 1892 1815 enim
1949 1758 2096 1826 fuit,

2203 576 2272 632 ad
2331 593 2450 632 eam
2515 593 2824 631 mensuram
2882 585 3261 647 pervenerat,
3331 586 3393 631 ut
3458 589 3683 646 possent
3738 596 3780 632 ei

2198 665 2399 724 Christi
2431 669 2778 724 mercimonia
2822 684 2890 722 ex
2933 683 3086 738 aequo
3113 684 3237 722 cum
3287 667 3587 735 majoribus
3622 668 3778 732 credi,

2200 767 2254 814 et
2281 761 2528 815 eumdem
2561 767 2772 815 teneret
2802 760 3186 830 aegotiatibnis
3213 760 3392 814 Iocmn
3419 801 3434 822 ,
3468 775 3630 829 quem
3657 759 3784 815 Bar-

2200 852 2369 906 nabas
2397 852 2634 916 tenebat,
2662 858 2718 905 et
2758 850 2976 906 Paulus.
3020 851 3228 906 Idcirco
3253 851 3423 920 igitur
3483 852 3626 914 lirec,
3671 865 3783 920 qua

2198 941 2343 997 inter
2361 957 2420 997 se
2446 951 2502 997 et
2524 941 2794 1011 apostolos
2821 940 2961 997 facta
2990 949 3135 1006 sunt,
3164 939 3500 1004 manifestat,
3532 951 3593 993 ut
3615 942 3784 995 sciant

2198 1033 2422 1098 Galatae,
2481 1032 2606 1101 quia
2657 1032 2802 1102 quod
2825 1033 2984 1088 abeo
3036 1041 3398 1101 acceperant,
3433 1032 3538 1086 hoc
3596 1046 3781 1085 verum

2197 1131 2302 1189 est,
2327 1133 2382 1179 et
2397 1123 2715 1194 probatum.

2271 1212 2337 1268 Ut
2368 1230 2461 1268 nos
2493 1215 2548 1266 in
2586 1212 2846 1284 gentibus,
2875 1212 2976 1283 ipsi
3001 1223 3175 1266 autem
3207 1229 3261 1265 in
3304 1210 3780 1276 circumcisionem,

2198 1316 2426 1369 tantum,
2466 1315 2521 1358 ut
2549 1321 2837 1376 pauperum
2878 1321 3104 1358 essemus
3129 1319 3405 1367 memores,
3458 1303 3605 1372 quod
3630 1303 3782 1356 etiam

2197 1397 2454 1452 sollicitus
2479 1398 2560 1467 fui
2580 1398 2676 1451 hoc
2700 1399 2871 1468 ipsum
2896 1397 3087 1466 facere.
3116 1397 3306 1451 Sancti
3333 1412 3629 1466 pauperes,
3657 1412 3783 1466 quo-

2201 1506 2319 1544 rum
2361 1490 2632 1562 przecipuc
2660 1491 2728 1544 ab
2770 1491 3030 1561 apostolis
3071 1490 3239 1545 Paulo
3267 1501 3323 1546 et
3357 1491 3628 1546 Barnabas
3657 1509 3780 1546 cura

2201 1579 2508 1643 mandatur,
2540 1579 2576 1633 ii
2615 1588 2762 1645 sunt,
2799 1581 2890 1650 qni
2926 1595 2992 1635 ex
3035 1580 3237 1634 .Iudazis
3277 1581 3573 1635 credentes
3615 1584 3778 1649 pretia

2199 1669 2605 1737 possessionum
2627 1683 2849 1723 suarum
2893 1670 2961 1724 ad
2985 1669 3149 1739 pedes
3169 1668 3539 1739 apostolorum
3569 1669 3777 1724 defere-

2199 1757 2331 1812 bant
2362 1757 2642 1828 egentibus
2695 1757 2967 1829 largienda
3001 1777 3012 1812 :
3056 1757 3140 1812 vel
3169 1759 3261 1828 qui
3305 1774 3338 1811 a
3364 1759 3776 1825 contribulihus,

511 1865 608 1905 eos
635 1849 729 1919 qui
781 1849 937 1921 longe
965 1866 996 1905 a
1027 1849 1138 1906 Deo
1185 1863 1364 1918 erant,
1425 1853 1490 1906 ad
1520 1850 1682 1908 fidem
1723 1852 2000 1908 attrahere
2043 1843 2171 1906 etB
2199 1847 2465 1917 cognatis,
2502 1855 2557 1902 et
2582 1850 2901 1917 parentibus
2953 1849 3064 1903 suis
3086 1848 3243 1918 quasi
3288 1848 3604 1903 desertores
3633 1850 3775 1918 legis,

512 1941 740 1996 suadere
771 1979 784 2005 ,
808 1955 971 2010 quam
1020 1941 1319 2011 proximos.
1350 1941 1570 1997 Petrum
1621 1941 1795 1996 solum
1823 1941 2090 2004 nominat,

513 2038 571 2084 et
600 2030 703 2084 sibi
756 2038 1075 2100 comparat:
1128 2033 1254 2102 quia
1289 2033 1581 2102 primatum
1615 2033 1728 2103 ipse
1777 2033 1988 2104 accepit
2028 2033 2097 2089 ad

514 2121 844 2176 (nudandam
877 2123 1176 2178 Ecclesiam
1206 2142 1217 2178 :
1250 2140 1309 2180 se
1353 2140 1565 2195 quoque
1608 2127 1727 2198 pari
1783 2128 1944 2183 modo
1988 2128 2098 2184 ele-

511 2222 686 2275 ctum,
721 2222 781 2266 ut
823 2213 1118 2283 primatum
1170 2216 1367 2271 habeat
1403 2216 1458 2271 in
1514 2215 1804 2273 fundandis
1854 2219 2095 2288 gentium

513 2298 795 2354 Eeelesiis.

584 2388 650 2442 Et
680 2405 799 2443 cum
849 2393 1206 2460 cognovissent
1231 2394 1456 2462 gratiam
1483 2411 1600 2464 quia
1628 2394 1756 2448 data
1801 2395 1960 2460 mihi,
1994 2393 2098 2451 Pe-

508 2490 640 2545 trus,
669 2491 716 2534 et
742 2481 998 2544 Jacobus,
1020 2492 1067 2536 et
1096 2482 1351 2547 Joannes,
1383 2486 1472 2554 qui
1495 2484 1808 2538 videbantur
1825 2485 2096 2541 columna:

516 2587 648 2637 esse,
681 2572 896 2625 dextras
923 2571 1180 2627 dederam
1227 2573 1375 2638 mihi,
1425 2583 1472 2627 et
1500 2572 1762 2628 Barnabce
1808 2575 2093 2642 societatis,

509 2671 565 2716 ut
590 2678 684 2716 nos
703 2662 758 2716 in
777 2672 973 2738 gentes,
1003 2663 1101 2734 ipsi
1129 2674 1302 2718 autem
1326 2665 1382 2718 iu
1411 2665 1879 2720 circumcisionem.

580 2752 662 2806 Ab
691 2753 952 2822 apostolis
983 2793 998 2817 ,
1057 2754 1149 2823 qui
1180 2753 1442 2810 clariores
1473 2754 1614 2809 inter
1660 2762 1887 2811 catteros
1916 2765 2092 2822 erant,

510 2861 646 2916 quos
659 2854 714 2900 et
728 2845 1001 2900 firmitatis
1018 2862 1179 2901 causa
1196 2846 1474 2902 columnas
1493 2846 1745 2916 appellat,
1760 2848 1957 2918 quique
1971 2864 2092 2904 cum

513 2935 742 2990 Domino
757 2951 972 3006 semper
1001 2938 1053 2991 in
1081 2937 1308 2993 secretis
1343 2935 1576 3000 fuerant,
1607 2935 1837 3008 gloriam
1867 2935 1984 3006 ejus
2011 2937 2096 2992 di-

511 3032 601 3103 gni
625 3032 677 3085 in
707 3042 890 3087 monte
921 3032 1230 3102 respicere:
1265 3033 1332 3087 ab
1349 3033 1630 3101 hisitaque
1657 3033 1939 3102 probatum
1964 3033 2096 3088 dicit

508 3121 734 3186 donum,
763 3120 906 3190 quod
944 3122 1157 3190 accepit
1186 3138 1217 3176 a
1243 3121 1376 3186 Deo,
1405 3130 1465 3176 ut
1489 3122 1682 3192 dignus
1721 3129 1865 3177 esset
1892 3122 2093 3177 habere

508 3212 800 3280 primatum
828 3213 880 3266 in
906 3212 1282 3282 praalicatione
1313 3214 1575 3284 gentium,
1603 3215 1743 3268 sicut
1767 3221 1822 3268 et
1859 3213 2093 3269 habebat

511 3303 704 3358 Petrus
736 3305 789 3357 in
813 3302 1199 3372 prtedicatione
1242 3305 1692 3360 circumcisionis.
1718 3304 1784 3358 Et
1812 3305 1952 3360 sicut
1999 3305 2094 3360 dat

509 3393 671 3450 Petro
685 3395 862 3450 socios
877 3396 1021 3450 viros
1042 3396 1307 3466 egregios,
1332 3396 1473 3450 inter
1501 3395 1787 3464 apostolos,
1812 3395 1885 3448 ita
1912 3402 1964 3448 et
1989 3394 2093 3449 sibi

504 3480 688 3554 jungit
716 3483 1017 3538 Barnabam
1053 3525 1066 3548 ,
1097 3484 1188 3553 qui
1237 3484 1420 3539 divino
1459 3484 1664 3554 judicio
1712 3484 1759 3538 ei
1810 3482 2092 3552 adjunctus

507 3582 593 3627 est
624 3592 636 3626 :
670 3574 900 3642 gratiam
932 3583 1112 3628 tamen
1151 3575 1252 3630 sibi
1291 3575 1390 3636 soli
1423 3576 1628 3644 primus
1669 3575 1908 3630 vindieat
1963 3591 2093 3630 con-

509 3680 720 3719 cessam
748 3681 777 3719 a
801 3665 931 3731 Deo,
970 3667 1109 3721 sicut
1133 3676 1188 3721 et
1209 3667 1310 3722 soli
1352 3668 1512 3721 Petro
1541 3681 1793 3722 concessa
1833 3676 1919 3722 est
1949 3668 2092 3722 inter

508 3755 802 3824 apostolos,
829 3756 901 3810 ita
926 3767 986 3810 ut
1014 3758 1242 3826 apostoli
1268 3758 1704 3813 circumeisionis
1730 3759 1947 3815 dextras
1976 3775 2094 3830 por-

516 3846 756 3915 rigerent
788 3846 1048 3916 apostolis
1078 3847 1316 3918 gentium
1349 3888 1364 3913 ,
1414 3847 1480 3901 ad
1534 3850 1881 3903 Concordiam
1922 3850 2094 3905 socie-

513 3937 641 3990 tatis
677 3936 1156 3992 dem’onstrandam
1192 3947 1301 3993 :'ut
1341 3941 1563 4008 utrique
1611 3941 1844 3996 scientes
1885 3940 2093 4011 perfec-

506 4025 676 4079 tionis
731 4025 981 4094 spiritum
1030 4028 1085 4081 in
1129 4028 1588 4098 dispensationem
1644 4031 1918 4102 Evangelii
1971 4047 2029 4088 se
2061 4049 2093 4087 a

515 4114 744 4169 Domino
765 4126 1107 4183 consecutos,
1133 4119 1186 4172 in
1217 4117 1364 4174 nullo
1393 4134 1452 4173 se
1474 4119 1704 4175 invicem
1730 4135 1890 4191 egere
1916 4108 2094 4176 osten-

508 4204 723 4259 derent.
739 4205 1014 4261 Columnze
1040 4207 1204 4276 igitur
1217 4217 1344 4262 sunt
1363 4209 1617 4264 Ecclesia:
1631 4211 1856 4280 apostoli
1874 4210 2088 4283 (Matth.

510 4296 703 4365 xxvii),
733 4305 790 4350 et
816 4297 1050 4351 maxime
1080 4298 1290 4364 Petrus,
1327 4308 1382 4353 et
1405 4298 1655 4365 Jaco‘bus,
1684 4310 1739 4356 et
1766 4300 2020 4356 Joannes.
2049 4302 2092 4356 Ε

509 4385 707 4454 quibus
734 4386 839 4439 duo
863 4402 984 4440 cum
1004 4387 1231 4442 Domino
1255 4390 1550 4444 ascendere
1575 4401 1853 4445 merentur
1870 4393 1922 4444 in
1941 4406 2094 4446 mon-

513 4481 641 4536 tem,
675 4488 902 4541 quorum
933 4491 1072 4530 unus
1105 4479 1156 4529 in
1193 4478 1515 4548 Apocalypsi
1560 4478 1892 4534 Salvatorem
1921 4479 2092 4534 intro-

2195 1939 2334 1994 etin
2380 1939 2700 1994 crucifixum
2739 1940 3016 1995 hominem
3067 1938 3352 1995 credentes
3376 1981 3390 2003 ,
3431 1941 3777 1996 detestationi

2196 2039 2251 2085 et
2271 2031 2485 2099 piacqu
2526 2030 2884 2085 ducebantur.
2915 2030 2972 2084 In
3009 2031 3200 2085 horum
3230 2031 3541 2085 ministerio
3570 2043 3778 2085 sanctus

2195 2121 2470 2191 apostolus
2500 2119 2698 2176 Paulus
2741 2129 2946 2190 quanto
2976 2120 3161 2175 labore
3187 2121 3471 2175 sudaverit
3497 2139 3512 2186 ;
3544 2123 3778 2191 epistola:

2195 2211 2312 2280 ejus
2339 2219 2507 2265 testes
2535 2218 2686 2276 sunt,
2715 2211 3021 2265 scribentes
3050 2211 3117 2265 ad
3143 2211 3482 2276 Corinthios,
3511 2212 3581 2265 ad
3614 2211 3776 2266 Thes-

2196 2301 2566 2356 salonicenses
2590 2341 2603 2365 ,
2637 2310 2691 2356 et
2744 2302 2810 2356 ad
2855 2317 3046 2357 omnes
3074 2303 3316 2372 gentium
3368 2302 3652 2356 Ecclesias
3681 2342 3695 2364 ,
3729 2311 3780 2354 ut

2195 2398 2561 2459 prazpararent
2591 2406 2787 2445 munus
2811 2391 2913 2445 hoc
2936 2405 3032 2459 per
3071 2407 3151 2455 se,
3182 2390 3264 2445 vel
3294 2407 3391 2461 per
3421 2390 3564 2446 alios
3591 2393 3686 2460 qui
3707 2390 3780 2446 eis

2194 2478 2544 2548 placuissent,
2573 2477 2999 2549 Hierosolymam
3031 2478 3403 2534 deferendum.
3453 2480 3614 2535 Unde
3645 2495 3780 2534 nunc

2195 2567 2536 2624 confidenter
2585 2568 2747 2631 dicit,
2791 2569 2932 2639 quod
2963 2569 3128 2624 etiam
3179 2569 3448 2625 sollicitus
3497 2570 3573 2624 fui
3607 2569 3780 2626 facere

2196 2657 2297 2712 hoc
2325 2656 2521 2726 ipsum.
2560 2656 2878 2714 Communis
2915 2674 3044 2713 cura
3075 2668 3193 2714 erat
3242 2660 3500 2715 omnibus
3527 2661 3780 2729 apostolis

2193 2746 2260 2802 de
2280 2747 2609 2816 pauperibus
2635 2747 2860 2812 sanctis,
2883 2749 2974 2816 qui
2995 2756 3148 2802 erant
3175 2749 3230 2802 in
3255 2747 3461 2814 Judasa,
3484 2751 3580 2819 qni
3607 2766 3777 2811 rerum

2195 2851 2416 2890 suarum
2443 2836 2778 2891 venditarum
2812 2838 2986 2906 pretia
3013 2838 3081 2892 ad
3103 2839 3267 2907 pedes
3293 2839 3670 2908 apostolorum
3699 2855 3781 2909 po-

2194 2937 2437 2983 suerant.
2473 2927 2529 2982 Si
2560 2942 2688 2999 ergo
2715 2929 2779 2981 ad
2808 2937 2998 2997 gentes
3025 2927 3223 2982 Paulus
3242 2937 3295 2982 et
3323 2927 3610 2983 Barnabas
3636 2932 3778 2984 missi

2195 3028 2323 3075 sunt
2346 3060 2362 3085 ,
2391 3028 2448 3073 ut
2489 3019 2748 3075 Ecclesia:
2787 3020 3050 3090 gentium,
3089 3035 3206 3088 quae
3247 3020 3350 3075 hoc
3378 3035 3486 3074 non
3517 3019 3777 3082 fecerant,

2194 3113 2569 3167 ministrarent
2602 3153 2616 3173 .
2646 3112 3032 3182 participantes
3055 3112 3108 3164 in
3152 3112 3492 3166 orationibus
3519 3113 3777 3182 ipsorum,

2195 3203 2287 3274 qui
2312 3204 2414 3258 hoc
2427 3201 2690 3268 fecerant,
2709 3203 2849 3257 sicut
2866 3203 2932 3254 ad
2953 3201 3224 3256 Romanos
3237 3201 3369 3255 dicit
3388 3221 3400 3255 :
3422 3202 3586 3256 Nunc
3612 3214 3778 3256 ηιιιεω

2196 3311 2409 3365 pergam
2457 3293 2760 3349 Jerusalem
2789 3295 3093 3349 ministrare
3131 3294 3348 3348 sanctis.
3381 3293 3600 3348 Placuit
3649 3295 3780 3347 enim

2196 3387 2524 3442 illacedonia:
2566 3397 2616 3442 et
2645 3388 2859 3442 Achata:
2905 3389 3318 3441 communionem
3349 3388 3586 3456 aliquam
3617 3389 3782 3457 facere

2193 3479 2248 3532 in
2283 3495 2538 3549 pauperes
2560 3487 2789 3542 sanctos,
2842 3478 2932 3549 qui
2961 3488 3082 3532 sunt
3134 3479 3188 3531 in
3217 3477 3535 3530 Jerusalem.
3575 3476 3779 3531 Placuit

2192 3567 2328 3620 enim
2353 3565 2482 3631 illis,
2507 3577 2554 3620 et
2582 3566 2837 3620 debitores
2875 3583 3057 3620 eorum
3102 3577 3244 3619 sunt.
3280 3566 3340 3621 Si
3366 3569 3504 3620 enim
3535 3570 3592 3620 in
3626 3568 3779 3636 spiri-

2193 3658 2384 3713 talibus
2419 3675 2598 3712 eorum
2623 3659 3140 3712 communicauerunt
3167 3669 3364 3728 gentes,
3387 3659 3572 3712 debent
3597 3670 3648 3712 et
3672 3675 3779 3712 car-

2194 3739 2399 3806 nalibus
2431 3750 2732 3804 ministrare
2757 3751 2829 3803 eis
2854 3749 3026 3818 (Rom.
3057 3749 3168 3818 xv).

2264 3837 2396 3893 Cum
2431 3849 2607 3892 autem
2637 3841 2855 3892 venisset
2898 3838 3088 3891 Petrus
3120 3839 3476 3903 Au'iocliiam,
3504 3841 3557 3892 in
3589 3841 3775 3906 [aciein

2192 3931 2240 3984 ei
2265 3930 2448 3994 restiti,
2477 3930 2600 3999 quia
2629 3927 3043 3998 reprehensibilis
3081 3937 3212 3981 erat.
3242 3925 3403 3981 Prius
3433 3931 3598 3987 enim.
3629 3946 3775 3997 quam

2193 4019 2423 4075 uenirent
2449 4019 2661 4090 quidam
2691 4019 2755 4072 ab
2771 4017 2994 4081 Jacobo,
3020 4033 3139 4071 cum
3164 4017 3402 4086 gentibus
3421 4017 3632 4069 edebat.
3653 4017 3775 4070 Cum

2193 4120 2367 4165 autem
2393 4112 2672 4174 venissent,
2716 4110 3054 4164 subtrahebat
3099 4119 3146 4164 et
3172 4111 3476 4180 segregabat
3509 4127 3564 4163 se
3597 4112 3775 4163 timeas

2191 4217 2297 4264 eos,
2327 4201 2416 4271 qui
2441 4217 2504 4254 ea:
2543 4199 2940 4254 circumcisione
2977 4209 3126 4252 erant
3155 4239 3170 4266 ,
3201 4210 3248 4252 et
3290 4199 3627 4252 simulationi
3670 4200 3776 4268 ejus

2193 4300 2566 4346 consenserunt
2611 4289 2815 4344 ca'teris
2842 4287 3043 4353 Juda’i,
3070 4289 3144 4341 ita
3172 4298 3225 4341 ut
3258 4287 3540 4342 Barnabas
3565 4289 3775 4341 ducere-

2191 4389 2279 4433 tur
2302 4380 2369 4433 ab
2409 4381 2482 4433 eis
2509 4380 2564 4432 in
2604 4377 2751 4432 illaut
2789 4376 3200 4431 simulationem.
3231 4375 3427 4430 Petrus
3448 4384 3636 4431 autem
3660 4392 3775 4432 cum

2194 4472 2433 4526 venisset
2461 4470 2804 4524 Antiochiam
2839 4509 2852 4533 ,
2883 4468 3198 4540 olijurgatus
3238 4478 3324 4524 est
3352 4485 3384 4523 a
3427 4469 3626 4535 Paulo,
3677 4485 3773 4524 non

509 4561 666 4613 duxit
689 4561 994 4630 loquentem
1024 4582 1035 4616 :
1071 4563 1172 4629 Qui
1199 4567 1395 4630 vicerit,
1429 4568 1622 4635 faciant
1652 4585 1770 4621 eum
1793 4568 2089 4623 columnam

2198 4562 2320 4630 quia
2350 4561 2604 4615 servabat
2629 4561 3078 4615 consuetudinem
3103 4559 3434 4626 Iudaeorum,
3469 4564 3526 4616 in
3560 4578 3670 4630 qua
3695 4578 3775 4614 na.

509 4652 564 4702 in
587 4651 776 4719 templo
817 4650 912 4704 Dei
941 4653 1040 4705 inci
1062 4654 1243 4722 (Apoc.
1273 4657 1378 4726 tu),
1410 4659 1609 4712 docens
1639 4674 1829 4713 omnes
1863 4660 2092 4715 creden-

512 4748 612 4802 tes,
646 4739 737 4807 qui
769 4741 1139 4795 adversarium
1164 4745 1392 4798 vicerint
1415 4761 1570 4814 posse
1598 4747 1879 4803 columnas
1908 4749 2092 4804 Eccle-

510 4827 605 4880 sia:
629 4828 764 4880 ficri.
796 4829 876 4884 Ad
907 4828 1249 4885 Timotheum
1281 4849 1406 4887 vero
1453 4834 1648 4890 Paulus
1691 4837 1938 4891 scribens
1968 4837 2045 4891 ait
2073 4854 2085 4890 :

512 4915 578 4970 Ut
607 4919 768 4984 scias,
804 4922 1062 4989 quomodo
1112 4934 1345 4992 oporteat
1400 4934 1448 4979 te
1475 4927 1528 4979 in
1559 4925 1712 4979 domo
1744 4927 1841 4979 Dei
1875 4944 2089 4981 conver—

507 5010 639 5071 sari,
665 5027 780 5078 qua:
807 5021 880 5063 est
908 5010 1140 5066 Ecclesia
1165 5014 1261 5066 Dei
1291 5017 1410 5080 vivi,
1437 5016 1679 5070 columna
1718 5029 1893 5070 autent
1922 5029 1968 5071 et
1992 5019 2089 5087 ﬁr-

509 5112 830 5155 mamentum
874 5105 1107 5158 veritatis
1139 5105 1190 5175 (Ι
1218 5106 1349 5160 Tim.
1381 5109 1483 5179 ιιι).
1531 5108 1624 5163 His
1669 5117 1724 5163 ct
1769 5111 1981 5164 (falleris
2007 5111 2088 5164 in-

510 5191 790 5255 struimur,
833 5200 940 5245 tam
968 5195 1237 5262 apostolos
1265 5212 1562 5266 omnesque
1591 5199 1892 5263 credentes,
1927 5214 2089 5268 quam

511 5279 684 5348 ipsam
711 5297 925 5350 quoque
944 5283 1240 5339 Eeclesiam
1263 5286 1566 5340 columnam
1595 5288 1646 5340 in
1672 5287 1967 5356 Scripturis
1996 5304 2092 5362 ap-

511 5370 697 5439 pellari
729 5411 743 5434 ,
788 5381 844 5425 et
878 5373 1008 5427 nihil
1050 5375 1312 5431 interesse
1343 5378 1408 5431 de
1450 5392 1674 5445 corpore
1703 5379 1831 5446 quid
1881 5379 2091 5434 dicatur

513 5479 581 5515 an
635 5463 913 5528 membris,
963 5481 1084 5518 cum
1110 5476 1163 5521 et
1192 5483 1387 5537 corpus
1419 5470 1689 5522 divig‘atur
1717 5468 1770 5522 in
1825 5470 2088 5544 membra,

512 5561 568 5604 ct
616 5553 856 5606 meinbra
904 5555 1012 5608 sint
1039 5558 1300 5624 corporis.
1342 5557 1612 5612 Dcdcrunt
1661 5558 1839 5626 itaque
1878 5558 2092 5622 Petrus,

512 5639 748 5695 Jacobus
776 5650 830 5695 et
866 5641 1122 5706 Joannes,
1167 5647 1256 5714 qui
1305 5647 1625 5702 videbantur
1663 5647 1924 5700 colurnum
1949 5661 2090 5710 esse,

515 5730 733 5785 dextras
787 5729 948 5787 Paulo
978 5742 1031 5789 et
1068 5733 1325 5789 Barnabee
1356 5736 1649 5790 societatis.
1681 5736 1785 5790 Sed
1835 5735 1974 5801 Tito,
2000 5735 2092 5803 qni

2199 4658 2285 4703 tus
2328 4659 2489 4719 atque
2513 4649 2747 4703 nutritus
2775 4657 2914 4713 erat,
2937 4664 3243 4719 quanquam
3273 4652 3414 4718 apud
3438 4659 3636 4720 gentes
3664 4666 3772 4702 iam

2197 4755 2303 4794 non
2342 4747 2604 4802 servaret,
2637 4739 2731 4794 sed
2751 4738 3062 4808 objurgatus
3089 4746 3190 4804 est,
3221 4740 3347 4808 quia
3377 4740 3637 4810 gentibus
3665 4756 3773 4793 eam

2197 4830 2408 4884 volebat
2440 4830 2734 4900 imponere,
2765 4845 2888 4884 eum
2919 4829 3144 4884 vidisset
3170 4831 3438 4899 quosdam
3471 4831 3689 4886 venisse
3715 4832 3775 4882 ab

2198 4919 2424 4983 Jacobo,
2456 4920 2507 4977 id
2535 4929 2639 4984 est,
2669 4935 2698 4972 a
2723 4919 2927 4974 Judtea.
2958 4918 3094 4974 Nam
3117 4919 3374 4974 Ecclesize
3401 4919 3601 4974 Iiieros
3626 4920 3781 4990 lymi-

2199 5021 2338 5067 tame
2366 5011 2600 5066 Jacobus
2626 5010 2858 5080 praefuit.
2902 5011 3127 5065 Timens
3167 5026 3297 5080 ergo
3322 5027 3439 5074 eos,
3485 5011 3582 5079 qui
3611 5012 3778 5063 adhuc

2193 5103 2452 5173 putabant
2478 5103 2531 5156 in
2580 5102 2685 5156 illis
2706 5101 3178 5156 observationibus
3207 5099 3436 5154 salutem
3481 5115 3610 5154 esse
3653 5115 3774 5153 ceu-

2194 5192 2439 5245 stitutam
2462 5229 2476 5254 ,
2512 5189 2830 5260 segregabat
2858 5204 2917 5244 se
2945 5204 2976 5241 a
3015 5189 3266 5257 gentibus
3292 5231 3308 5252 ,
3362 5195 3414 5241 et
3444 5187 3776 5241 simulationi

2193 5278 2310 5346 ejus
2335 5285 2730 5333 consenserunt
2767 5277 2948 5332 cactcri
2973 5271 3142 5329 λιιιῐωὶ
3168 5277 3488 5346 opponenda
3529 5277 3781 5346 gentibus

2195 5369 2283 5423 illa
2309 5382 2475 5423 onera
2499 5368 2792 5423 servitutis.
2823 5367 2974 5422 Unde
2993 5375 3047 5420 ct
3067 5365 3264 5420 Paulus
3291 5366 3394 5420 hac
3414 5367 3615 5439 eadem
3646 5377 3776 5428 arte,

2196 5477 2301 5530 qua
2333 5460 2420 5515 ille
2449 5476 2508 5514 se
2537 5459 2867 5522 simulabat,
2917 5458 2968 5512 ei
3019 5457 3218 5513 restitit
3254 5457 3308 5511 in
3355 5455 3555 5512 faciem
3586 5475 3603 5509 2
3633 5455 3778 5512 ctio-

2195 5553 2378 5621 quitur
2403 5565 2585 5606 coram
2632 5549 2902 5612 onmibus,
2941 5564 3047 5603 non
3073 5557 3179 5601 tam
3208 5553 3266 5599 ut
3310 5547 3530 5600 Petrum
3565 5555 3776 5618 arguat.

2196 5656 2358 5709 quam
2400 5648 2460 5694 ut
2509 5639 2567 5703 ii,
2609 5654 2838 5708 quorum
2867 5653 3029 5692 causa
3062 5635 3254 5690 Petrus
3293 5650 3351 5690 se
3381 5636 3740 5691 simulaverat

2195 5733 2550 5803 corrigantur.
2582 5728 2736 5797 Quod
2767 5728 2820 5783 in
2865 5719 3434 5799 ipsius'olnjurgatione
3469 5727 3625 5781 verbi
3658 5729 3780 5780 satis
