3906 6322
229 361 334 418 361

1159 364 1414 419 ENARR.
1459 363 1524 419 lN
1567 362 1785 419 EPIST.
1827 365 1890 420 D.
1933 365 2136 421 PAULI
2175 366 2267 420 Al.)
2305 365 2551 421 (SALAT.

3389 367 3492 421 36:!

225 486 473 547 apparet.
505 475 620 530 Non
647 475 793 529 enim
824 475 920 539 ait,
952 473 1006 529 Si
1036 484 1090 528 tu
1120 490 1238 528 cum
1270 473 1488 529 Judzeus
1515 473 1611 539 sis,
1641 474 1815 544 genti-
1841 485 1891 544 Α
1988 475 2064 529 De
2094 474 2195 528 hac
2225 476 2421 545 quippe
2470 491 2527 530 re
2571 477 2702 531 satis
2743 486 2824 531 est
2858 474 2973 542 ejus
3010 489 3133 532 nota
3177 481 3441 534 sententia
3475 520 3488 541 ,

226 568 378 632 liter,
402 575 456 620 et
483 582 588 622 non
611 564 833 621 Judaice
863 565 1021 630 vivis,
1051 566 1322 635 quomodo
1343 574 1529 635 gentes
1552 565 1700 634 cogis
1722 565 1809 634 ju-

225 659 856 715 daizare?lmlisso!ubili
883 665 1203 728 argumento
1227 657 1552 726 constringit
1564 657 1807 722 Petrum,

226 751 342 805 imo
371 766 469 820 per
503 749 721 804 Petrum
775 766 869 805 eos
930 751 1019 820 qui
1071 749 1382 819 pugnabant
1434 749 1576 802 inter
1605 763 1681 803 se.
1729 748 1807 814 Si,

225 840 426 910 inquit,
473 855 506 894 o
536 841 690 894 Petre
714 881 728 904 ,
776 850 829 894 tu
863 848 1056 893 natura
1101 837 1320 894 Jud:eus
1351 880 1366 905 ,
1397 839 1752 894 circumcisus
1778 855 1807 892 a

220 948 394 1002 parva
423 941 582 987 :etate
611 975 625 997 ,
653 941 708 987 et
734 933 983 986 universa
1011 932 1145 1003 legis
1174 940 1441 1003 praecepta
1473 933 1804 997 custodiens,

222 1039 373 1078 nunc
401 1022 470 1076 ob
491 1024 719 1094 gratiam
749 1024 948 1078 Christi
975 1023 1082 1078 seis
1110 1038 1172 1078 ea
1219 1023 1352 1076 nihil
1391 1039 1488 1092 per
1522 1037 1580 1078 se
1608 1023 1808 1076 habere

221 1111 498 1175 utilitatis,
514 1111 608 1165 sed
621 1111 951 1180 exemplaria
974 1127 1094 1165 esse
1114 1121 1169 1166 et
1197 1112 1458 1183 imagines
1481 1111 1803 1175 futurorum,

219 1210 280 1256 et
309 1217 428 1255 cum
459 1202 545 1256 his
563 1202 654 1270 qui
683 1218 748 1257 ex
780 1203 1028 1272 gentibus
1055 1212 1182 1257 sunt
1206 1203 1385 1257 cibum
1414 1203 1580 1272 capis,
1611 1218 1808 1272 nequa-

218 1305 390 1359 quam
411 1299 471 1344 ut
504 1301 630 1345 ante
674 1293 1072 1362 superstitiose,
1099 1292 1192 1347 sed
1217 1292 1384 1347 libere
1410 1301 1463 1347 et
1497 1291 1807 1346 indifferen-

218 1389 310 1434 ter
338 1380 590 1434 victitans
615 1421 630 1444 ,
663 1381 932 1449 quomodo
955 1396 1054 1436 eos
1079 1382 1171 1450 qui
1199 1397 1265 1436 ex
1287 1382 1536 1451 gentibus
1562 1381 1805 1436 credide-

219 1479 368 1535 runt,
397 1486 539 1525 nunc
564 1472 822 1524 recedens
843 1471 910 1524 ab
935 1471 1036 1535 eis,
1079 1479 1135 1526 et
1164 1472 1321 1540 quasi
1349 1488 1378 1525 a
1418 1471 1804 1526 contaminatis

217 1569 274 1616 te
323 1576 580 1631 scparans
605 1569 659 1614 et
689 1575 977 1615 secernens
1001 1601 1015 1623 ,
1046 1561 1322 1630 compellis
1345 1560 1661 1630 judaizare?
1691 1561 1804 1616 lloc

215 1660 392 1707 totum
419 1653 620 1706 ideirco
650 1652 746 1715 ait,
775 1666 880 1706 non
916 1659 1024 1705 tam
1051 1660 1111 1704 ut
1151 1651 1370 1706 Petrum
1402 1661 1610 1722 arguat,
1663 1653 1803 1707 sicut

207 1741 329 1811 jam
352 1744 482 1807 dixi,
507 1757 670 1813 quam
711 1751 769 1796 ut
793 1742 851 1802 ii,
882 1757 1112 1811 quormn
1150 1757 1312 1796 causa
1337 1741 1529 1796 Petrus
1553 1758 1610 1797 se
1636 1743 1802 1796 simu-

1911 577 2014 631 qua
2058 562 2236 617 fuerat
2285 565 2638 618 constitutmn
2671 606 2685 627 ,
2717 581 2815 619 nec
2846 565 3080 630 Judzeos,
3115 569 3229 637 qui'
3258 578 3385 623 tunc
3437 571 3490 624 in

1910 653 2187 708 Christum
2237 655 2532 709 credebant
2564 695 2581 719 ,
2612 658 2976 726 prohibendos
3019 676 3140 714 esse
3175 676 3201 712 a
3249 661 3492 729 paternis

1913 745 2313 810 traditionibus,
2354 762 2454 802 nec
2493 748 2559 801 ad
2589 762 2684 801 eas
2715 748 2942 817 gentiles
2973 791 2986 814 ,
3021 767 3144 804 cum
3193 752 3489 807 Christiani

1910 833 2118 896 fierent,
2145 849 2266 889 esse
2295 837 2560 907 cogendos
2584 853 2597 890 :
2634 845 2690 890 ut
2714 837 2801 890 illa
2826 851 3184 907 sacramenta,
3219 859 3338 912 quze
3352 844 3486 897 divi—

1909 925 2053 980 nitus
2079 935 2345 996 prwcepta
2373 942 2490 980 esse
2503 935 2794 991 constaret,
2821 943 2928 981 non
2948 939 3201 998 tanquam
3224 931 3486 1004 sacrilega

1908 1016 2223 1086 fugerentur
2247 1031 2379 1070 :ncc
2403 1025 2580 1071 tamen
2604 1025 2924 1086 putarentur
2940 1020 3018 1072 sic
3046 1020 3352 1074 necessaria
3361 1017 3476 1088 jam

1907 1107 2055 1162 Novo
2075 1107 2423 1161 Testamento
2447 1109 2700 1172 revelato,
2727 1117 2982 1177 tanquam
3005 1109 3119 1164 sine
3145 1110 3249 1174 his,
3266 1112 3486 1179 quieuu~

1905 1214 2010 1269 que
2033 1208 2479 1253 converterentur
2503 1199 2567 1253 ad
2595 1199 2784 1263 Deum,
2816 1201 2948 1254 salvi
2971 1216 3088 1255 esse
3111 1216 3214 1255 non
3241 1213 3476 1270 possent.

1904 1288 2072 1342 Erant
2101 1295 2279 1342 autem
2306 1288 2395 1357 qui
2424 1288 2527 1341 hoc
2577 1289 2861 1356 putabant,
2890 1297 3050 1358 atque
3089 1289 3474 1358 praedicabant.

1901 1377 2267 1450 quamvisjam
2283 1387 2498 1448 recepto
2512 1377 2714 1433 Christi
2729 1379 3042 1450 Evangelio,
3057 1390 3112 1434 et
3126 1381 3205 1434 eis
3228 1381 3480 1436 simulate

1903 1477 2290 1524 consenserant
2321 1467 2512 1524 Petrus
2540 1477 2595 1522 et
2623 1468 2913 1524 Barnabas.
2947 1469 3179 1540 Ideoque
3211 1474 3476 1542 cogebant

1901 1569 2088 1630 gentes
2110 1559 2408 1628 judaizare.
2439 1559 2495 1613 1d
2533 1565 2653 1613 erat
2681 1559 2824 1612 enim
2858 1574 3066 1630 cogere,
3102 1561 3180 1615 sic
3201 1575 3264 1615 ea
3293 1577 3477 1616 neces-

1902 1650 2043 1704 saria
2071 1649 2386 1718 praedicare,
2413 1656 2667 1718 tanquam
2694 1657 2748 1702 et
2785 1657 3000 1717 reCepto
3022 1650 3308 1719 Evangelio
3330 1651 3474 1704 nulla

1900 1738 2020 1793 sine
2048 1727 2153 1792 illis
2184 1737 2327 1792 salus
2355 1744 2500 1791 esset
2537 1736 2591 1790 in
2619 1736 2855 1790 Christo.
2889 1735 3000 1790 lloe
3041 1751 3194 1791 error
3219 1753 3476 1807 quorum-

211 1834 446 1899 laverat,
471 1835 828 1905 corrigantur.
848 1834 905 1888 Si
923 1836 1066 1889 enim
1089 1835 1349 1889 immundi
1378 1843 1520 1900 sunt,
1555 1851 1584 1889 a
1604 1836 1798 1906 quibus
1827 1834 1873 1893 B
1901 1829 2024 1885 dam
2049 1828 2301 1898 putabat,
2333 1829 2436 1882 hoc
2466 1828 2624 1881 timor
2647 1825 2790 1879 Petri
2822 1826 3130 1891 simulabat,
3162 1827 3265 1882 hoc
3303 1827 3467 1884 liber-

211 1928 446 1992 rccedis,
469 1926 667 1981 idcirco
684 1925 906 1987 recedis,
926 1927 1051 1995 quia
1073 1941 1179 1981 non
1205 1926 1408 1981 habent
1433 1926 1774 1982 circumcisio
1792 1955 1804 1968 -

129 2011 136 2016 ”
212 2032 342 2070 nem
381 2017 692 2087 :compcllis
721 2031 816 2071 eos
838 2032 966 2092 ergo
992 2016 1321 2080 circumcidi,
1355 2024 1410 2071 et
1426 2015 1636 2071 Judaros
1658 2017 1795 2082 fieri,

210 2123 340 2162 cum
363 2115 418 2162 tu
447 2107 561 2177 ipse
587 2117 748 2162 natus
790 2106 1028 2173 Judteus,
1069 2107 1345 2177 gentiliter
1369 2106 1593 2162 vixeris.
1623 2107 1689 2161 Et
1714 2107 1794 2160 la-

213 2206 398 2251 tenter
425 2197 662 2253 ostendit
696 2213 914 2251 causam
954 2212 1122 2267 quare
1149 2197 1435 2251 adversum
1461 2211 1582 2251 eum
1615 2197 1798 2266 dispu-

213 2290 414 2343 taverit
448 2286 479 2343 ἴ
494 2290 620 2358 quia
663 2289 869 2344 scilicet
896 2297 1082 2360 gentes
1112 2287 1454 2344 simulatione
1482 2303 1577 2343 sua
1617 2288 1798 2358 judai-

209 2395 343 2435 zare
373 2380 739 2450 compelleret,
764 2381 888 2434 dum
919 2396 1042 2435 eum
1077 2379 1304 2450 cupiunt
1333 2380 1598 2435 aemulari.
1641 2379 1795 2447 Quod

207 2478 394 2524 autem
431 2471 533 2524 hoc
559 2470 608 2524 ei
646 2485 832 2524 coram
873 2470 1125 2524 omnibus
1161 2467 1318 2534 dixit,
1350 2469 1649 2524 necessitas
1677 2485 1798 2524 eoe-

205 2561 311 2632 git,
342 2569 403 2614 ut
431 2576 619 2615 omnes
648 2560 790 2614 illius
841 2559 1218 2629 objurgatione
1278 2569 1622 2614 sanarentur.
1677 2559 1793 2614 Non

205 2651 357 2705 enim
383 2649 514 2704 utile
538 2659 657 2704 erat
681 2665 942 2712 errorem,
989 2649 1080 2720 qui
1122 2649 1302 2718 palam
1331 2657 1572 2715 noceret,
1606 2651 1660 2704 in
1709 2665 1794 2705 se-

205 2750 363 2796 creto
405 2742 695 2797 emendare
729 2758 742 2806 ;
790 2743 895 2796 huc
923 2741 1128 2796 accedit
1160 2782 1175 2804 ,
1209 2742 1351 2811 quod
1401 2740 1689 2794 inﬁrmitas
1738 2749 1796 2796 et

205 2831 450 2887 charitas
475 2830 619 2886 Petri
653 2872 667 2897 ,
700 2831 785 2885 cui
817 2839 900 2885 ter
928 2846 959 2884 a
989 2829 1217 2885 Domino
1243 2831 1443 2885 dictum
1471 2839 1553 2885 est
1586 2871 1600 2895 ,
1630 2831 1792 2886 Amas

203 2921 333 2974 me?
378 2917 546 2974 Pasce
574 2937 686 2974 ores
719 2937 861 2974 meas
897 2961 912 2984 ,
942 2918 1370 2990 objurgationem
1419 2919 1581 2975 talem
1612 2928 1792 2990 poste-

203 3013 372 3068 rioris
398 3014 634 3082 pastoris
664 3029 763 3083 pro
795 3013 968 3068 salute
1003 3015 1182 3085 gregis
1227 3014 1585 3069 libentissime
1635 3016 1793 3071 susti-

205 3112 324 3158 net.
357 3103 462 3157 Sed
497 3104 642 3158 dicet
666 3104 900 3172 aliquis:
949 3105 1128 3169 Quare
1154 3105 1355 3159 Paulus
1386 3106 1439 3159 in
1474 3105 1610 3161 facie
1638 3108 1792 3162 resti-

1903 1932 1986 1982 tas
2022 1921 2172 1977 Pauli
2202 1921 2572 1993 redarguebat.
2603 1919 2915 1973 Galatarum
2944 1917 3232 1974 infirmitas
3253 1935 3473 1990 compu-

1901 2014 1965 2069 lit
1992 2028 2116 2068 eum
2148 2025 2371 2066 narrare
2401 2049 2415 2074 ,
2447 2007 2589 2078 quod
2616 2023 2714 2062 nec
2753 2007 2850 2075 ipsi
2875 2005 3034 2061 Petro
3058 2008 3299 2077 pepercit
3326 2010 3471 2063 veri-

1897 2112 2063 2159 tatem
2091 2100 2363 2172 Evangelii
2392 2115 2497 2154 non
2520 2098 2686 2153 libere
2712 2097 3039 2162 defendenti,
3072 2099 3212 2153 sicut
3245 2099 3313 2152 ad
3342 2114 3477 2169 pro-

1896 2195 2100 2250 fectum
2126 2193 2529 2248 Corinthiorum
2574 2189 2943 2244 manifestat/it
2981 2190 3270 2255 visionem,
3309 2205 3470 2259 quau.

1897 2287 2056 2342 annis
2082 2283 2488 2355 quatuordeeim
2513 2282 2879 2336 occultaverat
2905 2294 2921 2333 :
2956 2281 3058 2336 hoc
3079 2288 3258 2335 autem
3301 2289 3470 2335 totum

1896 2379 2028 2448 agit,
2053 2387 2112 2432 ut
2145 2375 2414 2439 ostendat,
2448 2388 2507 2428 se
2536 2387 2810 2441 nunquam
2838 2372 3266 2426 circumcisionis
3304 2370 3474 2426 fuisse

1894 2469 2179 2531 fautorem,
2197 2468 2340 2523 sicut
2361 2467 2427 2521 de
2451 2465 2542 2520 illo
2559 2465 2989 2535 pseuzloapostoli
3001 2462 3304 2534 jactabant.
3328 2459 3471 2515 Sunt

1893 2576 2023 2616 vero
2050 2559 2309 2624 nonnulli,
2335 2559 2427 2627 qui
2469 2572 2574 2610 non
2599 2555 2822 2611 Petrum
2866 2554 3232 2624 apostolorum
3264 2551 3471 2621 princi-

1891 2667 2038 2722 pem,
2070 2649 2164 2705 sed
2187 2647 2475 2718 quemdam
2522 2646 2683 2700 alium
2731 2660 2795 2699 eo
2820 2645 3036 2698 nomine
3064 2683 3078 2706 ,
3111 2643 3202 2712 qui
3237 2657 3268 2695 a
3299 2639 3467 2694 Paulo

1891 2750 1975 2795 est
2023 2739 2382 2810 reprehensus
2413 2777 2427 2802 ,
2477 2735 2749 2805 accipiunt
2777 2753 2789 2788 :
2817 2735 2909 2805 qui
2959 2735 3004 2788 si
3048 2733 3199 2788 Pauli
3237 2731 3468 2801 apostoli

1893 2829 2186 2884 studiosius
2214 2827 2380 2881 verba
2407 2825 2702 2895 legissent,
2735 2825 2836 2879 ista
2864 2841 2968 2879 non
3001 2825 3258 2880 dicerent.
3290 2823 3472 2878 Dictu-

1892 2935 1984 2976 rus
2004 2918 2202 2974 etenim
2224 2916 2438 2980 Paulus,
2472 2930 2593 2970 cum
2623 2914 2860 2968 venisset
2879 2914 3072 2968 Petrus
3103 2911 3467 2971 Antiochiam,

1891 3014 1947 3068 in
1978 3012 2170 3066 faciem
2217 3009 2265 3064 ei
2297 3007 2512 3063 restiti:
2547 3015 2605 3060 ut
2649 3005 2712 3061 de
2761 3020 2867 3075 quo
2918 3005 3080 3059 Petro
3131 3004 3464 3074 loqueretur,

1891 3103 2200 3158 ostenderet
2229 3140 2244 3166 ,
2287 3100 2342 3153 in
2384 3098 2504 3168 ipso
2532 3112 2642 3152 sua:
2667 3097 2992 3152 narrationis
3025 3095 3179 3150 initio
3203 3095 3469 3165 praemisit

204 3193 340 3248 terit
362 3192 524 3247 Petro
546 3233 559 3256 ,
590 3201 647 3246 et
672 3207 796 3246 cmn
830 3194 1309 3262 reprchensibilem
1337 3193 1615 3258 indicavit,
1664 3211 1786 3249 cum
1817 3192 1859 3252 C
1892 3195 2079 3248 dicens
2109 3211 2120 3245 :
2169 3189 2442 3246 Creditum
2489 3196 2573 3242 est
2627 3188 2759 3241 mihi
2809 3185 3155 3258 Evangelium
3195 3185 3467 3254 przeputii,

201 3292 265 3338 et
316 3284 430 3353 ipse
483 3284 658 3338 factus
702 3283 773 3336 sit
833 3283 1034 3337 Judaeis
1097 3282 1360 3338 lubens?
1400 3283 1787 3354 Compatiendo

201 3374 427 3430 enimid
458 3373 602 3438 fecit,
632 3390 738 3428 non
769 3374 1096 3428 mentiendo.
1128 3373 1214 3428 Fit
1247 3374 1389 3428 enim
1417 3375 1644 3444 quisque
1676 3384 1788 3430 tan-

200 3477 370 3534 quam
397 3465 483 3518 cui
519 3462 626 3516 vult
657 3461 966 3526 subvenire,
999 3464 1213 3530 quando
1243 3471 1385 3516 tanta
1417 3463 1786 3518 misericordia

201 3553 479 3608 succurrit
503 3551 682 3616 alteri,
714 3559 914 3620 quanta
961 3552 1237 3606 subveniri
1273 3551 1373 3605 sibi
1421 3552 1596 3617 vellet,
1630 3553 1672 3608 si
1703 3568 1787 3607 es-

201 3649 293 3696 set
318 3642 429 3710 ipse
458 3642 509 3693 in
533 3640 720 3694 eadem
752 3639 968 3692 miseria
994 3639 1336 3693 constitutus.
1361 3639 1548 3709 Itaque
1579 3639 1639 3694 fit
1667 3649 1788 3694 tan-

201 3748 370 3802 quam
387 3732 495 3796 ille,
511 3748 615 3784 non
632 3732 756 3800 quia
783 3730 916 3784 fallit
930 3745 1050 3783 eum
1071 3770 1084 3793 ,
1100 3729 1192 3783 sed
1206 3730 1328 3798 quia
1344 3745 1401 3784 sc
1427 3731 1631 3800 cogitat
1646 3731 1788 3785 sicut

197 3825 376 3880 illum.
397 3823 547 3879 Unde
578 3823 705 3877 illud
728 3832 812 3876 est
846 3820 1090 3890 Apostoli
1122 3817 1410 3885 :Fratrcs,
1444 3822 1491 3874 si
1515 3838 1785 3892 prwoccu-

196 3923 360 3985 putus
386 3914 543 3979 fuerit
577 3912 730 3966 homo
756 3913 812 3964 in
834 3910 1010 3981 aliquo
1040 3909 1260 3975 delicto,
1292 3926 1377 3963 vos
1407 3910 1497 3979 qui
1524 3909 1783 3980 spiritales

195 4003 327 4058 estis
353 4043 368 4065 ,
399 4003 639 4056 iustruile
669 3999 974 4069 hujusmodi
1021 3999 1076 4050 in
1104 3997 1290 4067 spiritu
1341 3997 1778 4060 mansuetudinis,

195 4093 539 4150 considerans
553 4094 792 4162 teipsum,
813 4107 874 4143 ne
887 4098 932 4142 ct
948 4101 1003 4141 tu
1017 4087 1249 4142 tcnteris.
1267 4083 1402 4141 Nam
1416 4087 1459 4140 si
1473 4097 1781 4156 propterea.

194 4186 330 4255 quia
355 4185 523 4249 dixit,
555 4184 730 4237 factus
778 4197 897 4235 sum
925 4179 1126 4234 Iudaeis
1155 4187 1410 4248 tanquam
1437 4175 1656 4232 Judaeus
1683 4217 1698 4242 ,
1727 4184 1784 4230 et

195 4277 288 4338 iis,
340 4275 430 4344 qui
464 4275 562 4327 sub
608 4272 723 4342 lege
751 4279 909 4326 erant
939 4311 953 4334 ,
987 4278 1240 4338 tanquam
1287 4269 1387 4323 sub
1437 4267 1554 4336 lege
1580 4280 1779 4329 essem,

195 4367 323 4422 ideo
361 4364 628 4435 putandus
681 4362 1013 4416 mendaciter
1058 4359 1363 4428 suscepisse
1403 4356 1536 4426 legis
1582 4354 1781 4409 veteris

195 4466 561 4518 sacramenta,
591 4455 804 4524 quando
843 4461 1002 4522 caput
1031 4450 1265 4505 totondit
1300 4448 1355 4502 in
1385 4445 1646 4502 Clzcucris
1679 4485 1694 4510 ,
1726 4452 1780 4500 et

1887 3285 2027 3339 sicut
2076 3282 2236 3335 Petro
2265 3276 2714 3334 circumcisionis.
2759 3275 2858 3341 Qui
2897 3275 3041 3328 enim
3087 3281 3343 3342 cperatus
3383 3282 3468 3327 est

1887 3377 2046 3433 Petro
2093 3376 2146 3429 in
2187 3371 2542 3443 apostolatum
2582 3366 3009 3424 circumeisiouis
3039 3407 3052 3430 ,
3093 3373 3349 3435 Operatus
3379 3373 3468 3418 est

1885 3479 1941 3523 et
1963 3470 2092 3523 mihi
2127 3468 2267 3521 inter
2296 3472 2500 3535 gentes.
2534 3461 2687 3514 Patet
2725 3474 2853 3529 ergo
2899 3459 2962 3512 de
3001 3473 3108 3526 quo
3137 3456 3295 3510 Petro
3324 3455 3467 3509 Pau-

1887 3566 1970 3621 lus
2015 3565 2270 3633 loquitur,
2315 3575 2475 3629 quem
2506 3566 2558 3611 et
2585 3553 2882 3624 apostolum
2929 3551 3192 3613 nominat,
3220 3557 3275 3603 et
3321 3563 3466 3618 pra:-

1888 3655 2054 3710 fuisse
2099 3650 2387 3720 Evangelio
2416 3641 2842 3701 circumcisionis
2890 3648 3096 3694 narrat.
3147 3640 3214 3692 Et
3243 3638 3466 3692 fuerunt

1886 3743 2124 3814 quidam,
2148 3741 2238 3810 qui
2268 3736 2557 3792 secunlam
2583 3733 2723 3786 Petri
2756 3729 3070 3800 Epistolam,
3110 3729 3162 3783 in
3191 3743 3296 3798 qua
3331 3727 3456 3796 Epi-

1885 3837 2036 3892 stolm
2067 3833 2210 3886 Pauli
2253 3829 2480 3884 laudatae
2505 3833 2630 3881 sunt
2655 3865 2669 3888 ,
2693 3824 2810 3893 ejus
2844 3823 3086 3876 dicerent
3116 3837 3220 3874 non
3269 3819 3458 3874 fuisse.

1886 3927 1991 3984 Sed
2019 3927 2061 3982 si
2093 3925 2332 3994 ejusdem
2365 3917 2617 3989 Epistula:
2663 3916 2827 3970 verba
2875 3926 3103 3984 pensare
3141 3912 3459 3974 voluissent,

1885 4020 2044 4090 longe
2070 4017 2227 4070 aliter
2250 4013 2453 4068 sentire
2486 4015 2755 4078 poterant.
2789 4005 2844 4060 In
2870 4020 2933 4058 ea
2974 4005 3170 4072 quippe
3196 4003 3458 4072 scriptmn

1884 4117 1966 4164 est
2001 4128 2012 4161 :
2058 4105 2188 4159 l'ore
2215 4102 2426 4170 delapsa
2465 4098 2531 4151 ad
2557 4113 2673 4151 eum
2711 4093 3076 4160 huiuscemodi
3123 4110 3153 4144 a
3179 4091 3459 4160 magni/ica

1882 4201 2049 4269 gi'oria
2083 4215 2099 4250 :
2133 4196 2231 4249 llic
2257 4204 2329 4248 est
2359 4193 2502 4261 [itius
2523 4205 2666 4242 meus
2689 4185 2929 4249 dilectus,
2963 4185 3016 4238 in
3037 4200 3139 4255 quo
3163 4184 3288 4236 mihi
3319 4199 3459 4236 com-

1881 4290 2075 4360 placui.
2108 4288 2281 4354 Atque
2337 4278 2611 4349 subjungit
2642 4295 2655 4330 :
2691 4276 2758 4328 Et
2816 4275 2948 4327 hanc
2997 4288 3171 4326 vocem
3229 4288 3321 4324 nos
3369 4288 3466 4324 au-

1882 4381 2127 4442 divimus,
2178 4391 2295 4428 cum
2343 4386 2570 4426 essemus
2625 4383 2740 4421 cum
2793 4365 2904 4435 ipso
2955 4365 3008 4416 iu
3059 4371 3233 4416 monte
3281 4371 3460 4414 sancto

1885 4470 1967 4542 (II
1989 4468 2130 4521 I’ctr.
2153 4466 2214 4537 I).

194 4548 343 4602 tacto
395 4545 610 4601 calvitio
644 4543 972 4598 oblationem
1005 4540 1201 4595 obtulit
1236 4539 1290 4593 in
1344 4536 1643 4592 Jerusalem
1671 4577 1685 4601 ,
1727 4544 1780 4591 et
1806 4528 1858 4587 D
1890 4528 1902 4542 “
1957 4528 2377 4629 ιυεηηίηωιηο
2405 4548 2770 4619 Εηηὲριίητη,
2799 4555 2848 4603 ει
2871 4544 3117 4615 monitus
3141 4551 3457 4612 agnoscam,

195 4641 544 4697 Timotheum
596 4635 974 4698 circumcidit,
1016 4642 1071 4687 et
1128 4631 1468 4700 nudipedalia
1513 4630 1776 4691 exercuit,

193 4747 319 4801 qua:
348 4732 530 4799 utique
557 4727 992 4782 manifestissime
1020 4727 1086 4779 dc
1109 4723 1447 4778 caeremoniis
1471 4721 1775 4776 Judmorum

192 4834 326 4882 sunt
360 4845 371 4878 :
427 4827 612 4879 debuit
641 4831 695 4875 et
724 4821 962 4891 gentium
995 4817 1357 4872 idololatriam
1399 4815 1588 4868 eodem
1620 4813 1778 4867 modo

199 4915 512 4970 mentiendo
541 4911 838 4981 suscipere,
870 4910 961 4978 qui
1014 4907 1150 4961 dixit
1183 4947 1196 4971 ,
1224 4907 1388 4960 etiam
1433 4905 1517 4958 his
1541 4903 1631 4973 qui
1664 4903 1778 4956 sine

194 5007 319 5075 lege
359 5013 538 5068 erant,
585 5011 843 5071 tauquam
888 5000 1005 5054 sine
1043 4997 1160 5067 lege
1187 5011 1245 5049 se
1290 4993 1539 5054 factum,
1600 5002 1659 5046 ut
1683 5007 1777 5045 eos

194 5096 565 5160 lucrifacerel,
615 5093 760 5165 quod
798 5093 985 5159 utique
1031 5105 1134 5142 non
1167 5085 1312 5140 fecit.
1363 5083 1476 5137 Non
1507 5083 1650 5135 enim
1682 5080 1782 5134 ali-

191 5189 322 5247 cubi
358 5186 687 5243 sacrificavit
733 5183 910 5247 idolis,
943 5191 1033 5235 aut
1065 5177 1310 5234 adoravit
1359 5175 1448 5228 illa
1495 5174 1776 5243 figmenta,

193 5300 382 5340 annon
429 5284 607 5354 potius
641 5280 810 5334 libere
836 5321 849 5344 ,
880 5290 1134 5347 tanquam
1168 5283 1375 5341 martyr
1408 5267 1612 5323 Christi
1645 5307 1657 5328 ,
1690 5267 1780 5319 dc-

192 5376 446 5432 testanda
478 5383 532 5427 et
559 5371 776 5426 vitanda
803 5366 1155 5422 monstravit?
1183 5364 1236 5418 1;!
1266 5371 1464 5422 autem,
1498 5356 1638 5428 quod
1664 5356 1777 5425 ipse

192 5471 399 5525 Paulus
445 5464 721 5536 apostolus
766 5461 915 5526 fecit,
965 5469 1024 5512 ut
1072 5457 1330 5527 quasdam
1371 5449 1778 5505 observationes

191 5561 464 5630 legitimas
486 5556 709 5612 Judaiea
733 5551 1118 5606 consuetudine
1141 5546 1446 5607 retinendo,
1471 5551 1524 5596 ct
1548 5539 1771 5610 agendo,

191 5655 352 5718 inse,
385 5667 489 5705 non
528 5665 585 5704 se
626 5645 901 5700 inimicum
933 5641 1031 5710 legi
1073 5638 1459 5708 prophetisque
1505 5637 1776 5686 monstra-

189 5759 298 5815 ret,
340 5746 482 5801 absit
512 5752 566 5797 ut
602 5739 929 5796 mendaciter
952 5751 1072 5791 cum
1105 5734 1298 5790 fecisse
1323 5729 1626 5786 credamus.

1885 4653 2006 4720 quia
2039 4664 2161 4703 cum
2190 4662 2290 4698 vox
2323 4646 2424 4698 ista
2453 4644 2518 4697 de
2539 4640 2678 4695 coelo
2699 4638 2864 4701 venit,
2891 4636 3082 4689 Petrus
3107 4631 3382 4703 apostolus
3408 4633 3459 4684 in

1885 4747 2064 4796 monte
2088 4753 2210 4792 cum
2243 4735 2469 4789 Domino
2494 4732 2660 4786 stetit.
2695 4728 2812 4798 ipse
2837 4741 2967 4796 ergo
2994 4725 3136 4778 hanc
3164 4721 3456 4792 Epistolam

1883 4831 2100 4900 scripsit
2125 4844 2137 4880 :
2168 4828 2258 4896 qui
2289 4829 2425 4880 hante
2458 4838 2643 4876 vocem
2676 4822 2728 4874 in
2758 4827 2939 4873 monte
2963 4831 3086 4871 cum
3112 4815 3339 4868 Domino
3363 4830 3457 4869 au-

1883 4921 2016 4975 divit
2047 4938 2059 4972 :
2099 4917 2209 4970 Nos
2233 4927 2421 4968 natura
2463 4911 2662 4972 Jueia'i,
2695 4919 2740 4962 et
2769 4924 2871 4960 non
2911 4923 2975 4960 ea:
3010 4901 3247 4974 gentibus
3280 4920 3463 4972 prcca-

1884 5023 2039 5065 torcs.
2072 5011 2418 5064 Pt‘ccatorum
2457 5013 2635 5055 autem
2676 5014 2868 5053 nomen
2910 4997 3161 5066 gentibus
3193 4995 3459 5062 imposne-

1884 5110 2008 5156 runt
2033 5096 2350 5165 J.:.‘:ei,jum
2381 5102 2584 5147 vetusta
2623 5090 2853 5158 quaiatu
2885 5085 3156 5154 superbia,
3195 5093 3450 5150 tanquam

1885 5192 1981 5260 ipsi
2019 5191 2153 5260 justi
2189 5194 2389 5246 essent,
2439 5181 2668 5234 videndo
2708 5175 2959 5246 stipulam
2993 5176 3044 5227 in
3072 5174 3226 5228 oculo
3257 5173 3456 5234 alieno,

1881 5292 1936 5335 et
1972 5298 2077 5335 non
2111 5278 2314 5332 trabem
2343 5275 2394 5327 in
2429 5290 2547 5328 suo.
2583 5270 2889 5324 Secundum
2932 5281 3118 5322 eorum
3150 5279 3352 5317 morem
3384 5264 3457 5315 lo-

1882 5384 2038 5429 cutus
2077 5367 2368 5440 Apostolus
2399 5365 2475 5418 ait
2508 5383 2520 5416 :
2556 5360 2668 5414 Nos
2705 5369 2894 5412 natura
2927 5357 3104 5410 Juda‘i
3129 5394 3143 5418 ,
3178 5365 3223 5406 ct
3257 5370 3371 5405 ηοη-
3395 5368 3455 5406 ear

1873 5461 2119 5534 gentibus
2182 5465 2477 5526 peccatores
2511 5469 2525 5512 ;
2583 5450 2636 5503 id
2691 5455 2811 5508 est,
2845 5461 2982 5515 quos
3024 5442 3294 5513 appellant
3329 5456 3452 5510 pec-

1870 5569 1911 5608 ic
1931 5565 2094 5608 :tores
2124 5591 2136 5612 ,
2171 5565 2292 5604 cum
2324 5548 2426 5601 sint
2455 5554 2504 5598 et
2539 5543 2635 5610 ipsi
2669 5547 2980 5612 peccatores
3007 5555 3018 5588 :
3049 5535 3157 5589 Nos
3185 5550 3342 5602 ergo,
3374 5533 3457 5586 iu-

1879 5645 2015 5715 quit,
2045 5649 2236 5696 natura
2265 5637 2451 5697 .luda:i,
2484 5649 2602 5692 cum
2636 5631 2857 5700 gentiles
2886 5642 3146 5684 essemus.
3189 5641 3292 5678 non
3323 5624 3450 5692 quia

1881 5738 1978 5809 ipsi
2013 5741 2317 5806 peccatores
2348 5728 2610 5800 appellant
2646 5766 2659 5787 ,
2691 5731 2866 5776 tamen
2895 5731 2942 5774 et
2975 5736 3070 5775 nos
3102 5729 3436 5789 peccatores.
