3906 6330
440 379 543 436 863

1536 379 1816 445 CLAUDl'l
1847 377 2311 435 TAURINENSIS
2353 372 2662 432 El’lSCOPl

3610 370 3709 427 864

436 501 484 553 iu
510 497 730 554 Christo
756 495 881 554 Iesu
902 497 1258 559 credidimus,
1286 504 1343 550 ut
1365 496 1728 565 justiticemur
1742 511 1840 565 per
1856 493 2015 547 ﬁdem
2045 492 2097 550 Α
2121 491 2229 557 lex,
2257 507 2377 562 qua
2408 506 2505 561 per
2530 489 2745 560 Moysen
2769 489 2891 542 data
2920 494 3024 551 est,
3056 501 3177 558 qum
3227 493 3443 543 tantum
3492 493 3713 554 peccata

432 588 656 643 Christi.
688 587 806 642 Non
829 596 1010 643 autem
1042 596 1349 656 quaererent
1370 585 1681 655 iustiﬁcari,
1706 586 1809 640 nisi
1834 590 2018 640 essent

434 688 773 751 peccatores.

509 792 742 847 Scientes
769 799 964 856 autem,
992 795 1131 861 quod
1155 790 1602 861 non‘justiﬁeatur
1628 790 1783 843 homo
1809 805 1874 843 ex
1900 805 2021 858 ope-

438 884 584 937 ribus
607 882 757 952 legis,
808 883 911 935 nisi
962 898 1055 951 per
1090 882 1249 951 ﬁdem
1296 881 1425 937 Jesu
1463 879 1705 945 Christi,
1749 888 1797 934 et
1845 896 1938 933 nos
1965 880 2021 932 in

408 973 419 995 '
440 970 648 1027 Christo
672 971 709 1025 J
713 989 801 1025 esu
832 972 1175 1039 credidimus,
1196 981 1253 1025 ut
1268 972 1629 1041 justiﬁremurr
1648 988 1712 1025 ex
1732 970 1838 1039 [ide
1864 967 2021 1023 Chri-

441 1062 529 1125 sti,
561 1071 609 1117 et
635 1079 739 1115 non
766 1078 830 1116 ex
863 1061 1105 1131 operibus
1148 1061 1295 1132 legis.
1326 1061 1607 1117 Credimus
1640 1062 1695 1115 in
1720 1061 2022 1127 Christum,

441 1160 502 1208 ut
530 1153 669 1222 quod
700 1153 787 1207 lex
810 1153 1089 1207 nobisnon
1116 1152 1356 1215 dederat,
1390 1151 1522 1207 ﬁdes
1552 1152 1835 1215 tribueret,
1861 1166 2023 1220 quam

444 1244 709 1299 habemus
744 1244 795 1296 in
842 1243 1082 1297 Christo.
1136 1242 1290 1308 Quod
1327 1242 1371 1297 si
1412 1243 1726 1297 recedentes
1760 1258 1789 1295 a
1824 1240 1941 1310 lege
1966 1240 2021 1294 in

443 1350 549 1407 qua
577 1335 773 1389 salvari
797 1340 900 1390 non
939 1334 1215 1403 potuimus
1242 1373 1257 1396 ,
1292 1332 1723 1387 transcendimus
1748 1333 1814 1386 ad
1840 1332 2025 1397 ﬁdem,

446 1424 501 1479 in
525 1441 629 1493 qua
657 1438 763 1477 non
786 1423 967 1487 carnis
991 1424 1252 1492 quaeritur
1291 1421 1658 1487 circumcisio,
1709 1423 1803 1477 sed
1848 1422 2028 1477 cordis

445 1530 580 1585 pura
612 1515 843 1577 devotio,
868 1523 921 1568 et
952 1528 1094 1567 nunc
1120 1528 1146 1566 a
1172 1512 1423 1583 gentibus
1464 1512 1769 1567 recedendo
1792 1514 1897 1567 hoc
1918 1512 2031 1582 agi-

451 1619 593 1668 mus,
625 1610 683 1657 ut
711 1603 1020 1673 quicunque
1051 1617 1157 1656 non
1184 1609 1268 1656 est
1291 1600 1646 1655 circumcisus
1677 1640 1690 1665 ,
1721 1599 2030 1654 immundus

453 1692 547 1746 sit.
583 1690 726 1762 Ergo
758 1692 892 1747 ﬁdes
911 1694 965 1747 in
988 1692 1287 1756 Christum,
1318 1693 1371 1745 in
1399 1707 1503 1762 qua
1532 1706 1630 1756 nos
1657 1700 1907 1762 putamus
1937 1706 2031 1744 an-

451 1792 505 1838 te
530 1782 727 1837 salvari
762 1823 777 1847 ,
810 1783 1021 1851 peccati
1049 1790 1132 1837 est
1163 1782 1411 1837 ministra
1441 1797 1604 1851 quam
1638 1766 1885 1853 iustitia,
1911 1796 2030 1849 qua:

450 1871 631 1928 aufert
655 1872 1151 1938 circumcisionem,
1186 1887 1348 1943 quam
1388 1873 1480 1941 qui
1505 1888 1612 1927 non
1638 1871 2032 1935 habuerit,im-

448 1960 681 2018 mundus
701 1970 806 2025 est,
836 1962 932 2017 sed
954 1962 1133 2028 absit,
1164 1976 1227 2017 ut
1247 2003 1262 2028 ,
1290 1962 1434 2031 quod
1465 1960 1634 2017 semel
1681 1962 1948 2021 destruxi.
1980 1970 2035 2015 et

448 2055 574 2109 novi
619 2056 753 2111 mihi
782 2071 888 2110 non
921 2055 1191 2125 profuisse
1226 2096 1241 2122 ,
1270 2071 1484 2111 rursum
1512 2056 1804 2111 vindicem.
1855 2054 2035 2111 Semel

450 2164 479 2202 a
505 2148 623 2218 lege
653 2148 957 2213 discedens,
1004 2147 1109 2217 legi
1163 2162 1281 2201 sum
1314 2155 1563 2201 mortuus
1584 2154 1686 2212 ,-ut
1729 2147 1782 2200 in
1812 2144 2033 2200 Christo

448 2244 708 2304 viverem,
742 2241 1009 2310 Crucique
1045 2242 1162 2311 ejus
1205 2239 1419 2305 aﬂlxus,
1469 2241 1604 2295 etin
1635 2255 1835 2294 novum
1878 2254 2036 2293 rena-

454 2340 543 2387 tus
570 2330 848 2385 hominem
876 2372 889 2393 ,
920 2330 1026 2384 ﬁde
1058 2331 1230 2397 magis
1255 2344 1419 2400 quam
1469 2344 1633 2385 carne
1660 2328 2032 2391 subsisterem,

449 2428 650 2475 etcum
681 2419 899 2475 Christo
912 2421 1201 2491 egrederer
1221 2434 1252 2474 e
1272 2419 1494 2484 mundo,
1517 2419 1661 2487 quod
1685 2418 1853 2473 semel
1882 2418 2038 2472 ador-

449 2500 545 2571 sus
565 2528 709 2579 sum,
741 2522 897 2569 teneo
919 2555 934 2579 ,
965 2530 1072 2568 non
1128 2513 1260 2568 mihi
1291 2513 1460 2583 gratis
1507 2511 1757 2566 Christus
1785 2519 1869 2565 est
1892 2525 2037 2565 mor-

455 2612 604 2670 tuus,
634 2604 689 2659 in
718 2618 880 2673 quem
906 2603 1108 2659 frustra
1139 2603 1346 2659 credidi
1372 2642 1386 2670 ,
1420 2602 1467 2657 si
1496 2603 1645 2673 potui
1688 2604 1893 2671 absque
1931 2600 2037 2656 ﬁde

449 2693 567 2763 ejus
594 2693 647 2748 in
678 2694 851 2749 veteri
879 2694 996 2765 lege
1032 2693 1251 2749 salvari.

519 2801 749 2869 Propter
782 2801 923 2872 quod
957 2818 1023 2856 ea;
1057 2802 1296 2872 operibus
1343 2800 1471 2872 legis
1508 2817 1611 2855 non
1643 2801 2040 2871 justiﬁcabitur

452 2894 623 2947 omnis
642 2906 785 2945 caro.
817 2890 1226 2946 Justiﬁcabatur
1249 2890 1522 2961 quondam
1544 2904 1611 2943 ex
1636 2890 1755 2961 lege
1786 2905 1890 2944 non
1916 2905 2035 2943 om-

453 2980 540 3035 nis
564 2993 712 3043 caro,
766 2979 861 3033 sed
891 2986 1098 3033 tantum
1131 2980 1166 3033 ii
1201 2980 1448 3035 homines
1475 3019 1490 3045 ,
1519 2980 1611 3049 qui
1642 2979 1695 3035 in
1751 2977 2036 3033 Palaestina

453 3070 734 3140 provincia
785 3079 964 3125 erant.
1000 3070 1154 3125 Nunc
1183 3077 1365 3125 autem
1411 3086 1476 3125 ex
1506 3069 1610 3125 ﬁde
1663 3068 1789 3125 Jesu
1835 3068 2037 3125 Christi

448 3158 783 3229 justiﬁeatur
805 3160 981 3215 omnis
1011 3174 1136 3215 caro
1167 3201 1182 3225 ,
1223 3160 1350 3215 dum
1376 3160 1632 3215 Ecclesiae
1675 3158 1792 3228 ejus
1837 3160 1892 3213 in
1924 3167 2035 3213 toto
2063 3171 2108 3233 ρ

454 3249 586 3305 orbe
605 3247 918 3305 fundantur.
953 3249 1138 3305 Potest
1162 3260 1345 3307 autem
1379 3258 1436 3306 et
1462 3265 1557 3320 per
1584 3265 1747 3319 opera
1768 3250 1903 3321 legis
1921 3266 2031 3305 non

458 3339 903 3396 inconvenienter
936 3340 1282 3397 circumcisio
1304 3380 1319 3405 ,
1367 3340 1650 3395 sabbatum
1685 3379 1703 3403 ,
1725 3338 1842 3394 dies
1883 3338 2033 3405 festi,

458 3431 786 3499 baptismata
811 3471 827 3495 ,
854 3428 992 3485 festa
1026 3439 1330 3498 temporum
1362 3470 1377 3494 ,
1404 3444 1589 3499 azyma
1616 3444 1834 3499 panum,
1865 3436 1919 3484 et
1937 3446 2039 3485 cae-

462 3531 598 3583 tera,
626 3535 749 3589 qum
772 3520 826 3573 in
854 3528 1217 3584 sacramento,
1242 3535 1346 3574 non
1384 3526 1602 3590 propter
1622 3519 1915 3589 justitiam,
1944 3520 2039 3574 sed

459 3610 755 3679 occupandi
783 3610 963 3681 populi
995 3612 1168 3682 gratia
1198 3650 1213 3675 ,
1234 3619 1290 3665 et
1332 3610 1400 3665 ad
1428 3610 1753 3667 domandam
1780 3612 2038 3668 duritiam

406 3776 409 3777 ν
463 3710 590 3758 sunt
620 3701 760 3763 data,
792 3702 1039 3773 intelligi.

536 3807 688 3875 Quod
715 3810 760 3863 si
780 3821 1065 3881 quarentes
1082 3811 1370 3880 justificari
1392 3813 1443 3865 in
1471 3810 1701 3877 Christo,
1726 3814 1923 3867 inventi
1950 3831 2041 3868 su-

463 3916 581 3955 mus
608 3910 657 3955 et
690 3901 789 3970 ipsi
815 3910 1132 3971 peccatores.
1170 3901 1284 3956 Non
1312 3911 1491 3957 autem
1538 3912 1842 3971 quaererent
1882 3904 2043 3973 justi-

465 3988 639 4054 ﬁcari,
663 3990 765 4043 nisi
796 3999 977 4044 essent
997 3998 1330 4059 peccatores.
1357 3992 1439 4045 An
1463 3990 1624 4056 forte,
1656 3992 1782 4061 quia
1812 3992 1866 4046 in
1893 3992 2045 4048 Chri-

463 4091 548 4135 sto
596 4080 879 4135 voluerunt
908 4080 1216 4149 justiﬁcari,
1256 4084 1653 4153 peccaverunt?
1696 4084 1832 4151 Quia
1862 4084 1912 4141 si
1930 4084 2041 4153 jam

455 4172 590 4240 Justi
620 4180 797 4237 erant,
821 4172 968 4227 aliud
996 4175 1287 4243 quaerendo
1315 4175 1498 4244 utique
1525 4184 1909 4244 peccaverunt.
1936 4174 2042 4230 Sed

465 4260 540 4312 ita
583 4267 699 4324 est,
733 4260 938 4329 inquit,
970 4279 1091 4332 ergo
1143 4260 1383 4316 Christus
1426 4265 1623 4332 peccati
1674 4266 1911 4319 minister
1946 4276 2039 4320 est.

466 4350 619 4416 Quod
646 4350 833 4420 utique
870 4367 975 4407 non
1020 4361 1243 4421 possunt
1290 4354 1484 4413 dicere.
1518 4355 1642 4423 quia
1691 4364 1747 4409 et
1798 4357 1899 4424 ipsi
1953 4358 2045 4427 qui

466 4438 721 4494 nolebant
748 4440 849 4495 nisi
890 4442 1224 4498 circumcisis
1263 4444 1513 4514 gentibus
1543 4444 1758 4499 tradere
1806 4446 2048 4516 Evange-

464 4527 621 4593 lium,
656 4528 708 4583 in
737 4529 1011 4585 Christum
1037 4533 1399 4597 crediderant,
1430 4542 1486 4587 et
1534 4534 1653 4588 ideo
1698 4536 1842 4604 quod
1892 4536 2041 4601 dicit,

465 4615 627 4683 absit,
662 4634 765 4673 non
792 4621 961 4686 solus,
984 4622 1079 4677 sed
1106 4638 1226 4676 cum
1271 4625 1400 4693 ipsis
1436 4624 1585 4679 dicit.
1633 4624 1913 4679 Destruxit
1947 4642 2043 4679 au-

469 4717 577 4762 tem
604 4710 913 4777 superbiam
954 4711 1275 4781 gloriantem
1323 4713 1389 4767 de
1432 4713 1686 4783 operibus
1737 4714 1893 4785 legis,
1922 4731 2043 4784 qua:

464 4801 667 4855 destrui
695 4809 754 4856 et
778 4802 998 4857 deberet
1024 4811 1079 4857 et
1104 4814 1387 4873 posset,ne
1411 4808 1587 4875 gratia
1618 4807 1738 4861 ﬁdei
1768 4809 2043 4863 videretur

466 4907 571 4945 non
600 4893 927 4955 necessaria,
961 4894 1005 4948 si
1031 4910 1193 4964 opera
1225 4896 1381 4967 legis,
1407 4898 1572 4951 etiam
1610 4898 1726 4951 sine
1752 4897 1864 4962 illa,
1885 4898 2044 4966 justi—

466 4984 631 5038 ﬁeare
654 4985 1006 5039 crederentur
1033 5004 1045 5039 :
1078 4996 1131 5041 et
1152 4988 1271 5042 ideo
1307 4990 1685 5058 praevaricator
1710 4999 1812 5053 est,
1843 4991 1891 5046 si
1915 5006 2039 5042 rur-

463 5090 557 5129 sus
584 5074 672 5128 illa
697 5074 950 5140 mdiﬁcat,
976 5077 1182 5141 dicens,
1213 5078 1353 5147 quod
1382 5094 1545 5149 opera
1566 5079 1701 5149 legis
1729 5081 1893 5133 etiam
1925 5081 2042 5134 sine

464 5170 636 5234 gratia
664 5166 992 5233 justiﬁcant,
1017 5176 1075 5221 ut
1110 5168 1354 5225 Christus
1384 5170 1591 5239 peccati
1618 5170 1865 5223 minister
1896 5170 2044 5224 inve—

466 5257 663 5310 niatur.

541 5370 790 5435 Nunquid
836 5370 1074 5425 Christus
1122 5372 1317 5440 peccati
1360 5372 1595 5425 minister
1620 5372 1736 5425 est?
1780 5372 1944 5424 Absit.
1978 5371 2036 5425 Si

461 5462 604 5514 enim
631 5471 816 5529 gentes
848 5462 949 5516 ﬁde
974 5463 1086 5517 sola
1116 5480 1218 5517 non
1259 5463 1449 5527 salvat,
1494 5478 1593 5517 nec
1633 5479 1751 5527 nos,
1813 5465 1937 5532 quin
1970 5480 2037 5517 cx

462 5549 715 5615 operibus
761 5550 893 5621 legis
923 5567 1095 5613 nemo,
1120 5550 1523 5618 justiticabitur.
1575 5553 1718 5622 Ergo
1766 5553 1941 5608 adhuc
1985 5562 2038 5607 et

466 5652 563 5691 nos
586 5648 897 5708 peccatores
926 5657 1133 5706 sumus,
1158 5651 1212 5694 ct
1246 5642 1491 5697 Christus
1540 5643 1743 5711 peccati
1788 5644 2038 5697 minister

465 5737 848 5799 cst,tanquam
882 5747 983 5785 non
1012 5732 1193 5787 valens
1244 5741 1459 5800 peccata
1505 5732 1709 5787 donare
1744 5750 1753 5783 :
1791 5731 1928 5787 sicut
1981 5742 2034 5786 et

2125 580 2384 644 ostendlt,
2416 595 2524 633 non
2554 577 2798 633 absmlit.

2196 672 2257 728 Si
2283 674 2421 726 enim
2441 687 2557 743 qum
2588 668 2845 735 destruxi,
2874 669 2985 723 Iure
3011 669 3200 722 iterum
3240 666 3480 734 edi/ica,
3510 680 3717 735 prm-

2125 763 2398 817 ricatorem
2426 777 2508 816 me
2532 760 2810 814 constituo.
2838 758 2975 826 Quid
3005 757 3171 828 ergo?
3199 755 3335 823 Quia
3373 754 3535 808 ﬁdem
3562 750 3719 807 Chri-

2124 854 2192 909 sti
2219 850 2568 924 oppugnabas
2593 858 2775 913 antea,
2806 854 2967 918 quam
2997 862 3140 902 nunc
3164 845 3427 910 mdiﬁcas,
3456 842 3721 914 prmvari-

2125 948 2364 996 catorem
2389 948 2443 995 te
2471 937 2791 993 constituis?
2838 935 2945 992 Sed
2974 935 3120 990 illam
3153 948 3257 988 non
3284 931 3536 987 destruxi
3554 972 3568 995 ,
3591 931 3726 1000 quia

2126 1033 2331 1090 destrui
2353 1046 2458 1087 non
2485 1036 2684 1100 potest.
2719 1028 2870 1082 lianc
2896 1035 3075 1080 autem
3103 1024 3416 1094 superbiam
3457 1035 3589 1076 vere
3627 1022 3724 1076 de»

2126 1130 2423 1188 struxerat,
2469 1128 2889 1188 constanterque
2944 1115 3289 1179 destruebat,
3338 1115 3467 1185 quia
3512 1114 3729 1169 destrui

2127 1221 2357 1286 poterat.
2405 1212 2474 1266 Et
2500 1212 2621 1266 ideo
2652 1226 2757 1264 non
2790 1210 2878 1264 ille
2903 1206 3290 1278 praevaricator
3322 1214 3432 1270 est,
3462 1206 3557 1275 qui
3602 1220 3731 1259 rem

2126 1320 2312 1359 veram
2338 1312 2628 1358 conaretur
2656 1300 2969 1365 destruere,
3006 1308 3063 1353 ει
3116 1305 3471 1367 posteaquam
3526 1308 3719 1347 veram

2129 1409 2271 1457 esse,
2294 1407 2357 1447 ac
2380 1392 2585 1447 destrui
2622 1406 2727 1445 non
2753 1403 2912 1459 posse
2956 1394 3328 1457 cognosceret,
3353 1384 3533 1440 tenuit
3573 1399 3721 1445 eam.

2128 1483 2268 1537 utin
2308 1496 2370 1536 ea
2402 1480 2719 1536 aediﬁcetur.
2754 1478 2859 1533 Sed
2913 1477 3000 1532 illc
3048 1476 3436 1546 praevaricator
3482 1483 3587 1535 est,
3625 1476 3722 1543 qui

2130 1589 2252 1630 cum
2285 1571 2615 1628 destruxerit
2649 1585 2763 1624 rem
2818 1568 3008 1623 falsam
3028 1608 3042 1632 ,
3075 1567 3203 1636 quia
3255 1565 3462 1621 destrui
3517 1571 3731 1635 potest,

2130 1679 2252 1719 eam
2281 1678 2472 1719 rursus
2490 1661 2740 1717 aediﬁcat.

2203 1752 2317 1823 Ego
2361 1752 2501 1806 enim
2540 1766 2631 1821 per
2659 1748 2821 1819 legem
2850 1747 2951 1818 legi
2980 1757 3218 1800 mortuus
3246 1763 3384 1811 sum,
3414 1753 3471 1799 ut
3495 1744 3607 1798 Deo
3647 1748 3727 1798 ei-

2134 1861 2270 1900 ram.
2304 1842 2574 1897 Murtuum
2601 1849 2783 1895 autem
2808 1854 2866 1895 se
2890 1839 2991 1909 legi
3031 1838 3181 1901 dicit,
3209 1845 3267 1890 ut
3300 1835 3417 1904 jam
3458 1836 3562 1890 sub
3607 1834 3725 1903 lege

2133 1951 2240 1990 non
2269 1942 2415 1989 esset
2441 1973 2455 1996 ,
2488 1931 2583 1988 sed
2616 1940 2793 1986 tamen
2845 1943 2944 2000 per
2979 1928 3175 1999 legem,
3200 1928 3313 1982 sive
3346 1926 3474 1995 quia
3504 1924 3727 1980 Iudam:

2133 2035 2270 2093 erat,
2293 2035 2349 2081 et
2387 2033 2639 2094 tauquam
2673 2023 3018 2093 paedagogum
3050 2020 3224 2090 legem
3252 2018 3729 2090 acceperat,sicut

2132 2124 2316 2188 postea
2345 2113 2673 2170 manifestat.
2693 2112 2806 2168 Hoc
2827 2122 3007 2166 autem
3028 2110 3207 2180 agitur
3228 2124 3324 2179 per
3345 2108 3720 2178 paedagogum,

2134 2215 2327 2262 utnon
2355 2206 2427 2260 sit
2466 2203 2809 2259 necessarius
2836 2201 3187 2273 paedagogus,
3219 2198 3361 2253 sicut
3407 2212 3507 2267 per
3555 2198 3729 2250 ubera

2134 2295 2377 2351 nutritur
2405 2294 2606 2357 infans,
2637 2300 2698 2344 ut
2729 2289 2839 2358 iam
2885 2288 3146 2343 uberibus
3190 2302 3299 2341 non
3350 2284 3591 2354 indigeat
3626 2301 3639 2336 :
3670 2292 3727 2338 et

2135 2401 2233 2457 per
2257 2399 2446 2439 navem
2475 2381 2791 2452 pervenitur
2818 2380 2884 2433 ad
2906 2379 3164 2447 patriam,
3184 2384 3245 2429 ut
3267 2377 3380 2444 jam
3405 2374 3567 2427 navis
3589 2389 3727 2443 opus

2136 2493 2243 2534 non
2271 2478 2362 2532 sit.
2405 2475 2533 2529 Sive
2560 2487 2658 2544 per
2694 2473 2866 2543 legem
2893 2467 3211 2539 spiritaliter
3238 2466 3572 2521 intellectam
3623 2464 3727 2534 legi

2137 2579 2385 2627 mortuus
2427 2574 2531 2634 est,
2563 2580 2630 2621 ne
2661 2565 2761 2620 sub
2793 2580 2855 2618 ea
2906 2561 3195 2617 carnaliter
3236 2560 3466 2622 viveret,
3515 2565 3579 2610 ut
3629 2572 3729 2626 per

2137 2662 2384 2718 eamdem
2437 2658 2613 2729 legem
2668 2656 2981 2726 spiritaliter
3038 2652 3367 2707 intellectam
3420 2658 3728 2703 moreretur

2139 2752 2444 2811 carnalibus
2469 2747 2943 2805 observationibus
2960 2744 3111 2815 legis.
3143 2743 3285 2796 Bene
3322 2747 3505 2793 autem
3533 2738 3727 2806 adjun.

2138 2847 2234 2917 git,
2258 2854 2315 2899 ut
2337 2844 2445 2898 Deo
2472 2842 2656 2897 vivam.
2688 2841 2802 2894 Deo
2824 2841 3022 2907 quippe
3045 2834 3199 2897 vivit,
3225 2832 3315 2901 qui
3347 2830 3447 2886 sub
3476 2830 3591 2884 Deo
3620 2837 3727 2888 est,

2138 2937 2243 3008 legi
2272 2942 2476 2998 autem,
2499 2933 2589 3003 qui
2616 2931 2716 2986 sub
2756 2930 2868 2999 lege
2906 2934 3008 2981 est.
3055 2924 3168 2979 Sub
3198 2924 3311 2993 lege
3345 2929 3525 2974 autem
3573 2920 3729 2979 vivit,

2139 3034 2398 3100 quantum
2425 3025 2653 3095 quisque
2676 3030 2927 3091 peccator
2957 3026 3062 3081 est,
3096 3016 3146 3070 id
3171 3024 3287 3079 est,
3323 3014 3377 3067 in
3403 3020 3676 3081 quantum
3698 3022 3731 3063 ι

2138 3128 2322 3175 vetere
2352 3118 2571 3174 homine
2597 3130 2703 3170 non
2730 3121 2813 3167 est
2834 3118 3092 3165 mutatus.

2211 3208 2418 3264 Christo
2447 3207 2686 3275 confixus
2732 3220 2847 3257 sum
2882 3201 3045 3254 cruci.
3088 3196 3223 3264 Quia
3253 3196 3494 3255 dixerat,
3520 3208 3583 3246 se
3631 3207 3728 3261 per

2135 3300 2306 3371 legem
2332 3297 2437 3368 legi
2463 3291 3035 3362 mortuum,quomodo
3060 3296 3304 3343 mortuus
3335 3285 3511 3345 (tuerit,
3535 3292 3734 3336 osten-

2138 3392 2233 3446 dit.
2264 3389 2481 3445 Christo
2514 3386 2758 3441 coutixus
2786 3398 2906 3437 sum
2931 3380 3096 3445 cruci,
3122 3379 3174 3433 id
3200 3386 3301 3439 est,
3319 3375 3570 3429 omnibus
3599 3386 3737 3441 pec-

2137 3480 2274 3536 catis
2303 3486 2548 3533 mortuus
2582 3491 2721 3538 sum,
2744 3482 2963 3544 propter
2987 3486 3105 3540 quae
3128 3469 3216 3523 lex
3244 3466 3368 3521 data
3396 3473 3499 3527 est,
3520 3472 3581 3518 et
3606 3466 3731 3518 ideo

2140 3570 2224 3624 lex
2256 3569 2387 3623 mihi
2417 3568 2637 3621 minime
2665 3562 2970 3618 necessaria
3002 3568 3104 3616 est.

2218 3660 2344 3715 Vivo
2371 3670 2544 3714 autem
2556 3659 2675 3729 jam
2699 3673 2802 3710 non
2823 3671 2916 3726 ego
2943 3667 2960 3705 :
2991 3653 3111 3707 vivit
3137 3650 3333 3705 veroin
3352 3665 3429 3702 me
3456 3650 3733 3701 Christus.

2138 3750 2257 3806 Non
2286 3751 2421 3805 vivit
2452 3749 2560 3813 ille,
2597 3749 2688 3816 qui
2720 3744 2989 3816 quondam
3034 3743 3252 3796 vivebat
3292 3741 3344 3794 in
3404 3739 3539 3808 lege,
3592 3739 3726 3806 quia

2140 3841 2563 3915 persequebatur
2584 3836 2901 3894 Ecciesiam.
2938 3833 3077 3888 Vivit
3097 3840 3277 3885 autem
3303 3831 3356 3884 in
3377 3827 3733 3891 eoChristus,

2142 3935 2424 4006 sapientia,
2444 3928 2722 3992 fortitudo,
2749 3941 2946 3990 sermo,
2964 3939 3089 3993 pax,
3113 3921 3387 3994 gaudium,
3409 3928 3735 3988 ceterasque

2142 4024 2401 4086 virtutes;
2446 4035 2581 4090 quas
2610 4018 2701 4087 qui
2750 4031 2857 4071 non
2894 4012 3073 4077 habet,
3126 4025 3235 4066 non
3292 4017 3467 4080 potest
3505 4007 3736 4073 dicere;

2144 4114 2290 4170 Vivit
2315 4112 2368 4166 in
2397 4128 2483 4165 me
2528 4108 2795 4163 Christus.
2820 4104 2952 4172 Quis
2988 4118 3118 4172 ergo
3162 4101 3359 4155 audeat
3382 4098 3604 4155 Christo
3660 4096 3733 4150 le-

2146 4218 2265 4274 gem
2303 4201 2599 4271 imponere,
2644 4195 2733 4265 qui
2783 4194 2913 4247 vivit
2943 4193 2997 4246 in
3034 4189 3239 4246 Paulo?
3296 4187 3411 4242 Non
3450 4186 3600 4241 enim
3628 4201 3728 4238 au-

2147 4292 2237 4347 det
2264 4290 2385 4360 quis
2436 4288 2615 4341 dicere
2675 4283 2951 4339 Christum
3002 4296 3109 4335 non
3160 4289 3307 4334 recte
3333 4278 3535 4340 vivere,
3588 4284 3653 4328 ut
3683 4276 3731 4328 ei

2148 4377 2450 4433 coercendo
2484 4375 2570 4430 lex
2623 4370 2947 4445 imponenda
2995 4371 3085 4425 sit.
3139 4368 3252 4423 Hoc
3314 4378 3505 4421 autem.
3548 4375 3735 4420 totum

2149 4467 2251 4521 sub
2299 4481 2393 4520 sua
2446 4478 2674 4534 persona
2721 4461 3008 4516 adversum
3045 4457 3265 4513 Petrum
3307 4456 3393 4510 de’
3421 4454 3585 4509 Petro
3617 4456 3729 4508 dis-

2149 4564 2322 4628 putat.

2220 4646 2372 4711 ρυοά
2393 4654 2566 4697 autem
2593 4659 2727 4696 nunc
2750 4645 2856 4695 viro
2876 4642 2930 4693 in
2964 4656 3140 4701 carne,
3176 4639 3231 4690 in
3248 4637 3370 4706 ﬁde,
3388 4638 3574 4706 inquit,
3630 4638 3736 4689 σξιο

2146 4737 2247 4807 ﬁlii
2265 4736 2376 4789 Dei.
2397 4733 2557 4787 Aliud
2575 4741 2655 4786 est
2688 4732 2741 4785 in
2762 4746 2925 4785 carne
2950 4744 3089 4793 esse,
3107 4727 3250 4781 aliud
3268 4726 3327 4779 in
3342 4740 3507 4779 carne
3528 4724 3729 4778 vivere.

2155 4826 2259 4892 Qui
2307 4827 2443 4879 enim
2469 4824 2522 4877 in
2562 4839 2719 4876 carne
2768 4828 2906 4885 sunt,
2955 4819 3064 4873 Deo
3108 4817 3313 4889 placere
3365 4833 3468 4870 non
3514 4826 3733 4886 possunt

2150 4917 2322 4988 (Rom.
2348 4915 2647 4987 vm).Uude
2667 4914 2733 4967 ad
2762 4914 2897 4967 bene
2927 4912 3170 4965 viventes
3204 4910 3404 4964 dicitur
3430 4927 3443 4963 :
3484 4908 3591 4963 Vos
3632 4910 3731 4979 igi-

2152 5018 2238 5059 tur
2264 5009 2318 5058 in
2348 5022 2503 5058 carne
2527 5021 2630 5057 non
2650 5004 2795 5066 estis,
2826 5000 2913 5054 sed
2934 5001 2986 5053 in
3010 4999 3219 5069 spiritu.
3253 4998 3409 5064 Quod
3446 5014 3584 5053 vero
3611 4997 3735 5052 sub—

2153 5097 2307 5159 didit,
2347 5097 2406 5148 in
2423 5096 2530 5164 ﬁde
2556 5094 2663 5148 rit-0
2689 5092 2788 5161 ﬁlii
2816 5090 2937 5156 Dei,
2997 5090 3072 5143 ita
3102 5089 3509 5158 intelligendum
3536 5096 3642 5151 est,
3679 5097 3730 5142 ut

2153 5190 2315 5243 etiam
2340 5188 2415 5241 sic
2443 5186 2691 5240 Christus
2731 5184 2879 5235 vivat
2904 5182 2955 5235 in
3000 5181 3275 5245 credente,
3328 5178 3629 5234 habitando
3679 5179 3731 5233 in

2154 5281 2411 5334 interiore
2441 5280 2658 5332 homine
2685 5292 2780 5346 per
2814 5275 3000 5340 ﬁdem,
3054 5283 3112 5328 ut
3155 5284 3343 5343 postea
3369 5288 3468 5343 per
3495 5274 3731 5343 speciem

2153 5372 2372 5442 impleat
2400 5385 2545 5433 eum,
2578 5384 2699 5422 cum
2721 5368 3035 5434 absorptuni
3074 5364 3235 5419 fuerit
3264 5364 3493 5418 mortale
3519 5379 3552 5417 a
3581 5365 3728 5417 vita:

2147 5464 2399 5533 quoniam
2431 5458 2609 5512 futura
2635 5457 2742 5510 vita
2789 5456 3053 5526 promissa
3078 5464 3160 5509 est
3190 5454 3540 5509 Christianis.
3582 5452 3734 5507 Ideo-

2143 5569 2248 5622 que
2289 5551 2377 5620 qui
2413 5564 2553 5602 uuuc
2611 5548 2663 5601 in
2700 5548 2801 5601 huc
2849 5547 2957 5598 vita
3006 5544 3205 5599 auxilio
3244 5545 3336 5598 Dei
3379 5544 3621 5598 munitus
3664 5544 3733 5596 vi-

2145 5644 2237 5703 vit.
2273 5658 2322 5695 in
2377 5641 2477 5694 tide
2519 5639 2638 5691 vitce
2666 5637 2941 5707 promissas
2990 5634 3138 5690 vivit.
3184 5631 3280 5687 llic
3318 5634 3461 5688 enim
3503 5634 3557 5686 in
3598 5634 3730 5686 ima-

2150 5733 2325 5801 ginem
2393 5732 2535 5785 illius
2580 5728 2993 5802 contemplatur.
3048 5728 3199 5794 quasi
3268 5726 3461 5797 pignus
3524 5726 3730 5779 habens
