3906 6370
275 395 386 451 865

1212 392 1464 448 ENARR.
1510 393 1575 447 IN
1612 390 1828 447 EPIST.
1874 393 1934 445 Ι).
1978 392 2181 448 ΡΑιἸΛ
2222 395 2312 448 AD
2352 393 2599 449 GALAT.

3432 390 3538 449 866

275 508 405 563 vitae
426 506 618 561 futurae
662 504 931 562 Utautem
964 504 1295 568 ostenderet,
1346 504 1489 575 quod
1519 505 1647 558 vivit
1679 504 1731 557 in
1764 502 1854 555 illo
1886 507 1930 563 Α
1961 503 2212 571 parvulae,
2266 512 2320 559 et
2350 504 2436 558 his
2488 504 2580 574 qui
2621 504 2848 560 necdum
2898 504 3054 559 ﬁrmo
3108 500 3333 575 vestigio
3372 499 3537 573 ﬁgant

273 598 544 661 Christus,
599 604 653 651 et
699 598 840 665 quod
887 597 938 649 in
989 608 1153 650 carne
1200 595 1404 657 vivens,
1470 595 1523 647 iu
1576 594 1679 646 ﬁde
1727 594 1857 645 vivit

275 685 403 741 Filii
460 687 587 751 Dei,
646 702 749 740 non
802 687 979 740 meriti
1025 686 1106 740 sui
1138 700 1278 749 esse,
1337 684 1430 738 sed
1475 699 1570 753 per
1626 684 1855 751 gratiam

274 777 408 841 Dei,
455 792 574 845 quae
621 775 819 830 Christi
884 791 1070 831 amore
1114 777 1272 831 nobis
1315 774 1535 843 quaesita
1584 783 1704 840 est,
1758 776 1855 829 ad-

273 866 414 921 didit
442 885 452 919 :

352 957 455 1021 Qui
477 954 657 1009 dilexit
682 971 763 1009 me
793 964 840 1008 et
872 954 1094 1009 tradidit
1116 956 1342 1025 seipstmt
1364 972 1458 1026 pro
1484 973 1583 1009 me.
1618 955 1724 1010 Pro
1749 970 1854 1026 quo

268 1044 482 1114 utique,
540 1045 643 1098 nisi
688 1059 786 1113 pro
833 1052 1139 1112 peccatore,
1196 1052 1257 1098 ut
1313 1060 1436 1099 eum
1489 1043 1855 1112 justiﬁcaret?

270 1133 345 1189 Et
383 1134 513 1189 dicit
543 1134 645 1189 hoc
673 1134 765 1204 qui
787 1132 1001 1189 Judmus
1022 1144 1207 1206 natus,
1231 1145 1286 1192 et
1320 1136 1583 1191 educatus
1630 1144 1769 1199 erat,
1801 1146 1856 1190 et

267 1226 639 1282 abundantius
661 1226 942 1281 aemulator
954 1227 1244 1282 exstiterat
1264 1236 1611 1296 paternarum
1631 1244 1851 1282 suarum

266 1317 643 1372 traditionum.
683 1317 825 1388 Ergo
855 1317 953 1372 etsi
986 1332 1087 1387 pro
1134 1317 1332 1373 talibus
1357 1333 1415 1372 se
1444 1318 1665 1372 tradidit
1698 1317 1852 1372 Chri-

264 1418 388 1465 stus
414 1409 577 1463 etiam
607 1409 707 1479 ipsi
759 1416 1074 1478 peccatores
1116 1418 1293 1464 erant.
1337 1407 1453 1464 Non
1480 1422 1609 1478 ergo
1643 1407 1851 1461 meritis

254 1500 487 1569 justitia:
530 1517 641 1557 sua:
686 1501 870 1555 datum
916 1502 1113 1566 dicam,
1169 1502 1259 1571 qui
1289 1516 1393 1555 non
1420 1515 1558 1570 Opus
1579 1507 1701 1555 erat
1729 1499 1848 1553 dari

253 1589 442 1658 justis.
494 1592 617 1646 Non
647 1593 784 1646 enim
836 1593 950 1647 veni
990 1609 1172 1647 vocare
1204 1594 1400 1662 justas,
1449 1593 1525 1647 ait
1564 1592 1845 1656 Dominus,

259 1681 357 1734 sed
400 1691 693 1751 peccatores
732 1681 949 1753 (Hattlt.
982 1682 1082 1753 rx).
1132 1682 1214 1737 Ad
1241 1684 1343 1738 hoc
1387 1684 1576 1753 utique
1626 1698 1693 1737 ne
1740 1684 1848 1739 sint

259 1779 599 1840 peccatores.
642 1771 724 1827 Ad
764 1771 1035 1827 Romanos
1084 1771 1373 1842 Apostolus
1425 1773 1493 1828 de
1532 1772 1642 1827 Deo
1672 1771 1849 1840 loqui-

1957 596 2199 664 gradum.
2236 596 2387 651 llnde
2410 606 2465 652 et
2494 597 2714 666 quidam
2735 598 2801 651 de
2826 596 3115 668 gentilibus
3141 613 3156 652 :

2079 694 2254 745 Nescio
2275 699 2383 758 quis
2407 704 2609 747 teneros
2629 698 2801 747 oculus
2825 700 2942 748 mihi
2968 699 3172 750 fascinat
3198 710 3370 760 agnos.

2026 774 2139 829 Hoc
2177 787 2464 847 utrumque
2513 794 2700 833 verum
2751 780 2841 843 sit,
2906 795 3094 846 necne,
3156 780 3306 835 novit
3360 779 3525 842 Deus.

1956 867 2150 921 viderit
2188 868 2357 923 lector
2394 888 2406 922 :
2443 871 2572 939 quia
2622 879 2800 940 potest
2848 871 2986 936 ﬁeri,
3041 880 3103 929 ut
3146 882 3200 927 et
3252 873 3527 927 daemones

1954 957 2081 1012 huic
2114 968 2339 1028 peccato
2388 963 2645 1024 serviant,
2677 972 2731 1017 et
2782 976 3133 1031 quoscunque
3162 964 3216 1017 in
3245 964 3340 1017 Dei
3362 976 3526 1032 opere

1952 1047 2036 1100 vel
2088 1050 2337 1118 cepisse,
2375 1051 2458 1105 vel
2499 1051 2790 1120 profecisse
2843 1053 3215 1122 cognoverint,
3247 1068 3339 1107 eos
3370 1069 3400 1106 a
3430 1053 3527 1107 bov

1953 1137 2037 1192 nis
2060 1140 2311 1207 operibus
2336 1150 2600 1195 avertant.
2630 1142 2782 1197 Nunc
2812 1142 2943 1197 illud
2965 1143 3019 1197 in
3049 1158 3213 1198 causa
3246 1153 3349 1207 est,
3380 1143 3523 1213 quod

1952 1246 2018 1286 ex
2042 1232 2291 1300 opinione
2328 1233 2466 1305 vulgi
2522 1244 2796 1305 sumptum
2834 1244 3086 1304 putamus
3108 1235 3433 1305 exemplum,
3468 1246 3527 1289 ut

1951 1324 2219 1391 quomodo
2273 1333 2459 1381 tenera
2508 1335 2639 1381 tetas
2678 1342 2873 1381 nocere
2922 1328 3121 1382 dicitur
3170 1327 3377 1383 fascino
3405 1345 3417 1380 :
3448 1326 3527 1380 sic

1950 1413 2113 1466 etiam
2166 1412 2368 1468 Galatae
2407 1414 2460 1468 in
2512 1416 2713 1471 Christi
2743 1416 2846 1471 ﬁde
2877 1432 3046 1486 nuper
3085 1418 3193 1471 nati
3223 1428 3277 1472 et
3330 1416 3526 1471 nutriti

1950 1501 2109 1567 lacte,
2163 1513 2215 1560 et
2243 1506 2560 1561 non.solido
2610 1507 2751 1573 cibo,
2800 1506 2966 1562 veluti
3006 1508 3239 1578 quodam
3278 1506 3528 1562 fascinati

1949 1594 2057 1649 sint
2087 1595 2285 1659 toxico,
2324 1605 2378 1650 et
2404 1612 2511 1651 non
2535 1599 2812 1653 stomacho
2843 1612 2870 1651 a
2918 1597 3023 1652 ﬁde
3051 1607 3369 1662 nauseante,
3402 1596 3525 1667 Spi-

1948 1680 2084 1737 ritus
2112 1683 2284 1737 sancti
2305 1684 2485 1738 cibum
2516 1685 2875 1740 evomuerint.
2908 1686 3197 1744 lrascentis
3224 1686 3368 1742 enim
3401 1701 3525 1741 cum

1948 1772 2208 1827 miraculo
2265 1776 2431 1829 verba
2471 1784 2639 1830 sunt:
2674 1777 2800 1846 quia
2842 1778 2921 1832 sic
2964 1776 3183 1831 fuerunt
3223 1778 3522 1846 depravati,

258 1871 376 1927 tur,
433 1862 576 1932 quod
603 1863 822 1933 proprio
866 1862 1009 1918 Filio
1048 1881 1145 1919 suo
1194 1881 1297 1918 non
1328 1864 1575 1933 pepercit,
1634 1863 1725 1918 sed
1750 1859 1921 1934 ραι-Β
1949 1871 2009 1918 ιιι
2050 1878 2148 1919 nec
2178 1879 2236 1919 se
2274 1874 2629 1935 agnoscerent
2678 1868 3093 1924 circumventos.
3150 1867 3337 1923 Omnis
3379 1869 3526 1923 enim

258 1951 411 2005 nobis
439 1953 677 2006 omnibus
702 1969 819 2006 cum
848 1952 1124 2008 tradiderit
1164 1954 1342 2026 (Rom.
1374 1953 1515 2026 vni).
1572 1953 1688 2009 Non
1710 1966 1845 2009 vero

257 2039 359 2103 ait,
404 2041 545 2110 quod
570 2057 628 2097 se
650 2042 762 2112 ipse
787 2042 1073 2097 tradiderit
1123 2042 1393 2109 Christus,
1424 2045 1520 2099 sed
1555 2053 1712 2114 pater
1734 2053 1844 2098 tra-

258 2127 426 2195 didit,
472 2138 531 2185 ut
571 2131 807 2188 salvaret
853 2134 1125 2202 perditum
1174 2133 1733 2191 mundum:Christus
1772 2150 1852 2190 se-

255 2217 442 2289 ipsnm
478 2220 725 2287 tradidit,
761 2230 821 2276 ut
846 2221 1030 2307 Patris
1058 2239 1323 2294 suamque
1354 2224 1556 2280 faceret
1602 2226 1849 2280 volunta-

254 2322 400 2369 tem.
423 2310 589 2369 Judas
617 2322 817 2377 autem,
846 2323 901 2369 et
922 2316 1254 2397 sacerdotes,
1279 2325 1336 2373 et
1373 2317 1614 2372 seniores
1636 2317 1844 2387 populi,

251 2414 311 2459 et
352 2405 553 2461 Pilatus
594 2408 760 2461 vitam
825 2408 987 2462 morti
1033 2410 1200 2466 nescii
1245 2409 1604 2465 tradiderunt.
1657 2408 1846 2478 Itaque

251 2510 383 2551 cum
437 2498 549 2566 ipse
591 2512 805 2567 quoque
836 2514 931 2569 pro
960 2509 1144 2555 nostra
1173 2499 1345 2554 salute
1370 2500 1673 2566 tradiderit,
1701 2500 1833 2555 bea-

254 2596 346 2640 tus
392 2586 725 2656 multumque
762 2568 887 2643 felix
933 2590 1057 2654 erit,
1109 2590 1201 2660 qui
1251 2591 1466 2645 vivente
1513 2568 1567 2644 in
1599 2606 1657 2645 se
1688 2590 1845 2645 Chri-

250 2683 358 2737 sto,
398 2692 494 2745 per
524 2677 760 2747 singulas
787 2679 1147 2749 cogitationes
1168 2686 1223 2734 et
1244 2695 1407 2750 opera
1431 2689 1610 2749 potest
1635 2682 1839 2748 dicere,

248 2763 308 2817 in
346 2763 447 2818 ﬁde
485 2765 608 2820 vivo
650 2763 767 2821 Filii
823 2766 937 2830 Dei,
989 2769 1079 2837 qui
1107 2769 1298 2825 dilexit
1361 2784 1468 2833 me,
1537 2779 1592 2826 et
1621 2771 1844 2826 tradidit

248 2856 434 2924 seipsu
443 2872 491 2910 m
548 2873 646 2926 pro
696 2872 803 2914 me.

334 2947 456 3000 Non
493 2948 684 3017 abjicio
706 2952 929 3019 gratiam
958 2950 1069 3005 Det.
1108 2952 1177 3009 Ut
1201 2953 1495 3024 dicam'per
1516 2955 1689 3025 legem
1712 2969 1847 3025 esse

240 3037 535 3107 instillant.
582 3040 674 3095 Ille
701 3050 882 3096 autem
923 3043 1107 3110 abiicit
1140 3045 1371 3113 gratiam
1412 3046 1529 3110 Dei,
1588 3048 1679 3114 qui
1712 3055 1837 3114 post

241 3129 603 3199 Evangelium
626 3131 758 3184 vivit
784 3131 837 3185 in
866 3130 1001 3203 lege,
1034 3141 1089 3187 et
1106 3142 1228 3203 post
1248 3135 1571 3205 baptismum
1593 3136 1839 3190 sordida-

245 3230 344 3274 tur
386 3222 641 3290 peccatis.

327 3310 388 3366 Si
424 3312 560 3364 enim
598 3328 691 3380 per
734 3310 897 3381 legem
936 3314 1171 3382 justitia,
1218 3332 1340 3385 ergo
1382 3317 1621 3369 Christus
1672 3318 1838 3385 gratis

242 3414 490 3459 mortmts
511 3415 605 3459 est.
654 3405 710 3459 Id
730 3415 831 3469 est,
861 3408 977 3462 sine
1008 3423 1172 3463 causa
1210 3418 1459 3464 mortuus
1489 3417 1590 3472 est,
1608 3410 1838 3479 quando

240 3513 349 3568 per
403 3496 589 3563 legem,
627 3496 678 3551 id
729 3505 831 3562 est,
886 3513 982 3567 per
1031 3514 1192 3569 Opera
1228 3499 1384 3570 legis,
1436 3498 1835 3570 qnibus‘Judrei

241 3586 613 3651 conﬁdebant,
658 3598 842 3655 posset
879 3604 999 3643 esse
1029 3588 1240 3657 iustitia
1265 3590 1316 3643 in
1348 3590 1676 3645 hominibus.
1705 3589 1840 3645 Gra-

242 3678 321 3733 tis
361 3686 541 3731 autem
581 3686 866 3732 mortuum
896 3677 1171 3734 Christum
1226 3695 1327 3735 nec
1356 3680 1429 3733 illi
1460 3680 1666 3743 dicunt,
1693 3677 1839 3750 quos

244 3768 469 3832 refellit,
529 3768 784 3838 quoniam
828 3768 1166 3825 Christianos
1218 3787 1274 3825 se
1314 3771 1568 3825 volrbant
1620 3772 1828 3824 haberi.

242 3855 366 3910 Non
395 3872 525 3928 ergo
565 3866 711 3912 recte
752 3873 849 3928 per
875 3859 965 3913 illa
1000 3858 1133 3929 legis
1167 3875 1330 3927 opera
1377 3860 1717 3914 Christianos
1744 3860 1831 3929 ju-

240 3942 473 3999 stiﬁcari
502 3944 821 4001 suadebant.
875 3946 1080 4001 Idcirco
1132 3948 1274 4001 enim
1314 3946 1562 4002 Christus
1590 3956 1836 4003 mortuus

239 4043 354 4099 est,
396 4044 456 4088 ut
502 4051 565 4089 ea
601 4045 886 4104 priestaret
943 4052 1062 4105 quae
1091 4037 1174 4091 lex
1218 4052 1322 4090 non
1370 4046 1624 4106 poterat:
1655 4053 1717 4091 ac
1744 4053 1839 4105 per

241 4129 354 4182 hoc
400 4142 506 4182 non
550 4129 717 4196 gratis
764 4135 1008 4181 mortuus
1049 4135 1152 4182 est.
1203 4128 1347 4182 Mors
1393 4129 1538 4181 enim
1579 4127 1695 4195 ejus
1737 4128 1830 4196 ju-

241 4217 503 4273 stiﬁcatio
566 4226 909 4286 peccatorum
976 4227 1076 4273 est.
1142 4219 1431 4287 ﬂuensque
1486 4228 1680 4273 contra
1732 4219 1835 4272 Pe-

244 4318 395 4363 trum
437 4329 447 4363 :
486 4325 628 4364 nunc
676 4309 745 4363 ad
793 4309 1011 4364 Galatas
1058 4310 1387 4373 revertitur,
1434 4312 1631 4378 quibus
1685 4319 1834 4364 recte

242 4400 403 4455 dicit.

786 4489 852 4544 IN
889 4490 1119 4546 CAPUT
1160 4490 1223 4544 Ill
1255 4508 1267 4543 :

321 4583 365 4637 0
408 4583 659 4637 insensuti
698 4579 927 4646 Galatia,
948 4582 1064 4652 quis
1087 4597 1173 4634 vos
1194 4582 1469 4651 fuscinavit
1497 4598 1601 4634 non
1623 4581 1831 4634 obedire
1854 4561 1908 4619 Ῑ)

242 4676 493 4733 veritati?
551 4671 849 4743 Dupliciter
902 4672 992 4726 hic
1032 4671 1180 4726 locus
1216 4670 1453 4739 intelligi
1497 4679 1714 4740 potest:
1745 4673 1829 4725 vel

242 4771 369 4826 ideo
415 4769 717 4823 insensatos
765 4762 983 4818 Galatas
1028 4762 1342 4832 appellatos,
1380 4779 1409 4816 a
1438 4763 1734 4832 majoribus
1761 4764 1827 4817 ad

243 4852 452 4917 ininora
487 4858 789 4920 venientes,
817 4853 961 4923 quod
988 4855 1327 4923 incoeperant
1356 4854 1573 4924 spiritu,
1592 4860 1645 4907 et
1666 4868 1829 4906 carne

242 4951 800 5012 eonsummabantur;
841 4947 925 5001 vel
964 4947 1033 5001 ob
1048 4946 1133 5010 id,
1161 4946 1305 5015 quod
1335 4959 1667 5014 unaquaeque
1700 4957 1827 5011 pro-

240 5044 422 5098 vincia
476 5056 610 5097 suas
664 5038 861 5094 habeat
904 5039 1295 5109 proprietates,
1361 5036 1445 5090 vel
1493 5049 1829 5104 unaqumque

242 5147 380 5203 gens
402 5129 487 5185 vel
512 5131 733 5195 bonum,
774 5129 858 5183 vel
902 5127 1102 5182 malum
1135 5128 1335 5180 habere
1357 5133 1649 5188 asseratur,
1693 5124 1834 5192 quod

244 5226 351 5280 alia
409 5238 515 5277 non
556 5222 739 5277 habet.
792 5221 898 5275 Nos
939 5221 1071 5274 istas
1126 5217 1440 5272 altitudines
1469 5216 1828 5277 declinantes,

244 5313 528 5383 superiora
571 5311 899 5366 sectahimur
927 5327 941 5361 :
970 5316 1062 5362 aut
1107 5306 1348 5360 stultitia:
1407 5320 1500 5359 eos
1550 5302 1702 5372 argui
1762 5302 1839 5354 di-

243 5416 457 5470 centes,
505 5421 602 5475 per
640 5419 802 5473 quam
848 5403 1098 5472 spiritum
1137 5399 1293 5469 legis,
1352 5406 1404 5451 et
1434 5397 1671 5451 litteram
1692 5393 1832 5462 diju-

244 5499 431 5552 dieare
464 5510 567 5549 non
596 5494 805 5562 possint
837 5511 850 5545 :
888 5502 981 5545 aut
1007 5490 1137 5544 vitio
1174 5489 1349 5559 gentis
1398 5486 1616 5555 corripi,
1684 5483 1827 5551 quod

246 5584 511 5640 indociles
539 5584 645 5637 sint
672 5590 727 5637 et
752 5582 1027 5646 vecordes,
1060 5587 1112 5632 et
1156 5579 1219 5632 ad
1250 5576 1573 5648 sapientiam
1623 5574 1828 5628 tardio-

247 5694 355 5731 res.
399 5677 555 5743 Quod
586 5684 762 5728 autem
785 5674 1048 5742 sequitur,
1101 5670 1228 5736 Quis
1257 5687 1345 5723 vos
1394 5667 1666 5737 fascinari:
1694 5666 1717 5717 ?
1750 5665 1831 5718 di-

246 5770 391 5825 citur
433 5767 668 5821 lasciuus
715 5765 928 5834 proprie
981 5762 1274 5824 infantibus
1326 5776 1541 5822 nocere,
1580 5767 1631 5810 et
1687 5758 1828 5808 aetati

1947 1952 2040 2021 qui
2061 1951 2380 2020 fascinatur,
2407 1957 2603 2010 transit
2632 1972 2661 2011 a
2689 1956 2830 2013 bono
2856 1957 2922 2011 ad
2949 1957 3148 2012 malum
3179 1972 3195 2011 :
3222 1957 3362 2013 sicut
3389 1965 3445 2012 et
3470 1958 3524 2012 hi

1945 2040 2013 2095 de
2041 2042 2291 2099 libertate
2317 2052 2372 2099 et
2395 2046 2686 2101 securitate
2711 2046 2777 2101 ad
2807 2048 3088 2102 servitium
3110 2056 3167 2102 et
3205 2047 3525 2102 sollicitudi-

1946 2148 2071 2189 nem
2111 2137 2463 2191 transierunt.

2014 2226 2147 2280 Ante
2173 2243 2399 2297 quorum
2434 2228 2610 2282 oculos
2638 2227 2795 2283 Iesus
2828 2229 3064 2283 Christus
3087 2230 3407 2300 proscrip:us
3428 2238 3527 2294 est,

1945 2321 1991 2365 et
2030 2314 2086 2367 in
2126 2314 2267 2369 vobis
2305 2317 2609 2385 cruriﬁxus.
2669 2317 2835 2373 Nobis
2895 2319 3038 2373 enim
3086 2326 3231 2373 recte
3283 2320 3524 2388 proscri-

1944 2412 2066 2474 ptus
2108 2414 2195 2460 est
2217 2407 2464 2462 Christus
2483 2408 2548 2462 de
2569 2405 2721 2474 cuius
2764 2410 3003 2479 patibulo
3031 2420 3085 2463 et
3107 2412 3381 2480 passione,
3413 2410 3525 2465 ala-

1943 2496 2027 2565 pis
2070 2504 2127 2551 et
2147 2495 2369 2567 ﬂagellis
2398 2500 2575 2553 omnis
2602 2501 2989 2570 prophetarum
3026 2502 3271 2569 przedicit
3300 2505 3525 2565 chorus.

1944 2595 2003 2641 ut
2029 2601 2243 2641 crucem
2274 2588 2441 2657 ipsius
2468 2604 2571 2643 non
2616 2590 2682 2644 de
2708 2590 2999 2660 Evangelia
3033 2598 3261 2655 tantum,
3317 2591 3368 2644 in
3414 2607 3522 2661 quo

1943 2676 2235 2731 crucifixus
2260 2678 2517 2743 refertur,
2563 2679 2655 2733 sed
2685 2679 2854 2733 multo
2880 2689 3168 2749 antequam
3198 2682 3526 2736 descendere

1944 2766 2260 2836 dignaretur
2301 2769 2367 2821 ad
2398 2778 2594 2833 terras,
2660 2778 2714 2823 et
2741 2769 3042 2834 hominem,
3093 2770 3299 2839 quiest
3348 2772 3525 2826 cruci-

1945 2857 2103 2924 ﬁxus,
2136 2869 2455 2925 assumeret,
2512 2862 2840 2917 noverimus.
2886 2862 2995 2917 Nec
3024 2878 3189 2932 parva
3218 2863 3335 2917 laus
3363 2862 3522 2919 Gala-

1942 2957 2117 3003 tarum
2166 2960 2269 3014 est,
2345 2952 2489 3021 quod
2548 2953 2620 3006 ita
2678 2954 3008 3008 crediderint
3061 2954 3114 3008 in
3182 2954 3522 3020 cruciﬁxum,

1942 3049 2001 3092 ut
2047 3040 2127 3094 eis
2175 3039 2339 3094 fuerit
2387 3050 2511 3096 ante
2558 3043 2931 3113 proscriptus,
2980 3043 3124 3112 quod
3181 3044 3392 3099 scilicet
3448 3043 3527 3100 le-

1942 3131 2195 3185 ctitantes
2244 3133 2559 3202 prophetas,
2604 3143 2661 3187 et
2689 3135 2870 3187 omnia
2908 3134 3108 3188 veteris
3161 3133 3295 3205 legis
3341 3150 3525 3190 sacra-

1868 3217 1910 3278 C
1944 3230 2121 3278 menta
2168 3231 2474 3287 noscentes,
2532 3224 2613 3277 \ia
2663 3233 2718 3277 et
2760 3224 2948 3279 ordine
3000 3225 3246 3279 venerint
3290 3226 3355 3279 ad
3404 3242 3524 3282 cre-

1942 3313 2043 3367 den
2053 3313 2197 3365 dum.

2014 3401 2127 3454 Hoc
2151 3404 2322 3455 solum
2366 3402 2531 3456 voloa
2570 3404 2711 3457 vobis
2750 3404 2969 3468 discere,
3025 3422 3088 3459 ex
3129 3406 3367 3476 operibus
3391 3406 3516 3477 legis

1939 3495 2180 3564 spiritum
2233 3497 2525 3565 accepistis,
2554 3514 2621 3550 an
2643 3514 2707 3549 ea:
2731 3496 2917 3549 auditu
2937 3497 3063 3565 ﬁdei
3079 3498 3103 3550 ?
3136 3497 3514 3566 Respondetur

1940 3586 2147 3654 utique,
2203 3601 2267 3640 ex
2315 3587 2501 3639 auditu
2535 3586 2679 3641 ﬁdei.
2724 3586 2807 3641 Ab
2839 3586 3099 3655 Apostolo
3144 3588 3287 3642 enim
3330 3588 3523 3657 praedi-

1940 3685 2058 3731 cata
2111 3687 2194 3731 est
2240 3679 2319 3732 eis
2348 3677 2519 3732 ﬁdes:
2551 3678 2604 3731 in
2636 3692 2738 3745 qua
2778 3678 3164 3747 praedicatione
3195 3680 3381 3748 utique
3424 3681 3519 3734 ad-

1936 3778 2176 3831 ventum,
2230 3777 2284 3822 et
2318 3769 2658 3837 praesentiam
2712 3768 2885 3823 sancti
2939 3769 3172 3837 Spiritus
3204 3779 3510 3824 senserant.

1938 3858 2091 3914 Sicut
2140 3858 2229 3912 illo
2255 3868 2497 3928 tempore
2527 3860 2578 3912 in
2609 3859 2849 3913 novitate
2884 3858 3218 3912 invitationis
3250 3859 3316 3913 ad
3357 3859 3515 3914 tidem

1936 3950 2099 4003 etiam
2133 3950 2477 4003 sensibilibus
2532 3948 2808 4004 miraculis
2843 3949 3128 4018 praesentia
3169 3949 3342 4003 sancti
3394 3949 3517 4020 Spi-

1937 4039 2077 4093 ritus
2106 4040 2420 4109 apparebat,
2455 4040 2596 4093 sieut
2627 4040 2679 4093 in
2709 4039 2935 4093 Actibus
2962 4038 3341 4107 Apostolorum
3386 4040 3518 4111 legi-

1937 4137 2044 4183 tu-r.
2098 4128 2210 4183 Hoc
2263 4136 2441 4183 autem
2484 4128 2684 4183 factum
2738 4138 2857 4183 erat
2898 4130 3037 4197 apud
3081 4128 3321 4194 Galatas,
3366 4138 3520 4184 ante-

1936 4233 2097 4286 quam
2146 4219 2234 4272 isti
2265 4218 2331 4270 ad
2378 4233 2472 4271 eos
2509 4219 2891 4287 pervertendos
2948 4228 3001 4273 et
3045 4220 3514 4274 circumcidendos

1934 4308 2231 4362 venissent.
2275 4307 2381 4361 Iste
2429 4323 2558 4377 ergo
2606 4322 2795 4362 sensus
2847 4317 2930 4362 est
2963 4327 2974 4360 :
3003 4307 3057 4362 Si
3106 4309 3160 4362 in
3206 4309 3309 4363 illis
3338 4312 3513 4379 operi-

1936 4398 2037 4452 bus
2090 4396 2225 4465 legis
2274 4404 2417 4451 esset
2474 4396 2619 4451 salns
2667 4406 2865 4461 vestra,
2917 4414 3022 4451 non
3076 4400 3224 4453 vobis
3280 4400 3515 4468 Spiritus

1941 4495 2193 4551 sanctus,
2227 4487 2330 4541 nisi
2356 4488 2693 4541 circumcisis
2719 4488 2955 4542 daretur.
2992 4490 3195 4544 Deinde
3229 4490 3405 4543 intulit
3443 4507 3455 4543 :

2008 4578 2099 4631 Sic
2156 4579 2302 4631 stulti
2353 4580 2497 4640 estis,
2547 4587 2601 4630 ut
2647 4595 2763 4630 cum
2828 4580 3017 4649 spiritu
3060 4582 3335 4651 cmperitis,
3378 4600 3514 4636 nunc

1936 4687 2094 4724 carne
2133 4670 2621 4723 cousummamiui?
2677 4669 2787 4724 iloc
2848 4678 2949 4731 est,
3012 4672 3153 4741 quod
3183 4674 3428 4741 superius
3461 4675 3513 4726 in

1934 4760 2157 4814 exordio
2198 4760 2451 4813 dixerat:
2491 4758 2605 4813 Nisi
2653 4760 2815 4828 aliqui
2871 4762 2998 4823 sint,
3040 4762 3132 4831 qui
3191 4764 3516 4818 conturbant

1934 4864 2049 4912 vos,
2082 4858 2136 4903 et
2166 4849 2351 4904 volunt
2381 4857 2695 4904 convertere
2726 4850 3070 4921 Evangelium
3104 4850 3324 4906 Christi.
3373 4852 3513 4915 Con;-

1933 4938 2169 4992 turbatio
2218 4940 2361 4993 enim
2398 4939 2571 4993 ordini
2626 4942 2897 4993 contraria
2944 4950 3046 4994 est.
3104 4940 3250 4996 Ordo
3285 4951 3367 4996 est
3420 4958 3513 4996 au-

1934 5038 2041 5083 tem
2096 5044 2128 5082 a
2190 5028 2494 5083 carnalibus
2539 5028 2603 5080 ad
2667 5028 2924 5096 spiritalia
2976 5045 3219 5100 surgere,
3282 5047 3388 5086 non
3442 5033 3510 5085 ab

1934 5118 2268 5189 spiritalibus
2294 5120 2360 5173 ad
2389 5119 2625 5173 carnalia
2680 5119 2897 5184 cadere,
2945 5120 3087 5174 sicut
3126 5121 3243 5175 istis
3298 5123 3509 5177 accide-

1934 5219 2020 5264 rat
2049 5230 2060 5264 :
2094 5209 2227 5265 Cum
2260 5208 2427 5263 Juda-i
2463 5226 2569 5263 non
2602 5209 2757 5263 aliter
2795 5210 3042 5279 spiritum
3071 5211 3362 5280 accipiant,
3408 5212 3510 5267 nisi

1933 5316 2031 5371 per
2063 5300 2252 5365 ﬁdem;
2287 5315 2381 5354 vos
2410 5315 2439 5354 e
2489 5302 2764 5355 contrario
2805 5302 3008 5369 putatis
3052 5302 3203 5355 vobis
3256 5302 3509 5371 spiritum

1936 5405 2040 5443 non
2066 5389 2328 5454 suﬁicere,
2384 5390 2485 5443 nisi
2531 5398 2584 5443 et
2629 5389 2739 5460 legi
2778 5390 3100 5444 subdainini.
3149 5391 3215 5444 Et
3266 5392 3381 5446 Inec
3426 5402 3513 5446 est

1933 5481 2206 5552 Evangelii
2262 5481 2542 5534 conversio
2586 5489 2903 5541 retrorsum,
2938 5481 3101 5547 quod,
3148 5482 3272 5549 quia
3304 5481 3506 5535 bonum

1934 5587 2038 5625 non
2096 5580 2217 5634 est,
2277 5585 2382 5622 non
2437 5578 2518 5624 est
2567 5569 2910 5637 Evangelium
2966 5584 3089 5622 cum
3141 5571 3241 5624 hoc
3294 5585 3506 5625 annun-

1937 5664 2118 5716 tiatur.

2010 5755 2171 5807 Tau‘a
2208 5754 2347 5821 passi
2382 5754 2503 5805 estis
2534 5752 2641 5806 sine
2682 5766 2861 5814 causa,
2886 5752 2929 5803 si
2966 5759 3137 5801 tamen
3176 5750 3286 5802 sine
3320 5764 3503 5803 causa.
