3906 6366
413 379 523 440 sti‘l

1488 376 1769 434 CLAUDII
1811 371 2274 431 TAIIRINENSIS
2310 370 2615 427 EPISCOI‘I
3570 364 3672 419 868

414 496 578 550 Multa
603 493 714 563 jam
767 507 864 564 pro
909 491 1011 545 title
1038 489 1423 553 toleraverant,
1480 504 1587 543 non
1639 487 1830 541 timore
1876 494 1995 539 tan-
2021 483 2190 554 Aqui
2251 484 2563 545 exsultavit.
2609 489 2669 537 ut
2713 483 2920 538 videret
2955 482 3096 537 diem
3144 480 3385 545 Domini,
3438 488 3493 534 ct
3520 478 3675 543 vidit,

411 602 572 656 quam
600 586 700 640 sub
743 585 859 653 lege
899 581 1086 653 positi,
1114 582 1209 636 sed
1249 583 1421 651 magis
1463 580 1518 633 in
1561 579 1691 648 ipsis
1726 576 1993 648 passioni-

414 678 513 731 bus
536 676 802 730 cliaritate
846 674 1097 728 timorem
1146 669 1717 736 vicerantzQuoniam
1763 669 1993 722 rharitas

415 766 510 821 Dei
534 767 727 834 diffusa
748 776 857 819 erat
884 764 940 816 in
981 763 1227 816 cordibus
1248 778 1429 816 eorum
1471 778 1564 831 per
1588 760 1843 831 Spiritum
1871 776 1995 814 san-

419 865 553 908 ctum
577 854 755 925 (Rom.
780 854 859 924 v),
890 867 1049 921 quem
1078 860 1403 921 acceperant
1442 869 1455 904 :
1496 850 1624 905 Sine
1659 865 1820 903 causa
1847 865 1992 919 ergo,

415 946 607 1014 inquit,
657 953 806 998 tanta
826 944 972 1013 passi
1007 945 1161 1009 estis,
1199 944 1291 1012 qui
1342 959 1407 997 ex
1459 943 1749 1007 charitate,
1794 958 1916 1011 quae
1942 943 1995 997 in

414 1035 568 1089 vobis
616 1042 765 1087 tanta
801 1034 1083 1098 sustinuit,
1126 1034 1192 1087 ad
1215 1034 1465 1088 timorem
1499 1033 1667 1087 relabi
1704 1033 1903 1099 vultis;
1947 1032 1993 1087 si

416 1134 593 1180 tamen
637 1126 752 1180 sine
797 1140 958 1179 causa
1002 1132 1153 1178 tanta
1207 1125 1349 1193 passi
1391 1125 1545 1180 estis.
1589 1124 1689 1179 llic
1735 1125 1780 1179 si
1824 1135 1997 1179 tamen

415 1233 520 1271 non
569 1216 867 1270 dubitantis
896 1222 997 1281 est,
1032 1217 1124 1270 sed
1150 1216 1544 1271 conﬁrmantis.
1583 1216 1653 1271 Ut
1694 1224 1779 1271 est
1825 1217 1993 1271 illud:
2076 1248 2087 1267 κ

415 1305 473 1360 Si
498 1316 671 1357 tamen
705 1305 910 1374 justum
957 1315 1031 1357 est
1076 1304 1216 1375 apud
1246 1304 1410 1357 Deum
1440 1304 1722 1359 retribuere
1763 1304 1863 1369 his,
1907 1314 1998 1375 qui

416 1415 502 1453 ros
523 1398 799 1463 tribulam,
837 1398 1253 1461 tribulationem,
1272 1407 1319 1468 et
1343 1398 1502 1461 vobis,
1526 1397 1616 1468 qui
1647 1395 1994 1459 tribulamini,

416 1490 642 1559 requiem
687 1489 950 1541 nobiscum
1011 1487 1095 1560 (ΙΙ
1142 1466 1319 1541 Thess.
1366 1487 1429 1559 1-).
1489 1466 1641 1554 Quod
1686 1486 1829 1541 enim
1882 1485 1998 1540 sine

414 1597 578 1635 causa
626 1580 825 1634 factum
858 1581 1076 1645 dicitur,
1124 1581 1456 1651 superﬂuum
1493 1590 1598 1636 est.
1657 1580 1997 1651 Superﬂuum

415 1682 618 1737 autem,
674 1688 773 1728 nec
799 1674 1038 1743 prodest,
1086 1690 1189 1729 nec
1246 1681 1426 1729 nocet.
1472 1674 1586 1727 Hoc
1638 1687 1767 1728 vero
1819 1672 2004 1727 viden-

416 1765 542 1817 dum
583 1772 687 1827 est,
734 1778 802 1817 ne
830 1763 897 1817 ad
952 1764 1249 1832 perniciem
1292 1763 1493 1819 valeat.
1538 1762 1654 1817 Non
1705 1760 1850 1815 enim
1898 1761 2002 1816 hoc

2095 586 2152 633 et
2203 577 2413 632 laetatus
2458 585 2561 631 est.
2616 575 2768 632 Unde
2798 584 2854 631 et
2891 576 2957 631 ad
2994 574 3239 629 inﬁdeles
3282 573 3504 627 Judzeos
3537 572 3673 626 dici-

2097 676 2184 723 tur
2221 688 2235 722 :
2275 668 2333 723 Si
2388 668 2485 722 ﬁlii
2524 669 2717 724 essetis
2756 670 3051 730 Abraham.
3100 682 3266 738 opera
3316 668 3555 722 Abrahm
3603 665 3676 718 [ςιο

2094 761 2311 815 ceretis.

2170 848 2455 905 Providens
2475 860 2649 906 autem
2699 852 2978 922 scriptura,
3010 851 3133 923 quia
3161 868 3225 905 ex
3255 851 3364 919 ﬁde
3408 849 3676 919 justi/ient

2096 951 2269 1012 gentes
2294 940 2455 1006 Deus,
2494 943 2863 1011 prcenuntiavit
2890 940 3137 1005 Abrahae,
3178 940 3318 1005 Quia
3371 940 3681 993 benedicen-

2102 1042 2190 1087 tur
2229 1034 2354 1088 inte
2400 1050 2578 1088 omnes
2612 1044 2805 1104 gentes.
2853 1033 3029 1103 Igitur
3059 1033 3151 1104 qui
3181 1049 3247 1089 ea:
3266 1032 3375 1102 ﬁde
3416 1040 3566 1096 sunt,
3595 1031 3682 1084 be-

2098 1125 2403 1178 nedicentur
2443 1140 2559 1177 cum
2580 1123 2722 1193 ﬁdeli
2761 1124 3047 1178 Abraham.

2171 1215 2286 1269 Non
2333 1229 2440 1283 quo
2492 1215 2609 1285 ipsa
2654 1214 2948 1284 scriptura,
3000 1221 3361 1269 atramentum
3426 1211 3684 1265 videlicet

2099 1318 2155 1362 et
2188 1307 2534 1372 membranae,
2584 1322 2705 1377 quae
2751 1307 3094 1363 insensibiles
3132 1314 3280 1371 sunt,
3335 1305 3552 1374 possint
3594 1302 3681 1358 fu-

2101 1406 2221 1452 tura
2243 1412 2599 1467 praenoscere,
2649 1398 2742 1452 sed
2783 1412 2890 1467 quo
2925 1396 3160 1467 Spiritus
3187 1404 3431 1458 sanctus,
3479 1402 3535 1447 et
3562 1408 3687 1446 scn-

2101 1505 2195 1545 sus
2221 1489 2312 1559 qui
2343 1490 2396 1544 in
2426 1490 2621 1545 litteris
2647 1490 2798 1555 latet,
2848 1489 3032 1545 multis
3056 1499 3178 1559 post
3205 1487 3424 1543 smculis
3454 1494 3683 1539 ventura

2102 1582 2469 1651 prtedixerint.
2499 1582 2669 1637 Porro
2690 1582 3018 1652 exemplum,
3047 1581 3186 1652 quod
3214 1581 3280 1636 de
3300 1578 3502 1635 Genesi
3536 1594 3685 1633 sum-

2103 1679 2254 1740 ptum
2293 1678 2394 1735 est,
2440 1672 2514 1725 ita
2545 1672 2599 1726 in
2668 1674 2888 1743 proprio
2935 1672 3210 1727 volumine
3243 1672 3578 1727 continetur.
3622 1670 3685 1723 Et

2106 1760 2469 1816 benedicentur
2493 1764 2548 1816 in
2573 1765 2767 1817 semine
2790 1773 2881 1819 tuo
2911 1780 3087 1818 omnes
3120 1773 3295 1834 gentes
3319 1774 3502 1816 terra.
3533 1762 3687 1829 Quod

415 1865 499 1912 cst
534 1872 639 1910 non
670 1872 911 1926 surgere,
942 1858 1083 1925 quod
1109 1866 1191 1912 est
1218 1858 1412 1912 cadere
1440 1875 1453 1909 :
1478 1856 1726 1926 quamvis
1749 1855 1843 1911 isti
1859 1870 1998 1910 non-
2028 1836 2076 1895 Β
2101 1852 2389 1922 Apostolus
2437 1868 2601 1924 super
2642 1854 2861 1910 Christo
2899 1855 3265 1925 interpretans
3300 1855 3377 1908 ait
3413 1873 3426 1906 :
3464 1851 3591 1908 Non
3612 1863 3687 1907 est

415 1949 541 2004 dum
569 1948 911 2013 cecidissent,
935 1949 1028 2004 sed
1051 1949 1165 2019 jam
1189 1950 1603 2012 inclinarentur,
1634 1955 1696 2002 ut
1717 1944 1995 2002 caderent.

415 2038 551 2093 Nam
597 2038 783 2107 utique
821 2040 998 2094 adhuc
1025 2040 1077 2093 iu
1105 2041 1184 2095 eis
1215 2040 1448 2108 Spiritus
1474 2047 1696 2094 sanctus
1740 2035 2002 2107 operaba-

417 2138 527 2195 tur,
574 2129 716 2183 sicut
752 2138 1150 2197 consequenter
1183 2130 1315 2185 dicit
1346 2147 1359 2183 :
1948 2194 1951 2196 η

492 2220 599 2284 Qui
624 2234 747 2290 ergo
772 2220 955 2273 tribuit
980 2220 1119 2273 vobis
1141 2219 1406 2289 spirilum,
1426 2227 1474 2273 et
1505 2227 1753 2289 operetur
1790 2216 2001 2272 virtutes

415 2312 471 2364 in
513 2309 674 2374 vobis,
704 2327 768 2363 ea:
788 2311 1027 2380 operibus
1052 2310 1201 2380 legis,
1258 2328 1329 2365 an
1368 2327 1434 2365 ea:
1474 2310 1659 2363 auditu
1682 2306 1849 2376 ﬁdei?
1877 2306 1999 2360 Tri-

416 2398 553 2463 buit,
602 2399 703 2452 hoc
744 2406 848 2462 est,
901 2398 1265 2464 administrat,
1306 2399 1588 2468 praesentis
1619 2392 1880 2464 temporis
1920 2403 2003 2447 est

416 2489 722 2559 legendum,
755 2499 812 2542 ut
842 2490 1163 2544 ostendatur
1208 2505 1304 2559 per
1360 2491 1599 2560 singulas
1633 2490 1798 2544 horas
1840 2498 2003 2557 atque

420 2590 694 2637 momenta
753 2596 969 2653 semper
1030 2583 1205 2653 dignis
1254 2581 1516 2652 Spiritum
1556 2589 1805 2638 sanctum
1850 2582 2005 2637 mini-

416 2672 597 2726 strari.
652 2672 717 2726 Et
740 2681 946 2742 quanto
997 2672 1119 2742 quis
1146 2672 1199 2726 in
1230 2671 1324 2725 Dei
1375 2687 1541 2740 opere
1575 2680 1630 2726 et
1660 2687 1844 2727 amore
1874 2687 2000 2742 pro-

416 2762 623 2828 fecerit,
672 2771 820 2818 tanto
878 2766 1050 2835 magis
1096 2765 1269 2818 sancti
1312 2762 1546 2832 Spiritus
1588 2764 1644 2817 in
1695 2779 1754 2819 se
1799 2765 2013 2820 habere

418 2851 666 2915 virtutes,
719 2869 854 2921 quas
917 2854 1137 2909 auditus
1185 2852 1329 2919 ﬁdei,
1382 2862 1438 2908 et
1490 2869 1595 2908 non
1655 2854 1789 2925 legis
1836 2870 2001 2925 opera

415 2950 814 2995 consummant.
871 2942 987 2996 Non
1041 2958 1149 3018 quo
1205 2943 1341 3013 legis
1393 2958 1557 3011 opera
1609 2945 2003 2999 contemnenda

416 3030 543 3096 sint,
596 3039 650 3085 et
696 3033 902 3101 absque
954 3034 1034 3087 eis
1071 3033 1300 3102 simplex
1348 3032 1481 3087 ﬁdes
1538 3035 1858 3103 appetenda,
1909 3036 2004 3090 sed

417 3122 532 3188 ipsa
563 3137 728 3190 opera
775 3122 878 3175 ﬁde
918 3123 1117 3177 Christi
1169 3122 1518 3176 adornentur.
1566 3122 1716 3177 Scita
1738 3133 1823 3179 est
1857 3126 2001 3179 enim

2098 1927 2349 2017 scriptum
2387 1946 2441 1999 in
2467 1946 2768 2011 seminibus,
2816 1948 2968 2017 quasi
2992 1948 3047 2001 in
3085 1946 3289 2009 multis,
3334 1945 3429 2000 sed
3450 1945 3609 2014 quasi
3633 1947 3686 1997 in

2099 2052 2227 2101 uno,
2268 2045 2315 2089 et
2337 2036 2520 2090 semini
2546 2046 2659 2101 tuo,
2701 2038 2789 2107 qui
2812 2045 2887 2091 est
2911 2037 3172 2091 Christus.
3210 2036 3397 2105 Itaque
3437 2050 3689 2089 nonnun-

2099 2140 2261 2196 quam
2306 2128 2391 2182 vel
2429 2128 2780 2183 detraxerunt
2801 2129 2985 2193 verba,
3040 2129 3124 2183 vel
3166 2128 3514 2183 addiderunt.
3552 2125 3687 2181 Nulli

2099 2231 2228 2271 vero
2264 2216 2507 2283 dubium,
2549 2218 2691 2288 quod
2722 2219 2776 2272 in
2831 2217 3003 2284 Isaac,
3048 2226 3105 2273 et
3158 2219 3214 2273 in
3256 2216 3449 2282 Iacob,
3490 2217 3609 2272 sive
3636 2218 3687 2270 in

2101 2305 2382 2361 duodecim
2419 2308 2761 2377 patriarchis,
2808 2316 2864 2364 et
2907 2310 3120 2363 caeteris
3169 2310 3261 2378 qui
3309 2309 3679 2363 deAbraham

2100 2397 2271 2467 stirpe
2292 2398 2641 2464 descendunt,
2681 2415 2789 2454 non
2833 2399 3038 2456 fuerint
3079 2399 3380 2455 benedictae
3412 2400 3685 2453 univcrsze

2101 2487 2346 2542 nationes
2376 2505 2389 2541 :
2416 2488 2509 2543 sed
2532 2489 2585 2542 in
2610 2488 2827 2544 Christo
2851 2489 2981 2545 Jesu
3004 2505 3105 2559 per
3127 2504 3319 2545 omnes
3339 2499 3535 2560 gentes
3577 2488 3688 2541 lan-

2101 2577 2304 2632 dabant
2350 2577 2537 2645 Deum,
2589 2588 2645 2635 et
2688 2580 3027 2636 benedicitur
3053 2596 3252 2635 novum
3292 2595 3494 2635 nomen
3529 2596 3689 2650 super

2104 2676 2297 2723 terras.

2172 2756 2480 2829 Quicunque
2506 2774 2644 2814 enim
2668 2776 2733 2814 ea:
2765 2760 3007 2831 operibus
3037 2759 3165 2833 legis
3209 2773 3353 2826 sunt,
3399 2762 3498 2817 sub
3525 2762 3686 2815 male-

2102 2847 2242 2903 dicto
2285 2859 2428 2915 sunt,
2476 2851 2728 2921 scriptum
2774 2860 2849 2907 est
2907 2854 3091 2906 enim:
3144 2852 3462 2907 Maledictus
3518 2854 3688 2907 omnis

2100 2939 2187 3010 qui
2233 2955 2339 2994 non
2383 2942 2725 3012 permanserit
2762 2944 2817 2997 in
2856 2943 3097 2998 omnibus
3149 2960 3266 3015 quc
3317 2944 3519 3014 scripta
3571 2954 3687 2999 sunt

2100 3031 2155 3084 in
2207 3029 2339 3085 libro
2384 3030 2513 3102 legis
2534 3033 2714 3103 hujus,
2758 3044 2813 3088 ut
2837 3035 3002 3103 faciat
3028 3052 3110 3088 ea.

2177 3120 2290 3177 Sub
2318 3123 2511 3179 timore
2532 3125 2645 3179 vult
2666 3125 2915 3197 intelligi,
2957 3141 3063 3180 non
3104 3126 3157 3180 in
3191 3126 3471 3189 libertate,
3495 3136 3557 3182 ut
3588 3127 3688 3182 scio

416 3188 677 3279 sapientis
706 3211 807 3265 viri
848 3211 936 3265 illa
969 3213 1257 3275 sententia,
1299 3227 1404 3265 non
1453 3210 1665 3267 ﬁdelem
1710 3214 1892 3269 vivere
1934 3229 2001 3269 ex
2030 3188 2074 3248 (ἶ
2108 3211 2231 3265 licet
2262 3214 2530 3283 corporali
2576 3188 2937 3285 praesentique
2966 3216 3203 3271 vindicta
3232 3188 3608 3273 vindicaretur
3631 3219 3680 3271 in

408 3299 637 3369 iustitia,
666 3302 760 3356 sed
798 3302 1007 3372 justum
1055 3318 1120 3357 ex
1170 3302 1273 3357 ﬁde
1309 3302 1538 3374 (Habac.
1571 3304 1654 3375 ll).
1698 3303 1874 3358 Simul
1913 3321 2002 3360 os-

419 3392 659 3445 tenditur
690 3392 931 3457 Galatas,
966 3404 1189 3462 accepto
1217 3403 1340 3463 post
1365 3393 1526 3450 ﬁdem
1557 3403 1745 3451 sancto
1769 3394 2001 3465 Spiritu,

420 3479 561 3532 dona
604 3480 859 3535 bainisse
886 3482 1168 3547 virtutum,
1194 3484 1245 3538 id
1275 3493 1380 3548 est,
1428 3486 2003 3557 prephetiam,genera

416 3570 745 3640 linguarum,
786 3574 1097 3627 morborum
1150 3576 1482 3640 curationes,
1519 3585 1573 3632 et
1612 3586 1832 3643 cmtera,
1885 3593 2005 3647 qum

414 3661 489 3713 ad
524 3660 831 3723 Corinthios
865 3666 916 3716 in
954 3664 1109 3718 donis
1127 3666 1457 3733 spiritalibus
1500 3677 1923 3724 enumerantur:
1950 3679 2007 3725 et

412 3758 601 3803 tamen
627 3761 747 3821 post
770 3760 937 3815 tanta,
962 3754 1084 3820 quia
1119 3753 1343 3808 forsitan
1370 3757 1599 3825 gratiam
1620 3757 2006 3815 discernendo—

418 3857 538 3895 rum
566 3841 854 3911 spirituum
884 3858 992 3896 non
1040 3843 1294 3908 habeant,
1329 3860 1358 3897 a
1395 3844 1543 3899 falsis
1576 3847 1892 3904 doctoribus
1933 3850 2005 3903 ir-

422 3931 564 3985 retiti
620 3938 766 3984 sunt.

489 4019 637 4074 Sicut
684 4019 949 4073 Abraham
988 4020 1207 4073 credidit
1236 4021 1360 4087 Deo,
1389 4032 1436 4076 et
1474 4033 1775 4095 reputatum
1810 4036 1887 4080 est
1920 4026 2007 4081 illi

413 4109 489 4163 ad
517 4109 804 4179 justitiam.
838 4110 951 4164 lloc
975 4112 1389 4168 enim-maxime
1429 4115 1484 4167 in
1534 4130 1603 4169 eo
1656 4116 2005 4173 victoriosum

412 4208 521 4261 est,
557 4197 701 4265 quod
756 4206 1045 4268 antequam
1075 4200 1582 4266 circumcideretur,
1621 4203 1879 4273 deputata
1924 4215 2009 4261 est

417 4288 552 4342 ﬁdes
603 4289 841 4358 gentium
882 4291 947 4343 ad
994 4289 1283 4357 justitiam.
1334 4291 1402 4346 Et
1426 4294 1495 4347 ob
1523 4294 1627 4348 hoc
1654 4294 1895 4351 refertur
1916 4314 2006 4353 re-

414 4379 682 4443 ctissime,
739 4379 879 4448 quod
910 4395 959 4434 et
986 4380 1189 4435 dictum
1215 4392 1297 4436 est
1323 4400 1335 4435 :
1370 4381 1509 4448 Quia
1535 4384 1913 4441 benedicentur
1950 4390 2009 4443 in

415 4481 469 4525 te
514 4488 689 4525 omnes
712 4482 885 4541 gentes
925 4470 1081 4542 (Gen.
1108 4474 1266 4546 xxii).
1299 4474 1602 4531 Imitatione
1650 4478 1837 4547 utique
1882 4479 2005 4537 ﬁdei

415 4560 554 4627 ejus,
600 4560 1056 4631 quajustilicatus
1077 4575 1161 4618 est
1205 4566 1371 4619 etiam
1430 4574 1558 4620 ante
1597 4576 2007 4623 sacramentum

416 4653 871 4715 rircumcisionis.
922 4656 1068 4723 quod
1110 4656 1174 4709 ad
1207 4656 1328 4710 ﬁdei
1383 4657 1721 4727 signaculum
1770 4661 2003 4731 accepit,

417 4754 475 4796 et
520 4750 645 4798 ante
695 4745 1011 4798 servitutem
1049 4744 1201 4815 legis,
1225 4762 1348 4815 qum.
1386 4748 1558 4802 multo
1594 4758 1718 4817 post
1744 4749 1872 4805 data
1920 4759 2007 4805 est

421 4842 681 4903 tempore.
734 4832 899 4891 ﬂecte
948 4835 1071 4890 talis
1124 4846 1405 4906 reputatur
1433 4838 1567 4893 ﬁdes
1599 4840 1668 4893 ad
1711 4840 2000 4910 justitiam,

417 4924 513 4992 qui
536 4924 667 4993 legis
700 4939 867 4988 opera
897 4940 1303 4995 supergressus,
1346 4928 1516 4983 Deum
1548 4944 1653 4984 non
1691 4940 1863 4997 metu,
1908 4932 2004 4986 sed

419 5013 709 5067 dilectione
739 5016 1062 5082 promeruit.

491 5120 813 5191 Cognoscitis
850 5140 993 5192 ergo,
1032 5126 1155 5195 quia
1199 5142 1288 5196 qut
1339 5144 1404 5181 ea:
1444 5128 1547 5197 ﬁde
1587 5142 1729 5195 sunt,
1781 5133 1835 5184 hi
1878 5143 1999 5186 sunt

419 5210 520 5277 ﬁlii
559 5210 846 5264 Abraham.
899 5212 1099 5267 Verum
1131 5223 1215 5267 est
1270 5216 1396 5284 quia
1429 5218 1715 5273 credentes
1751 5219 1845 5273 ﬁlii
1875 5228 2001 5274 sunt

418 5304 669 5369 Abralue,
719 5304 855 5371 Quia
903 5305 947 5359 si
978 5305 1253 5360 Abraham
1311 5324 1378 5362 ex
1428 5309 1531 5364 ﬁde
1561 5311 1890 5380 justiﬁcatus
1918 5322 2002 5368 est

417 5393 649 5463 primus,
682 5404 946 5463 quotquot
986 5406 1106 5465 post
1135 5398 1279 5451 hunc
1307 5399 1554 5455 credunt.
1581 5400 1672 5455 ﬁlii
1705 5400 1820 5469 ejus
1849 5410 1995 5466 sunt,

418 5486 531 5538 sive
584 5500 649 5540 ex
678 5484 898 5549 Judaeis,
946 5488 1057 5542 sive
1098 5503 1167 5543 ex
1214 5492 1483 5559 gentibus.
1533 5490 1747 5547 Plenius
1780 5495 1847 5547 de
1895 5495 1997 5550 hoc

417 5574 473 5628 in
516 5574 740 5643 epistola
774 5576 842 5630 ad
892 5576 1164 5633 Romanos
1188 5579 1521 5649 disputabat,
1565 5583 1707 5653 quod
1738 5583 1870 5637 ﬁdes
1912 5600 1998 5637 re-

418 5673 603 5734 putata
640 5665 712 5719 sit
732 5664 985 5729 Abrabm,
1010 5677 1065 5721 et
1098 5670 1333 5732 ueteris,
1357 5669 1662 5739 quicunque
1685 5672 1785 5727 hac
1815 5683 1997 5727 mente

418 5754 763 5818 crediderint,
824 5756 949 5825 quia
982 5758 1393 5813 incircumcisus
1423 5760 1655 5814 credidit
1696 5761 1993 5827 Abraham,

2033 4529 2084 4590 D

2108 3318 2201 3359 eos
2230 3304 2323 3375 qui
2373 3322 2480 3362 non
2522 3316 2903 3377 permanerent
2936 3308 2988 3362 in
3023 3310 3273 3363 omnibus
3318 3324 3440 3379 qua:
3488 3312 3699 3379 scripta.

2107 3406 2234 3453 sunt
2287 3398 2340 3452 in
2390 3399 2530 3454 libro
2578 3398 2733 3470 legis,
2779 3410 2837 3455 ut
2878 3400 3118 3456 facerent
3166 3416 3252 3457 ea.
3301 3401 3422 3457 lluc
3472 3418 3688 3471 quoque

2109 3488 2411 3555 accederet,
2453 3498 2511 3544 ut
2548 3490 2601 3546 in
2649 3490 2765 3559 ipsa
2810 3504 3097 3560 corporum
3144 3506 3304 3561 ptena
3337 3492 3506 3544 etiam
3531 3490 3688 3545 malc-

2109 3578 2237 3634 dicti
2287 3578 2640 3648 ignominiam
2674 3577 3055 3635 formidarent.
3088 3580 3181 3634 Ille
3219 3588 3399 3635 autem
3425 3580 3686 3649 justiﬁes-

2107 3676 2197 3724 tur
2240 3670 2383 3740 apud
2434 3668 2627 3735 Deum,
2674 3671 2766 3739 qui
2794 3684 2919 3724 eum
2960 3671 3127 3741 gratis
3174 3670 3303 3726 colit
3348 3686 3461 3725 non
3485 3671 3689 3726 scilicet

2108 3761 2404 3833 cupiditate
2438 3762 2726 3832 appetendi
2766 3762 2971 3830 aliquid
3006 3763 3075 3817 ab
3105 3763 3223 3831 ipso
3280 3772 3486 3833 praeter
3512 3762 3681 3832 ipsum

2109 3859 2204 3906 aut
2226 3852 2419 3907 timore
2438 3851 2743 3907 amittendi.
2797 3852 2854 3907 In
2879 3853 2996 3922 ipso
3015 3853 3159 3908 enim
3194 3853 3308 3908 solo
3336 3869 3465 3909 vera
3504 3864 3683 3910 nostra

2108 3944 2385 3999 beatitudo
2410 3952 2572 4013 atque
2594 3942 2853 4014 perfectio
2878 3953 2979 3999 est.
3025 3945 3091 3999 Et
3117 3946 3373 4015 quoniam
3405 3947 3687 4001 invisibilis

2108 4043 2193 4088 est
2244 4034 2416 4088 oculis
2460 4036 2697 4099 carneis,
2748 4034 2853 4088 fide
2908 4035 3132 4101 colitur,
3190 4039 3429 4106 quandiu
3478 4039 3533 4092 in
3587 4040 3685 4093 hac

2109 4138 2272 4179 carne
2296 4124 2550 4188 vivimus,
2578 4124 2718 4179 sicut
2742 4140 2908 4195 supra
2931 4125 3068 4179 dixit
3100 4144 3113 4179 :
3147 4126 3301 4191 Quod
3342 4137 3521 4181 autem
3550 4146 3684 4182 nunc

2108 4216 2302 4271 viroiu
2358 4231 2533 4281 carne,
2587 4215 2642 4268 in
2682 4215 2788 4283 ﬁde
2822 4217 2930 4270 vico
2985 4216 3115 4272 Filii
3154 4217 3273 4282 Dei,
3328 4226 3387 4272 et
3434 4218 3555 4288 ipsa
3605 4230 3687 4274 est

2101 4304 2337 4375 justitia,
2364 4320 2471 4374 quo
2512 4304 2750 4374 pertinet
2783 4305 2925 4375 quod
2966 4306 3171 4361 dictum
3201 4316 3303 4372 est,
3360 4308 3489 4377 quia
3510 4308 3687 4377 justus

2110 4412 2177 4452 ex
2227 4396 2331 4452 ﬁde
2367 4397 2517 4450 vivit.
2564 4394 2700 4450 lIinc
2722 4397 2922 4450 etenim
2951 4397 3239 4453 ostendere
3293 4397 3488 4462 voluit,
3545 4401 3686 4469 quod

2113 4487 2166 4542 in
2187 4486 2305 4557 lege
2349 4502 2509 4541 nemo
2525 4485 2879 4554 justiﬁeatur,
2908 4486 3036 4556 quia
3066 4488 3327 4557 scriptum
3358 4496 3461 4553 est,
3478 4488 3683 4557 justum

2106 4594 2172 4634 ex
2218 4578 2325 4633 ﬁde
2370 4580 2571 4633 vivere.
2607 4577 2725 4644 Qua
2754 4578 2807 4631 iu
2841 4593 2901 4631 re
2926 4578 3332 4649 intelligendum
3354 4582 3516 4635 estin
3547 4580 3681 4651 lege.

2105 4669 2249 4740 quod
2299 4683 2440 4723 nunc
2484 4669 2581 4733 ait,
2619 4668 2671 4723 in
2719 4667 2974 4738 operibus
3007 4667 3142 4737 legis
3173 4669 3380 4723 dictum
3430 4683 3553 4724 esse
3587 4688 3599 4722 :
3631 4679 3685 4724 et

2105 4763 2209 4817 hoc
2256 4760 2391 4821 istis,
2451 4760 2545 4829 qui
2603 4759 2657 4814 in
2686 4759 3107 4814 circumcisione
3133 4759 3341 4825 carnis,
3391 4769 3450 4814 et
3488 4760 3685 4815 talibus

2104 4850 2570 4905 observationibus
2616 4849 2979 4914 continentur,
3041 4849 3096 4904 in
3136 4849 3334 4920 quibus
3392 4852 3486 4919 qui
3527 4851 3680 4913 vivit,

2105 4944 2179 4998 ita
2221 4943 2276 4997 in
2320 4942 2436 5011 lege
2481 4952 2586 5007 est,
2639 4949 2698 4996 ut
2748 4942 2848 4997 sub
2886 4940 3005 5012 lege
3043 4942 3209 5008 vivat,
3243 4942 3341 4997 sed
3380 4942 3573 5013 legem,
3627 4954 3684 4998 ut

2104 5034 2303 5089 dictum
2337 5042 2441 5095 est,
2488 5047 2588 5101 pro
2633 5032 2764 5103 ipsis
2809 5033 3065 5102 operibus
3095 5032 3229 5103 legis
3280 5048 3424 5087 nunc
3461 5035 3642 5104 posuit
3666 5076 3681 5098 ,

2096 5125 2247 5194 quod
2274 5125 2339 5178 de
2363 5124 2754 5193 posterioribus
2798 5122 3196 5177 manifestatur.
3224 5118 3316 5177 Aii
3354 5124 3498 5178 enim
3532 5140 3545 5177 :
3574 5123 3684 5178 Lex

2103 5227 2275 5270 autem
2320 5231 2425 5268 non
2463 5225 2538 5268 cst
2588 5231 2652 5267 ex
2700 5213 2829 5281 ﬁde,
2884 5213 2975 5267 sed
3015 5214 3105 5283 qui
3140 5214 3318 5283 fecerit
3341 5231 3424 5273 ea.
3476 5217 3683 5269 civerit:

2099 5308 2226 5362 illis.
2279 5307 2393 5362 Non
2438 5309 2537 5372 ait,
2578 5306 2668 5375 qui
2698 5304 2885 5360 fecerit
2932 5319 3074 5369 eam,
3116 5306 3262 5359 vivet
3287 5308 3341 5361 in
3389 5323 3474 5369 ea,
3526 5309 3684 5362 utin-

2102 5397 2313 5467 telligas
2350 5397 2521 5465 legem
2552 5395 2604 5447 in
2646 5395 2746 5447 hoc
2776 5394 2894 5447 loco
2940 5408 3041 5461 pro
3072 5393 3206 5463 ipsis
3252 5395 3512 5463 operibus
3535 5396 3685 5464 posi-

2099 5498 2229 5552 tam,
2273 5488 2361 5559 qui
2391 5495 2567 5540 autem
2618 5483 2872 5538 vivebant
2894 5484 2946 5537 in
2979 5482 3063 5537 his
3087 5483 3361 5553 operibus,
3414 5485 3685 5538 timebant

2098 5584 2304 5651 utique,
2358 5595 2425 5635 ne
2471 5581 2514 5635 si
2558 5596 2663 5634 non
2711 5595 2774 5634 ea
2822 5577 3096 5645 fecissent,
3141 5579 3547 5650 lapidationem,
3592 5581 3681 5635 vel

2098 5684 2335 5732 crucem,
2388 5667 2471 5720 vel
2508 5667 2709 5735 aliquid
2749 5665 2908 5734 hujus
2960 5668 3103 5723 modi
3142 5676 3481 5737 paterentur.
3531 5669 3682 5738 Ergo

2097 5760 2187 5829 qui
2232 5758 2417 5813 fecerit
2447 5770 2533 5822 ea,
2559 5756 2751 5824 inquit,
2807 5756 2951 5813 vivet
2977 5756 3030 5811 in
3061 5757 3187 5825 illis,
3240 5759 3291 5813 id
3319 5767 3426 5827 est,
3452 5759 3681 5815 habebit
