3906 6316
95 342 205 398 869

1026 345 1283 402 ENARII.
1326 347 1395 404 IN
1435 348 1653 404 EPIST.
1696 348 1759 402 D.
1800 345 2007 401 PAULI
2042 344 2133 400 AD
2172 344 2423 401 CALAT.

3260 344 3366 399 870

93 455 404 526 przemium,
433 472 498 512 ne
534 458 587 513 in
614 460 712 513 ista
735 468 908 515 morte
932 462 1207 530 puniatur.
1232 461 1349 517 Non
1380 478 1508 533 ergo
1536 463 1680 531 apud
1708 466 1759 523 Α
1783 468 2083 529 peccatum,
2114 467 2175 511 ut
2202 473 2299 512 nos
2329 457 2685 513 liberaremur
2711 476 2723 511 :
2758 472 2824 511 ne
2861 462 3119 526 regnante
3144 469 3366 526 peccato

98 550 299 614 Deum,
348 550 497 618 cujus
536 567 602 605 ex
654 550 777 616 fide,
816 553 859 607 si
899 554 1021 622 quis
1051 554 1103 607 in
1151 554 1251 609 hac
1306 555 1415 608 vita
1463 555 1677 616 vixerit,

97 658 226 696 enm
273 643 397 697 hinc
423 644 738 707 excesserit,
767 652 893 699 tunc
923 659 1046 699 eum
1084 646 1256 715 magis
1300 646 1518 700 habebit
1540 662 1678 716 pra:-

97 734 470 787 scntissimun.
522 735 822 803 praemium.
878 736 995 790 Non
1041 738 1226 806 utique
1255 752 1321 791 ex
1368 738 1473 793 ﬁde
1524 738 1676 803 vivit,

95 826 348 894 quisquis
392 826 699 895 puesentia,
770 842 890 896 qua:
940 828 1214 892 videntur,
1258 827 1340 882 vel
1387 830 1553 897 cupit,
1595 827 1678 883 vel

99 916 302 969 timet:
333 917 456 986 quia
509 916 642 971 fides
680 916 776 971 Dei
819 917 885 970 ad
924 917 1213 973 invisibilia
1260 918 1513 988 pertinet,
1562 932 1680 987 qua:

97 1016 225 1074 post
266 1006 553 1063 dabuntur.
604 1004 741 1060 Nam
783 1014 868 1061 est
907 1007 1011 1061 ista
1043 1008 1288 1076 quaedam
1328 1007 1380 1061 in
1426 1008 1679 1077 operibus

98 1095 238 1166 legis
261 1097 489 1166 justitia,
537 1097 753 1167 quando
803 1098 921 1154 sine
964 1114 1063 1153 suo
1088 1099 1311 1168 prmmio
1358 1099 1545 1153 relicta
1573 1115 1679 1153 non

100 1198 209 1253 est,
262 1190 433 1259 utqui
478 1188 689 1254 fecerit,
716 1189 864 1243 vivat
894 1189 947 1243 in
990 1191 1087 1244 eis.
1125 1190 1277 1245 Unde
1306 1190 1374 1243 ad
1408 1190 1681 1245 Romanos

98 1282 271 1335 dicit:
304 1281 363 1335 Si
388 1282 523 1334 enim
556 1280 819 1334 Abraham
851 1296 915 1334 ea:
950 1280 1187 1350 operibus
1228 1280 1555 1350 justificatus
1584 1291 1676 1345 est,

96 1370 254 1423 habet
284 1369 527 1440 gloriam,
559 1370 649 1422 sed
679 1370 820 1439 apud
858 1370 1023 1424 Deum
1056 1369 1229 1441 (Rom.
1257 1369 1355 1441 tv).
1408 1370 1568 1425 Aliud
1597 1381 1680 1427 est

97 1475 231 1529 ergo
283 1476 387 1514 non
432 1458 749 1527 justillcari,
815 1460 960 1515 aliud
1019 1476 1125 1515 non
1180 1460 1469 1529 justiﬂeari
1536 1462 1680 1530 apud

97 1548 290 1602 Deum.
325 1549 425 1615 Qui
450 1550 669 1605 omnino
698 1566 801 1606 non
836 1550 1184 1619 justifieatur,
1219 1568 1320 1607 nec
1348 1552 1435 1606 illa
1473 1560 1677 1616 servat,

93 1655 220 1708 qua:
278 1641 570 1711 temporale
625 1641 825 1697 habent
873 1644 1175 1712 prtemium,
1227 1659 1329 1699 nec
1393 1644 1482 1698 illa
1559 1659 1679 1714 qua:

92 1740 381 1785 aeternum.
434 1732 530 1799 Qui
562 1741 741 1787 autem
769 1733 821 1786 in
858 1733 1111 1802 operibus
1146 1733 1279 1804 legis
1317 1731 1671 1801 justilicatur,

1782 563 1881 604 nos
1907 549 2144 603 damnati
2185 563 2604 604 remaneremus.
2635 549 2771 615 Quid
2802 563 2932 615 ergo
2964 549 3195 603 miratur
3227 550 3367 605 Fau-

1781 647 1916 703 stus,
1960 638 2305 694 maledictum
2348 653 2469 693 esse
2512 649 2810 706 peccatum,
2866 639 3209 693 maledictum
3249 655 3371 697 esse

1781 738 2030 793 mortem,
2080 729 2417 783 maledictam
2453 743 2573 783 esse
2611 730 2996 784 mortalitatem
3034 732 3211 785 carnis
3252 730 3369 788 sine

1780 828 2002 890 peccato
2030 818 2268 875 Christi?
2294 819 2372 873 Ex
2399 827 2624 889 peccato
2652 828 2828 872 tamen
2858 819 3090 875 hominis
3118 820 3283 875 etiam
3314 821 3366 874 in

1781 910 1999 965 Christo
2040 909 2261 964 factum.
2292 909 2371 963 Ex
2402 909 2572 962 Adam
2605 909 2802 977 quippe
2827 924 3023 978 corpus
3051 911 3365 980 assumpsit,

1780 1000 1905 1067 quia
1945 1014 2013 1053 ex
2052 998 2225 1051 Adam
2265 996 2545 1051 descendit
2588 998 2733 1066 virgo
2774 997 2964 1061 Maria,
3008 1013 3125 1067 quae
3163 1000 3369 1067 peperit

1780 1088 2079 1143 Christum.
2122 1089 2343 1142 Dixerat
2383 1096 2560 1141 autem
2604 1088 2747 1142 Deus
2790 1086 2842 1141 iu
2888 1090 3136 1155 paradiso
3180 1106 3192 1141 :
3249 1089 3366 1154 Qua

1779 1183 1864 1236 die
1910 1182 2201 1252 tetigeritis,
2244 1191 2409 1236 morte
2451 1183 2745 1235 moriemini
2794 1181 2947 1253 (Gen.
2995 1183 3077 1253 ιι).
3127 1183 3239 1238 lloc
3283 1190 3367 1238 est

1780 1274 2147 1338 maledictum,
2186 1274 2327 1343 quod
2360 1274 2617 1343 pependit
2657 1274 2708 1327 in
2750 1274 2913 1341 ligno.
2954 1275 3046 1335 Ille
3085 1285 3244 1346 neget
3278 1274 3368 1331 Je-

1779 1378 1897 1418 sum
1942 1365 2308 1429 maledictum,
2352 1365 2442 1433 qui
2485 1374 2646 1435 negat
2685 1373 2739 1418 et
2784 1374 3089 1433 mortuum;
3140 1367 3229 1435 qui
3271 1382 3365 1420 au-

1780 1462 1886 1507 tem
1930 1453 2221 1507 conﬁtetur
2259 1461 2315 1508 et
2362 1462 2666 1520 mortuum,
2703 1464 2759 1508 et
2806 1469 3004 1523 negare
3043 1470 3149 1509 non
3188 1462 3369 1525 potest

1780 1556 2009 1600 mortem
2051 1548 2115 1599 de
2157 1554 2378 1614 peccato
2431 1561 2572 1609 esse,
2616 1555 2670 1600 et
2721 1546 2790 1600 ob
2841 1546 2943 1600 hoc
2983 1547 3145 1601 etiam
3189 1548 3362 1616 ipsum

1778 1648 2056 1706 peccatum
2111 1637 2324 1691 vocavit
2372 1654 2385 1690 :
2438 1638 2618 1690 audiat
2668 1638 2981 1707 Apostolum
3028 1640 3295 1694 dicentem
3347 1656 3361 1693 :

1779 1726 2043 1790 Quoniam
2084 1734 2237 1779 vetus
2280 1735 2465 1781 noster
2504 1727 2664 1784 homo
2704 1726 2861 1780 simul
2899 1742 3023 1781 cum
3061 1728 3151 1783 illo
3187 1728 3365 1782 cruci-

93 1838 203 1875 non
260 1822 400 1893 apud
430 1824 594 1876 Deum
620 1822 968 1890 jusiiﬁcamr,
1021 1824 1145 1893 quia
1170 1824 1521 1893 temporalem
1554 1825 1675 1879 inde
1702 1809 1748 1867 B
1778 1816 1915 1871 ﬁxus
1947 1827 2048 1882 est,
2082 1826 2135 1871 et
2170 1816 2431 1887 intelligat
2465 1832 2627 1886 quem
2662 1816 3006 1871 maledictum
3038 1817 3251 1887 Moyses
3283 1818 3367 1872 di-

90 1919 400 1980 exspectat,
455 1912 832 1981 visibilemque
881 1913 1205 1967 mercedem.
1248 1911 1355 1967 Sed
1381 1920 1559 1965 tamen
1592 1920 1675 1966 est

90 2000 259 2053 etiam
288 2000 411 2063 ista,
441 2009 499 2053 ut
556 2000 687 2065 dixi,
737 2001 1005 2070 qumdam,
1040 2010 1098 2053 ut
1126 2000 1205 2054 sic
1229 2000 1427 2063 dicam,
1460 2008 1674 2054 terrena

91 2090 437 2159 carnalisque
488 2088 722 2158 justitia.
771 2089 904 2144 Nam
953 2098 1008 2144 et
1063 2091 1177 2159 ipse
1226 2090 1511 2159 Apostolus
1553 2104 1674 2144 eam

84 2178 357 2247 justitiam
399 2188 577 2243 vocat,
623 2196 744 2235 cum
794 2181 918 2235 alibi
959 2180 1136 2235 dicit:
1175 2180 1479 2235 Secundum
1513 2180 1677 2249 justi—

87 2272 243 2333 tiam,
295 2288 411 2342 qute
461 2272 513 2325 in
550 2270 658 2341 lege
688 2284 761 2325 est
810 2281 1143 2325 conversatus
1193 2272 1284 2339 qui
1320 2270 1512 2325 fuerim
1566 2272 1676 2323 sine

85 2362 306 2429 querela
356 2360 521 2430 (Phil.
574 2363 677 2432 ιιι).
708 2364 1000 2433 Propterea
1052 2363 1308 2417 Dominus
1351 2369 1538 2416 noster
1579 2360 1671 2415 Je-

86 2466 186 2505 sus
218 2450 466 2505 Christus
506 2450 609 2519 iam
662 2452 962 2507 libertatem
1019 2454 1244 2507 daturus
1298 2452 1669 2515 credentibus,

87 2542 357 2608 quasdam
397 2557 582 2595 earum
621 2542 1061 2596 Observationum
1091 2558 1196 2595 non
1230 2542 1469 2596 servavit
1492 2541 1559 2594 ad
1594 2540 1676 2593 lit-

88 2640 288 2684 teram.
325 2631 473 2686 Unde
505 2632 670 2686 etiam
699 2648 819 2686 cum
852 2631 1075 2686 sabbato
1099 2632 1399 2686 esurientes
1427 2629 1672 2699 discipuli

88 2722 272 2788 spicas
311 2721 651 2783 evulsisscnt,
708 2722 982 2791 respondit
1017 2722 1441 2790 indignantibus,
1489 2720 1675 2773 Domi-

86 2827 216 2863 num
255 2826 365 2863 esse
386 2808 554 2877 ﬁlium
586 2811 811 2864 hominis
855 2812 1011 2863 etiam
1041 2810 1242 2864 sabbati
1291 2808 1507 2880 (Matth.
1548 2807 1668 2877 xu).

85 2898 280 2966 Itaque
307 2899 391 2951 illa
424 2899 711 2953 carnaliter
741 2916 844 2953 non
880 2900 1217 2953 observando
1246 2899 1447 2952 carnali
1476 2899 1673 2953 conﬂa-

86 2989 270 3058 gravit
298 2989 518 3053 invidia,
564 2998 617 3043 et
647 2990 882 3059 suscepit
924 2990 1138 3057 quidem
1167 3004 1383 3057 paruam
1433 2990 1673 3061 proposi-

86 3088 198 3132 tam
225 3080 350 3143 illis,
374 3080 462 3148 qui
481 3095 598 3134 eam
630 3095 734 3134 non
762 3082 1163 3145 oliservassent,
1188 3081 1282 3134 sed
1304 3086 1363 3134 ut
1385 3080 1672 3134 credentes

1780 1911 1953 1974 xerit,
2002 1910 2229 1980 ideoque
2275 1926 2498 1966 securus
2541 1910 2828 1980 Apostolus
2864 1911 2940 1965 ait
2987 1911 3052 1966 de
3093 1910 3309 1967 Christo
3347 1930 3363 1967 :

1780 2002 2089 2058 Factuaest
2131 2021 2224 2073 pro
2257 2002 2402 2055 nobis
2447 2000 2812 2067 maledictum,
2848 2003 2986 2057 sicut
3031 2018 3136 2059 non
3187 2003 3365 2057 timuit

1777 2094 1977 2160 dicere,
2026 2110 2125 2163 pro
2171 2105 2419 2148 omnibus
2470 2101 2713 2147 mortuus
2756 2102 2859 2149 est.
2911 2092 3039 2151 Hoc
3070 2104 3153 2148 est
3195 2094 3360 2157 enim,

1778 2194 2022 2240 mortuus
2058 2195 2159 2251 est,
2190 2185 2331 2255 quod
2374 2184 2690 2239 maledictus
2722 2202 2735 2238 :
2769 2185 3025 2254 quoniam
3056 2202 3202 2240 mors
3245 2187 3361 2255 ipsa

1776 2291 1842 2330 ex
1874 2276 2155 2332 maledicto
2182 2284 2285 2341 est,
2310 2283 2363 2327 et
2389 2274 2731 2329 maledictum
2758 2284 2841 2329 est
2871 2291 3031 2330 omne
3059 2284 3361 2345 peccatum,

1776 2368 1889 2421 sive
1919 2368 2113 2437 ipsum,
2154 2366 2297 2436 quod
2340 2364 2419 2430 ﬁt,
2467 2373 2523 2418 ut
2563 2373 2824 2433 sequatur
2868 2365 3206 2435 supplicium,
3249 2364 3365 2421 sive

1776 2455 1951 2525 ipsum
1997 2455 2335 2525 supplicium,
2378 2454 2521 2523 quod
2565 2452 2669 2507 alio
2708 2454 2869 2507 modo
2909 2463 3133 2507 vocatur
3169 2468 3364 2523 pecea-

1776 2558 1911 2614 tum,
1958 2548 2083 2618 quia
2127 2548 2187 2601 flt
2228 2562 2289 2601 ex
2324 2553 2567 2616 peccato.
2607 2544 2854 2613 Suscepit
2894 2552 3072 2598 autem
3114 2543 3368 2599 Christus

1775 2640 1892 2693 sine
1942 2647 2095 2693 reatu
2150 2636 2466 2707 supplicium
2516 2644 2801 2697 nostrum,
2850 2641 2910 2687 ut
2960 2633 3081 2687 inde
3131 2633 3361 2687 solveret

1775 2741 1985 2786 reatum
2040 2739 2305 2793 nostrum,
2355 2738 2411 2782 et
2457 2728 2637 2783 finiret
2680 2731 2842 2782 etiam
2893 2726 3211 2797 supplicium
3266 2741 3361 2779 no-

1774 2830 1965 2874 strnm.
1999 2819 2074 2873 Ex
2113 2819 2327 2889 ingenio
2353 2833 2473 2872 meo
2501 2818 2602 2871 ista
2630 2816 2880 2879 dixerim,
2913 2819 2955 2869 si
2985 2830 3090 2868 non
3132 2814 3362 2884 Aposto-

1774 2907 1856 2962 lus
1884 2908 2045 2961 toties
2084 2907 2189 2960 boc
2222 2904 2474 2968 inculcat,
2518 2911 2577 2956 ut
2616 2911 2671 2957 et
2697 2902 3028 2957 dormientes
3056 2902 3274 2963 excitet,
3307 2908 3362 2955 et

1773 2998 2163 3051 calumniantes
2200 2994 2511 3048 confundat.
2547 2992 2713 3055 Misit,
2746 2992 2940 3060 inquit,
2985 2990 3124 3043 Deus
3158 2988 3205 3041 F
3210 2989 3361 3043 ilium

1772 3105 1925 3143 suum
1968 3089 2022 3140 in
2066 3084 2458 3141 similitudinem
2503 3082 2676 3135 carnis
2718 3080 2917 3151 peccati
2969 3078 3156 3149 (Rom.
3206 3077 3357 3150 vui),

88 3170 142 3222 in
219 3183 279 3222 se
339 3168 462 3222 talis
515 3184 690 3238 pmnze
754 3169 948 3222 timore
998 3168 1220 3221 omnino
1274 3166 1550 3230 liberaret,
1601 3167 1667 3221 ad

1774 3178 1897 3247 quia
1938 3192 2047 3230 non
2079 3177 2142 3230 de
2176 3174 2397 3227 traduce
2436 3172 2783 3226 mortalitatis
2820 3172 2871 3224 in
2916 3170 3079 3223 Maria
3112 3185 3209 3238 per
3245 3184 3363 3222 ma-

86 3259 239 3326 quod
292 3256 543 3322 refertur,
599 3260 739 3327 quod
778 3273 923 3312 nunc
963 3265 1353 3325 consequenter
1388 3254 1666 3323 adjnnxit:

156 3346 398 3400 Christus
424 3364 515 3400 nos
544 3347 756 3403 redemit
790 3347 853 3401 de
894 3347 1167 3401 maledicto
1196 3347 1341 3417 legis,
1374 3347 1546 3415 factus
1576 3364 1671 3417 pro

84 3440 239 3493 nobis
263 3440 597 3493 maledictum
621 3459 638 3493 :
661 3442 783 3511 quia
808 3442 1061 3511 scriptum
1085 3452 1158 3495 est
1182 3458 1198 3494 :
1226 3440 1538 3494 Maledicta;
1565 3457 1675 3493 om-

84 3534 166 3583 nis
198 3532 290 3600 qui
319 3531 503 3593 pendet
533 3532 588 3583 in
618 3530 779 3599 ligno.
815 3530 957 3586 Mors
995 3532 1229 3586 hominis
1254 3547 1318 3586 ex
1357 3546 1514 3600 ptena
1551 3547 1677 3602 pec—

83 3621 193 3674 cati
238 3627 340 3683 est,
374 3620 517 3673 unde
552 3628 605 3674 et
648 3620 758 3687 ipsa
803 3631 1084 3689 peccatum
1127 3621 1345 3675 dicitur.
1392 3620 1505 3675 Non
1548 3621 1672 3689 quia

82 3718 281 3779 peccat
321 3711 481 3763 homo
508 3710 632 3763 dum
661 3711 923 3775 moritur;
970 3710 1061 3764 sed
1093 3711 1218 3779 quia
1247 3724 1313 3763 ex
1345 3720 1565 3780 peccato
1595 3711 1674 3765 fa-

83 3807 236 3850 etum
264 3806 363 3858 est,
392 3806 446 3851 ut
470 3798 730 3852 moriatur
758 3815 770 3851 :
801 3800 940 3852 sicut
967 3798 1071 3852 alio
1096 3800 1251 3853 modo
1277 3799 1473 3853 dicitur
1501 3817 1513 3853 :
1550 3799 1674 3854 Lin-

84 3906 189 3959 gua
223 3891 441 3961 proprie
467 3906 613 3955 caro,
647 3906 765 3961 quce
795 3892 937 3945 intra
962 3893 1148 3947 dentes
1170 3892 1269 3946 sub
1294 3892 1472 3961 palato
1495 3908 1675 3947 move-

84 3995 209 4045 tur;
263 3990 317 4035 et
361 3980 464 4034 alio
496 3982 654 4035 modo
682 3982 877 4035 dicitur
907 3982 1107 4051 lingua,
1140 3983 1283 4052 quod
1310 3996 1407 4051 per
1433 3982 1671 4053 linguam

82 4071 187 4124 fit:
232 4071 526 4125 secundum
557 4085 718 4138 quem
758 4072 975 4125 modum
1006 4072 1203 4125 dicitur
1242 4072 1421 4141 lingua
1462 4072 1671 4137 Graeca,

82 4162 186 4215 alia
224 4160 437 4215 Latina.
480 4160 545 4213 Et
572 4174 781 4215 manus.
799 4160 904 4214 alio
933 4160 1092 4214 modo
1123 4160 1319 4215 dicitur
1347 4161 1520 4229 ipsum
1549 4176 1675 4229 pro-

80 4251 202 4321 prie
234 4249 480 4319 corporis
508 4249 839 4313 membrum,
868 4248 1008 4317 quod
1048 4263 1325 4301 movemus
1351 4248 1417 4301 ad
1445 4262 1673 4315 operan-

78 4344 251 4407 dum;
286 4351 341 4396 et
371 4342 475 4396 alio
506 4342 665 4395 modo
696 4356 887 4395 manus
921 4341 1120 4395 dicitur
1148 4342 1433 4409 scriptura,
1466 4358 1585 4410 qum
1613 4342 1672 4395 lit

79 4439 181 4502 per
211 4446 453 4485 manum.
479 4430 716 4483 Dicimus
742 4429 885 4483 enim
911 4447 924 4482 :
956 4428 1169 4483 Prolata
1198 4439 1281 4483 est
1307 4444 1499 4484 manus
1521 4430 1667 4500 ejus;

1774 3266 1979 3321 sculum
2007 3273 2249 3327 venerat,
2280 3262 2371 3317 sed
2399 3270 2576 3314 tamen
2602 3260 2724 3328 quia
2749 3260 2813 3313 de
2838 3266 3061 3327 peccato
3084 3266 3165 3311 est
3190 3272 3357 3311 mors.

1772 3358 1862 3411 Illa
1900 3364 2077 3408 autem
2116 3368 2263 3417 caro,
2295 3352 2541 3421 quamvis
2578 3368 2642 3406 ex
2682 3350 2904 3421 virgine,
2944 3358 3121 3403 tamen
3157 3356 3362 3403 morta-

1773 3448 1839 3501 lis
1866 3447 1965 3499 fuit
1993 3464 2004 3497 :
2036 3456 2089 3498 et
2120 3460 2184 3497 eo
2209 3444 2343 3512 ipso,
2374 3456 2479 3511 quo
2510 3440 2752 3494 mortalis
2778 3447 2916 3503 erat,
2950 3438 3360 3494 similitudinem

1774 3535 2005 3609 habebat
2045 3534 2226 3587 carnis
2269 3532 2495 3601 peccati.
2534 3531 2647 3585 Hoc
2693 3528 2925 3599 appellat
2967 3529 3130 3583 etiam
3172 3543 3365 3597 pecca—

1775 3634 1883 3679 tum
1905 3666 1917 3689 ,
1949 3632 2342 3691 consequenter
2372 3622 2558 3674 dicens
2589 3638 2600 3672 :
2648 3618 2713 3671 Ut
2753 3618 2816 3671 de
2846 3627 3056 3687 peccato
3084 3618 3361 3671 damnaret

1770 3726 2037 3787 peccatum
2074 3715 2127 3767 in
2153 3730 2328 3767 carne.
2360 3712 2492 3767 Item
2522 3712 2627 3765 alio
2653 3712 2790 3765 loco.
2832 3710 2999 3776 Eum,
3034 3710 3243 3780 inquit,
3269 3712 3379 3782 qui-

1774 3823 1877 3859 non
1918 3814 2125 3858 noverat
2169 3813 2457 3873 peccatum,
2500 3811 2767 3870 peccatum
2798 3816 2893 3870 pro
2938 3800 3083 3854 nobis
3116 3800 3268 3869 fecit,
3300 3810 3359 3855 ut

1774 3912 1865 3949 nos
1894 3896 2056 3949 simus
2078 3894 2291 3963 justitia
2332 3891 2430 3945 Dei
2474 3892 2528 3944 in
2568 3892 2679 3960 ipsa
2707 3890 2790 3962 (11
2818 3889 2942 3944 Cor.
2977 3888 3058 3962 ιι).
3090 3887 3199 3944 Cur
3228 3904 3360 3961 ergo

1773 3990 1987 4041 timeret
2015 3986 2223 4055 Moyses
2248 3984 2426 4037 dicere
2450 3980 2815 4044 maledictum,
2849 3979 2990 4049 quod
3021 3979 3217 4033 Paulus
3247 3993 3355 4033 non

1772 4080 1949 4133 timuit
1975 4079 2153 4133 dicere
2182 4075 2503 4147 peccatum?
2529 4073 2695 4127 Plane
2723 4075 2825 4128 hoc
2856 4074 3117 4142 propheta
3144 4074 3193 4128 ei
3221 4088 3356 4144 prae-

1770 4166 1953 4221 videre
1972 4166 2174 4229 debuit,
2199 4170 2251 4218 et
2278 4164 2570 4231 praedicere
2593 4169 2813 4231 paratus
2841 4162 2909 4215 ab
2933 4162 3203 4217 hmreticis
3228 4178 3351 4217 cum

1769 4254 2024 4325 Apostolo
2068 4252 2406 4323 reprehendi.
2452 4250 2707 4319 Quisquis
2755 4251 2898 4303 enim
2950 4249 3357 4319 reprehenderit

1770 4344 2089 4413 pmphetam
2112 4343 2308 4397 dixisse
2333 4340 2699 4407 maledictum,
2727 4340 2937 4411 cogitur
2959 4340 3356 4409 reprehendere

1770 4433 2086 4503 Apostolum
2106 4434 2303 4487 dixisse
2325 4439 2622 4501 peccatum.
2649 4430 2781 4484 Nam
2804 4431 2987 4500 utique
3007 4430 3353 4485 maledictum

80 4521 223 4575 lecta
261 4530 345 4574 est
381 4522 637 4575 adversus
665 4535 789 4573 eum
832 4536 1025 4574 manus
1069 4520 1220 4589 ejus;
1253 4521 1425 4576 habeo
1454 4537 1669 4575 manum
1696 4502 1749 4561 Ῑ)
1774 4502 1955 4581 comes
1978 4526 2182 4595 peccati
2210 4530 2310 4578 est.
2341 4522 2447 4577 Nec
2477 4522 2596 4577 ideo
2625 4521 2796 4591 major
2830 4522 3027 4575 invidia
3062 4529 3178 4585 est,
3209 4521 3353 4591 quod

83 4622 236 4664 tuam
271 4628 283 4662 :
314 4626 504 4665 manus
531 4610 715 4678 utique
738 4611 955 4680 proprie
976 4611 1277 4665 membrum
1306 4611 1667 4667 esthominis.

78 4704 200 4756 Non
251 4711 429 4755 autem
459 4702 651 4771 opinor
680 4702 823 4755 illam
859 4702 1180 4771 scripturam
1221 4705 1521 4756 membrum
1551 4718 1671 4759 esse

83 4794 348 4856 hominis,
376 4802 429 4846 et
458 4800 638 4846 tamen
670 4792 867 4846 dicitur
890 4807 1103 4857 manus,
1136 4806 1199 4847 eo
1224 4794 1364 4861 quod
1394 4808 1553 4847 manu
1584 4793 1665 4847 fa-

81 4894 171 4939 cta
203 4885 294 4938 sit.
330 4882 419 4937 Sic
444 4892 498 4938 et
518 4892 796 4953 peccatum
822 4898 929 4937 non
958 4892 1165 4938 tantum
1198 4886 1369 4954 ipsum
1393 4902 1526 4955 opus
1550 4904 1665 4941 ma-

80 4975 215 5037 lum,
252 4974 396 5042 quod
424 4988 581 5042 pmna
610 4974 829 5044 dignum
864 4982 970 5039 est,
1015 4976 1109 5029 sed
1151 4978 1313 5029 etiam
1346 4979 1456 5045 ipsa
1500 4994 1666 5043 mors,

80 5081 205 5134 quae
250 5073 471 5134 propter
506 5076 726 5134 peccata
770 5074 873 5132 est,
903 5076 1180 5136 peccatum
1215 5069 1536 5138 appellatum
1563 5079 1665 5125 est.

81 5155 217 5209 Illud
262 5156 443 5223 itaque
485 5163 785 5223 peccatum,
818 5173 924 5226 quo
963 5173 1086 5213 reus
1126 5168 1268 5213 esset
1304 5162 1513 5225 mortis,
1561 5177 1667 5215 non

80 5243 361 5299 commisit
387 5243 652 5300 Christus.
677 5246 808 5301 Illud
832 5254 1009 5301 autem
1034 5248 1281 5315 alterum,
1310 5250 1361 5305 id
1389 5260 1494 5315 est,
1525 5268 1667 5307 mor-

80 5341 192 5387 tem
215 5374 232 5399 ,
265 5346 387 5400 quae
421 5342 640 5399 peccato
667 5334 865 5390 inflicta
899 5343 982 5390 est
1010 5336 1257 5392 humana:
1287 5349 1517 5405 natum,
1548 5356 1665 5396 sus-

82 5420 231 5489 cepit
259 5434 357 5490 pro
386 5421 557 5473 nobis.
605 5421 715 5477 Hoc
746 5424 1022 5491 suSpenclit
1067 5424 1120 5477 in
1159 5424 1323 5494 ligno,
1366 5427 1467 5482 hoc
1500 5428 1666 5483 male-

81 5512 297 5565 dictum
336 5519 419 5564 est
450 5527 544 5580 per
586 5513 823 5585 Moysen.
854 5516 930 5571 lbi
976 5532 1123 5571 mors
1162 5516 1415 5572 damnata
1455 5529 1556 5585 est,
1600 5536 1667 5575 ne

86 5610 362 5671 regnaret,
407 5612 461 5656 et
501 5604 780 5658 maledicta
821 5616 922 5671 est,
967 5617 1026 5662 ut
1063 5609 1281 5677 periret.
1327 5608 1668 5678 Quapropter

85 5707 180 5759 per
207 5690 414 5747 Christi
444 5693 549 5747 tale
578 5704 856 5764 peccatum
896 5697 1202 5754 damnatum
1230 5710 1311 5753 est
1338 5708 1393 5753 et
1423 5706 1664 5755 nostrum

1772 4618 2037 4672 addiderit
2065 4616 2192 4680 Deo,
2220 4625 2279 4669 ut
2304 4615 2539 4677 diceret,
2571 4612 2885 4668 Maledicta:
2914 4614 3020 4667 Deo
3044 4616 3233 4679 omnis,
3262 4614 3354 4686 qui

1768 4707 2062 4777 pependerit
2083 4708 2137 4759 in
2164 4706 2325 4775 ligno.
2349 4704 2459 4759 Nisi
2482 4706 2625 4759 enim
2652 4704 2792 4759 Deus
2816 4706 3020 4759 odisset
3044 4713 3349 4774 peccatum,

1770 4806 1824 4851 et
1849 4805 2076 4850 mortem
2102 4805 2363 4861 nostram,
2394 4810 2497 4847 non
2530 4794 2597 4847 ad
2623 4809 2740 4847 eam
2769 4794 3166 4861 suscipiendam
3188 4801 3352 4862 atque

1770 4886 2050 4940 delendam
2086 4884 2278 4938 Filium
2312 4899 2464 4938 suum
2502 4884 2762 4937 mitteret.
2796 4882 2931 4949 Quid
2956 4898 3085 4952 ergo
3128 4883 3348 4947 mirum,

1770 4974 1812 5027 si
1845 4973 2187 5027 maledictum
2217 4980 2296 5026 est
2324 4971 2453 5035 Deo,
2486 4972 2626 5039 quod
2658 4972 2768 5025 odit
2798 4970 2975 5025 Deus?
3000 4970 3174 5025 Tanto
3202 4970 3349 5026 enim

1767 5065 2019 5119 libentius
2040 5064 2196 5117 nobis
2223 5063 2385 5116 donat
2411 5062 2891 5125 immortalitatem,
2914 5076 3033 5131 quas
3061 5060 3239 5114 futura
3266 5068 3351 5113 est

1767 5157 1982 5213 Christo
2009 5154 2274 5216 veniente,
2308 5161 2508 5221 quanto
2538 5152 2938 5206 misericordius
2966 5150 3080 5205 odit
3118 5156 3348 5204 mortem

1768 5254 2028 5307 nostram,
2068 5260 2185 5312 quae
2230 5245 2283 5295 in
2330 5243 2473 5313 ligno
2512 5243 2763 5312 pependit
2803 5240 3018 5297 Christo
3057 5240 3345 5295 moriente.

1770 5336 1921 5403 Quod
1953 5345 2131 5389 autem
2174 5334 2414 5387 additum
2449 5343 2567 5397 est,
2597 5334 2789 5397 omnis,
2822 5340 2881 5385 ut
2909 5332 3197 5395 diceretur,
3229 5329 3348 5385 Ha-

1767 5425 1985 5478 ledietus
2007 5424 2173 5477 omnis
2200 5427 2288 5494 qui
2314 5424 2551 5493 pependit
2577 5424 2629 5475 in
2654 5422 2816 5491 ligno,
2847 5438 2951 5476 non
2983 5437 3114 5477 sane
3138 5420 3348 5492 Moyses

1769 5520 1946 5573 minus
1988 5520 2228 5588 prmvidit
2271 5520 2433 5573 etiam
2475 5517 2654 5585 justos
2682 5519 2733 5571 in
2779 5532 2941 5572 cruce
2988 5518 3220 5583 futuros,
3251 5518 3346 5573 sed

1768 5610 1903 5663 bene
1935 5609 2182 5678 pnevidit
2209 5609 2490 5673 haereticos
2526 5624 2707 5661 veram
2735 5619 2962 5661 mortem
2996 5609 3207 5662 Domini
3252 5622 3348 5662 ne-

1768 5708 2005 5771 gaturos,
2039 5708 2092 5752 et
2121 5699 2238 5751 ideo
2265 5697 2505 5753 volentes
2530 5698 2598 5751 ab
2625 5700 2726 5752 hoc
2759 5698 3041 5752 maledicto
3072 5699 3343 5754 Christum
