3906 6318
511 278 607 334 871

1584 273 1863 335 (ειμιωη
1904 274 2371 334 TAURINENSIS
2409 278 2716 337 EPISCOPI

3696 290 3790 345 87!

510 388 819 462 seiungere,
840 395 899 442 ut
923 404 953 444 a
981 388 1175 443 mortis
1201 388 1365 443 etiam
1394 387 1624 443 veritate
1650 399 2015 459 sejungercnt.
2042 389 2098 443 Si
2134 400 2176 454 Α
2204 393 2571 450 conﬁrmatum
2618 404 2983 451 testanturdum
3026 415 3175 452 nemo
3226 404 3423 471 spernit
3472 412 3569 457 aut
3614 421 3790 473 super-

508 483 653 537 enim
697 496 826 536 vera
864 480 953 535 illa
990 495 1139 535 mors
1170 496 1277 536 non
1318 489 1458 543 erat,
1506 479 1711 534 nullum
1755 479 2103 535 maledictum

508 572 728 627 Christo
756 571 1033 626 .erucilixo
1072 572 1330 641 pependit
1361 572 1414 625 in
1456 570 1604 640 ligno
1637 588 1651 624 :
1683 570 1811 640 quia
1846 584 1947 626 nec
1977 586 2103 625 vere

508 667 798 723 crucifixus
838 674 950 731 est,
996 666 1093 721 sed
1133 674 1327 721 contra
1369 666 1529 737 longe
1564 664 1776 719 futuros
1816 665 2103 721 hzcreticos

507 774 674 828 quam
701 760 767 813 de
792 759 949 828 longe
979 757 1182 812 clamat
1210 757 1419 827 Moyses
1452 775 1463 810 :
1500 756 1629 811 Sine
1652 771 1817 811 causa
1846 755 2105 826 tergivero

507 851 725 912 samini,
771 866 805 904 ο
851 851 1047 919 quibus
1096 849 1344 919 displicet
1391 850 1595 902 veritas
1641 848 1833 903 mortis
1875 847 2102 913 Christi,

507 942 828 998 maledictus
850 942 1031 998 omnis
1056 943 1147 1012 qui
1178 943 1434 1012 pependit
1457 943 1509 997 in
1538 942 1703 1012 ligno.
1731 940 1847 995 Non
1878 939 1986 1003 ille,
2009 948 2103 993 aut

507 1032 618 1097 ille,
649 1034 743 1087 sed
773 1034 952 1088 omnis
977 1034 1224 1097 omnino,
1258 1033 1422 1087 etiam
1467 1042 1522 1087 et
1565 1032 1733 1085 Filius
1766 1030 1892 1094 Dei,
1937 1029 2101 1084 etiam

504 1139 750 1195 prorsus.
781 1124 916 1179 Nam
942 1126 1047 1180 hoc
1076 1112 1180 1187 est,
1218 1126 1361 1194 quod
1391 1142 1496 1179 non
1535 1124 1719 1189 vultis,
1751 1124 1874 1179 inde
1903 1123 2104 1193 satagi-

504 1214 599 1280 tis,
634 1215 758 1269 inde
799 1216 1077 1270 seducitis.
1125 1214 1384 1285 Displicet
1412 1216 1557 1270 enim
1598 1215 1754 1269 vobis
1777 1215 2102 1270 maledictus

501 1319 605 1375 pro
638 1306 820 1371 nobis,
854 1305 981 1376 quia
1030 1305 1280 1376 displicet
1322 1315 1567 1360 mortuus
1589 1321 1691 1375 pro
1722 1306 1898 1360 nobis.
1949 1306 2101 1361 Tunc

502 1395 645 1450 enim
674 1404 831 1451 extra
876 1395 1229 1451 maledictum
1257 1395 1401 1450 illius
1449 1397 1619 1451 Adam
1643 1437 1657 1461 ,
1699 1398 1743 1451 si
1774 1405 1928 1452 extra
1960 1396 2101 1452 illius

502 1497 752 1545 mortem.
782 1488 917 1545 Cum
947 1504 1076 1545 vero
1102 1504 1172 1545 ex
1214 1489 1434 1544 homine
1474 1497 1529 1545 et
1566 1505 1664 1560 pro
1696 1489 1915 1545 homine
1957 1505 2102 1543 mor-

503 1589 611 1636 tem
638 1581 903 1651 suscepit,
922 1595 989 1635 ex
1015 1580 1111 1636 ille
1138 1588 1194 1636 et
1217 1596 1318 1650 pro
1347 1582 1439 1636 illo
1482 1590 1536 1636 et
1566 1582 1933 1644 maledictum,
1958 1582 2100 1651 quod

502 1680 732 1727 mortem
776 1672 1088 1737 comitatur,
1141 1671 1420 1742 suscipere
1461 1688 1568 1726 non
1614 1672 1934 1742 dedignatus
1974 1657 2096 1736 est,

500 1767 667 1822 etiam
691 1767 781 1822 ille
801 1766 1225 1838 prorsus,etiam
1254 1766 1343 1822 ille
1362 1767 1532 1822 Filius
1559 1766 1676 1831 Dei,
1700 1782 1916 1835 semper
1943 1767 2098 1821 vivus
2124 1744 2171 1804 Β

501 1857 555 1912 in
587 1872 684 1913 sua
721 1854 956 1926 iustitia,
989 1863 1240 1911 mortuus
1287 1865 1466 1910 autem
1512 1864 1738 1926 propter
1778 1855 1974 1911 delicta
1998 1854 2101 1909 'no-

499 1960 633 2017 stra,
660 1954 715 2005 in
753 1963 920 2005 carne
945 1956 1197 2019 suscepta
1223 1964 1286 2004 ex
1323 1963 1483 2019 poma
1511 1922 1723 2012 nostra:
1755 1962 1819 2002 ac
1865 1962 1964 2017 per
1996 1946 2101 2001 hoc

497 2043 739 2099 additum
768 2050 873 2109 est,
912 2042 1113 2107 omnis,
1151 2055 1219 2096 ne
1253 2039 1503 2095 Christus
1542 2038 1610 2093 ad
1640 2054 1835 2092 .veram
1868 2045 2097 2092 mortem

499 2149 606 2189 non
637 2134 913 2203 pertinere
941 2131 1236 2196 diceretur,
1268 2130 1314 2185 si
1346 2146 1375 2184 a
1408 2129 1718 2193 maledicto,
1752 2127 1899 2198 quod
1936 2128 2099 2181 morti

496 2225 845 2296 coniunctum
881 2232 993 2287 est,
1032 2222 1311 2293 insipienti
1348 2222 1759 2277 honorificentia
1794 2227 2095 2290 separetur.

496 2308 609 2381 Qui
634 2323 814 2369 autem
844 2327 910 2368 ex
942 2312 1178 2366 veritate
1208 2310 1521 2382 evangelica
1551 2309 1725 2364 ﬁdelis
1748 2317 1865 2374 est,
1898 2308 2099 2363 intelli-

494 2405 573 2471 git
606 2403 721 2474 jam
754 2418 859 2457 non
887 2416 1009 2456 esse
1033 2400 1425 2456 contumeliam
1450 2398 1650 2453 Christi
1679 2412 1745 2452 ex
1779 2412 1877 2451 ore
1904 2396 2095 2466 Moysi.

496 2492 631 2548 Cum
662 2509 787 2548 eum
815 2493 954 2547 dixit
993 2491 1373 2555 maledictum,
1414 2505 1523 2544 non
1564 2505 1631 2544 ex
1661 2489 1942 2546 divinitate
1985 2505 2101 2544 ma-

491 2584 708 2655 jestatis
726 2600 861 2649 suae,
890 2585 986 2640 sed
1016 2600 1082 2641 ex
1109 2583 1420 2640 conditione
1442 2596 1621 2651 putate
1647 2592 1869 2647 nostrae,
1899 2596 1966 2636 ex
1992 2596 2100 2651 quo

498 2680 550 2734 in
580 2679 726 2748 ligno
754 2690 1051 2747 suspensus
1073 2682 1177 2731 est.
1207 2672 1388 2741 Quare
1418 2688 1523 2727 non
1547 2682 1633 2727 est
1662 2672 1780 2727 laus
1802 2671 2003 2727 Christi
2031 2684 2098 2723 ex

494 2782 591 2822 ore
640 2767 1101 2831 Manichaaorum,
1151 2781 1275 2821 cum
1316 2778 1441 2819 eum
1489 2771 1689 2835 negant
1724 2778 1949 2817 carnem
2002 2763 2101 2817 ha-

494 2857 677 2913 buisse
711 2857 992 2911 mortalem
1014 2898 1027 2921 ,
1061 2857 1115 2910 in
1153 2870 1262 2925 qua
1304 2868 1491 2909 veram
1528 2862 1759 2907 mortem
1798 2860 2095 2922 pateretur.

495 2944 632 3013 Quia
676 2961 742 3001 ex
785 2945 878 2999 illo
924 2944 1243 3016 prophetico
1291 2942 1581 2997 maledicto
1620 2942 1739 2997 laus
1781 2941 2100 3013 intelligitur

494 3035 863 3091 humilitatis:
901 3049 969 3090 ex
1016 3033 1120 3088 isto
1152 3032 1411 3087 hmretico
1453 3031 1610 3101 quasi
1655 3031 1860 3084 honore
1889 3030 2099 3086 crimen

2208 482 2438 538 ordinat.
2466 483 2600 541 Cum
2630 488 2773 541 enim
2804 496 3031 543 testator
3054 499 3229 544 mutet
3256 500 3670 557 testamentum,
3697 512 3791 551 non

2205 573 2585 629 contlzmatum
2627 584 2821 631 mutat.
2861 578 3161 634 'l‘cstatoris
3200 582 3346 635 enim
3386 595 3571 646 morte
3606 587 3795 639 contir-

2204 672 2405 719 matur.
2444 664 2599 731 Quod
2630 674 2807 721 autem
2845 684 2992 723 mors
3021 672 3301 725 testatoris
3334 672 3480 727 valet
3506 675 3577 727 ad
3598 676 3797 729 conﬁr-

2203 758 2460 812 mandum
2489 766 2873 813 testamentum
2904 759 3041 828 ejus,
3070 762 3199 831 quia
3227 764 3516 817 consilium
3536 764 3655 833 jam
3686 782 3792 821 mu-

2206 855 2321 903 tare
2352 865 2457 902 non
2498 857 2699 918 potest,
2742 848 2847 905 hoc
2875 850 3395 908 incommutabilitas
3420 856 3798 923 promissionis

2203 933 2299 992 Dei
2349 938 2492 993 valet
2535 938 2603 993 ad
2650 938 3077 996 conﬁrmandam
3123 942 3498 998 hmreditatem
3544 945 3795 1011 Abrabm,

2202 1027 2358 1097 cujus
2380 1029 2515 1087 fides
2542 1029 2797 1099 deputata
2826 1033 3002 1087 estad
3023 1034 3315 1104 justitiam.

2271 1123 2498 1179 Abi-alue
2540 1123 2696 1177 dicta:
2732 1133 2855 1178 sunt
2894 1127 3290 1195 promissiones,
3326 1137 3375 1181 et
3417 1129 3633 1183 semini.
3683 1128 3798 1184 Non

2200 1216 2350 1281 dicit,
2383 1226 2431 1270 et
2457 1216 2765 1281 seminibus,
2794 1218 2947 1288 quasi
2977 1217 3032 1272 in
3059 1218 3259 1283 multis,
3290 1220 3383 1273 sed
3410 1220 3570 1290 quasi
3592 1221 3650 1274 in
3674 1238 3797 1283 tuo,

2200 1319 2247 1361 et
2276 1307 2464 1362 semini
2493 1316 2605 1371 tuo,
2633 1309 2723 1378 qui
2746 1318 2821 1361 est
2849 1305 3111 1362 Christus.
3145 1309 3343 1364 Semen
3369 1310 3689 1376 Abraham,
3720 1313 3798 1365 cui

2201 1398 2360 1452 dicta:
2388 1406 2515 1452 sunt
2544 1399 2960 1468 promissiones,
2998 1400 3275 1456 Christum
3316 1403 3453 1457 dicit
3484 1404 3797 1472 Apostolus,

2200 1492 2304 1547 hoc
2332 1500 2434 1557 est,
2464 1506 2654 1546 omnes
2680 1492 3021 1547 Christianos
3046 1492 3207 1548 ﬁdem
3235 1494 3523 1550 imitantes
3550 1495 3796 1551 Abrahae.

2200 1580 2345 1647 Quos
2368 1582 2435 1637 ad
2477 1582 2912 1652 singularitatem
2943 1583 3139 1654 redigit
3171 1585 3634 1651 commendando,
3664 1589 3797 1653 quod

2202 1688 2308 1728 non
2338 1672 2541 1728 dictum
2578 1682 2657 1728 est
2687 1682 2745 1729 et
2772 1673 3091 1739 seminibus,
3125 1676 3221 1729 sed
3257 1677 3460 1730 semini
3509 1686 3625 1732 tuo.
3669 1678 3795 1745 Quia

2200 1779 2311 1817 una
2337 1771 2422 1818 est
2468 1764 2623 1829 tldes,
2669 1772 2727 1818 et
2756 1779 2872 1819 non
2904 1773 3133 1839 possunt
3158 1764 3324 1819 simul
3345 1764 3671 1834 justiﬁmri,
3715 1768 3796 1837 qui

2200 1852 2389 1907 vivunt
2430 1867 2497 1908 ex
2538 1855 2795 1923 cperibus
2836 1854 3149 1920 carnaliter,
3195 1869 3320 1909 cum
3360 1856 3451 1910 his
3486 1858 3584 1927 qui
3622 1857 3799 1913 vivunt

2200 1958 2267 1999 ex
2298 1944 2402 1999 [ide
2440 1944 2779 2014 spiritaliter.
2813 1945 3157 2001 Vincibiliter
3192 1955 3375 2001 autem
3414 1949 3573 2017 quod
3612 1948 3797 2013 infert,

2200 2034 2286 2090 lex
2312 2051 2418 2089 non
2449 2044 2575 2089 nata
2603 2044 2745 2099 erat,
2777 2051 2880 2090 nec
2896 2046 3228 2105 possetpost
3257 2046 3338 2092 tot
3363 2053 3545 2093 annos
3571 2038 3648 2093 ita
3668 2040 3795 2104 dari,

2200 2133 2261 2180 ut
2296 2126 2553 2195 antiquas
2582 2125 2816 2180 Abrahae
2845 2126 3236 2196 promissiones
3263 2128 3457 2182 irritas
3482 2126 3714 2181 faceret.
3748 2127 3795 2182 Si

2200 2217 2344 2271 enim
2370 2216 2455 2271 lex
2479 2214 2769 2285 justillcat,
2794 2234 2901 2272 non
2924 2228 3008 2272 est
3026 2217 3359 2287 justiticatus
3381 2214 3690 2281 Abraham,
3717 2207 3795 2289 qui

2200 2307 2426 2361 multum
2461 2318 2588 2362 ante
2612 2307 2786 2379 legem
2818 2307 2940 2362 fuit.
2974 2308 3129 2375 Quod
3156 2310 3285 2380 quia
3315 2311 3505 2366 dicere
3534 2329 3646 2366 non
3681 2328 3796 2383 pos-

2200 2406 2359 2462 sunt,
2396 2406 2666 2467 coguntur
2706 2397 2863 2451 fateri
2904 2414 3011 2452 non
3053 2397 3185 2468 legis
3215 2400 3477 2468 operibus
3512 2399 3797 2467 iustiﬁcari

2200 2488 2499 2553 hominem,
2525 2490 2621 2544 sed
2649 2488 2769 2544 ﬁde.
2794 2488 2969 2545 Simul
2992 2492 3156 2545 etiam
3179 2506 3279 2546 nos
3302 2492 3451 2562 cogit
3476 2492 3794 2563 intelligere.

2200 2596 2390 2637 omnes
2417 2582 2672 2651 antiquos
2696 2592 2883 2651 patres
2904 2623 2919 2647 ,
2950 2583 3041 2651 qui
3065 2583 3349 2653 justiticati
3381 2593 3550 2648 sunt,
3586 2600 3655 2639 ex
3690 2585 3794 2651 ipsa

2202 2672 2305 2727 lide
2342 2667 2690 2740 justiﬁeatos.
2741 2673 2894 2741 Quod
2934 2674 3078 2728 enim
3111 2660 3211 2730 nos
3239 2691 3306 2729 ex
3347 2682 3508 2745 parte
3549 2677 3793 2746 praeri-

2159 2767 2162 2771 ’
2202 2773 2337 2827 tum,
2369 2761 2421 2817 id
2448 2770 2555 2827 est,
2582 2764 2817 2833 primum
2843 2764 3132 2821 adventuum
3161 2765 3403 2829 Domini,
3434 2780 3506 2821 ex
3533 2774 3697 2836 parte
3720 2766 3788 2819 iu-

2201 2864 2405 2919 tunnn,
2431 2854 2483 2908 id
2504 2863 2606 2919 est,
2632 2854 2929 2909 secundum
2954 2856 3244 2910 adventum
3266 2856 3510 2919 Domini,
3532 2857 3798 2911 credendo

2200 2944 2335 3000 salvi
2366 2944 2688 3011 elliciemur,
2741 2946 2845 3000 hoc
2874 2953 3044 2999 totum
3078 2946 3208 2999 illud
3238 2953 3343 3010 est,
3379 2954 3691 3016 utrumque
3714 2948 3797 3000 ad-

2197 3042 2422 3090 ventum
2472 3032 2715 3089 futurum
2764 3035 3059 3089 credebant
3109 3035 3384 3091 revelante
3438 3038 3547 3091 sibi
3606 3037 3799 3105 Spiritu

494 3123 750 3193 obiicitur
778 3123 1051 3179 falsitatis.
1097 3122 1157 3179 Si
1179 3137 1309 3194 ergo
1337 3137 1502 3193 negas
1529 3122 1896 3187 maledictum,
1930 3137 2096 3194 negas
2122 3104 2166 3166 ε
2201 3132 2411 3191 sancto,
2440 3132 2500 3179 ut
2523 3124 2655 3179 salvi
2684 3122 2894 3178 fierent.
2929 3122 3082 3179 Unde
3106 3132 3191 3179 est
3218 3126 3381 3180 etiam
3413 3125 3549 3180 illud
3584 3143 3599 3178 :
3638 3104 3799 3178 ,λέγω

492 3225 551 3272 et
589 3222 885 3271 mertuum.
938 3215 995 3269 Si
1045 3230 1213 3285 negas
1259 3222 1554 3279 mortuum,
1597 3228 1701 3267 non
1746 3211 1860 3283 jam
1906 3224 2095 3269 contra

497 3306 751 3378 Moysen,
798 3306 893 3361 sed
941 3312 1132 3361 contra
1184 3304 1457 3375 apostolos
1504 3304 1750 3359 dimicas.
1809 3303 1866 3359 Si
1917 3313 2101 3359 autem

496 3397 776 3453 conﬁteris
831 3406 1148 3460 mortuum,
1206 3395 1467 3450 confitere
1519 3395 1826 3464 suscepisse
1879 3409 2097 3463 pmnam

497 3488 708 3560 peccati
735 3486 908 3540 nostri
936 3485 1052 3539 sine
1076 3492 1302 3555 peccato
1334 3491 1544 3537 nostro.
1574 3481 1692 3536 Jam
1724 3497 1853 3537 vero
1882 3483 1983 3537 ubi
2004 3499 2097 3536 au-

497 3580 582 3633 dis
623 3592 843 3650 poenam
885 3575 1116 3646 peccati,
1158 3582 1253 3628 aut
1289 3586 1355 3627 ex
1394 3571 1771 3628 benedictione
1810 3573 1970 3626 crede
2007 3588 2100 3627 ve-

498 3671 735 3725 nientem
758 3710 772 3733 ,
818 3678 910 3723 aut
946 3684 1012 3722 ex
1056 3666 1461 3721 maledictione.
1513 3664 1573 3719 Si
1612 3681 1679 3720 ex
1718 3664 2098 3721 benedictione

403 3778 410 3786 ·
497 3761 649 3816 venit
694 3772 855 3835 poena
903 3759 1153 3828 peccati,
1202 3767 1327 3825 opta
1385 3770 1505 3810 esse
1563 3770 1778 3825 semper
1832 3756 1886 3809 in
1938 3770 2096 3824 poena

500 3852 727 3922 peccati.
781 3848 839 3904 Si
883 3856 1065 3902 autem
1108 3855 1266 3916 optas
1317 3846 1442 3900 inde
1490 3845 1743 3908 liberari,
1793 3844 1954 3899 crede
2002 3859 2100 3914 per

499 3942 697 3997 divinae
729 3939 1012 3995 sententiae
1041 3936 1311 4006 justitiam
1340 3952 1409 3991 ex
1444 3936 1827 3991 maledictione
1861 3935 2095 3990 venisse.

499 4031 772 4087 Conﬁtere
822 4044 953 4100 ergo
1007 4028 1352 4083 maledictum
1403 4027 1707 4095 suscepisse
1757 4042 1856 4094 pro
1903 4025 2095 4089 bonis,

499 4139 659 4193 quem
689 4121 966 4177 conﬁteris
1005 4128 1278 4174 mortuum
1316 4134 1437 4173 esse
1474 4133 1576 4187 pro
1604 4118 1780 4172 nobis.
1815 4117 1924 4173 Nec
1952 4120 2098 4173 aliud

499 4213 809 4285 signiﬁcare
852 4212 1090 4267 voluisse
1138 4211 1389 4280 Moysen,
1436 4226 1557 4263 cum
1606 4211 1808 4265 diceret
1862 4229 1873 4263 :
1932 4211 2097 4265 Hale-

499 4308 672 4360 ilictus
722 4305 931 4371 omnis,
983 4304 1071 4375 qui
1120 4303 1175 4356 in
1223 4302 1363 4372 ligno
1404 4303 1742 4373 pependerit,
1799 4303 1903 4357 nisi
1956 4319 2101 4357 mor-

502 4399 628 4453 talis
675 4398 873 4460 omnis,
922 4404 980 4451 et
1029 4395 1267 4449 moriens
1309 4394 1525 4459 omnis,
1573 4394 1664 4463 qui
1713 4394 1764 4448 in
1814 4393 1965 4465 ligno
2006 4410 2099 4464 pe—

500 4488 769 4559 penderit.
827 4487 1045 4541 Poterat
1096 4485 1240 4539 enim
1293 4484 1515 4549 dicere,
1566 4484 1885 4539 maledictus
1917 4487 2094 4541 omnis

502 4580 593 4651 qui
640 4578 906 4645 mortalis,
954 4586 1050 4632 aut
1098 4577 1416 4631 maledictus
1457 4576 1636 4630 omnis
1678 4577 1937 4631 moriens.
1986 4577 2093 4632 Sed

505 4670 608 4723 hoc
637 4676 721 4724 est
749 4668 891 4737 quod
922 4666 1117 4721 asserit
1151 4666 1453 4736 prophetia.
1494 4666 1627 4732 Quia
1656 4668 1862 4722 sciebat
1891 4668 2093 4723 Christi

504 4768 736 4814 mortem
786 4760 839 4812 in
878 4772 1042 4813 cnice
1082 4772 1394 4827 pcnsuram,
1438 4766 1494 4810 ct
1535 4758 1746 4811 futuros
1787 4757 2091 4821 haereticos,

503 4852 596 4923 qui
629 4851 870 4906 dicerent
900 4868 912 4904 :
946 4848 1207 4919 rependit
1243 4848 1459 4917 quidem
1502 4849 1552 4902 in
1586 4848 1751 4919 ligno,
1784 4850 1877 4903 sed
1914 4851 2093 4918 specie
2138 4868 2145 4871 ι

503 4941 761 5012 quadam,
786 4956 891 4994 non
915 4948 974 4993 ut
993 4954 1117 4994 vere
1145 4947 1468 4993 moreretur.
1497 4938 1793 4993 Clamando
1821 4954 1951 5010 ergo
1980 4954 2094 4993 ma-

506 5032 757 5096 ledictus,
802 5030 936 5085 nihil
978 5030 1121 5085 aliud
1162 5032 1437 5093 clamavit,
1485 5031 1586 5084 nisi
1623 5032 1748 5100 quia
1780 5046 1905 5086 vere
1951 5048 2096 5085 mor-

507 5133 650 5189 tuus,
682 5124 861 5179 sciens
892 5132 1119 5177 mortem
1152 5122 1388 5177 hominis
1423 5124 1745 5193 peccatoris,
1773 5139 1935 5193 quam
1978 5125 2094 5178 sine

503 5222 729 5286 peccato
772 5214 888 5285 ipse
922 5212 1183 5283 suscepit,
1218 5214 1283 5267 de
1318 5213 1407 5268 illo
1439 5214 1723 5269 maledicto
1764 5215 2090 5278 venientem,

502 5320 613 5379 quo
638 5306 839 5360 dictum
869 5313 955 5360 est
987 5323 1000 5359 :
1035 5303 1092 5359 Si
1118 5305 1407 5375 tetigeritis,
1440 5314 1605 5357 morte
1631 5305 1947 5358 moriemini.

578 5393 647 5449 Ut
676 5394 1007 5464 adoptionem
1052 5394 1267 5464 spiritus
1310 5396 1630 5465 accipiamus
1675 5412 1767 5464 per
1807 5395 1986 5462 ﬁdem.
2038 5394 2093 5449 Id

503 5495 607 5549 est,
636 5494 697 5540 ut
724 5486 866 5555 quod
898 5500 1003 5538 non
1036 5486 1261 5539 timetur
1290 5486 1341 5539 in
1372 5501 1555 5548 carne,
1591 5486 1682 5538 sed
1714 5487 1855 5554 quod
1898 5485 2091 5555 Spiritu

508 5576 766 5646 diligitur,
800 5575 1088 5630 ercdituris
1119 5577 1490 5628 annuntietnr.

582 5664 817 5729 Fratres,
853 5667 1134 5718 secundum
1178 5666 1434 5718 hominem
1477 5667 1613 5728 diro,
1656 5675 1826 5719 tamen
1868 5663 2089 5717 hominis

2123 4442 2175 4501 D

2199 3217 2322 3270 Imm
2350 3215 2643 3286 concupivit
2672 3215 2809 3268 diem
2837 3230 3009 3268 nicum
3039 3215 3235 3280 ridere,
3263 3226 3310 3269 et
3336 3216 3487 3279 uidit,
3516 3228 3569 3269 et
3599 3219 3801 3287 garisus

2198 3315 2273 3358 est
2304 3303 2485 3373 (Joan.
2518 3304 2658 3373 vm).

2273 3396 2389 3450 [loc
2419 3405 2595 3450 autem
2622 3396 2741 3449 dico
2777 3404 3148 3449 testamentum
3189 3397 3567 3466 conﬁrmatum
3611 3416 3645 3451 α
3676 3398 3799 3459 Dea,

2198 3506 2316 3559 qum
2364 3497 2477 3558 post
2525 3487 2932 3557 quadringentos
2971 3496 3019 3540 et
3065 3488 3279 3556 triginta
3328 3505 3497 3563 annos
3542 3488 3696 3557 facta
3735 3499 3799 3541 est

2199 3578 2301 3641 lex,
2337 3596 2441 3632 non
2470 3578 2679 3631 irritum
2711 3577 2859 3646 facit,
2890 3577 2958 3630 ad
2986 3578 3345 3631 evacuandam
3373 3580 3797 3647 promissionem.

2198 3669 2441 3726 Primum
2487 3677 2711 3741 propter
2752 3669 3035 3739 imperitos
3082 3670 3227 3739 ipsos
3272 3685 3446 3723 annos
3490 3670 3799 3724 minutatim

2199 3772 2363 3832 atque
2406 3764 2680 3819 subtiliter
2718 3762 3095 3817 discutiamus.
3148 3763 3214 3816 Et
3262 3772 3383 3832 post
3425 3763 3559 3831 quid
3613 3765 3800 3817 exinde

2199 3855 2543 3911 sentiendum
2576 3856 2677 3918 sit,
2721 3870 3073 3924 exponemus.
3112 3854 3283 3924 Igitur
3322 3854 3647 3919 Abraham,
3688 3871 3799 3910 cum

2198 3946 2537 4015 septuaginta
2562 3944 2802 4012 quinque
2832 3952 2979 3996 esset
3007 3959 3294 4008 annorum,
3321 3945 3572 3999 divinum
3600 3946 3801 4015 accepit

2196 4036 2501 4100 oraculum,
2544 4044 2601 4087 ut
2652 4034 3005 4103 egrederetur
3050 4034 3117 4088 de
3158 4042 3301 4089 terra
3351 4050 3451 4088 sua
3487 4054 3499 4087 :
3545 4037 3651 4105 qui
3692 4044 3801 4105 post

2198 4129 2389 4199 viginti
2427 4126 2668 4197 quinque
2710 4125 2869 4178 annis
2901 4123 3087 4192 genuit
3117 4122 3289 4187 lsaac,
3334 4124 3427 4192 qui
3462 4134 3591 4177 erat
3638 4140 3799 4179 annm

2198 4220 2323 4273 vita:
2350 4232 2461 4273 suae
2488 4214 2837 4271 centesimus.
2870 4212 2971 4279 Qui
3000 4212 3149 4267 lsaac
3180 4228 3323 4267 anno
3348 4215 3478 4268 vita:
3501 4229 3627 4269 sum
3657 4230 3799 4269 seu.

2201 4308 2407 4378 gesimo
2448 4305 2633 4374 genuit
2661 4302 2849 4367 Jacoh,
2876 4312 2930 4356 et
2961 4302 3123 4356 Esau.
3160 4302 3224 4356 111
3254 4311 3381 4357 sunt
3406 4304 3535 4357 anni
3569 4320 3604 4357 a
3634 4306 3796 4374 prima

2201 4400 2431 4453 Abrahae
2454 4397 2815 4466 promissione
2840 4396 3114 4467 octoginta
3147 4397 3403 4467 quinque.
3436 4396 3695 4468 Denique
3718 4397 3795 4450 Ja-

2200 4489 2301 4543 cob
2325 4502 2468 4543 anno
2489 4488 2615 4541 vitae
2641 4503 2751 4541 suae
2779 4487 3129 4555 nonagesimo
3155 4488 3332 4555 primo
3361 4488 3549 4558 genuit
3581 4488 3795 4558 Joseph.

2200 4589 2255 4635 et
2283 4594 2426 4635 anno
2454 4579 2579 4633 vita:
2618 4593 2728 4633 sua:
2756 4576 3054 4633 centesimo
3093 4577 3390 4640 tricesimo,
3417 4579 3511 4646 qui
3540 4590 3676 4634 erat
3714 4596 3799 4632 an-

2200 4686 2303 4725 nus
2349 4670 2473 4724 vitae
2521 4668 2721 4739 Ioseph
2778 4668 3086 4723 tricesimus
3145 4683 3352 4730 nonus,
3407 4669 3708 4724 descendit
3754 4672 3799 4722 in

2202 4760 2515 4831 Algyptum.
2540 4760 2605 4814 111
2632 4768 2756 4814 sunt
2777 4760 2902 4813 anni
2927 4776 2955 4813 a
2982 4759 3156 4828 prima
3179 4759 3542 4829 promissione
3576 4761 3800 4815 Abi-alue

2201 4850 2417 4904 ducenti
2476 4849 2807 4919 quindecim.
2872 4848 3294 4917 Mauseruntque
3356 4849 3448 4903 lilii
3514 4851 3696 4907 Israel
3754 4852 3798 4904 iu

2201 4938 2457 5009 Egypto,
2491 4948 2613 5007 post
2640 4939 2922 4993 introitum
2948 4936 3133 5001 Jacoh,
3165 4940 3323 4993 annis
3354 4940 3619 4996 ducentis
3654 4943 3799 5011 quin~

2201 5029 2395 5083 decim.
2454 5028 2582 5082 Post
2636 5036 2865 5081 mortem
2917 5042 3044 5082 vero
3096 5026 3296 5097 Joseph
3350 5044 3531 5085 annos
3589 5044 3799 5085 centum

2200 5118 2557 5187 quadraginta
2596 5129 2847 5187 quatuor.
2881 5117 3026 5173 inter
3058 5129 3288 5173 mortem
3323 5118 3531 5188 Ioseph
3570 5132 3634 5176 ct
3675 5121 3799 5174 mti-

2201 5209 2425 5262 vitatem
2473 5208 2638 5278 Moysi
2686 5210 2904 5262 fuerunt
2948 5210 3076 5263 anni
3120 5211 3425 5278 sexaginta,
3476 5212 3614 5279 quia
3663 5222 3800 5265 octa-

2202 5299 2347 5367 ginta
2400 5314 2661 5353 annorum
2712 5308 2831 5353 erat
2885 5298 3127 5367 Moyses,
3177 5297 3394 5367 quando
3444 5302 3712 5370 apparuit
3757 5299 3799 5352 ei

2203 5388 2364 5445 Deus.
2392 5397 2446 5441 et
2475 5388 2623 5442 misit
2658 5402 2779 5440 eum
2817 5387 2883 5441 ad
2915 5386 3276 5441 Pharaonem.
3308 5388 3365 5441 Si
3406 5392 3535 5458 quis
3583 5392 3692 5445 ista
3717 5392 3799 5444 du-

2202 5482 2365 5546 hitat,
2400 5482 2485 5535 vel
2514 5480 2812 5535 calculandi
2864 5490 2920 5535 et
2972 5481 3274 5536 inveniendi
3318 5498 3604 5538 summam
3644 5496 3800 5539 annit-

2203 5589 2318 5626 rum
2364 5589 2467 5627 non
2501 5573 2659 5626 habet
2693 5574 2997 5637 scientiam,
3052 5584 3231 5628 sumat
3268 5590 3441 5629 annos
3472 5577 3545 5629 ab
3581 5577 3800 5630 introitu

2200 5662 2365 5717 Juroh
2408 5665 2457 5717 in
2509 5662 2829 5733 Egyptum,
2875 5672 2927 5716 ot
2972 5665 3207 5719 inveniet
3244 5681 3415 5734 usque
3448 5666 3517 5721 ad
3572 5676 3799 5721 mortem
