3906 6380
154 426 263 481 ετδ

154 639 413 703 quatuor,
454 631 585 685 ﬁunt
620 642 838 685 centum
873 632 1096 702 triginta
1139 633 1398 701 quinque,
1433 631 1559 700 quia
1597 644 1756 684 sexa-

155 723 367 794 gesimo
402 732 598 794 quarto
626 737 772 776 anno
811 729 932 792 post
975 730 1206 775 mortem
1236 720 1443 791 'Joseph
1484 720 1759 775 invenitur

157 823 321 868 natus
365 828 484 868 esse
527 812 761 883 Moyses.
807 812 901 866 IIis
940 811 1076 866 adde
1112 813 1386 881 octoginta
1426 826 1596 865 annos
1635 811 1759 865 vita:

159 901 352 974 Moysi,
380 904 509 974 quia
546 911 626 957 tot
656 917 922 956 annorum
957 910 1094 967 erat,
1121 903 1336 973 quando
1364 902 1563 956 missus
1585 909 1667 957 est
1691 903 1758 956 ad

162 995 519 1051 Pharaonem.
563 993 674 1049 Hos
717 993 854 1049 adde
895 994 961 1048 ad
1005 1003 1220 1049 centum
1264 995 1482 1065 triginta
1522 995 1760 1064 quinque

159 1086 473 1156 superiores
524 1100 731 1149 annos,
787 1092 842 1139 et
885 1084 1020 1138 ﬁunt
1075 1085 1292 1140 ducenti
1335 1086 1661 1155 quindecim.
1715 1087 1760 1140 A

159 1177 334 1247 prima
359 1177 525 1246 igitur
556 1177 919 1247 promissione
939 1175 1173 1232 Abrahze
1193 1191 1362 1246 usque
1383 1177 1450 1232 ad
1475 1179 1759 1233 introitum

159 1265 328 1322 hcob
364 1268 417 1321 in
447 1267 742 1338 Egyptum
770 1267 986 1325 fuerunt
1021 1269 1149 1322 anni
1183 1269 1400 1322 ducenti
1426 1269 1756 1338 quindecim.

162 1357 236 1412 Et
257 1358 378 1412 inde
400 1373 571 1427 usque
594 1359 660 1412 ad
685 1359 971 1413 transitum
996 1359 1162 1412 maris
1185 1357 1378 1422 Rubri,
1395 1358 1519 1412 anni
1545 1357 1762 1413 ducenti

159 1446 494 1515 quindecim.
529 1445 692 1501 Fiunt
715 1447 769 1500 in
791 1462 1000 1502 summa
1026 1447 1406 1517 quadringenti
1432 1448 1669 1518 triginta.
1696 1447 1764 1501 Et

164 1537 272 1591 hoc
310 1545 431 1606 est,
458 1538 602 1606 quod
632 1538 708 1590 ait
739 1536 1029 1605 Apostolus
1075 1537 1179 1591 hoc
1226 1536 1362 1592 loco.
1415 1537 1534 1592 Non
1579 1546 1762 1591 autem

162 1627 290 1682 dico
324 1603 708 1683 testamentum
739 1603 1121 1682 confirmatum
1146 1643 1177 1682 a
1206 1628 1340 1694 Deo,
1368 1645 1488 1698 qua:
1514 1628 1656 1684 facta
1681 1637 1765 1684 est

161 1727 292 1788 post
317 1719 744 1790 quadringentos
778 1726 834 1773 et
864 1719 1084 1790 triginta
1123 1734 1314 1774 annos.
1353 1718 1458 1774 Sed
1497 1720 1637 1776 dicet
1668 1720 1765 1774 ali-

162 1808 291 1878 quis
315 1826 328 1862 :
356 1808 637 1875 Quomodo
661 1816 842 1879 potest
867 1807 1004 1873 fieri,
1031 1817 1091 1861 ut
1120 1817 1226 1862 tam
1249 1823 1452 1879 paucos
1477 1809 1570 1864 ﬁlii
1601 1810 1765 1869 Israel

1097 425 1354 481 ENARR.
1398 424 1468 480 IN
1507 422 1726 479 EPIST.
1766 425 1831 480 D.
1872 423 2084 483 PAULI
2125 426 2223 482 AD
2253 426 2505 483 GALAT.

153 540 355 610 Ioseph
383 555 555 596 annos
585 541 924 612 septuagi'~ta
960 556 1147 594 unum.
1181 539 1277 596 His
1303 541 1440 596 adde
1466 539 1744 610 sesaginta
1774 545 1820 600 Α
1847 555 1941 609 per
1986 539 2200 611 angelos
2242 542 2296 595 in
2347 559 2503 596 manu
2549 544 2850 600 mediatoris

3329 439 3429 494 874

2899 566 2914 596 :
2965 550 3216 605 mediator
3261 565 3436 609 autent

1861 630 2018 682 unius
2059 646 2163 683 non
2203 639 2297 695 est,
2331 629 2471 684 Deus
2501 643 2673 686 autem
2714 652 2846 690 unus
2875 647 2969 691 est.
3013 639 3148 707 Quia
3187 658 3440 699 manente

1863 721 2282 789 repromissione
2331 738 2448 791 qua:
2495 722 2634 778 facta
2683 725 2858 782 fuerat
2899 731 2966 785 ad
3007 732 3302 802 Abraham,
3357 738 3440 794 lex

1860 819 2044 879 postea
2073 812 2198 865 data
2237 828 2336 883 per
2365 813 2580 886 Moysen
2611 815 2809 872 frustra
2840 821 3124 879 videbatur
3150 826 3317 893 illata,
3344 844 3444 883 cur

1863 901 1985 955 data
2032 903 2118 966 sit,
2150 905 2382 973 explicat
2414 924 2424 959 :
2457 915 2677 977 propter
2721 915 3196 984 transgressiones,
3245 920 3442 990 inquit.

1862 991 1991 1048 I’ost
2019 992 2280 1049 offensam
2305 997 2449 1051 enim
2477 999 2530 1052 in
2553 1015 2737 1055 eremo
2775 1005 2975 1072 populi,
3009 1015 3131 1075 post
3161 1009 3444 1069 adoratum

1862 1086 2107 1151 vitulum,
2133 1096 2185 1141 et
2209 1104 2454 1144 murmur
2474 1093 2530 1146 in
2549 1092 2858 1161 Dominum,
2882 1097 2968 1152 lex
2990 1104 3448 1172 transgressiones

1861 1179 2201 1249 prohibitura
2245 1184 2528 1238 successit.
2575 1184 2916 1254 Superbienti
2958 1204 3086 1260 ergo
3126 1194 3319 1264 populo
3361 1195 3445 1250 lex

1861 1269 2036 1339 posita
2079 1279 2180 1334 est,
2225 1280 2286 1325 ut
2325 1274 2581 1341 quoniam
2623 1276 2850 1345 gratiam
2891 1279 3170 1338 charitatis
3205 1283 3308 1338 nisi
3349 1285 3449 1338 hu-

1865 1358 2102 1414 miliatus
2125 1361 2371 1431 accipere
2402 1378 2508 1417 non
2529 1374 2711 1434 posset
2738 1385 2749 1419 :
2776 1377 2830 1422 et
2850 1369 2966 1424 sine
2988 1371 3089 1425 hac
3111 1374 3281 1443 gratia
3306 1376 3451 1430 nullo

1864 1450 2024 1505 modo
2062 1463 2333 1524 praecepta
2378 1456 2510 1528 legis
2552 1458 2830 1529 impleret,
2879 1467 3302 1535 transgressione
3347 1471 3449 1523 hu:

1865 1539 2185 1605 miliaretur,
2220 1551 2278 1596 ut
2298 1554 2566 1612 quazreret
2587 1549 2839 1615 gratiam,
2876 1567 2972 1606 nec
3007 1568 3066 1607 se
3100 1555 3212 1610 suis
3245 1558 3452 1613 meritis

1861 1629 2072 1692 salvum
2097 1629 2236 1697 ﬁeri,
2265 1635 2410 1703 quod
2433 1639 2722 1706 superbum
2746 1649 2850 1705 est,
2873 1644 3208 1711 Opinaretur,
3232 1656 3291 1701 ut
3309 1658 3454 1705 esset

1867 1736 1971 1775 non
1997 1737 2092 1776 sua
2128 1731 2395 1792 potestate
2417 1735 2471 1780 et
2497 1727 2701 1782 viribus
2720 1729 2918 1800 justus,
2947 1733 3040 1788 sed
3069 1734 3121 1787 in
3149 1751 3310 1790 manu
3342 1753 3455 1792 me-

1867 1811 2093 1867 diatoris
2115 1812 2467 1882 justiﬁcantis
2491 1818 2734 1888 impium.
2769 1819 2873 1875 Per
2899 1823 3119 1892 angelos
3150 1836 3328 1882 autem
3354 1831 3455 1884 mi-

166 1919 224 1953 -n
255 1907 398 1954 terra
438 1899 659 1971 Egypti
689 1901 942 1955 steterint
979 1915 1186 1966 annos,
1229 1916 1353 1955 cum
1391 1901 1670 1971 Scriptura
1701 1901 1765 1954 li-
1793 1909 1839 1966 Β
1868 1902 2097 1957 nistrata
2139 1913 2222 1958 est
2267 1907 2442 1962 omnis
2483 1909 2816 1977 dispensatio
2844 1913 3057 1970 Veteris
3098 1915 3451 1985 Testamenti,

164 1990 252 2043 bri
279 1989 551 2045 Geneseos
575 2002 780 2055 narret,
807 1991 951 2061 quod
975 1991 1173 2045 dixerit
1197 1991 1338 2045 Deus
1361 1991 1428 2044 ad
1449 1990 1722 2046 Abraham
1746 2011 1758 2044 :

165 2079 313 2135 Scito
349 2099 699 2153 pra'noscens,
731 2085 856 2154 quia
890 2084 1222 2154 peregrinum
1254 2083 1350 2137 erit
1396 2101 1573 2137 semen
1616 2093 1763 2137 tuum

165 2173 227 2224 in
251 2181 391 2225 terra
421 2190 521 2226 non
551 2191 666 2238 sua,
693 2184 740 2228 et
766 2174 1042 2244 subjicient
1072 2192 1158 2228 eos
1183 2175 1441 2239 servituti,
1474 2184 1523 2228 et
1549 2176 1764 2245 eﬂicient

166 2265 325 2318 annis
353 2265 748 2334 quadringentis
781 2262 934 2336 (Gen.
963 2264 1090 2335 xv)?
1119 2265 1237 2320 Non
1262 2266 1465 2336 itaque,
1495 2267 1640 2336 quod
1666 2266 1762 2332 ait,

168 2355 226 2408 in
258 2355 571 2409 servitutem
609 2357 858 2426 redigens
898 2371 1012 2421 eos,
1046 2360 1115 2411 ad
1145 2357 1569 2430 quadringentos
1598 2373 1768 2412 annos

168 2446 649 2512 referendumest,
681 2457 939 2519 tanquam
968 2464 1065 2518 per
1090 2457 1168 2503 tot
1195 2465 1366 2504 annos
1393 2449 1684 2504 habuerint
1713 2450 1768 2504 in

167 2539 468 2604 servitute,
502 2539 596 2593 sed
638 2539 910 2609 referendi
950 2549 1075 2595 sunt
1115 2541 1494 2610 quadringenti
1538 2541 1664 2595 anni
1700 2542 1770 2596 ad

169 2628 260 2694 id,
305 2629 450 2698 quod
485 2631 687 2685 dictum
719 2639 832 2697 est,
871 2632 1218 2702 peregrinum
1248 2633 1365 2707 erit.
1391 2647 1575 2694 semen
1615 2640 1770 2686 tuum

169 2720 229 2774 in
265 2730 416 2786 terra
448 2739 554 2777 non
587 2739 704 2778 sua.
746 2723 881 2790 Quia
919 2725 1032 2779 sive
1062 2724 1115 2777 in
1150 2732 1294 2778 terra
1325 2724 1612 2789 Chanaan,
1655 2725 1771 2779 sive

170 2810 229 2864 in
267 2809 504 2882 Egypto
543 2815 890 2883 peregrinum
926 2823 1046 2870 erat
1075 2815 1204 2868 illud
1234 2830 1439 2880 semen,
1479 2825 1770 2885 antequam

172 2901 550 2957 hereditatem
577 2913 857 2958 sumerent
888 2905 940 2958 in
972 2913 1138 2968 terra,
1171 2917 1238 2959 ex
1266 2905 1624 2975 promissione
1652 2905 1771 2970 Dei,

168 2991 319 3059 quod
360 2989 563 3046 factum
609 3002 711 3058 est,
756 3002 1111 3062 posteaquam
1160 3009 1228 3048 ex
1272 2993 1510 3064 :Egypto
1558 2994 1772 3049 liberati

169 3092 336 3146 sunt,
381 3091 436 3137 ut
468 3099 565 3153 per
605 3086 839 3154 speciem
884 3085 1204 3150 locutionis,
1239 3100 1402 3153 quam
1432 3085 1774 3155 grammatici

169 3173 512 3243 hyperbaton
545 3184 774 3240 vocant,
805 3175 1010 3229 dictum
1039 3190 1162 3230 esse
1201 3175 1554 3243 intelligatur.
1596 3176 1664 3229 Et
1692 3183 1778 3231 est

1870 2002 2063 2064 agente
2096 1995 2148 2049 in
2178 1996 2258 2051 eis
2295 1997 2498 2068 Spiritu
2540 2009 2747 2067 sancto,
2779 2010 2833 2056 et
2862 2004 2978 2072 ipso
3008 2003 3181 2061 Verbo
3203 2001 3456 2065 veritatis

1868 2084 2106 2137 nondum
2137 2084 2438 2151 incarnato,
2475 2089 2567 2142 sed
2599 2106 2871 2159 nunquam
2914 2092 2982 2147 ab
3011 2094 3187 2163 aliqua
3215 2099 3454 2155 veridica

1869 2171 2338 2229 administratione
2368 2177 2652 2233 recedente
2683 2197 2695 2232 :
2738 2182 2862 2249 quia
2887 2197 2986 2250 per
3019 2186 3239 2254 angelos
3272 2188 3453 2258 dispo-

1870 2261 1971 2314 sita
2001 2274 2083 2316 est
2114 2263 2202 2317 illa
2235 2265 2564 2334 dispensatio
2604 2269 2759 2340 legis,
2797 2286 2916 2325 cum
2955 2272 3246 2343 aliquando
3279 2292 3452 2341 suam,

1869 2351 2160 2420 aliquando
2202 2355 2298 2410 Dei
2338 2371 2648 2425 personam,
2692 2361 2831 2415 sicut
2867 2364 3256 2432 prophetarum
3295 2367 3458 2420 etiam

1871 2458 1990 2497 mos
2015 2451 2118 2508 est,
2151 2454 2392 2516 agerent.
2423 2447 2630 2517 Perque
2662 2450 2807 2504 illam
2835 2452 3010 2523 legem
3035 2455 3251 2522 morbos
3277 2465 3460 2511 osten-

1873 2533 2088 2588 dentem
2108 2575 2122 2599 ,
2160 2550 2266 2589 non
2303 2535 2637 2592 auferentem
2673 2541 2835 2595 etiam
2865 2544 3327 2611 praevaricationis
3353 2547 3460 2601 eri-

1874 2622 2020 2676 mine
2047 2625 2280 2678 contrita
2326 2627 2578 2694 superbia
2620 2635 2722 2682 est.
2756 2629 3024 2699 Disposita
3054 2642 3134 2687 est
3177 2649 3273 2702 per
3301 2651 3462 2706 ange-

1874 2710 1976 2777 los,
2021 2713 2116 2768 sed
2143 2713 2197 2766 in
2234 2723 2503 2783 potestate
2537 2717 2872 2785 mediatoris,
2901 2731 2959 2774 ut
2989 2722 3102 2791 ipse
3146 2723 3401 2779 liberaret
3431 2744 3461 2780 τι

1873 2806 2111 2873 peccatis
2139 2821 2235 2874 per
2266 2810 2753 2877 transgressionem
2782 2812 2916 2882 legis
2945 2823 3162 2870 coactos
3191 2817 3460 2883 confiteri,

1875 2906 2010 2962 Opus
2039 2892 2142 2948 sibi
2174 2908 2296 2948 esse
2321 2897 2490 2964 gratia
2522 2906 2576 2952 et
2603 2899 2974 2957 misericordia
3007 2904 3241 2969 Domini,
3273 2915 3330 2960 ut
3359 2908 3461 2963 sibi

1875 2989 2098 3050 peccata
2134 2983 2555 3052 dimitterentur,
2587 2998 2642 3043 et
2685 2991 2736 3044 in
2767 3007 2903 3046 nova
2930 2995 3036 3048 vita
3067 3012 3162 3065 per
3185 3014 3339 3064 eum,
3368 3001 3462 3069 qui

1877 3083 1977 3139 pro
2005 3085 2062 3125 se
2095 3074 2414 3142 sanguinem
2452 3076 2709 3143 fudisset,
2741 3083 3220 3141 reconciliarentur
3246 3090 3372 3144 Deo.
3407 3092 3464 3145 lu

1877 3159 1994 3214 istis
2023 3161 2167 3214 enim
2213 3173 2332 3218 erat
2373 3180 2470 3234 per
2517 3173 3000 3240 transgressionem
3045 3176 3178 3246 legis
3224 3180 3464 3238 confrin-

171 3279 370 3318 sensus
408 3265 491 3318 vel
532 3265 667 3319 ordo
701 3265 989 3320 verborum
1022 3283 1035 3317 :
1073 3263 1307 3320 Seiendo
1339 3265 1503 3330 scias,
1533 3265 1661 3334 quia
1685 3279 1778 3336 pe-
1803 3283 1848 3346 C
1880 3250 2052 3346 8⁸³άέ
2095 3254 2368 3346 superbia:
2415 3257 2506 3326 cllli
2542 3257 2833 3329 gloriantes
2868 3264 2934 3316 de
2973 3274 3126 3333 P3"?-
3165 3268 3461 3336 Abraham.

176 3356 458 3426 regrinum
483 3357 588 3410 erit
612 3372 797 3411 semen
826 3364 978 3410 tuum
1009 3356 1062 3410 in
1088 3363 1238 3413 terra
1263 3371 1370 3410 non
1398 3371 1494 3413 sua
1524 3356 1774 3425 quadrin-

173 3446 355 3515 gentis
391 3447 566 3501 annis.
603 3446 736 3501 Illud
772 3453 954 3505 autem
993 3447 1374 3516 interpositum
1414 3447 1772 3518 intelligatur,

172 3543 235 3589 et
265 3536 318 3588 in
360 3536 678 3591 servitutem
713 3538 959 3607 redigent
988 3552 1103 3604 eos,
1142 3545 1196 3593 et
1223 3538 1495 3593 nocebunt
1530 3539 1654 3604 illis,
1701 3540 1774 3593 ita

174 3637 239 3681 ut
269 3628 336 3681 ad
364 3628 988 3698 quadringentosannos
1015 3628 1121 3684 ista
1151 3628 1491 3698 interpositio
1520 3645 1626 3684 non
1654 3645 1777 3699 per-

176 3719 370 3773 tineat.
404 3718 460 3772 In
499 3728 743 3773 extrema
770 3720 915 3774 enim
948 3727 1105 3789 parte
1131 3735 1394 3774 annorum
1422 3737 1647 3776 summa:
1678 3723 1778 3777 hu-

169 3807 290 3877 ius,
323 3810 422 3865 hoc
447 3818 561 3875 est,
600 3817 723 3880 post
760 3819 996 3865 mortem
1021 3807 1220 3880 Ioseph
1255 3809 1460 3865 factum
1486 3820 1602 3876 est,
1633 3820 1694 3865 ut
1722 3812 1777 3866 in

175 3902 420 3975 Egypto
458 3903 688 3973 populus
731 3903 828 3958 Dei
871 3904 1063 3962 duram
1106 3913 1394 3975 perageret
1437 3906 1774 3961 servitutem.

175 3992 443 4062 Sequitur
469 3995 699 4064 quaestio
723 3995 854 4049 satis
881 3996 1209 4050 necessaria.
1242 3995 1299 4050 Si
1330 3997 1474 4050 enim
1509 3997 1641 4052 ﬁdes
1662 3998 1779 4066 jus-

174 4083 372 4150 tiiicat,
403 4093 460 4140 et
485 4086 698 4156 priores
733 4087 930 4152 sancti,
972 4087 1064 4156 qui
1103 4087 1244 4158 apud
1281 4089 1451 4142 Deum
1487 4088 1778 4156 iustiﬁcati

173 4181 340 4238 sunt,
364 4189 459 4243 per
480 4174 649 4243 ipsam
664 4173 947 4243 iustificati
971 4184 1126 4241 sunt,
1152 4177 1280 4247 quid
1312 4192 1446 4247 opus
1467 4189 1584 4234 erat
1605 4181 1777 4251 legem

176 4262 340 4318 dari?
381 4264 620 4334 Simplex
660 4275 839 4321 autem
881 4283 1095 4333 sensus,
1121 4270 1215 4338 qui
1256 4271 1360 4324 hoc
1399 4271 1518 4326 loco
1556 4273 1778 4334 texitur,

178 4357 329 4410 hanc
359 4356 467 4410 vim
502 4357 684 4422 habet,
709 4365 770 4412 ut
792 4359 1009 4414 doceret
1038 4359 1348 4428 Apostolus,
1374 4376 1482 4414 non
1504 4376 1663 4429 posse
1686 4375 1783 4429 per

179 4449 387 4517 legem,
431 4464 550 4518 quae
590 4458 778 4518 postea
821 4449 946 4504 data
989 4456 1100 4514 est,
1145 4451 1618 4519 repromissiones,
1662 4467 1784 4521 qua:

176 4551 313 4596 ante
342 4542 498 4597 facta:
534 4551 660 4596 sunt
698 4543 766 4598 ad
793 4541 1099 4607 Abraham,
1130 4543 1369 4609 destrui,
1399 4552 1455 4598 et
1480 4545 1782 4613 posteriora

176 4631 460 4700 prioribus
484 4631 860 4701 prmiudicare.
886 4631 1022 4686 Cum
1053 4633 1502 4701 repromissiones
1527 4634 1592 4687 ad
1615 4634 1784 4689 Abra—
1807 4639 1860 4696 D

180 4723 319 4776 bam
345 4732 472 4777 ante
497 4723 922 4794 quadringentos
944 4731 998 4777 et
1029 4723 1249 4792 triginta
1279 4738 1450 4778 annos
1480 4725 1617 4778 datm
1651 4724 1779 4787 sint,

179 4813 334 4883 quod
361 4813 811 4868 benedicerentur
839 4812 895 4873 in
928 4811 1018 4865 illo
1045 4813 1316 4865 universae
1338 4811 1586 4865 nationes
1610 4831 1623 4863 ι
1651 4813 1785 4882 legis

181 4911 373 4956 autem
415 4902 745 4966 observatio,
779 4901 922 4970 quod
946 4902 1038 4970 qui
1070 4900 1291 4955 fecisset
1315 4916 1453 4964 eam,
1487 4903 1694 4956 viveret
1728 4903 1784 4956 in

183 5007 252 5047 ea
271 5033 287 5057 ,
328 5001 452 5061 post
476 4992 902 5063 quadringentos
924 5001 980 5046 et
1012 4993 1229 5061 triginta
1255 5008 1427 5049 annos
1468 4993 1633 5063 Moysi
1661 4995 1784 5048 data

186 5082 264 5135 sit
306 5081 359 5134 in
406 5089 590 5135 monte
633 5080 803 5134 Sinai.
851 5081 893 5134 E
925 5082 1202 5136 contrario
1246 5083 1336 5135 hic
1375 5082 1480 5136 dici
1526 5091 1784 5151 poterat:

187 5171 336 5237 Quid
361 5185 490 5240 ergo
521 5185 741 5224 necesse
775 5169 959 5235 fuerit,
985 5170 1159 5241 legem
1185 5180 1306 5240 post
1335 5179 1544 5225 tantum
1578 5180 1786 5240 tempus

187 5259 636 5329 repromissionis
665 5259 803 5322 dari,
836 5274 959 5313 eum
1001 5275 1068 5313 ex
1107 5260 1234 5313 data
1277 5261 1393 5329 lege
1433 5260 1668 5329 suspicio
1698 5260 1789 5312 de-

188 5359 419 5406 structas
445 5350 750 5418 sponsionis
794 5350 1030 5417 potuerit
1055 5349 1257 5403 oboriri
1292 5368 1303 5402 :
1342 5358 1395 5404 et
1424 5357 1675 5402 manente
1707 5363 1785 5401 re-

187 5440 581 5514 promissione,
611 5454 716 5492 non
742 5438 1023 5508 profutura
1058 5440 1142 5494 lex
1174 5441 1298 5494 data
1325 5439 1429 5503 sit;
1461 5453 1621 5507 quam
1653 5454 1790 5508 prte-

189 5532 390 5585 videus
434 5529 724 5598 Apostolus
763 5531 1113 5598 quaestionem
1137 5571 1151 5595 ,
1196 5532 1252 5585 in
1287 5529 1635 5599 sequentibus
1677 5530 1792 5599 ipse

192 5621 304 5676 sibi
329 5619 605 5688 proponit,
637 5626 689 5672 et
717 5619 970 5688 explicat,
1003 5621 1226 5675 dicens:

273 5707 415 5772 Quid
450 5707 615 5777 igitur
648 5707 732 5761 lex.
751 5711 775 5760 ?
797 5719 1007 5778 prapter
1035 5711 1470 5781 transgressiones
1498 5711 1665 5779 posita
1694 5719 1789 5775 est,

195 5799 366 5854 donec
408 5801 602 5854 veniret
644 5817 835 5865 semen,
876 5801 960 5852 cui
1002 5803 1315 5871 promissum
1355 5812 1468 5855 erat
1499 5815 1515 5853 :
1550 5804 1790 5856 ordinata

612 5912 882 5969 Ps'rnon.
932 5911 1089 5970 CIV.

1878 3342 2036 3411 quasi
2076 3345 2379 3402 naturalem
2428 3362 2485 3402 se
2523 3346 2806 3417 jactabant
2846 3353 3046 3410 habere
3083 3357 3371 3426 justitiam,
3411 3373 3468 3416 et

1879 3433 2074 3487 merita
2117 3450 2214 3489 sua
2244 3436 2299 3490 in
2339 3439 2752 3496 circumcisione
2781 3445 2991 3500 creteris
3027 3449 3276 3516 gentilzus
3317 3459 3465 3506 tanto

1878 3523 2259 3591 perniciosius,
2297 3537 2501 3596 quanto
2531 3533 2871 3599 arrogantius
2900 3535 3277 3604 praeferebant.
3325 3540 3464 3595 Gen-

1879 3621 1960 3668 tes
1986 3624 2165 3670 autem
2190 3615 2445 3698 facillime
2474 3622 2638 3676 etiam
2663 3623 2777 3678 Sine
2799 3624 3105 3693 huiusmodi
3127 3630 3260 3701 legis
3290 3642 3465 3688 trans-

1879 3705 2158 3774 gressione
2197 3706 2634 3765 humiliarentur.
2681 3713 2939 3771 Homines
2976 3719 3120 3773 enim
3161 3722 3361 3777 nullam
3397 3741 3465 3780 ex

1878 3797 2194 3865 parentibus
2218 3800 2485 3871 originem
2503 3801 2731 3869 justitize
2763 3821 2820 3860 se
2851 3809 3063 3863 trahere
3086 3812 3462 3879 prtevidentes,

1879 3886 2294 3944 simulacrorum
2331 3891 2497 3946 etiam
2532 3907 2719 3948 servos
2758 3895 2960 3950 invenit
2999 3901 3306 3970 evangelica
3348 3920 3467 3974 gra-

1883 3980 1972 4033 tia.
2008 3978 2124 4035 Non
2152 3984 2294 4037 enim
2328 3985 2468 4039 sicut
2499 3985 2618 4040 istis
2648 3987 2753 4041 dici
2791 3997 3035 4056 poterat,
3065 4008 3170 4046 non
3209 3993 3374 4049 fuiSse
3405 3997 3466 4049 il-

1881 4072 1985 4125 lam
2027 4074 2295 4142 justitiam
2343 4088 2626 4144 parentum
2671 4092 2854 4131 eorum
2904 4081 2957 4132 iu
3006 4083 3242 4137 colendis
3278 4085 3465 4150 idolis,

1881 4177 2044 4230 quam
2070 4177 2190 4217 esse
2219 4163 2626 4218 arbitrabantur
2666 4185 2676 4218 :
2718 4167 2790 4220 ita
2821 4168 2985 4222 etiam
3014 4169 3213 4226 Iudaeis
3239 4174 3342 4229 dici
3374 4191 3469 4246 po-

1885 4259 2042 4314 terat,
2069 4251 2260 4306 falsam
2282 4251 2448 4309 fuisse
2473 4254 2734 4324 justitiam
2758 4259 2929 4325 patris
2955 4259 3249 4317 Abraham.
3282 4265 3469 4335 Itaque

1885 4342 1990 4396 illis
2016 4343 2247 4398 dicitur:
2276 4343 2460 4400 Facite
2486 4364 2606 4416 ergo
2635 4349 3105 4421 fructumgdignum
3132 4358 3463 4426 paenitentia’,

1883 4441 1929 4484 ct
1960 4449 2021 4485 ne
2050 4432 2288 4493 dixeritis
2321 4435 2485 4500 vobis,
2521 4447 2724 4505 patrem
2765 4440 3014 4494 habemus
3044 4443 3327 4501 Abraham.
3363 4450 3469 4503 Po-

1886 4528 1997 4572 tens
2037 4529 2113 4573 est
2143 4523 2279 4576 enim
2310 4523 2471 4587 Deus,
2498 4525 2564 4578 de
2607 4525 2868 4595 lapidibus
2908 4530 3019 4585 istis
3050 4536 3301 4590 suscitare
3331 4540 3468 4606 ﬁlios

1886 4608 2150 4663 Abraham
2176 4611 2325 4682 (Luc.
2350 4615 2454 4683 ιιι).
2478 4615 2600 4669 Istis
2621 4628 2800 4672 autem
2826 4621 3021 4675 dicitur
3045 4641 3057 4675 :
3087 4623 3308 4696 Propter
3330 4643 3467 4700 quoa

1886 4722 2139 4760 memores
2169 4710 2312 4772 estis,
2353 4710 2490 4779 quod
2532 4728 2620 4765 vos
2662 4712 2945 4783 aliquando
2987 4728 3160 4786 gentes
3197 4722 3250 4773 in
3290 4739 3464 4787 carne,

1886 4797 1975 4866 qui
2004 4797 2238 4852 dicimini
2274 4803 2587 4870 pra’putium
2617 4805 2681 4856 ab
2710 4822 2802 4868 ea,
2829 4823 2946 4875 qua:
2975 4807 3168 4860 dicitur
3198 4809 3469 4866 circumci-

1887 4889 1965 4941 sio
2006 4890 2061 4941 in
2105 4906 2262 4944 carne
2304 4893 2628 4962 manufacta,
2663 4898 2750 4966 qui
2792 4899 2951 4950 eratis
2979 4897 3069 4952 ilto
3105 4907 3331 4969 tempore
3359 4905 3470 4958 sine

1891 4978 2118 5044 Christo,
2145 4981 2358 5036 alienati
2389 5001 2420 5035 a
2447 4985 2690 5038 societate
2721 4985 2910 5052 Israel,
2940 4998 2989 5040 et
3013 4991 3270 5059 peregrini
3311 5002 3471 5046 testa-

1890 5066 2201 5136 mentorum,
2248 5075 2606 5141 promissionis
2643 5091 2782 5144 spem
2813 5094 2915 5129 non
2960 5078 3224 5145 habentes,
3269 5091 3318 5135 et
3359 5083 3472 5136 sine

1891 5160 2002 5215 Deo
2027 5163 2082 5215 in
2109 5163 2206 5215 hoc
2233 5164 2426 5215 mundo
2457 5162 2667 5234 (Ephes.
2702 5166 2781 5235 ιι).
2831 5168 3070 5236 Denique
3095 5169 3204 5224 illic
3230 5171 3471 5226 inﬁdeles

1891 5251 1956 5306 de
1980 5253 2119 5306 oliva
2157 5268 2252 5305 sua
2293 5251 2479 5320 fracti,
2509 5253 2596 5307 hic
2625 5263 2804 5309 autem
2842 5255 3022 5312 fideles
3053 5258 3118 5313 de
3146 5258 3380 5314 oleastro
3415 5261 3470 5315 in

1893 5343 2034 5397 oliva
2062 5342 2276 5396 illorum
2312 5343 2497 5397 inserti
2529 5360 2648 5399 esse
2674 5355 3062 5400 monstrantur.
3100 5347 3312 5402 Illorum
3341 5364 3470 5420 ergo

1894 5441 2014 5487 erat
2065 5432 2130 5486 de
2188 5431 2320 5500 legis
2377 5436 2802 5503 transgressione
2851 5438 3126 5490 atterenda
3182 5437 3468 5505 superbia,

1898 5524 2038 5577 sicut
2065 5524 2130 5576 ad
2159 5523 2448 5591 Romanos,
2479 5540 2599 5578 cum
2623 5525 3026 5594 Scripturarum
3050 5527 3230 5581 verbis
3253 5539 3473 5596 peccata

1899 5631 2082 5671 eorum
2115 5627 2492 5687 cxaggerasset
2521 5638 2532 5672 :
2569 5617 2727 5672 Scitis
2761 5628 2932 5672 autem
2952 5661 2964 5682 ,
2994 5620 3194 5688 inquit,
3225 5621 3472 5690 quoniam

1897 5723 2217 5776 qua’cunque
2257 5707 2341 5761 lea:
2363 5708 2510 5773 dicit,
2542 5707 2621 5760 Itis
2649 5708 2737 5777 qui
2781 5708 2834 5761 in
2884 5708 2991 5777 lege
3036 5716 3176 5771 sunt,
3221 5709 3471 5778 loquitur,

1899 5809 1954 5852 ut
2003 5813 2155 5852 omne
2203 5815 2257 5852 os
2301 5799 2620 5864 obstruatur,
2660 5809 2708 5851 et
2751 5817 2867 5852 reus
2901 5803 2998 5871 fiat
3043 5799 3209 5853 omnis
3249 5800 3473 5852 mundus

2960 5912 3035 5969 9.8
