3906 6330
487 352 594 409 8ῒὸ

1566 355 1840 413 CLAUDII
1872 354 2341 411 'l‘AURiNENSlS
2380 354 2687 412 EPISCOPI

3666 357 3761 413 876

485 476 594 530 Deo
618 472 796 546 (Rom.
827 472 1115 543 III).Judaei
1143 471 1349 527 scilicet
1373 472 1441 527 de
1470 471 1896 541 transgressione
1916 470 2070 539 legis,
2101 470 2153 530 Α
2177 478 2310 533 erat,
2334 484 2409 523 ac
2436 469 2481 525 si
2526 477 2712 540 aperte
2751 469 2931 525 dicat:
2959 469 3079 526 Jam
3118 483 3218 525 nos
3263 479 3449 523 reatus
3483 467 3616 535 legis
3662 487 3764 527 non

483 576 538 623 et
558 574 745 639 gentes
769 566 835 621 de
861 565 1139 635 impietate
1162 565 1277 620 sine
1296 565 1431 637 lege.
1464 564 1616 620 Unde
1641 575 1696 619 et
1724 566 1919 619 iterum
1948 565 2021 617 ait
2054 581 2065 617 :

483 659 749 716 Conclusit
777 662 916 714 enim
946 658 1084 713 Deus
1111 659 1286 713 omnia
1312 661 1369 714 in
1395 658 1725 724 credulitate,
1751 671 1807 713 ut
1832 658 2071 712 omnibus

481 749 790 804 misereatur
821 746 995 819 (Rom.
1030 746 1174 819 xm).

550 842 661 897 Lex
687 859 808 913 ergo
836 841 1086 896 adversus
1109 842 1369 911 promissa
1398 842 1537 897 Dei?
1577 844 1742 897 Absit.
1800 842 1916 898 Non
1938 858 2069 913 ergo

480 930 565 987 lex
590 932 714 986 data
748 939 854 997 est,
885 939 945 985 ut
968 940 1251 1002 peccatum
1287 932 1557 998 auferret,
1597 933 1690 987 sed
1731 950 1790 987 ιιι
1821 934 1920 989 sub
1946 949 2073 1002 pec-

479 1033 605 1079 cato
632 1024 817 1079 omnia
858 1024 1224 1079 concluderet.
1276 1025 1386 1079 Lex
1421 1026 1565 1079 enim
1593 1025 1915 1080 ostendebat
1952 1042 2072 1082 esse

477 1120 787 1181 peccatum,
838 1114 981 1183 quod
1015 1113 1089 1167 illi
1126 1129 1225 1184 per
1253 1115 1695 1168 consuetudinem
1733 1114 1917 1169 caecati
1947 1130 2073 1184 pos-

477 1211 600 1257 sent
644 1212 838 1273 putare
871 1203 1178 1273 justitiam,
1229 1213 1290 1257 ut
1322 1205 1425 1259 hoc
1475 1206 1634 1260 modo
1679 1206 1944 1260 humiliati
1986 1222 2073 1261 co-

478 1304 801 1363 gnoscerent
828 1310 934 1349 non
967 1295 1021 1349 in
1062 1310 1160 1349 sua
1185 1310 1347 1349 manu
1373 1311 1494 1350 esse
1517 1296 1745 1350 salutem
1774 1313 1947 1364 suam,
1975 1299 2071 1354 sed

477 1384 531 1439 in
565 1402 729 1440 manu
782 1386 1119 1441 mediatoris.
1161 1386 1318 1440 Absit
1342 1388 1548 1455 utique,
1578 1388 1703 1457 quia
1734 1404 1841 1443 non
1871 1397 1955 1444 cst
1982 1389 2069 1443 lex

476 1476 695 1530 inimica
740 1477 1139 1546 promissionis,
1183 1477 1382 1546 quippe
1430 1493 1555 1532 cum
1597 1478 1884 1533 conﬁrmet
1924 1494 2065 1535 eam.

476 1565 609 1620 Nam
636 1566 844 1636 primus
873 1565 1085 1637 Moyses
1116 1566 1287 1621 dixit:
1325 1555 1646 1635 Prop/te'tam
1673 1568 1814 1623 vobis
1844 1570 2071 1623 suscita-

476 1658 544 1710 uit
574 1657 715 1711 Deus
755 1657 819 1712 de
849 1658 1106 1727 fratribus
1134 1658 1316 1713 vestris
1361 1658 1541 1729 (Deut.
1570 1676 1737 1725 XVIII;
1772 1662 1887 1715 Act.
1921 1660 2065 1733 xui).

474 1748 589 1803 Hoc
620 1749 821 1805 dictum
861 1750 926 1804 de
962 1750 1180 1804 Christo
1228 1750 1422 1806 Petrus
1460 1751 1737 1821 apostolus
1778 1754 1976 1822 probat
2013 1754 2066 1808 in

475 1838 698 1893 Actibus
725 1838 1110 1908 apostolorum.

547 1927 608 1982 Si
636 1927 772 1981 enim
799 1927 927 1981 data
953 1938 1086 1982 esset
1103 1927 1205 1992 lex,
1226 1945 1344 1999 qua:
1365 1937 1534 1998 posset
1556 1934 1841 1998 viviﬁcare,
1867 1947 1981 1985 vere
2003 1948 2068 1985 ea:

471 2020 581 2089 lege
604 2028 734 2073 esset
754 2019 987 2088 justitia.
1028 2019 1135 2075 Sed
1162 2019 1417 2075 conclusit
1448 2019 1725 2091 Scriptura
1763 2023 1937 2076 omnia
1971 2023 2065 2077 sub

468 2119 704 2179 peccato,
760 2119 816 2163 ut
861 2111 1140 2179 promissio
1188 2127 1252 2164 ea:
1291 2111 1397 2179 ﬁde
1446 2109 1577 2164 Jesu
1624 2109 1819 2165 Christi
1851 2113 2067 2167 daretur

469 2200 819 2253 credentibus.
854 2198 1014 2253 Prius
1046 2211 1220 2255 autem
1248 2218 1406 2271 quam
1435 2202 1630 2255 veniret
1656 2202 1809 2269 ﬁdes,
1835 2202 1929 2255 sub
1958 2202 2067 2273 lege

470 2290 918 2354 custodiebamur,
948 2290 1183 2344 conclusi
1215 2293 1268 2345 in
1290 2309 1404 2344 eam
1426 2293 1609 2361 ﬁdem,
1642 2309 1759 2362 qua:
1787 2292 2065 2349 revelanda

466 2389 601 2430 erat.
646 2376 803 2432 Sicut
835 2378 1102 2432 mediator
1138 2380 1231 2433 Dei
1266 2390 1320 2435 et
1361 2382 1642 2435 hominum
1676 2383 1815 2435 inter
1845 2382 2065 2437 dantem

465 2475 522 2521 et
548 2469 904 2537 accipientem
934 2468 1107 2538 legem
1136 2468 1347 2522 medius
1380 2469 1482 2523 fuit
1502 2510 1515 2534 ,
1546 2473 1627 2525 sic
1660 2470 1745 2525 lex
1780 2474 1918 2541 ipsa,
1944 2486 2065 2541 quae

464 2568 589 2631 post
614 2560 1093 2629 repromissiouem
1131 2563 1255 2613 data
1282 2568 1383 2623 est,
1415 2561 1555 2614 inter
1584 2562 2062 2630 repromissionem

466 2658 523 2704 et
566 2648 979 2719 completionem
1030 2646 1150 2717 ejus
1205 2649 1382 2703 media
1433 2649 1723 2718 subrepsit.
1780 2650 1909 2717 Quae
1957 2666 2065 2705 non

464 2741 671 2795 idcirco
700 2738 1018 2793 arbitranda
1046 2749 1130 2793 est
1153 2738 1567 2809 promissionem
1591 2740 1900 2806 excludere,
1937 2742 2063 2810 quia

464 2839 652 2901 postea
684 2829 975 2884 subsecuta
1002 2844 1122 2883 eam
1140 2870 1153 2893 ,
1189 2845 1308 2898 quae
1333 2830 1485 2899 prius
1513 2829 1615 2883 fuit
1642 2831 1858 2885 videtur
1878 2832 2061 2887 abole-

467 2938 526 2977 re
554 2941 565 2975 :
598 2922 693 2977 sed
722 2936 791 2975 ex
816 2936 903 2986 eo,
937 2920 1078 2989 quod
1131 2937 1239 2975 non
1279 2922 1456 2991 potuit
1508 2923 1785 2977 viviﬁcare
1810 2967 1823 2989 ,
1869 2940 1970 2979 nec
2009 2926 2063 2979 id

467 3013 733 3077 tribuere,
762 3012 908 3081 quod
951 3011 1303 3080 repromissio
1330 3012 1504 3081 prima
1534 3012 1772 3082 pollicita
1804 3023 1917 3080 est,
1948 3030 2057 3069 ma-

471 3101 730 3158 nifestum
760 3111 846 3157 est
876 3103 929 3155 in
960 3102 1261 3156 custodiam
1303 3117 1424 3155 eam
1454 3104 1909 3172 repromissionis,
1955 3120 2060 3159 non

2177 560 2417 631 obligat,
2455 559 2570 628 jam
2616 576 2714 631 per
2749 562 2979 632 gratiam
3008 560 3287 615 liberatos.
3342 558 3591 628 Namque
3619 573 3766 616 ante-

2177 666 2338 720 quam
2372 650 2672 721 spiritalem
2704 653 2932 721 gratiam
2962 651 3233 705 humiliati
3265 650 3661 720 reciperemus,
3689 652 3767 705 ni-

2176 742 2253 797 hil
2286 743 2387 797 nisi
2423 741 2788 798 mortiﬁcahat
2828 756 2927 797 nos
2965 742 3144 796 littera
3169 782 3183 805 ,
3228 739 3431 807 jubens
3480 741 3630 808 quod
3666 755 3769 794 non

2172 839 2487 900 poteramus
2511 830 2755 901 implere.
2803 830 2957 886 Unde
2999 831 3165 885 dicit:
3207 829 3411 883 Littera
3456 832 3598 882 enim
3634 829 3771 883 occi-

2174 923 2295 976 dit:
2338 924 2556 992 spiritus
2601 932 2778 977 autem
2819 922 3041 990 viviﬁcat
3092 921 3144 993 (I
3170 920 3292 976 Cor.
3320 923 3428 991 ιιι).
3476 920 3775 977 Conclusio

2175 1013 2318 1068 enim
2362 1027 2549 1067 eorum
2592 1020 2713 1067 erat
2758 1020 2967 1066 tantum
3002 1012 3164 1065 timor
3185 1011 3347 1065 unius
3383 1010 3516 1075 Dei,
3547 1020 3605 1064 et
3630 1010 3775 1079 quod

2172 1105 2621 1173 praevaricatores
2648 1104 2816 1174 ipsius
2846 1105 2978 1175 legis
3006 1104 3207 1157 inventi
3238 1112 3384 1165 sunt,
3414 1118 3525 1157 non
3556 1106 3628 1157 ad
3653 1118 3777 1173 per-

2172 1195 2392 1259 niciem,
2423 1197 2518 1250 sed
2542 1195 2609 1248 ad
2630 1195 2918 1249 utilitatem
2939 1194 3110 1248 valuit
3135 1195 3235 1259 eis,
3275 1194 3367 1263 qui
3393 1193 3773 1248 crediderunt.

2173 1284 2418 1355 Cognitio
2446 1284 2590 1339 enim
2616 1286 2839 1355 majoris
2864 1284 3222 1356 aegritudinis.
3252 1294 3303 1339 et
3331 1284 3641 1339 desiderari
3666 1299 3777 1338 me-

2172 1378 2351 1433 dicum
2402 1379 2781 1433 vehementius
2825 1377 2988 1443 fecit,
3041 1386 3098 1433 et
3138 1379 3283 1448 diligi
3324 1376 3635 1432 ardentius.
3678 1375 3773 1432 Cui

2170 1469 2314 1523 enim
2335 1468 2630 1538 plurimum
2662 1469 2975 1535 dimittitur,
3003 1468 3297 1539 plurimum
3323 1468 3525 1539 diligit.

2246 1557 2433 1628 Itaque
2460 1570 2543 1612 lex
2570 1559 2892 1629 pa’dagogus
2937 1570 3114 1613 noster
3145 1559 3245 1628 fuit
3286 1561 3339 1613 in
3372 1558 3592 1613 Christo
3620 1558 3770 1623 Iesu,

2169 1657 2315 1703 utea:
2342 1649 2449 1718 ﬁde
2466 1650 2842 1719 justi/icemur.
2906 1650 2970 1703 At
3014 1649 3104 1703 ubi
3138 1651 3275 1704 venit
3306 1648 3441 1717 ﬁdes
3463 1690 3478 1713 ,
3508 1650 3631 1719 jam
3672 1668 3770 1704 non

2171 1739 2265 1792 sub
2291 1740 2574 1809 ptedagogo
2600 1756 2804 1794 sumus.
2848 1739 3041 1795 Omnes
3067 1741 3207 1794 enim
3239 1737 3373 1792 Filii
3401 1739 3506 1792 Dei
3534 1741 3663 1793 estis
3684 1756 3771 1809 per

2095 1822 2142 1881 B
2170 1830 2349 1900 ﬁdem,
2391 1847 2510 1901 qua:
2535 1840 2611 1884 est
2647 1832 2703 1884 in
2735 1829 2947 1884 Christo
2969 1830 3120 1885 Jesu.
3164 1830 3503 1899 Paedagogus
3525 1828 3770 1884 Graecum

2172 1929 2274 1975 est.
2320 1920 2688 1991 Ptedagogus,
2733 1920 3111 1990 pedissequus.
3145 1920 3513 1990 Pasdagogum
3539 1918 3770 1973 erudito-

2173 2025 2310 2075 rem,
2342 2008 2426 2064 vel
2458 2011 2784 2064 nutritorem
2817 2024 3112 2079 puerorum
3136 2010 3388 2065 dicimus.
3438 2009 3770 2081 Paadagogus

2172 2102 2373 2157 dicitur
2419 2102 2510 2172 qui
2553 2101 2793 2172 parvulis
2839 2102 3170 2170 assignatur,
3216 2101 3286 2155 ab
3320 2115 3388 2155 eo
3408 2102 3558 2170 quod
3582 2116 3770 2170 pueros

2172 2202 2313 2263 agat,
2346 2195 2399 2249 id
2427 2202 2529 2259 est,
2556 2194 2747 2258 ducat,
2790 2201 2843 2247 et
2865 2193 3235 2247 lascivientem
3260 2191 3507 2247 refrenat
3536 2201 3767 2255 :etatem,

2169 2292 2230 2338 ut
2257 2298 2428 2353 prona
2460 2283 2511 2337 in
2535 2284 2667 2337 vitia
2697 2284 2863 2337 corda
2904 2289 3225 2346 teneantur,
3280 2281 3409 2335 dum
3441 2289 3634 2335 tenera
3660 2290 3766 2334 stu-

2170 2373 2273 2426 diis
2296 2372 2542 2426 eruditur
2572 2371 2819 2435 infantia,
2843 2379 2898 2425 ct
2927 2372 2994 2425 ad
3027 2370 3259 2437 majores
3292 2369 3681 2439 philoSOpbiae,
3710 2385 3765 2423 ac

2169 2466 2421 2537 regendae
2458 2466 2768 2537 reipublica:
2805 2465 3123 2534 disciplinas
3152 2472 3297 2519 metu
3330 2479 3513 2533 pcenze
3540 2464 3767 2518 coercita

2167 2566 2523 2626 praeparetur.
2565 2557 2678 2612 Non
2712 2565 2891 2611 tamen
2928 2556 3253 2626 paedagogus
3288 2556 3562 2623 magister
3589 2564 3645 2609 et
3676 2570 3765 2623 pa-

2169 2656 2253 2703 ter
2276 2658 2381 2713 est,
2415 2665 2516 2704 nec
2560 2648 2931 2702 [nereditatem
2981 2656 3035 2701 et
3074 2648 3364 2701 scientiam
3418 2646 3697 2717 paedagogi
3727 2648 3767 2700 is

2169 2738 2261 2809 qui
2298 2740 2566 2803 eruditur,
2598 2746 2906 2807 exspectat,
2941 2738 3034 2792 sed
3063 2737 3301 2791 alienum
3328 2736 3577 2790 custodit
3604 2737 3765 2789 ﬁlium

2166 2830 2491 2900 paedagogus
2539 2812 2715 2894 abeo,
2769 2840 3057 2899 postquam
3108 2829 3197 2883 ille
3238 2829 3306 2883 ad
3347 2829 3658 2897 legitimum
3687 2843 3767 2881 ca-

2166 2919 2378 2986 pienda:
2420 2918 2757 2973 haereditatis
2798 2928 3011 2988 tempus
3053 2919 3375 2982 advenerit,
3430 2932 3762 2973 recessurus.

2168 3007 2410 3075 Denique
2435 3015 2489 3060 et
2519 3023 2718 3064 nomen
2746 3009 3021 3079 pmdagogi
3044 3010 3145 3063 hoc
3169 3009 3346 3077 ipsqu
3376 3018 3545 3063 sonat
3570 3052 3585 3073 ,
3616 3018 3765 3064 etest

2166 3098 2526 3166 compositum
2551 3098 2619 3151 ab
2643 3114 2729 3163 eo,
2758 3100 2901 3169 quod
2929 3114 3126 3169 pueros
3157 3108 3307 3169 agat,
3334 3098 3387 3153 id
3411 3110 3518 3164 est,
3556 3100 3759 3153 doceat.

466 3192 956 3247 insubversionem
985 3190 1186 3245 datam.
1242 3191 1298 3245 Si
1330 3194 1474 3245 enim
1501 3193 1626 3246 data
1657 3202 1800 3248 esset
1826 3194 1909 3249 lex
1939 3210 2057 3264 quae
2088 3193 2131 3255 C
2163 3186 2348 3255 Itaque
2370 3196 2425 3241 ει
2447 3186 2619 3258 Moysi
2651 3188 2735 3243 lex
2766 3188 2965 3259 populo
2989 3188 3288 3244 lascivieuli
3309 3229 3324 3253 ,
3366 3190 3436 3243 ad
3463 3190 3643 3244 instar
3664 3204 3763 3259 με·

464 3290 649 3351 posset
678 3289 937 3351 praestare
965 3281 1133 3335 vitam
1154 3322 1169 3347 ,
1220 3288 1276 3335 et
1304 3282 1358 3335 id
1386 3282 1527 3351 quod
1557 3286 1906 3353 repromissio
1935 3300 2061 3356 spo—

462 3375 733 3443 ponderat
759 3373 1023 3426 exhibere
1044 3412 1058 3435 ,
1108 3386 1232 3426 vere
1258 3374 1550 3441 promissio
1580 3389 1678 3443 per
1702 3375 1879 3445 legem
1901 3385 2059 3445 puta-

465 3472 617 3518 retur
644 3463 885 3517 exclusa.
924 3461 1077 3517 Nunc
1099 3470 1280 3516 autem
1312 3471 1536 3531 propter
1576 3467 2057 3536 transgressiones,

466 3561 525 3606 ut
550 3568 713 3622 supra
743 3552 999 3615 diximus,
1025 3553 1199 3621 posita
1220 3592 1235 3617 ,
1281 3554 1453 3623 magis
1488 3569 1583 3609 eos
1607 3558 1783 3626 arguit
1811 3566 2061 3627 peccato-

463 3660 554 3699 res
581 3684 596 3709 ,
645 3644 841 3713 quibus
872 3652 997 3712 post
1038 3644 1515 3711 repromissionem
1545 3646 1599 3699 in
1634 3649 1956 3713 custodiam,
1981 3656 2056 3714 et,

464 3744 525 3788 ut
550 3734 625 3787 ita
646 3733 822 3787 dicam
842 3772 857 3796 ,
904 3733 957 3786 in
994 3747 1271 3785 carcerem
1296 3733 1421 3786 data
1452 3742 1533 3787 est
1557 3754 1568 3787 :
1610 3744 1671 3788 ut
1697 3738 1821 3806 quia
1848 3752 1947 3805 per
1974 3754 2061 3791 ar-

462 3826 615 3881 bitrii
671 3824 981 3879 libertatem
1025 3824 1318 3878 noluerunt
1373 3825 1689 3881 innocentes
1738 3840 2059 3899 exspectare

463 3914 792 3985 promissum
817 3954 831 3978 ,
883 3913 1149 3982 legalibus
1172 3914 1404 3969 vinculis
1430 3918 1713 3985 praepediti
1738 3959 1751 3983 ,
1783 3928 1838 3973 et
1873 3921 1925 3974 in
1952 3937 2060 3975 ser-

463 4007 692 4063 vitutem
736 4006 1122 4060 mandatorum
1152 4007 1389 4073 redacti,
1440 4011 1846 4065 custodirentur
1881 4013 1934 4065 in
1966 4014 2062 4067 ad-

462 4108 684 4153 ventum
704 4095 899 4151 futura:
924 4096 981 4151 in
1005 4093 1226 4153 Christo
1248 4098 1391 4164 ﬁdei,
1422 4115 1543 4168 qua:
1570 4101 1734 4155 ﬁnem
1761 4104 2057 4171 repromis-

463 4189 634 4243 sionis
661 4187 899 4243 alienet.
924 4188 1202 4244 Justitiam
1224 4189 1365 4243 hanc
1389 4190 1541 4254 dicit,
1568 4206 1686 4259 qua:
1717 4193 1857 4261 apud
1889 4192 2057 4247 Deum

464 4289 747 4349 reputatur
766 4279 1015 4348 iustitia,
1067 4280 1121 4334 id
1152 4289 1270 4343 est,
1320 4280 1464 4344 ﬁdei,
1517 4284 1641 4350 quia
1665 4292 1719 4337 et
1746 4284 1831 4338 lex
1874 4286 2059 4338 habuit

458 4370 749 4439 justitiam,
790 4371 884 4425 sed
916 4371 984 4425 ad
1007 4384 1269 4441 praesens,
1298 4387 1405 4426 non
1429 4388 1547 4441 qua:
1568 4374 1895 4443 justiﬁcaret
1918 4378 2059 4445 apud

467 4464 635 4516 Deum
663 4503 677 4528 ,
716 4462 995 4516 remittere
1041 4462 1183 4514 enim
1234 4471 1455 4531 peccata
1506 4480 1610 4517 non
1650 4467 1859 4533 potuit,
1903 4474 1959 4519 ut
1989 4466 2056 4519 de

470 4555 854 4624 peccatoribus
883 4554 1088 4608 faceret
1109 4553 1325 4622 justos;
1357 4556 1450 4609 sed
1477 4558 1544 4611 ad
1576 4557 1678 4611 hoc
1709 4558 1832 4613 data
1861 4568 1966 4624 est,
1997 4568 2055 4613 ut

466 4653 676 4698 terrore
705 4652 850 4698 esset
879 4658 1180 4713 provocans
1216 4645 1465 4699 homines
1515 4647 1581 4699 ad
1622 4649 1822 4701 bonam
1866 4649 2049 4713 vitam,

465 4732 829 4787 irreverentes
847 4733 1098 4803 puniens.
1140 4733 1372 4802 Ideoque
1399 4750 1503 4789 non
1536 4744 1617 4790 est
1650 4737 1773 4790 data
1801 4737 1909 4801 lex,
1933 4754 2053 4806 qua}

465 4832 651 4891 posset
676 4825 952 4882 vivilicare
980 4865 994 4891 ,
1042 4827 1137 4879 sed
1180 4827 1561 4882 condemnare.
1622 4828 1733 4883 Nec
1757 4844 1883 4883 vero
1909 4831 2055 4884 (csti—

466 4916 720 4969 mandum
744 4958 759 4982 ,
817 4916 1156 4985 Scripturam
1189 4926 1463 4972 auctorem
1492 4935 1610 4974 esse
1638 4922 1877 4989 peccati,
1926 4922 2052 4991 quia

466 5008 649 5060 omnia
676 5009 776 5062 sub
804 5019 1028 5077 peccato
1058 5010 1390 5064 conclusisse
1414 5013 1643 5076 dicatur,
1675 5031 1795 5068 cum
1832 5017 2054 5070 manda-

470 5107 602 5159 tum,
630 5099 773 5167 quod
803 5115 869 5152 ex
922 5114 1016 5151 ore
1046 5102 1374 5171 praecipitur,
1422 5104 1674 5157 ostendat
1704 5106 1881 5173 potius
1900 5147 1913 5171 ,
1968 5122 2056 5159 ar—

468 5200 703 5257 guatque
724 5200 1210 5259 peccatum,quam
1240 5191 1311 5243 sit
1332 5207 1495 5245 causa
1520 5198 1745 5260 peccati.
1776 5194 2054 5259 Quomodo

467 5278 708 5345 ctjudex
753 5294 858 5331 non
907 5287 989 5331 est
1037 5286 1226 5333 auctor
1268 5280 1508 5343 sceleris,
1546 5295 1778 5349 nequam
1805 5284 2052 5338 homines

470 5368 774 5432 vinciendo,
804 5370 899 5423 scd
926 5370 1201 5424 concludit
1231 5385 1355 5433 eos,
1388 5379 1443 5425 et
1478 5380 1737 5426 nocentes
1773 5374 2055 5427 sententis:

469 5473 581 5512 sua:
605 5460 925 5512 auctoritate
948 5461 1263 5528 pronuntiat
1292 5501 1305 5523 ,
1354 5470 1414 5514 ut
1459 5462 1731 5515 debitores
1756 5477 1929 5533 poeme
1979 5464 2057 5515 iu-

470 5549 742 5619 dulgentia
768 5591 781 5613 ,
816 5558 1001 5619 postea
1030 5593 1044 5616 ,
1076 5552 1119 5605 si
1152 5552 1412 5616 voluerit,
1444 5552 1760 5621 principalis
1790 5554 2052 5607 absolvat.

471 5639 624 5705 Quod
651 5651 829 5695 autem
861 5643 1027 5706 dicit,
1072 5641 1390 5713 Priusquam
1419 5645 1609 5697 veniret
1632 5645 1764 5711 ﬁdes
1783 5686 1795 5709 ,
1824 5646 1917 5697 sub
1950 5645 2058 5714 lege

472 5732 912 5797 custodiebantur,
943 5732 1172 5785 conclusi
1196 5734 1247 5785 in
1277 5750 1391 5786 eam
1418 5732 1596 5799 ﬁdem,
1626 5750 1742 5803 qum
1774 5735 2051 5789 ret'elauda

2165 3275 2357 3346 dagogi
2394 3278 2688 3332 severioris
2720 3279 2965 3347 apposita
2993 3283 3077 3333 est
3124 3286 3183 3332 ut
3220 3279 3527 3335 custodiret
3563 3296 3679 3345 eos,
3712 3288 3763 3335 et

2165 3364 2359 3419 futuras
2405 3365 2529 3421 ﬁdei
2563 3377 2935 3437 prmpararet,
2976 3384 3097 3439 quas
3144 3379 3436 3439 postquam
3480 3373 3668 3435 venit,
3712 3380 3764 3425 et

2161 3457 2495 3513 credidimus
2526 3460 2579 3512 in
2609 3458 2909 3525 Christum,
2951 3461 3064 3529 jam
3092 3478 3200 3516 non
3230 3477 3423 3522 sumus
3455 3464 3559 3518 sub
3590 3465 3763 3533 paeda-

2162 3562 2316 3618 gogo.
2379 3548 2549 3603 Tutor
2579 3564 2609 3603 a
2641 3551 2798 3605 nobis
2829 3559 3158 3621 curatorquc
3196 3551 3524 3615 discedunt,
3554 3564 3611 3607 et
3643 3554 3763 3623 legi-

2164 3638 2353 3692 timum
2381 3640 2557 3694 aetatis
2583 3648 2797 3710 tempus
2826 3641 3078 3697 ineuntes
3112 3656 3239 3697 vere
3261 3643 3359 3697 Dei
3386 3643 3488 3696 ﬁlii
3525 3644 3760 3698 nomina-

2163 3744 2323 3783 mur:
2353 3730 2441 3783 cui
2470 3746 2570 3785 nos
2601 3740 2855 3801 generat,
2903 3747 3010 3787 non
3044 3732 3131 3788 lex
3177 3732 3379 3787 abolita
3400 3774 3416 3797 ,
3464 3734 3565 3787 sed
3598 3743 3761 3788 mater

2162 3816 2331 3882 ﬁdes,
2364 3834 2485 3888 qua.
2526 3828 2610 3875 est
2655 3821 2713 3874 in
2756 3819 2975 3877 Christo
3003 3821 3153 3877 Jesu.
3215 3823 3370 3890 Quod
3407 3824 3458 3878 si
3493 3825 3619 3893 quis
3646 3834 3757 3892 post

2162 3918 2599 3965 consummatum
2626 3912 2804 3967 astatis
2830 3928 2943 3968 sua:
2981 3922 3193 3984 tempus
3216 3956 3231 3979 ,
3270 3915 3497 3983 quando
3514 3916 3628 3986 jam
3653 3916 3755 3970 hx-

2161 4011 2271 4059 res,
2299 4006 2353 4050 et
2380 3998 2553 4064 liber,
2596 4009 2652 4055 et
2700 4002 2841 4056 ﬁlius
2884 4004 3209 4073 appellatur,
3243 4004 3481 4059 voluerit
3521 4005 3757 4060 essesub

2164 4084 2480 4158 paedagogo,
2512 4090 2651 4144 sciat
2685 4106 2743 4145 se
2770 4106 2878 4145 non
2903 4108 3061 4160 posse
3083 4094 3292 4164 legibus
3316 4095 3534 4164 parvuli
3563 4098 3752 4151 vivere.

2168 4175 2267 4231 Ubi
2309 4178 2452 4231 enim
2496 4195 2640 4234 nunc
2668 4182 2930 4250 compleri
2965 4192 3145 4251 potest
3178 4185 3343 4251 illud,
3383 4187 3490 4241 Ter
3528 4190 3585 4241 in
3627 4206 3756 4242 anno

2162 4267 2433 4335 apparebit
2472 4285 2623 4323 omne
2664 4271 3017 4327 masculinum
3049 4284 3197 4328 tuum
3238 4276 3295 4330 in
3337 4290 3624 4349 conspectu
3649 4280 3749 4333 Do-

2162 4354 2290 4406 mini
2316 4356 2413 4408 Dei
2438 4359 2516 4410 tui
2546 4358 2746 4428 (Exod.
2776 4362 2963 4435 χχιιι)
2985 4403 2999 4427 ,
3049 4365 3312 4419 subversa
3337 4365 3677 4431 Jerusalem,
3703 4380 3752 4425 et

2164 4446 2363 4514 templo
2391 4463 2559 4517 usque
2591 4452 2658 4505 ad
2682 4452 2894 4508 cineres
2920 4455 3219 4525 dissipato?
3262 4458 3362 4513 Ubi
3407 4460 3679 4515 salutares
3703 4472 3753 4515 et

2083 4530 2132 4587 D
2160 4551 2258 4605 pro
2284 4548 2508 4605 peccato
2552 4541 2776 4596 hostite?
2823 4543 2925 4597 Ubi
2959 4545 3254 4600 similatum
3299 4548 3571 4613 decoctio.
3612 4550 3753 4605 bolo—

2161 4635 2475 4683 caustorum
2497 4630 2721 4697 oblatio,
2752 4641 2991 4687 aeternus
3019 4635 3181 4704 ignis,
3215 4636 3377 4691 altari
3408 4641 3636 4693 omnino
3665 4638 3752 4694 de

2158 4727 2367 4772 structo
2395 4719 2542 4792 (Lev.
2578 4737 2653 4785 Iv,
2681 4737 2715 4775 v
2746 4732 2793 4775 et
2819 4724 2932 4794 v1)?
2978 4724 3169 4779 Noxiis
3201 4742 3335 4781 vero
3387 4743 3513 4797 qua:
3554 4733 3751 4798 poterit

2158 4822 2319 4877 paena
2349 4808 2616 4873 discerni,
2665 4809 2945 4880 Scriptura
2973 4812 3185 4867 dicente
3208 4828 3222 4867 :
3250 4813 3529 4870 Auferctis
3552 4818 3749 4871 malum

2160 4898 2224 4952 de
2257 4898 2433 4953 medio
2462 4908 2700 4954 vestrum
2738 4901 2916 4973 (Deut.
2943 4904 3065 4973 xm)
3086 4946 3100 4969 ,
3137 4907 3502 4962 servientibus
3527 4908 3746 4975 Iudaeis,

2156 4997 2211 5041 et
2252 4988 2512 5044 Romanis
2557 4993 2941 5061 regnantibus?
2986 4996 3162 5064 Atque
3209 4998 3282 5050 ita
3315 4998 3395 5063 ﬁt,
3435 5009 3498 5053 ut
3525 5016 3628 5055 nec
3654 5005 3751 5057 sub

2159 5087 2335 5147 patre,
2368 5094 2467 5133 nec
2498 5081 2599 5135 sub
2623 5082 2914 5153 pzedagogo
2941 5086 3155 5149 vivant,
3190 5086 3317 5141 dum
3342 5098 3395 5142 et
3422 5088 3508 5143 lex
3536 5092 3747 5162 impleri

2159 5184 2266 5223 non
2304 5177 2484 5238 potest
2528 5181 2652 5240 post
2696 5174 3094 5230 successionem
3131 5176 3277 5241 ﬁdei,
3322 5186 3378 5233 et
3424 5180 3581 5247 ﬁdes,
3622 5183 3746 5237 dum

2155 5260 2447 5331 paedagoga
2476 5261 2562 5315 lex
2593 5264 2854 5331 aperitur,
2888 5280 2994 5318 non
3032 5274 3265 5320 tenetur.

2232 5374 2541 5446 Quicunque
2567 5376 2704 5429 enim
2726 5378 2779 5430 in
2808 5377 3015 5433 Christo
3039 5380 3290 5449 baptizati
3315 5385 3459 5449 estis,
3478 5384 3747 5440 Christum

2156 5464 2422 5518 induistis.
2464 5464 2616 5531 Quod
2659 5478 2838 5525 autem
2871 5470 3121 5525 Christus
3163 5473 3235 5526 sit
3268 5474 3649 5531 indumentum
3689 5478 3747 5531 ﬂ-

2160 5555 2357 5609 dclium
2384 5597 2398 5621 ,
2441 5572 2549 5610 non
2582 5558 2753 5612 solum
2796 5559 2862 5614 de
2892 5563 3141 5630 przesenti
3174 5564 3320 5630 loco,
3354 5582 3557 5631 verum~
3577 5572 3747 5625 etiam

2160 5646 2226 5699 de.
2260 5646 2365 5700 alio
2394 5650 2806 5715 comprobatur,
2846 5650 3011 5706 Paulo
3044 5654 3232 5707 eodem
3255 5656 3614 5713 cohortante:
3648 5659 3746 5713 In-

2158 5737 2300 5790 duite
2322 5753 2411 5790 vos
2432 5737 2711 5792 Dominum
2739 5739 2919 5794 Iesum
2941 5742 3202 5797 Christum
3229 5744 3410 5820 (Rom.
3442 5748 3590 5819 xm),
3618 5752 3744 5805 dum
