  <div class='ocr_page' id='page_1' title='image "/cluster/home/n/w/nwhite01/storage/ocr_20150623/104/uva.x000827061/446.png"; bbox 0 0 3906 6314; ppageno 0'>
   <div class='ocr_carea' id='block_1_1' title="bbox 175 397 276 453">
    <p class='ocr_par' dir='ltr' id='par_1_1' title="bbox 175 397 276 453">
     <span class='ocr_line' id='line_1_1' title="bbox 175 397 276 453; baseline -0.02 -1"><span class='ocrx_word' id='word_1_1' title='bbox 175 397 276 453; x_wconf 82' lang='grc'><strong>877</strong></span> 
     </span>
    </p>
   </div>
   <div class='ocr_carea' id='block_1_2' title="bbox 1085 394 2463 455">
    <p class='ocr_par' dir='ltr' id='par_1_2' title="bbox 1085 394 2463 455">
     <span class='ocr_line' id='line_1_2' title="bbox 1085 394 2463 455; baseline 0.004 -5"><span class='ocrx_word' id='word_1_2' title='bbox 1085 395 1334 450; x_wconf 69' lang='grc' dir='ltr'><strong>ΕΝΛΒΒ.</strong></span> <span class='ocrx_word' id='word_1_3' title='bbox 1379 394 1444 448; x_wconf 74' lang='lat' dir='ltr'><strong>IN</strong></span> <span class='ocrx_word' id='word_1_4' title='bbox 1485 395 1698 449; x_wconf 77' lang='lat' dir='ltr'><strong>EPIST.</strong></span> <span class='ocrx_word' id='word_1_5' title='bbox 1743 397 1805 449; x_wconf 89' lang='lat' dir='ltr'><strong>D.</strong></span> <span class='ocrx_word' id='word_1_6' title='bbox 1849 395 2050 450; x_wconf 71' lang='lat' dir='ltr'>PAULI</span> <span class='ocrx_word' id='word_1_7' title='bbox 2086 398 2174 450; x_wconf 81' lang='lat' dir='ltr'><strong>AD</strong></span> <span class='ocrx_word' id='word_1_8' title='bbox 2214 398 2463 455; x_wconf 76' lang='lat' dir='ltr'><strong>GALAT.</strong></span> 
     </span>
    </p>
   </div>
   <div class='ocr_carea' id='block_1_3' title="bbox 3307 413 3409 467">
    <p class='ocr_par' dir='ltr' id='par_1_3' title="bbox 3307 413 3409 467">
     <span class='ocr_line' id='line_1_3' title="bbox 3307 413 3409 467; baseline 0.02 -2"><span class='ocrx_word' id='word_1_9' title='bbox 3307 413 3409 467; x_wconf 76' lang='lat'><strong>878</strong></span> 
     </span>
    </p>
   </div>
   <div class='ocr_carea' id='block_1_4' title="bbox 171 507 3406 581">
    <p class='ocr_par' dir='ltr' id='par_1_4' title="bbox 171 507 3406 581">
     <span class='ocr_line' id='line_1_4' title="bbox 171 507 3406 581; baseline 0.003 -17"><span class='ocrx_word' id='word_1_10' title='bbox 171 513 548 571; x_wconf 90' lang='lat' dir='ltr'><strong>immutantur,</strong></span> <span class='ocrx_word' id='word_1_11' title='bbox 599 507 871 563; x_wconf 72' lang='lat' dir='ltr'><strong>Christum</strong></span> <span class='ocrx_word' id='word_1_12' title='bbox 905 507 1150 569; x_wconf 88' lang='lat' dir='ltr'><strong>induunt,</strong></span> <span class='ocrx_word' id='word_1_13' title='bbox 1182 508 1397 575; x_wconf 84' lang='lat' dir='ltr'><strong>quando</strong></span> <span class='ocrx_word' id='word_1_14' title='bbox 1430 509 1532 561; x_wconf 88' lang='lat' dir='ltr'><strong>hoc</strong></span> <span class='ocrx_word' id='word_1_15' title='bbox 1555 507 1731 575; x_wconf 86' lang='lat' dir='ltr'><strong>appel-</strong></span> <span class='ocrx_word' id='word_1_16' title='bbox 1767 511 1814 568; x_wconf 80' lang='grc' dir='ltr'><strong>Λ</strong></span> <span class='ocrx_word' id='word_1_17' title='bbox 1846 507 2116 560; x_wconf 84' lang='lat' dir='ltr'><strong>hominum</strong></span> <span class='ocrx_word' id='word_1_18' title='bbox 2137 548 2150 574; x_wconf 96' lang='lat'><strong>,</strong></span> <span class='ocrx_word' id='word_1_19' title='bbox 2195 511 2287 563; x_wconf 90' lang='lat' dir='ltr'><strong>sed</strong></span> <span class='ocrx_word' id='word_1_20' title='bbox 2316 510 2474 563; x_wconf 88' lang='lat' dir='ltr'><strong>etiam</strong></span> <span class='ocrx_word' id='word_1_21' title='bbox 2506 522 2722 581; x_wconf 75' lang='lat' dir='ltr'><strong>propter</strong></span> <span class='ocrx_word' id='word_1_22' title='bbox 2747 515 3164 577; x_wconf 77' lang='lat' dir='ltr'><strong>conscientiam,</strong></span> <span class='ocrx_word' id='word_1_23' title='bbox 3212 526 3270 571; x_wconf 86' lang='lat' dir='ltr'><strong>ut</strong></span> <span class='ocrx_word' id='word_1_24' title='bbox 3305 537 3406 574; x_wconf 92' lang='lat' dir='ltr'><strong>non</strong></span> 
     </span>
    </p>
   </div>
   <div class='ocr_carea' id='block_1_5' title="bbox 172 597 1738 668">
    <p class='ocr_par' dir='ltr' id='par_1_5' title="bbox 172 597 1738 668">
     <span class='ocr_line' id='line_1_5' title="bbox 172 597 1738 668; baseline -0.002 -16"><span class='ocrx_word' id='word_1_25' title='bbox 172 602 366 660; x_wconf 84' lang='lat' dir='ltr'><strong>lantur,</strong></span> <span class='ocrx_word' id='word_1_26' title='bbox 391 598 531 668; x_wconf 91' lang='lat' dir='ltr'><strong>quod</strong></span> <span class='ocrx_word' id='word_1_27' title='bbox 551 600 793 653; x_wconf 87' lang='lat' dir='ltr'><strong>credunt.</strong></span> <span class='ocrx_word' id='word_1_28' title='bbox 846 599 901 651; x_wconf 90' lang='lat' dir='ltr'><strong>Si</strong></span> <span class='ocrx_word' id='word_1_29' title='bbox 927 598 1107 666; x_wconf 86' lang='lat' dir='ltr'><strong>igitur,</strong></span> <span class='ocrx_word' id='word_1_30' title='bbox 1135 599 1224 666; x_wconf 88' lang='lat' dir='ltr'><strong>qui</strong></span> <span class='ocrx_word' id='word_1_31' title='bbox 1255 599 1305 651; x_wconf 93' lang='lat' dir='ltr'><strong>in</strong></span> <span class='ocrx_word' id='word_1_32' title='bbox 1331 597 1543 651; x_wconf 92' lang='lat' dir='ltr'><strong>Christo</strong></span> <span class='ocrx_word' id='word_1_33' title='bbox 1565 597 1738 665; x_wconf 89' lang='lat' dir='ltr'><strong>bapti-</strong></span> 
     </span>
    </p>
   </div>
   <div class='ocr_carea' id='block_1_6' title="bbox 169 673 1734 754">
    <p class='ocr_par' dir='ltr' id='par_1_6' title="bbox 169 673 1734 754">
     <span class='ocr_line' id='line_1_6' title="bbox 169 673 1734 754; baseline -0.003 -10"><span class='ocrx_word' id='word_1_34' title='bbox 169 690 273 744; x_wconf 90' lang='lat' dir='ltr'><strong>zati</strong></span> <span class='ocrx_word' id='word_1_35' title='bbox 300 698 444 754; x_wconf 92' lang='lat' dir='ltr'><strong>sunt,</strong></span> <span class='ocrx_word' id='word_1_36' title='bbox 475 690 745 744; x_wconf 90' lang='lat' dir='ltr'><strong>Christum</strong></span> <span class='ocrx_word' id='word_1_37' title='bbox 779 689 1088 753; x_wconf 91' lang='lat' dir='ltr'><strong>induerunt,</strong></span> <span class='ocrx_word' id='word_1_38' title='bbox 1122 673 1468 742; x_wconf 82' lang='lat' dir='ltr'><strong>manifestum</strong></span> <span class='ocrx_word' id='word_1_39' title='bbox 1498 696 1584 740; x_wconf 88' lang='lat' dir='ltr'><strong>est</strong></span> <span class='ocrx_word' id='word_1_40' title='bbox 1620 701 1734 750; x_wconf 90' lang='lat' dir='ltr'><strong>eos,</strong></span> 
     </span>
    </p>
   </div>
   <div class='ocr_carea' id='block_1_7' title="bbox 167 777 1738 849">
    <p class='ocr_par' dir='ltr' id='par_1_7' title="bbox 167 777 1738 849">
     <span class='ocr_line' id='line_1_7' title="bbox 167 777 1738 849; baseline 0 -19"><span class='ocrx_word' id='word_1_41' title='bbox 167 781 256 849; x_wconf 86' lang='lat' dir='ltr'><strong>qui</strong></span> <span class='ocrx_word' id='word_1_42' title='bbox 297 795 400 833; x_wconf 90' lang='lat' dir='ltr'><strong>non</strong></span> <span class='ocrx_word' id='word_1_43' title='bbox 429 788 554 832; x_wconf 91' lang='lat' dir='ltr'><strong>sunt</strong></span> <span class='ocrx_word' id='word_1_44' title='bbox 581 778 752 831; x_wconf 89' lang='lat' dir='ltr'><strong>induti</strong></span> <span class='ocrx_word' id='word_1_45' title='bbox 774 777 1078 841; x_wconf 89' lang='lat' dir='ltr'><strong>Christum,</strong></span> <span class='ocrx_word' id='word_1_46' title='bbox 1109 793 1214 831; x_wconf 92' lang='lat' dir='ltr'><strong>non</strong></span> <span class='ocrx_word' id='word_1_47' title='bbox 1245 777 1411 831; x_wconf 88' lang='lat' dir='ltr'><strong>fuisse</strong></span> <span class='ocrx_word' id='word_1_48' title='bbox 1438 777 1738 845; x_wconf 82' lang='lat' dir='ltr'><strong>baptizatos</strong></span> 
     </span>
    </p>
   </div>
   <div class='ocr_carea' id='block_1_8' title="bbox 166 868 1738 933">
    <p class='ocr_par' dir='ltr' id='par_1_8' title="bbox 166 868 1738 933">
     <span class='ocr_line' id='line_1_8' title="bbox 166 868 1738 933; baseline -0.003 -9"><span class='ocrx_word' id='word_1_49' title='bbox 166 873 216 924; x_wconf 90' lang='lat' dir='ltr'><strong>in</strong></span> <span class='ocrx_word' id='word_1_50' title='bbox 249 869 482 924; x_wconf 86' lang='lat' dir='ltr'><strong>Christo.</strong></span> <span class='ocrx_word' id='word_1_51' title='bbox 544 869 696 933; x_wconf 82' lang='lat' dir='ltr'><strong>Quod</strong></span> <span class='ocrx_word' id='word_1_52' title='bbox 725 879 902 922; x_wconf 90' lang='lat' dir='ltr'><strong>autem</strong></span> <span class='ocrx_word' id='word_1_53' title='bbox 933 868 1070 926; x_wconf 92' lang='lat' dir='ltr'><strong>ﬁlios</strong></span> <span class='ocrx_word' id='word_1_54' title='bbox 1097 870 1191 922; x_wconf 84' lang='lat' dir='ltr'><strong>Dei</strong></span> <span class='ocrx_word' id='word_1_55' title='bbox 1234 869 1361 921; x_wconf 82' lang='lat' dir='ltr'><strong>dicit</strong></span> <span class='ocrx_word' id='word_1_56' title='bbox 1402 883 1520 922; x_wconf 87' lang='lat' dir='ltr'><strong>esse</strong></span> <span class='ocrx_word' id='word_1_57' title='bbox 1552 883 1738 920; x_wconf 89' lang='lat' dir='ltr'><strong>omnes</strong></span> 
     </span>
    </p>
   </div>
   <div class='ocr_carea' id='block_1_9' title="bbox 165 958 1731 1032">
    <p class='ocr_par' dir='ltr' id='par_1_9' title="bbox 165 958 1731 1032">
     <span class='ocr_line' id='line_1_9' title="bbox 165 958 1731 1032; baseline -0.004 -16"><span class='ocrx_word' id='word_1_58' title='bbox 165 978 260 1032; x_wconf 85' lang='lat' dir='ltr'><strong>per</strong></span> <span class='ocrx_word' id='word_1_59' title='bbox 305 961 461 1015; x_wconf 88' lang='lat' dir='ltr'><strong>ﬁdem</strong></span> <span class='ocrx_word' id='word_1_60' title='bbox 488 1000 502 1023; x_wconf 94' lang='lat'><strong>,</strong></span> <span class='ocrx_word' id='word_1_61' title='bbox 553 975 658 1028; x_wconf 92' lang='lat' dir='ltr'><strong>qua</strong></span> <span class='ocrx_word' id='word_1_62' title='bbox 685 959 973 1012; x_wconf 88' lang='lat' dir='ltr'><strong>induerunt</strong></span> <span class='ocrx_word' id='word_1_63' title='bbox 1001 959 1274 1013; x_wconf 83' lang='lat' dir='ltr'><strong>Christum</strong></span> <span class='ocrx_word' id='word_1_64' title='bbox 1295 998 1310 1022; x_wconf 91' lang='lat'><strong>,</strong></span> <span class='ocrx_word' id='word_1_65' title='bbox 1349 959 1653 1027; x_wconf 77' lang='lat' dir='ltr'><strong>quicunque</strong></span> <span class='ocrx_word' id='word_1_66' title='bbox 1681 958 1731 1011; x_wconf 92' lang='lat' dir='ltr'><strong>in</strong></span> 
     </span>
    </p>
   </div>
   <div class='ocr_carea' id='block_1_10' title="bbox 163 1046 1736 1120">
    <p class='ocr_par' dir='ltr' id='par_1_10' title="bbox 163 1046 1736 1120">
     <span class='ocr_line' id='line_1_10' title="bbox 163 1046 1736 1120; baseline -0.001 -17"><span class='ocrx_word' id='word_1_67' title='bbox 163 1052 278 1120; x_wconf 90' lang='lat' dir='ltr'><strong>ipso</strong></span> <span class='ocrx_word' id='word_1_68' title='bbox 308 1048 562 1117; x_wconf 88' lang='lat' dir='ltr'><strong>baptizati</strong></span> <span class='ocrx_word' id='word_1_69' title='bbox 611 1049 757 1111; x_wconf 82' lang='lat' dir='ltr'><strong>sunt‘,</strong></span> <span class='ocrx_word' id='word_1_70' title='bbox 801 1047 868 1101; x_wconf 91' lang='lat' dir='ltr'><strong>ad</strong></span> <span class='ocrx_word' id='word_1_71' title='bbox 911 1047 1014 1100; x_wconf 92' lang='lat' dir='ltr'><strong>hoc</strong></span> <span class='ocrx_word' id='word_1_72' title='bbox 1062 1046 1235 1110; x_wconf 86' lang='lat' dir='ltr'><strong>valet,</strong></span> <span class='ocrx_word' id='word_1_73' title='bbox 1281 1063 1348 1100; x_wconf 89' lang='lat' dir='ltr'><strong>ne</strong></span> <span class='ocrx_word' id='word_1_74' title='bbox 1373 1054 1562 1114; x_wconf 77' lang='lat' dir='ltr'><strong>gentes</strong></span> <span class='ocrx_word' id='word_1_75' title='bbox 1591 1047 1736 1101; x_wconf 90' lang='lat' dir='ltr'><strong>dese</strong></span> 
     </span>
    </p>
   </div>
   <div class='ocr_carea' id='block_1_11' title="bbox 164 1133 1732 1206">
    <p class='ocr_par' dir='ltr' id='par_1_11' title="bbox 164 1133 1732 1206">
     <span class='ocr_line' id='line_1_11' title="bbox 164 1133 1732 1206; baseline -0.003 -15"><span class='ocrx_word' id='word_1_76' title='bbox 164 1139 529 1206; x_wconf 78' lang='lat' dir='ltr'><strong>desperarent,</strong></span> <span class='ocrx_word' id='word_1_77' title='bbox 555 1137 680 1204; x_wconf 87' lang='lat' dir='ltr'><strong>quia</strong></span> <span class='ocrx_word' id='word_1_78' title='bbox 702 1151 808 1189; x_wconf 94' lang='lat' dir='ltr'><strong>non</strong></span> <span class='ocrx_word' id='word_1_79' title='bbox 838 1133 1280 1189; x_wconf 81' lang='lat' dir='ltr'><strong>custodiebantur</strong></span> <span class='ocrx_word' id='word_1_80' title='bbox 1304 1135 1402 1188; x_wconf 86' lang='lat' dir='ltr'><strong>sub</strong></span> <span class='ocrx_word' id='word_1_81' title='bbox 1424 1135 1732 1204; x_wconf 78' lang='lat' dir='ltr'><strong>pccdagogo,</strong></span> 
     </span>
    </p>
   </div>
   <div class='ocr_carea' id='block_1_12' title="bbox 163 1227 1736 1298">
    <p class='ocr_par' dir='ltr' id='par_1_12' title="bbox 163 1227 1736 1298">
     <span class='ocr_line' id='line_1_12' title="bbox 163 1227 1736 1298; baseline 0.001 -18"><span class='ocrx_word' id='word_1_82' title='bbox 163 1237 214 1280; x_wconf 88' lang='lat' dir='ltr'><strong>et</strong></span> <span class='ocrx_word' id='word_1_83' title='bbox 239 1227 359 1282; x_wconf 87' lang='lat' dir='ltr'><strong>ideo</strong></span> <span class='ocrx_word' id='word_1_84' title='bbox 397 1245 453 1282; x_wconf 88' lang='lat' dir='ltr'><strong>se</strong></span> <span class='ocrx_word' id='word_1_85' title='bbox 480 1229 618 1283; x_wconf 84' lang='lat' dir='ltr'><strong>ﬁlios</strong></span> <span class='ocrx_word' id='word_1_86' title='bbox 647 1244 751 1282; x_wconf 92' lang='lat' dir='ltr'><strong>non</strong></span> <span class='ocrx_word' id='word_1_87' title='bbox 776 1237 1049 1297; x_wconf 85' lang='lat' dir='ltr'><strong>putarent,</strong></span> <span class='ocrx_word' id='word_1_88' title='bbox 1084 1229 1176 1282; x_wconf 90' lang='lat' dir='ltr'><strong>sed</strong></span> <span class='ocrx_word' id='word_1_89' title='bbox 1205 1244 1302 1298; x_wconf 90' lang='lat' dir='ltr'><strong>per</strong></span> <span class='ocrx_word' id='word_1_90' title='bbox 1331 1229 1489 1283; x_wconf 87' lang='lat' dir='ltr'><strong>ﬁdem</strong></span> <span class='ocrx_word' id='word_1_91' title='bbox 1515 1228 1736 1282; x_wconf 91' lang='lat' dir='ltr'><strong>induen-</strong></span> 
     </span>
    </p>
   </div>
   <div class='ocr_carea' id='block_1_13' title="bbox 161 1317 1737 1382">
    <p class='ocr_par' dir='ltr' id='par_1_13' title="bbox 161 1317 1737 1382">
     <span class='ocr_line' id='line_1_13' title="bbox 161 1317 1737 1382; baseline 0.001 -12"><span class='ocrx_word' id='word_1_92' title='bbox 161 1317 228 1371; x_wconf 90' lang='lat' dir='ltr'><strong>do</strong></span> <span class='ocrx_word' id='word_1_93' title='bbox 275 1317 589 1382; x_wconf 91' lang='lat' dir='ltr'><strong>Christum,</strong></span> <span class='ocrx_word' id='word_1_94' title='bbox 637 1333 824 1372; x_wconf 88' lang='lat' dir='ltr'><strong>omnes</strong></span> <span class='ocrx_word' id='word_1_95' title='bbox 859 1319 949 1372; x_wconf 91' lang='lat' dir='ltr'><strong>filii</strong></span> <span class='ocrx_word' id='word_1_96' title='bbox 994 1319 1164 1382; x_wconf 88' lang='lat' dir='ltr'><strong>ﬁunt,</strong></span> <span class='ocrx_word' id='word_1_97' title='bbox 1217 1334 1322 1370; x_wconf 91' lang='lat' dir='ltr'><strong>non</strong></span> <span class='ocrx_word' id='word_1_98' title='bbox 1360 1326 1552 1371; x_wconf 89' lang='lat' dir='ltr'><strong>natura</strong></span> <span class='ocrx_word' id='word_1_99' title='bbox 1596 1318 1737 1372; x_wconf 83' lang='lat' dir='ltr'><strong>sicut</strong></span> 
     </span>
    </p>
   </div>
   <div class='ocr_carea' id='block_1_14' title="bbox 163 1408 1733 1478">
    <p class='ocr_par' dir='ltr' id='par_1_14' title="bbox 163 1408 1733 1478">
     <span class='ocr_line' id='line_1_14' title="bbox 163 1408 1733 1478; baseline 0 -18"><span class='ocrx_word' id='word_1_100' title='bbox 163 1408 349 1460; x_wconf 88' lang='lat' dir='ltr'><strong>unicus</strong></span> <span class='ocrx_word' id='word_1_101' title='bbox 381 1408 522 1461; x_wconf 91' lang='lat' dir='ltr'><strong>ﬁlius</strong></span> <span class='ocrx_word' id='word_1_102' title='bbox 549 1449 564 1472; x_wconf 96' lang='lat'><strong>,</strong></span> <span class='ocrx_word' id='word_1_103' title='bbox 615 1409 706 1476; x_wconf 89' lang='lat' dir='ltr'><strong>qui</strong></span> <span class='ocrx_word' id='word_1_104' title='bbox 747 1410 908 1462; x_wconf 89' lang='lat' dir='ltr'><strong>etiam</strong></span> <span class='ocrx_word' id='word_1_105' title='bbox 957 1409 1220 1478; x_wconf 88' lang='lat' dir='ltr'><strong>sapientia</strong></span> <span class='ocrx_word' id='word_1_106' title='bbox 1274 1409 1367 1461; x_wconf 87' lang='lat' dir='ltr'><strong>Dei</strong></span> <span class='ocrx_word' id='word_1_107' title='bbox 1410 1416 1492 1462; x_wconf 88' lang='lat' dir='ltr'><strong>est</strong></span> <span class='ocrx_word' id='word_1_108' title='bbox 1521 1427 1531 1460; x_wconf 92' lang='lat'>:</span> <span class='ocrx_word' id='word_1_109' title='bbox 1561 1425 1733 1477; x_wconf 78' lang='lat' dir='ltr'><strong>neque</strong></span> 
     </span>
    </p>
   </div>
   <div class='ocr_carea' id='block_1_15' title="bbox 158 1497 1731 1567">
    <p class='ocr_par' dir='ltr' id='par_1_15' title="bbox 158 1497 1731 1567">
     <span class='ocr_line' id='line_1_15' title="bbox 158 1497 1731 1567; baseline -0.001 -17"><span class='ocrx_word' id='word_1_110' title='bbox 158 1498 394 1564; x_wconf 81' lang='lat' dir='ltr'><strong>potentia</strong></span> <span class='ocrx_word' id='word_1_111' title='bbox 434 1506 486 1550; x_wconf 89' lang='lat' dir='ltr'><strong>et</strong></span> <span class='ocrx_word' id='word_1_112' title='bbox 515 1498 888 1567; x_wconf 88' lang='lat' dir='ltr'><strong>singularitate</strong></span> <span class='ocrx_word' id='word_1_113' title='bbox 913 1498 1292 1566; x_wconf 88' lang='lat' dir='ltr'><strong>susceptionis,</strong></span> <span class='ocrx_word' id='word_1_114' title='bbox 1339 1499 1405 1550; x_wconf 90' lang='lat' dir='ltr'><strong>ad</strong></span> <span class='ocrx_word' id='word_1_115' title='bbox 1433 1497 1731 1550; x_wconf 89' lang='lat' dir='ltr'><strong>habendam</strong></span> 
     </span>
    </p>
   </div>
   <div class='ocr_carea' id='block_1_16' title="bbox 159 1589 1733 1665">
    <p class='ocr_par' dir='ltr' id='par_1_16' title="bbox 159 1589 1733 1665">
     <span class='ocr_line' id='line_1_16' title="bbox 159 1589 1733 1665; baseline -0.001 -23"><span class='ocrx_word' id='word_1_116' title='bbox 159 1589 502 1652; x_wconf 86' lang='lat' dir='ltr'><strong>naturaliter,</strong></span> <span class='ocrx_word' id='word_1_117' title='bbox 550 1598 605 1642; x_wconf 89' lang='lat' dir='ltr'><strong>et</strong></span> <span class='ocrx_word' id='word_1_118' title='bbox 650 1589 912 1657; x_wconf 84' lang='lat' dir='ltr'><strong>agendam</strong></span> <span class='ocrx_word' id='word_1_119' title='bbox 941 1604 1224 1665; x_wconf 80' lang='lat' dir='ltr'><strong>personam</strong></span> <span class='ocrx_word' id='word_1_120' title='bbox 1254 1589 1550 1657; x_wconf 60' lang='lat' dir='ltr'><strong>sapientiae,</strong></span> <span class='ocrx_word' id='word_1_121' title='bbox 1593 1589 1733 1641; x_wconf 90' lang='lat' dir='ltr'><strong>sicut</strong></span> 
     </span>
    </p>
   </div>
   <div class='ocr_carea' id='block_1_17' title="bbox 156 1678 1729 1748">
    <p class='ocr_par' dir='ltr' id='par_1_17' title="bbox 156 1678 1729 1748">
     <span class='ocr_line' id='line_1_17' title="bbox 156 1678 1729 1748; baseline -0.001 -16"><span class='ocrx_word' id='word_1_122' title='bbox 156 1678 267 1747; x_wconf 87' lang='lat' dir='ltr'><strong>ipse</strong></span> <span class='ocrx_word' id='word_1_123' title='bbox 294 1680 556 1732; x_wconf 87' lang='lat' dir='ltr'><strong>mediator</strong></span> <span class='ocrx_word' id='word_1_124' title='bbox 583 1696 745 1732; x_wconf 91' lang='lat' dir='ltr'><strong>unum</strong></span> <span class='ocrx_word' id='word_1_125' title='bbox 791 1695 912 1734; x_wconf 89' lang='lat' dir='ltr'><strong>cum</strong></span> <span class='ocrx_word' id='word_1_126' title='bbox 945 1679 1057 1748; x_wconf 89' lang='lat' dir='ltr'><strong>ipsa</strong></span> <span class='ocrx_word' id='word_1_127' title='bbox 1102 1679 1426 1746; x_wconf 85' lang='lat' dir='ltr'><strong>suscipiente</strong></span> <span class='ocrx_word' id='word_1_128' title='bbox 1466 1679 1729 1746; x_wconf 84' lang='lat' dir='ltr'><strong>sapientia</strong></span> 
     </span>
    </p>
   </div>
   <div class='ocr_carea' id='block_1_18' title="bbox 155 1767 1728 1840">
    <p class='ocr_par' dir='ltr' id='par_1_18' title="bbox 155 1767 1728 1840">
     <span class='ocr_line' id='line_1_18' title="bbox 155 1767 1728 1840; baseline -0.001 -18"><span class='ocrx_word' id='word_1_129' title='bbox 155 1771 270 1823; x_wconf 90' lang='lat' dir='ltr'><strong>sine</strong></span> <span class='ocrx_word' id='word_1_130' title='bbox 297 1770 706 1840; x_wconf 87' lang='lat' dir='ltr'><strong>interpositione</strong></span> <span class='ocrx_word' id='word_1_131' title='bbox 733 1770 960 1840; x_wconf 86' lang='lat' dir='ltr'><strong>alicujus</strong></span> <span class='ocrx_word' id='word_1_132' title='bbox 1004 1771 1315 1824; x_wconf 85' lang='lat' dir='ltr'><strong>mediatoris</strong></span> <span class='ocrx_word' id='word_1_133' title='bbox 1345 1767 1569 1822; x_wconf 79' lang='lat' dir='ltr'><strong>effectus</strong></span> <span class='ocrx_word' id='word_1_134' title='bbox 1589 1809 1601 1833; x_wconf 96' lang='lat'><strong>,</strong></span> <span class='ocrx_word' id='word_1_135' title='bbox 1637 1769 1728 1822; x_wconf 88' lang='lat' dir='ltr'><strong>sed</strong></span> 
     </span>
    </p>
   </div>
   <div class='ocr_carea' id='block_1_19' title="bbox 1843 596 3407 673">
    <p class='ocr_par' dir='ltr' id='par_1_19' title="bbox 1843 596 3407 673">
     <span class='ocr_line' id='line_1_19' title="bbox 1843 596 3407 673; baseline 0.011 -25"><span class='ocrx_word' id='word_1_136' title='bbox 1843 596 2088 650; x_wconf 90' lang='lat' dir='ltr'><strong>simulate</strong></span> <span class='ocrx_word' id='word_1_137' title='bbox 2118 599 2271 666; x_wconf 89' lang='lat' dir='ltr'><strong>quasi</strong></span> <span class='ocrx_word' id='word_1_138' title='bbox 2293 599 2357 652; x_wconf 85' lang='lat' dir='ltr'><strong>ad</strong></span> <span class='ocrx_word' id='word_1_139' title='bbox 2387 600 2570 654; x_wconf 86' lang='lat' dir='ltr'><strong>oculos</strong></span> <span class='ocrx_word' id='word_1_140' title='bbox 2591 603 2863 657; x_wconf 90' lang='lat' dir='ltr'><strong>hominum</strong></span> <span class='ocrx_word' id='word_1_141' title='bbox 2899 605 2968 656; x_wconf 89' lang='lat' dir='ltr'><strong>ita</strong></span> <span class='ocrx_word' id='word_1_142' title='bbox 3001 604 3280 673; x_wconf 78' lang='lat' dir='ltr'><strong>faciamus,</strong></span> <span class='ocrx_word' id='word_1_143' title='bbox 3313 612 3407 664; x_wconf 85' lang='lat' dir='ltr'><strong>sed</strong></span> 
     </span>
    </p>
   </div>
   <div class='ocr_carea' id='block_1_20' title="bbox 1841 686 3409 764">
    <p class='ocr_par' dir='ltr' id='par_1_20' title="bbox 1841 686 3409 764">
     <span class='ocr_line' id='line_1_20' title="bbox 1841 686 3409 764; baseline 0.01 -28"><span class='ocrx_word' id='word_1_144' title='bbox 1841 701 1972 754; x_wconf 90' lang='lat' dir='ltr'><strong>pura</strong></span> <span class='ocrx_word' id='word_1_145' title='bbox 2001 686 2301 742; x_wconf 88' lang='lat' dir='ltr'><strong>dilectionis</strong></span> <span class='ocrx_word' id='word_1_146' title='bbox 2323 689 2652 744; x_wconf 87' lang='lat' dir='ltr'><strong>conscientia</strong></span> <span class='ocrx_word' id='word_1_147' title='bbox 2675 702 2892 760; x_wconf 83' lang='lat' dir='ltr'><strong>prepter</strong></span> <span class='ocrx_word' id='word_1_148' title='bbox 2905 693 3092 759; x_wconf 91' lang='lat' dir='ltr'><strong>Deum,</strong></span> <span class='ocrx_word' id='word_1_149' title='bbox 3109 697 3202 764; x_wconf 79' lang='lat' dir='ltr'><strong>qui</strong></span> <span class='ocrx_word' id='word_1_150' title='bbox 3221 713 3409 752; x_wconf 80' lang='lat' dir='ltr'><strong>omnes</strong></span> 
     </span>
    </p>
   </div>
   <div class='ocr_carea' id='block_1_21' title="bbox 1842 775 3408 853">
    <p class='ocr_par' dir='ltr' id='par_1_21' title="bbox 1842 775 3408 853">
     <span class='ocr_line' id='line_1_21' title="bbox 1842 775 3408 853; baseline 0.01 -27"><span class='ocrx_word' id='word_1_151' title='bbox 1842 775 2084 830; x_wconf 86' lang='lat' dir='ltr'><strong>homines</strong></span> <span class='ocrx_word' id='word_1_152' title='bbox 2112 779 2224 832; x_wconf 88' lang='lat' dir='ltr'><strong>vult</strong></span> <span class='ocrx_word' id='word_1_153' title='bbox 2251 779 2427 833; x_wconf 91' lang='lat' dir='ltr'><strong>salvos</strong></span> <span class='ocrx_word' id='word_1_154' title='bbox 2453 779 2596 842; x_wconf 90' lang='lat' dir='ltr'><strong>ﬁeri,</strong></span> <span class='ocrx_word' id='word_1_155' title='bbox 2639 790 2693 835; x_wconf 93' lang='lat' dir='ltr'><strong>et</strong></span> <span class='ocrx_word' id='word_1_156' title='bbox 2717 784 2782 836; x_wconf 89' lang='lat' dir='ltr'><strong>ad</strong></span> <span class='ocrx_word' id='word_1_157' title='bbox 2812 785 3138 853; x_wconf 81' lang='lat' dir='ltr'><strong>agnitionem</strong></span> <span class='ocrx_word' id='word_1_158' title='bbox 3160 787 3408 841; x_wconf 89' lang='lat' dir='ltr'><strong>veritatis</strong></span> 
     </span>
    </p>
   </div>
   <div class='ocr_carea' id='block_1_22' title="bbox 1841 866 3409 937">
    <p class='ocr_par' dir='ltr' id='par_1_22' title="bbox 1841 866 3409 937">
     <span class='ocr_line' id='line_1_22' title="bbox 1841 866 3409 937; baseline 0.01 -23"><span class='ocrx_word' id='word_1_159' title='bbox 1841 866 2042 918; x_wconf 80' lang='lat' dir='ltr'><strong>venire.</strong></span> <span class='ocrx_word' id='word_1_160' title='bbox 2081 867 2209 920; x_wconf 88' lang='lat' dir='ltr'><strong>lllud</strong></span> <span class='ocrx_word' id='word_1_161' title='bbox 2234 877 2412 922; x_wconf 87' lang='lat' dir='ltr'><strong>autem</strong></span> <span class='ocrx_word' id='word_1_162' title='bbox 2437 871 2578 937; x_wconf 92' lang='lat' dir='ltr'><strong>quod</strong></span> <span class='ocrx_word' id='word_1_163' title='bbox 2608 871 2704 935; x_wconf 88' lang='lat' dir='ltr'><strong>ait,</strong></span> <span class='ocrx_word' id='word_1_164' title='bbox 2735 871 2924 928; x_wconf 82' lang='lat' dir='ltr'><strong>Omnes</strong></span> <span class='ocrx_word' id='word_1_165' title='bbox 2952 891 3036 928; x_wconf 75' lang='lat' dir='ltr'><strong>eos</strong></span> <span class='ocrx_word' id='word_1_166' title='bbox 3073 891 3234 929; x_wconf 83' lang='lat' dir='ltr'><strong>unum</strong></span> <span class='ocrx_word' id='word_1_167' title='bbox 3286 879 3409 930; x_wconf 87' lang='lat' dir='ltr'><strong>estis</strong></span> 
     </span>
    </p>
   </div>
   <div class='ocr_carea' id='block_1_23' title="bbox 1838 955 3407 1024">
    <p class='ocr_par' dir='ltr' id='par_1_23' title="bbox 1838 955 3407 1024">
     <span class='ocr_line' id='line_1_23' title="bbox 1838 955 3407 1024; baseline 0.011 -18"><span class='ocrx_word' id='word_1_168' title='bbox 1838 955 1892 1007; x_wconf 86' lang='lat' dir='ltr'><strong>in</strong></span> <span class='ocrx_word' id='word_1_169' title='bbox 1915 955 2119 1010; x_wconf 80' lang='lat' dir='ltr'><strong>Christo</strong></span> <span class='ocrx_word' id='word_1_170' title='bbox 2145 957 2293 1012; x_wconf 82' lang='lat' dir='ltr'><strong>Jesu.</strong></span> <span class='ocrx_word' id='word_1_171' title='bbox 2321 961 2388 1014; x_wconf 87' lang='lat' dir='ltr'><strong>Et</strong></span> <span class='ocrx_word' id='word_1_172' title='bbox 2411 961 2617 1014; x_wconf 90' lang='lat' dir='ltr'><strong>addidit</strong></span> <span class='ocrx_word' id='word_1_173' title='bbox 2642 981 2652 1014; x_wconf 92' lang='lat'><strong>:</strong></span> <span class='ocrx_word' id='word_1_174' title='bbox 2691 962 2750 1016; x_wconf 91' lang='lat' dir='ltr'><strong>Si</strong></span> <span class='ocrx_word' id='word_1_175' title='bbox 2791 973 2963 1017; x_wconf 86' lang='lat' dir='ltr'><strong>autem</strong></span> <span class='ocrx_word' id='word_1_176' title='bbox 2987 983 3074 1020; x_wconf 80' lang='lat' dir='ltr'><strong>eos</strong></span> <span class='ocrx_word' id='word_1_177' title='bbox 3095 984 3257 1022; x_wconf 84' lang='lat' dir='ltr'><strong>unum</strong></span> <span class='ocrx_word' id='word_1_178' title='bbox 3285 970 3407 1024; x_wconf 80' lang='lat' dir='ltr'><strong>estis</strong></span> 
     </span>
    </p>
   </div>
   <div class='ocr_carea' id='block_1_24' title="bbox 1837 1043 3409 1118">
    <p class='ocr_par' dir='ltr' id='par_1_24' title="bbox 1837 1043 3409 1118">
     <span class='ocr_line' id='line_1_24' title="bbox 1837 1043 3409 1118; baseline 0.013 -24"><span class='ocrx_word' id='word_1_179' title='bbox 1837 1044 1890 1095; x_wconf 86' lang='lat' dir='ltr'><strong>in</strong></span> <span class='ocrx_word' id='word_1_180' title='bbox 1917 1043 2122 1099; x_wconf 86' lang='lat' dir='ltr'><strong>Christo</strong></span> <span class='ocrx_word' id='word_1_181' title='bbox 2148 1047 2275 1102; x_wconf 81' lang='lat' dir='ltr'><strong>Jestt</strong></span> <span class='ocrx_word' id='word_1_182' title='bbox 2302 1065 2318 1102; x_wconf 91' lang='lat'><strong><em>:</em></strong></span> <span class='ocrx_word' id='word_1_183' title='bbox 2341 1067 2462 1118; x_wconf 86' lang='lat' dir='ltr'><strong>ergo</strong></span> <span class='ocrx_word' id='word_1_184' title='bbox 2489 1052 2712 1104; x_wconf 68' lang='lat' dir='ltr'><strong>Abt-alue</strong></span> <span class='ocrx_word' id='word_1_185' title='bbox 2733 1069 2905 1107; x_wconf 83' lang='lat' dir='ltr'><strong>semen</strong></span> <span class='ocrx_word' id='word_1_186' title='bbox 2927 1057 3070 1109; x_wconf 81' lang='lat' dir='ltr'><strong>estis.</strong></span> <span class='ocrx_word' id='word_1_187' title='bbox 3107 1057 3202 1112; x_wconf 82' lang='lat' dir='ltr'><strong>Hic</strong></span> <span class='ocrx_word' id='word_1_188' title='bbox 3229 1067 3409 1115; x_wconf 88' lang='lat' dir='ltr'><strong>osten-</strong></span> 
     </span>
    </p>
   </div>
   <div class='ocr_carea' id='block_1_25' title="bbox 1837 1132 3408 1204">
    <p class='ocr_par' dir='ltr' id='par_1_25' title="bbox 1837 1132 3408 1204">
     <span class='ocr_line' id='line_1_25' title="bbox 1837 1132 3408 1204; baseline 0.013 -20"><span class='ocrx_word' id='word_1_189' title='bbox 1837 1132 1916 1186; x_wconf 77' lang='lat' dir='ltr'><strong>dit</strong></span> <span class='ocrx_word' id='word_1_190' title='bbox 1939 1149 2102 1187; x_wconf 90' lang='lat' dir='ltr'><strong>unum</strong></span> <span class='ocrx_word' id='word_1_191' title='bbox 2127 1151 2310 1190; x_wconf 89' lang='lat' dir='ltr'><strong>semen</strong></span> <span class='ocrx_word' id='word_1_192' title='bbox 2341 1137 2612 1193; x_wconf 89' lang='lat' dir='ltr'><strong>Christum</strong></span> <span class='ocrx_word' id='word_1_193' title='bbox 2630 1180 2644 1204; x_wconf 95' lang='lat'><strong>,</strong></span> <span class='ocrx_word' id='word_1_194' title='bbox 2696 1158 2801 1196; x_wconf 91' lang='lat' dir='ltr'><strong>non</strong></span> <span class='ocrx_word' id='word_1_195' title='bbox 2828 1153 3033 1198; x_wconf 90' lang='lat' dir='ltr'><strong>tantum</strong></span> <span class='ocrx_word' id='word_1_196' title='bbox 3059 1149 3408 1204; x_wconf 89' lang='lat' dir='ltr'><strong>mediatorem</strong></span> 
     </span>
    </p>
   </div>
   <div class='ocr_carea' id='block_1_26' title="bbox 1837 1221 3408 1304">
    <p class='ocr_par' dir='ltr' id='par_1_26' title="bbox 1837 1221 3408 1304">
     <span class='ocr_line' id='line_1_26' title="bbox 1837 1221 3408 1304; baseline 0.012 -31"><span class='ocrx_word' id='word_1_197' title='bbox 1837 1221 2239 1293; x_wconf 89' lang='lat' dir='ltr'><strong>intelligendum</strong></span> <span class='ocrx_word' id='word_1_198' title='bbox 2271 1242 2390 1282; x_wconf 89' lang='lat' dir='ltr'><strong>esse</strong></span> <span class='ocrx_word' id='word_1_199' title='bbox 2416 1269 2430 1293; x_wconf 95' lang='lat'><strong>,</strong></span> <span class='ocrx_word' id='word_1_200' title='bbox 2468 1245 2653 1284; x_wconf 86' lang='lat' dir='ltr'><strong>verum</strong></span> <span class='ocrx_word' id='word_1_201' title='bbox 2697 1233 2860 1286; x_wconf 88' lang='lat' dir='ltr'><strong>etiam</strong></span> <span class='ocrx_word' id='word_1_202' title='bbox 2891 1233 3208 1300; x_wconf 79' lang='lat' dir='ltr'><strong>Ecclesiam,</strong></span> <span class='ocrx_word' id='word_1_203' title='bbox 3257 1237 3408 1304; x_wconf 88' lang='lat' dir='ltr'><strong>cujus</strong></span> 
     </span>
    </p>
   </div>
   <div class='ocr_carea' id='block_1_27' title="bbox 1838 1313 3406 1388">
    <p class='ocr_par' dir='ltr' id='par_1_27' title="bbox 1838 1313 3406 1388">
     <span class='ocr_line' id='line_1_27' title="bbox 1838 1313 3406 1388; baseline 0.01 -22"><span class='ocrx_word' id='word_1_204' title='bbox 1838 1313 1924 1367; x_wconf 89' lang='lat' dir='ltr'><strong>ille</strong></span> <span class='ocrx_word' id='word_1_205' title='bbox 1958 1318 2197 1384; x_wconf 91' lang='lat' dir='ltr'><strong>corporis</strong></span> <span class='ocrx_word' id='word_1_206' title='bbox 2228 1329 2388 1388; x_wconf 89' lang='lat' dir='ltr'><strong>caput</strong></span> <span class='ocrx_word' id='word_1_207' title='bbox 2419 1328 2539 1385; x_wconf 90' lang='lat' dir='ltr'><strong>est,</strong></span> <span class='ocrx_word' id='word_1_208' title='bbox 2591 1331 2649 1374; x_wconf 93' lang='lat' dir='ltr'><strong>ut</strong></span> <span class='ocrx_word' id='word_1_209' title='bbox 2693 1337 2879 1378; x_wconf 89' lang='lat' dir='ltr'><strong>omnes</strong></span> <span class='ocrx_word' id='word_1_210' title='bbox 2922 1326 2975 1378; x_wconf 91' lang='lat' dir='ltr'><strong>in</strong></span> <span class='ocrx_word' id='word_1_211' title='bbox 3002 1324 3217 1381; x_wconf 87' lang='lat' dir='ltr'><strong>Christo</strong></span> <span class='ocrx_word' id='word_1_212' title='bbox 3243 1344 3406 1381; x_wconf 90' lang='lat' dir='ltr'><strong>unum</strong></span> 
     </span>
    </p>
   </div>
   <div class='ocr_carea' id='block_1_28' title="bbox 1836 1402 3406 1479">
    <p class='ocr_par' dir='ltr' id='par_1_28' title="bbox 1836 1402 3406 1479">
     <span class='ocr_line' id='line_1_28' title="bbox 1836 1402 3406 1479; baseline 0.008 -23"><span class='ocrx_word' id='word_1_213' title='bbox 1836 1402 1961 1465; x_wconf 90' lang='lat' dir='ltr'><strong>sint,</strong></span> <span class='ocrx_word' id='word_1_214' title='bbox 2009 1413 2063 1456; x_wconf 91' lang='lat' dir='ltr'><strong>et</strong></span> <span class='ocrx_word' id='word_1_215' title='bbox 2102 1407 2317 1476; x_wconf 85' lang='lat' dir='ltr'><strong>capiant</strong></span> <span class='ocrx_word' id='word_1_216' title='bbox 2359 1411 2651 1462; x_wconf 89' lang='lat' dir='ltr'><strong>secundum</strong></span> <span class='ocrx_word' id='word_1_217' title='bbox 2679 1413 3089 1479; x_wconf 89' lang='lat' dir='ltr'><strong>promissionem</strong></span> <span class='ocrx_word' id='word_1_218' title='bbox 3121 1416 3406 1470; x_wconf 59' lang='lat' dir='ltr'><strong>haeredita-</strong></span> 
     </span>
    </p>
   </div>
   <div class='ocr_carea' id='block_1_29' title="bbox 1833 1497 3408 1576">
    <p class='ocr_par' dir='ltr' id='par_1_29' title="bbox 1833 1497 3408 1576">
     <span class='ocr_line' id='line_1_29' title="bbox 1833 1497 3408 1576; baseline 0.009 -28"><span class='ocrx_word' id='word_1_219' title='bbox 1833 1505 1942 1549; x_wconf 89' lang='lat' dir='ltr'><strong>tcm</strong></span> <span class='ocrx_word' id='word_1_220' title='bbox 1968 1512 2063 1565; x_wconf 88' lang='lat' dir='ltr'><strong>per</strong></span> <span class='ocrx_word' id='word_1_221' title='bbox 2094 1497 2276 1562; x_wconf 91' lang='lat' dir='ltr'><strong>ﬁdem,</strong></span> <span class='ocrx_word' id='word_1_222' title='bbox 2307 1499 2358 1552; x_wconf 94' lang='lat' dir='ltr'><strong>in</strong></span> <span class='ocrx_word' id='word_1_223' title='bbox 2383 1515 2488 1568; x_wconf 90' lang='lat' dir='ltr'><strong>qua</strong></span> <span class='ocrx_word' id='word_1_224' title='bbox 2518 1499 2756 1554; x_wconf 90' lang='lat' dir='ltr'><strong>inclusus</strong></span> <span class='ocrx_word' id='word_1_225' title='bbox 2783 1512 2922 1567; x_wconf 88' lang='lat' dir='ltr'><strong>erat,</strong></span> <span class='ocrx_word' id='word_1_226' title='bbox 2948 1504 2998 1557; x_wconf 88' lang='lat' dir='ltr'><strong>id</strong></span> <span class='ocrx_word' id='word_1_227' title='bbox 3025 1514 3127 1568; x_wconf 88' lang='lat' dir='ltr'><strong>est,</strong></span> <span class='ocrx_word' id='word_1_228' title='bbox 3171 1506 3222 1559; x_wconf 91' lang='lat' dir='ltr'><strong>in</strong></span> <span class='ocrx_word' id='word_1_229' title='bbox 3255 1508 3408 1576; x_wconf 85' lang='lat' dir='ltr'><strong>cujus</strong></span> 
     </span>
    </p>
   </div>
   <div class='ocr_carea' id='block_1_30' title="bbox 1835 1586 3408 1663">
    <p class='ocr_par' dir='ltr' id='par_1_30' title="bbox 1835 1586 3408 1663">
     <span class='ocr_line' id='line_1_30' title="bbox 1835 1586 3408 1663; baseline 0.007 -26"><span class='ocrx_word' id='word_1_230' title='bbox 1835 1586 2126 1640; x_wconf 80' lang='lat' dir='ltr'><strong>adventum</strong></span> <span class='ocrx_word' id='word_1_231' title='bbox 2199 1597 2455 1657; x_wconf 90' lang='lat' dir='ltr'><strong>tanquam</strong></span> <span class='ocrx_word' id='word_1_232' title='bbox 2514 1590 2615 1643; x_wconf 90' lang='lat' dir='ltr'><strong>sub</strong></span> <span class='ocrx_word' id='word_1_233' title='bbox 2669 1594 2957 1663; x_wconf 65' lang='lat' dir='ltr'><strong>paedagogo</strong></span> <span class='ocrx_word' id='word_1_234' title='bbox 3005 1596 3408 1651; x_wconf 83' lang='lat' dir='ltr'><strong>custodiebatur</strong></span> 
     </span>
    </p>
   </div>
   <div class='ocr_carea' id='block_1_31' title="bbox 1833 1677 3404 1753">
    <p class='ocr_par' dir='ltr' id='par_1_31' title="bbox 1833 1677 3404 1753">
     <span class='ocr_line' id='line_1_31' title="bbox 1833 1677 3404 1753; baseline 0.008 -25"><span class='ocrx_word' id='word_1_235' title='bbox 1833 1677 2059 1745; x_wconf 88' lang='lat' dir='ltr'><strong>populus</strong></span> <span class='ocrx_word' id='word_1_236' title='bbox 2093 1693 2262 1746; x_wconf 91' lang='lat' dir='ltr'><strong>usque</strong></span> <span class='ocrx_word' id='word_1_237' title='bbox 2306 1679 2373 1732; x_wconf 88' lang='lat' dir='ltr'><strong>ad</strong></span> <span class='ocrx_word' id='word_1_238' title='bbox 2421 1680 2596 1733; x_wconf 72' lang='lat' dir='ltr'><strong>tetatis</strong></span> <span class='ocrx_word' id='word_1_239' title='bbox 2645 1683 3139 1750; x_wconf 85' lang='lat' dir='ltr'><strong>opportunitatem,</strong></span> <span class='ocrx_word' id='word_1_240' title='bbox 3197 1700 3303 1753; x_wconf 89' lang='lat' dir='ltr'><strong>qua</strong></span> <span class='ocrx_word' id='word_1_241' title='bbox 3353 1687 3404 1740; x_wconf 92' lang='lat' dir='ltr'><strong>in</strong></span> 
     </span>
    </p>
   </div>
   <div class='ocr_carea' id='block_1_32' title="bbox 1833 1767 3408 1846">
    <p class='ocr_par' dir='ltr' id='par_1_32' title="bbox 1833 1767 3408 1846">
     <span class='ocr_line' id='line_1_32' title="bbox 1833 1767 3408 1846; baseline 0.011 -28"><span class='ocrx_word' id='word_1_242' title='bbox 1833 1767 2132 1822; x_wconf 88' lang='lat' dir='ltr'><strong>libertatem</strong></span> <span class='ocrx_word' id='word_1_243' title='bbox 2180 1771 2402 1825; x_wconf 88' lang='lat' dir='ltr'><strong>vocandi</strong></span> <span class='ocrx_word' id='word_1_244' title='bbox 2436 1779 2619 1836; x_wconf 89' lang='lat' dir='ltr'><strong>erant,</strong></span> <span class='ocrx_word' id='word_1_245' title='bbox 2674 1773 2766 1839; x_wconf 90' lang='lat' dir='ltr'><strong>qui</strong></span> <span class='ocrx_word' id='word_1_246' title='bbox 2802 1773 2855 1826; x_wconf 91' lang='lat' dir='ltr'><strong>in</strong></span> <span class='ocrx_word' id='word_1_247' title='bbox 2887 1775 3073 1829; x_wconf 91' lang='lat' dir='ltr'><strong>eodem</strong></span> <span class='ocrx_word' id='word_1_248' title='bbox 3097 1779 3291 1846; x_wconf 86' lang='lat' dir='ltr'><strong>populo</strong></span> <span class='ocrx_word' id='word_1_249' title='bbox 3321 1794 3408 1835; x_wconf 85' lang='lat' dir='ltr'><strong>se-</strong></span> 
     </span>
    </p>
   </div>
   <div class='ocr_carea' id='block_1_33' title="bbox 155 1846 3405 1934">
    <p class='ocr_par' dir='ltr' id='par_1_33' title="bbox 155 1846 3405 1934">
     <span class='ocr_line' id='line_1_33' title="bbox 155 1846 3405 1934; baseline 0.002 -20"><span class='ocrx_word' id='word_1_250' title='bbox 155 1862 245 1914; x_wconf 89' lang='lat' dir='ltr'><strong>ﬁlii</strong></span> <span class='ocrx_word' id='word_1_251' title='bbox 279 1860 412 1914; x_wconf 90' lang='lat' dir='ltr'><strong>ﬁunt</strong></span> <span class='ocrx_word' id='word_1_252' title='bbox 455 1861 870 1930; x_wconf 83' lang='lat' dir='ltr'><strong>participatione</strong></span> <span class='ocrx_word' id='word_1_253' title='bbox 906 1861 1204 1930; x_wconf 75' lang='lat' dir='ltr'><strong>sapientiae,</strong></span> <span class='ocrx_word' id='word_1_254' title='bbox 1262 1862 1315 1914; x_wconf 92' lang='lat' dir='ltr'><strong>id</strong></span> <span class='ocrx_word' id='word_1_255' title='bbox 1362 1869 1472 1925; x_wconf 88' lang='lat' dir='ltr'><strong>est,</strong></span> <span class='ocrx_word' id='word_1_256' title='bbox 1522 1877 1729 1930; x_wconf 71' lang='lat' dir='ltr'><strong>prmpa-</strong></span> <span class='ocrx_word' id='word_1_257' title='bbox 1759 1846 1803 1904; x_wconf 88' lang='grc' dir='ltr'><strong>Β</strong></span> <span class='ocrx_word' id='word_1_258' title='bbox 1832 1859 2064 1911; x_wconf 90' lang='lat' dir='ltr'><strong>cundum</strong></span> <span class='ocrx_word' id='word_1_259' title='bbox 2109 1860 2442 1927; x_wconf 89' lang='lat' dir='ltr'><strong>propositum</strong></span> <span class='ocrx_word' id='word_1_260' title='bbox 2493 1859 2670 1914; x_wconf 89' lang='lat' dir='ltr'><strong>vocati</strong></span> <span class='ocrx_word' id='word_1_261' title='bbox 2712 1871 2854 1927; x_wconf 90' lang='lat' dir='ltr'><strong>sunt,</strong></span> <span class='ocrx_word' id='word_1_262' title='bbox 2900 1863 2952 1917; x_wconf 89' lang='lat' dir='ltr'><strong>id</strong></span> <span class='ocrx_word' id='word_1_263' title='bbox 2977 1872 3078 1929; x_wconf 91' lang='lat' dir='ltr'><strong>est,</strong></span> <span class='ocrx_word' id='word_1_264' title='bbox 3109 1867 3198 1934; x_wconf 92' lang='lat' dir='ltr'><strong>qui</strong></span> <span class='ocrx_word' id='word_1_265' title='bbox 3230 1867 3282 1920; x_wconf 94' lang='lat' dir='ltr'><strong>in</strong></span> <span class='ocrx_word' id='word_1_266' title='bbox 3316 1867 3405 1920; x_wconf 87' lang='lat' dir='ltr'><strong>illa</strong></span> 
     </span>
    </p>
   </div>
   <div class='ocr_carea' id='block_1_34' title="bbox 154 1953 1727 2022">
    <p class='ocr_par' dir='ltr' id='par_1_34' title="bbox 154 1953 1727 2022">
     <span class='ocr_line' id='line_1_34' title="bbox 154 1953 1727 2022; baseline 0.003 -18"><span class='ocrx_word' id='word_1_267' title='bbox 154 1961 307 2004; x_wconf 89' lang='lat' dir='ltr'><strong>rante</strong></span> <span class='ocrx_word' id='word_1_268' title='bbox 349 1960 511 2022; x_wconf 92' lang='lat' dir='ltr'><strong>atque</strong></span> <span class='ocrx_word' id='word_1_269' title='bbox 536 1962 826 2021; x_wconf 65' lang='lat' dir='ltr'><strong>praastante</strong></span> <span class='ocrx_word' id='word_1_270' title='bbox 857 1953 1170 2006; x_wconf 77' lang='lat' dir='ltr'><strong>mediatoris</strong></span> <span class='ocrx_word' id='word_1_271' title='bbox 1213 1953 1352 2017; x_wconf 86' lang='lat' dir='ltr'><strong>ﬁde,</strong></span> <span class='ocrx_word' id='word_1_272' title='bbox 1403 1970 1564 2022; x_wconf 91' lang='lat' dir='ltr'><strong>quam</strong></span> <span class='ocrx_word' id='word_1_273' title='bbox 1606 1953 1727 2008; x_wconf 90' lang='lat' dir='ltr'><strong>ﬁdei</strong></span> 
     </span>
    </p>
   </div>
   <div class='ocr_carea' id='block_1_35' title="bbox 152 2044 1727 2113">
    <p class='ocr_par' dir='ltr' id='par_1_35' title="bbox 152 2044 1727 2113">
     <span class='ocr_line' id='line_1_35' title="bbox 152 2044 1727 2113; baseline 0.002 -18"><span class='ocrx_word' id='word_1_274' title='bbox 152 2045 374 2113; x_wconf 83' lang='lat' dir='ltr'><strong>gratiam</strong></span> <span class='ocrx_word' id='word_1_275' title='bbox 401 2059 541 2097; x_wconf 91' lang='lat' dir='ltr'><strong>nunc</strong></span> <span class='ocrx_word' id='word_1_276' title='bbox 569 2044 943 2098; x_wconf 88' lang='lat' dir='ltr'><strong>indumentum</strong></span> <span class='ocrx_word' id='word_1_277' title='bbox 970 2053 1144 2106; x_wconf 88' lang='lat' dir='ltr'><strong>vocat,</strong></span> <span class='ocrx_word' id='word_1_278' title='bbox 1185 2055 1243 2097; x_wconf 93' lang='lat' dir='ltr'><strong>ut</strong></span> <span class='ocrx_word' id='word_1_279' title='bbox 1262 2044 1532 2097; x_wconf 83' lang='lat' dir='ltr'><strong>Christum</strong></span> <span class='ocrx_word' id='word_1_280' title='bbox 1556 2045 1727 2098; x_wconf 89' lang='lat' dir='ltr'><strong>induti</strong></span> 
     </span>
    </p>
   </div>
   <div class='ocr_carea' id='block_1_36' title="bbox 151 2133 1724 2201">
    <p class='ocr_par' dir='ltr' id='par_1_36' title="bbox 151 2133 1724 2201">
     <span class='ocr_line' id='line_1_36' title="bbox 151 2133 1724 2201; baseline -0.001 -14"><span class='ocrx_word' id='word_1_281' title='bbox 151 2142 294 2197; x_wconf 87' lang='lat' dir='ltr'><strong>sunt,</strong></span> <span class='ocrx_word' id='word_1_282' title='bbox 329 2134 416 2201; x_wconf 90' lang='lat' dir='ltr'><strong>qui</strong></span> <span class='ocrx_word' id='word_1_283' title='bbox 462 2133 513 2185; x_wconf 92' lang='lat' dir='ltr'><strong>in</strong></span> <span class='ocrx_word' id='word_1_284' title='bbox 555 2149 677 2186; x_wconf 91' lang='lat' dir='ltr'><strong>eum</strong></span> <span class='ocrx_word' id='word_1_285' title='bbox 710 2134 1076 2198; x_wconf 86' lang='lat' dir='ltr'><strong>crediderunt,</strong></span> <span class='ocrx_word' id='word_1_286' title='bbox 1110 2143 1163 2188; x_wconf 88' lang='lat' dir='ltr'><strong>et</strong></span> <span class='ocrx_word' id='word_1_287' title='bbox 1195 2134 1313 2188; x_wconf 84' lang='lat' dir='ltr'><strong>ideo</strong></span> <span class='ocrx_word' id='word_1_288' title='bbox 1345 2133 1438 2187; x_wconf 88' lang='lat' dir='ltr'><strong>ﬁlii</strong></span> <span class='ocrx_word' id='word_1_289' title='bbox 1464 2135 1580 2198; x_wconf 91' lang='lat' dir='ltr'><strong>Dei,</strong></span> <span class='ocrx_word' id='word_1_290' title='bbox 1615 2135 1724 2186; x_wconf 88' lang='lat' dir='ltr'><strong>fra-</strong></span> 
     </span>
    </p>
   </div>
   <div class='ocr_carea' id='block_1_37' title="bbox 151 2223 1220 2291">
    <p class='ocr_par' dir='ltr' id='par_1_37' title="bbox 151 2223 1220 2291">
     <span class='ocr_line' id='line_1_37' title="bbox 151 2223 1220 2291; baseline 0.005 -18"><span class='ocrx_word' id='word_1_291' title='bbox 151 2230 365 2291; x_wconf 88' lang='lat' dir='ltr'><strong>tresque</strong></span> <span class='ocrx_word' id='word_1_292' title='bbox 396 2223 510 2291; x_wconf 85' lang='lat' dir='ltr'><strong>ejus</strong></span> <span class='ocrx_word' id='word_1_293' title='bbox 537 2224 846 2277; x_wconf 88' lang='lat' dir='ltr'><strong>mediatoris</strong></span> <span class='ocrx_word' id='word_1_294' title='bbox 874 2223 1046 2278; x_wconf 79' lang='lat' dir='ltr'><strong>etchti</strong></span> <span class='ocrx_word' id='word_1_295' title='bbox 1079 2233 1220 2278; x_wconf 89' lang='lat' dir='ltr'><strong>sunt.</strong></span> 
     </span>
    </p>
   </div>
   <div class='ocr_carea' id='block_1_38' title="bbox 222 2313 1720 2384">
    <p class='ocr_par' dir='ltr' id='par_1_38' title="bbox 222 2313 1720 2384">
     <span class='ocr_line' id='line_1_38' title="bbox 222 2313 1720 2384; baseline 0.004 -19"><span class='ocrx_word' id='word_1_296' title='bbox 222 2315 342 2366; x_wconf 77' lang='lat' dir='ltr'><strong>Non</strong></span> <span class='ocrx_word' id='word_1_297' title='bbox 391 2325 464 2367; x_wconf 86' lang='lat' dir='ltr'><strong>est</strong></span> <span class='ocrx_word' id='word_1_298' title='bbox 506 2313 751 2379; x_wconf 66' lang='lat' dir='ltr'><strong>Indicus,</strong></span> <span class='ocrx_word' id='word_1_299' title='bbox 801 2332 962 2384; x_wconf 81' lang='lat' dir='ltr'><strong>neque</strong></span> <span class='ocrx_word' id='word_1_300' title='bbox 1008 2314 1240 2379; x_wconf 62' lang='lat' dir='ltr'><strong>(iremus,</strong></span> <span class='ocrx_word' id='word_1_301' title='bbox 1291 2333 1391 2370; x_wconf 85' lang='lat' dir='ltr'><strong>non</strong></span> <span class='ocrx_word' id='word_1_302' title='bbox 1431 2327 1504 2369; x_wconf 86' lang='lat' dir='ltr'><strong>est</strong></span> <span class='ocrx_word' id='word_1_303' title='bbox 1527 2335 1720 2380; x_wconf 81' lang='lat' dir='ltr'><strong>servus,</strong></span> 
     </span>
    </p>
   </div>
   <div class='ocr_carea' id='block_1_39' title="bbox 149 2404 1723 2474">
    <p class='ocr_par' dir='ltr' id='par_1_39' title="bbox 149 2404 1723 2474">
     <span class='ocr_line' id='line_1_39' title="bbox 149 2404 1723 2474; baseline 0.002 -17"><span class='ocrx_word' id='word_1_304' title='bbox 149 2421 307 2474; x_wconf 84' lang='lat' dir='ltr'><strong>neque</strong></span> <span class='ocrx_word' id='word_1_305' title='bbox 334 2404 481 2468; x_wconf 85' lang='lat' dir='ltr'><strong>liber,</strong></span> <span class='ocrx_word' id='word_1_306' title='bbox 529 2423 630 2457; x_wconf 86' lang='lat' dir='ltr'><strong>non</strong></span> <span class='ocrx_word' id='word_1_307' title='bbox 657 2415 732 2457; x_wconf 88' lang='lat' dir='ltr'><strong>est</strong></span> <span class='ocrx_word' id='word_1_308' title='bbox 779 2405 1056 2466; x_wconf 78' lang='lat' dir='ltr'><strong>masculus,</strong></span> <span class='ocrx_word' id='word_1_309' title='bbox 1090 2423 1249 2474; x_wconf 80' lang='lat' dir='ltr'><strong>neque</strong></span> <span class='ocrx_word' id='word_1_310' title='bbox 1290 2406 1502 2474; x_wconf 74' lang='lat' dir='ltr'><strong>femina.</strong></span> <span class='ocrx_word' id='word_1_311' title='bbox 1533 2407 1723 2460; x_wconf 85' lang='lat' dir='ltr'><strong>Omnes</strong></span> 
     </span>
    </p>
   </div>
   <div class='ocr_carea' id='block_1_40' title="bbox 145 2496 1723 2551">
    <p class='ocr_par' dir='ltr' id='par_1_40' title="bbox 145 2496 1723 2551">
     <span class='ocr_line' id='line_1_40' title="bbox 145 2496 1723 2551; baseline 0.002 -4"><span class='ocrx_word' id='word_1_312' title='bbox 145 2497 279 2548; x_wconf 86' lang='lat' dir='ltr'><strong>enim</strong></span> <span class='ocrx_word' id='word_1_313' title='bbox 309 2513 393 2548; x_wconf 78' lang='lat' dir='ltr'><strong>ros</strong></span> <span class='ocrx_word' id='word_1_314' title='bbox 419 2513 577 2548; x_wconf 81' lang='lat' dir='ltr'><strong>ununt</strong></span> <span class='ocrx_word' id='word_1_315' title='bbox 604 2498 721 2549; x_wconf 80' lang='lat' dir='ltr'><strong>estis</strong></span> <span class='ocrx_word' id='word_1_316' title='bbox 755 2498 805 2550; x_wconf 81' lang='lat' dir='ltr'><strong>in</strong></span> <span class='ocrx_word' id='word_1_317' title='bbox 832 2496 1036 2548; x_wconf 78' lang='lat' dir='ltr'><strong>Christo</strong></span> <span class='ocrx_word' id='word_1_318' title='bbox 1061 2497 1206 2550; x_wconf 78' lang='lat' dir='ltr'><strong>Jesu.</strong></span> <span class='ocrx_word' id='word_1_319' title='bbox 1264 2497 1370 2551; x_wconf 81' lang='lat' dir='ltr'><strong>Nec</strong></span> <span class='ocrx_word' id='word_1_320' title='bbox 1394 2496 1610 2550; x_wconf 67' lang='lat' dir='ltr'><strong>Juda‘us</strong></span> <span class='ocrx_word' id='word_1_321' title='bbox 1646 2499 1723 2551; x_wconf 86' lang='lat' dir='ltr'><strong>id-</strong></span> 
     </span>
    </p>
   </div>
   <div class='ocr_carea' id='block_1_41' title="bbox 147 2587 1722 2657">
    <p class='ocr_par' dir='ltr' id='par_1_41' title="bbox 147 2587 1722 2657">
     <span class='ocr_line' id='line_1_41' title="bbox 147 2587 1722 2657; baseline 0.003 -18"><span class='ocrx_word' id='word_1_322' title='bbox 147 2587 291 2640; x_wconf 90' lang='lat' dir='ltr'><strong>circo</strong></span> <span class='ocrx_word' id='word_1_323' title='bbox 320 2588 508 2639; x_wconf 84' lang='lat' dir='ltr'><strong>melior</strong></span> <span class='ocrx_word' id='word_1_324' title='bbox 549 2597 629 2640; x_wconf 89' lang='lat' dir='ltr'><strong>est</strong></span> <span class='ocrx_word' id='word_1_325' title='bbox 656 2628 669 2649; x_wconf 95' lang='lat'><strong>,</strong></span> <span class='ocrx_word' id='word_1_326' title='bbox 709 2588 830 2655; x_wconf 86' lang='lat' dir='ltr'><strong>quia</strong></span> <span class='ocrx_word' id='word_1_327' title='bbox 859 2588 1209 2641; x_wconf 81' lang='lat' dir='ltr'><strong>circumcisus</strong></span> <span class='ocrx_word' id='word_1_328' title='bbox 1236 2595 1348 2651; x_wconf 81' lang='lat' dir='ltr'><strong>est,</strong></span> <span class='ocrx_word' id='word_1_329' title='bbox 1381 2603 1479 2642; x_wconf 90' lang='lat' dir='ltr'><strong>nec</strong></span> <span class='ocrx_word' id='word_1_330' title='bbox 1510 2589 1722 2657; x_wconf 79' lang='lat' dir='ltr'><strong>gentilis</strong></span> 
     </span>
    </p>
   </div>
   <div class='ocr_carea' id='block_1_42' title="bbox 146 2672 1720 2744">
    <p class='ocr_par' dir='ltr' id='par_1_42' title="bbox 146 2672 1720 2744">
     <span class='ocr_line' id='line_1_42' title="bbox 146 2672 1720 2744; baseline 0.003 -20"><span class='ocrx_word' id='word_1_331' title='bbox 146 2672 263 2727; x_wconf 86' lang='lat' dir='ltr'><strong>ideo</strong></span> <span class='ocrx_word' id='word_1_332' title='bbox 295 2675 550 2737; x_wconf 82' lang='lat' dir='ltr'><strong>deterior,</strong></span> <span class='ocrx_word' id='word_1_333' title='bbox 583 2675 703 2742; x_wconf 88' lang='lat' dir='ltr'><strong>quia</strong></span> <span class='ocrx_word' id='word_1_334' title='bbox 732 2676 1050 2744; x_wconf 68' lang='lat' dir='ltr'><strong>prchutium</strong></span> <span class='ocrx_word' id='word_1_335' title='bbox 1086 2676 1278 2736; x_wconf 89' lang='lat' dir='ltr'><strong>habet,</strong></span> <span class='ocrx_word' id='word_1_336' title='bbox 1317 2676 1407 2728; x_wconf 89' lang='lat' dir='ltr'><strong>sed</strong></span> <span class='ocrx_word' id='word_1_337' title='bbox 1431 2691 1527 2742; x_wconf 89' lang='lat' dir='ltr'><strong>pro</strong></span> <span class='ocrx_word' id='word_1_338' title='bbox 1553 2677 1720 2744; x_wconf 88' lang='lat' dir='ltr'><strong>quali-</strong></span> 
     </span>
    </p>
   </div>
   <div class='ocr_carea' id='block_1_43' title="bbox 146 2764 1722 2830">
    <p class='ocr_par' dir='ltr' id='par_1_43' title="bbox 146 2764 1722 2830">
     <span class='ocr_line' id='line_1_43' title="bbox 146 2764 1722 2830; baseline 0.003 -15"><span class='ocrx_word' id='word_1_339' title='bbox 146 2771 252 2817; x_wconf 84' lang='lat' dir='ltr'><strong>tate</strong></span> <span class='ocrx_word' id='word_1_340' title='bbox 286 2764 426 2830; x_wconf 88' lang='lat' dir='ltr'><strong>ﬁdei,</strong></span> <span class='ocrx_word' id='word_1_341' title='bbox 457 2766 539 2818; x_wconf 87' lang='lat' dir='ltr'><strong>vcl</strong></span> <span class='ocrx_word' id='word_1_342' title='bbox 571 2764 805 2828; x_wconf 68' lang='grc' dir='ltr'><strong>Ιιιίιωιιε,</strong></span> <span class='ocrx_word' id='word_1_343' title='bbox 831 2765 913 2818; x_wconf 89' lang='lat' dir='ltr'><strong>vel</strong></span> <span class='ocrx_word' id='word_1_344' title='bbox 935 2765 1155 2819; x_wconf 74' lang='lat' dir='ltr'><strong>Grrccus</strong></span> <span class='ocrx_word' id='word_1_345' title='bbox 1185 2765 1393 2827; x_wconf 83' lang='lat' dir='ltr'><strong>melior,</strong></span> <span class='ocrx_word' id='word_1_346' title='bbox 1427 2765 1540 2819; x_wconf 87' lang='lat' dir='ltr'><strong>sive</strong></span> <span class='ocrx_word' id='word_1_347' title='bbox 1580 2767 1722 2819; x_wconf 85' lang='lat' dir='ltr'><strong>dcte-</strong></span> 
     </span>
    </p>
   </div>
   <div class='ocr_carea' id='block_1_44' title="bbox 147 2854 1720 2924">
    <p class='ocr_par' dir='ltr' id='par_1_44' title="bbox 147 2854 1720 2924">
     <span class='ocr_line' id='line_1_44' title="bbox 147 2854 1720 2924; baseline 0.001 -17"><span class='ocrx_word' id='word_1_348' title='bbox 147 2854 271 2908; x_wconf 92' lang='lat' dir='ltr'><strong>rior.</strong></span> <span class='ocrx_word' id='word_1_349' title='bbox 314 2854 511 2908; x_wconf 86' lang='lat' dir='ltr'><strong>Servus</strong></span> <span class='ocrx_word' id='word_1_350' title='bbox 536 2870 747 2924; x_wconf 89' lang='lat' dir='ltr'><strong>quoque</strong></span> <span class='ocrx_word' id='word_1_351' title='bbox 774 2863 827 2908; x_wconf 90' lang='lat' dir='ltr'><strong>et</strong></span> <span class='ocrx_word' id='word_1_352' title='bbox 850 2855 984 2908; x_wconf 90' lang='lat' dir='ltr'><strong>liber</strong></span> <span class='ocrx_word' id='word_1_353' title='bbox 1007 2871 1109 2908; x_wconf 93' lang='lat' dir='ltr'><strong>non</strong></span> <span class='ocrx_word' id='word_1_354' title='bbox 1136 2855 1438 2908; x_wconf 85' lang='lat' dir='ltr'><strong>conditione</strong></span> <span class='ocrx_word' id='word_1_355' title='bbox 1467 2869 1720 2923; x_wconf 86' lang='lat' dir='ltr'><strong>separan-</strong></span> 
     </span>
    </p>
   </div>
   <div class='ocr_carea' id='block_1_45' title="bbox 146 2945 1720 3012">
    <p class='ocr_par' dir='ltr' id='par_1_45' title="bbox 146 2945 1720 3012">
     <span class='ocr_line' id='line_1_45' title="bbox 146 2945 1720 3012; baseline 0.001 -14"><span class='ocrx_word' id='word_1_356' title='bbox 146 2953 247 3007; x_wconf 89' lang='lat' dir='ltr'><strong>tur,</strong></span> <span class='ocrx_word' id='word_1_357' title='bbox 282 2945 373 2999; x_wconf 91' lang='lat' dir='ltr'><strong>sed</strong></span> <span class='ocrx_word' id='word_1_358' title='bbox 404 2945 539 3008; x_wconf 89' lang='lat' dir='ltr'><strong>ﬁde,</strong></span> <span class='ocrx_word' id='word_1_359' title='bbox 571 2947 693 3012; x_wconf 89' lang='lat' dir='ltr'><strong>quia</strong></span> <span class='ocrx_word' id='word_1_360' title='bbox 721 2955 896 3012; x_wconf 86' lang='lat' dir='ltr'><strong>potest</strong></span> <span class='ocrx_word' id='word_1_361' title='bbox 929 2952 982 2998; x_wconf 91' lang='lat' dir='ltr'><strong>et</strong></span> <span class='ocrx_word' id='word_1_362' title='bbox 1008 2961 1194 2999; x_wconf 85' lang='lat' dir='ltr'><strong>servus</strong></span> <span class='ocrx_word' id='word_1_363' title='bbox 1229 2945 1399 2998; x_wconf 91' lang='lat' dir='ltr'><strong>libero</strong></span> <span class='ocrx_word' id='word_1_364' title='bbox 1445 2959 1564 2998; x_wconf 85' lang='lat' dir='ltr'><strong>esse</strong></span> <span class='ocrx_word' id='word_1_365' title='bbox 1614 2962 1720 2999; x_wconf 86' lang='lat' dir='ltr'><strong>me-</strong></span> 
     </span>
    </p>
   </div>
   <div class='ocr_carea' id='block_1_46' title="bbox 144 3034 1713 3102">
    <p class='ocr_par' dir='ltr' id='par_1_46' title="bbox 144 3034 1713 3102">
     <span class='ocr_line' id='line_1_46' title="bbox 144 3034 1713 3102; baseline 0 -16"><span class='ocrx_word' id='word_1_366' title='bbox 144 3035 263 3097; x_wconf 89' lang='lat' dir='ltr'><strong>lior,</strong></span> <span class='ocrx_word' id='word_1_367' title='bbox 307 3045 361 3089; x_wconf 89' lang='lat' dir='ltr'><strong>et</strong></span> <span class='ocrx_word' id='word_1_368' title='bbox 405 3035 539 3088; x_wconf 83' lang='lat' dir='ltr'><strong>liber</strong></span> <span class='ocrx_word' id='word_1_369' title='bbox 565 3050 778 3088; x_wconf 86' lang='lat' dir='ltr'><strong>servum</strong></span> <span class='ocrx_word' id='word_1_370' title='bbox 829 3035 881 3087; x_wconf 90' lang='lat' dir='ltr'><strong>in</strong></span> <span class='ocrx_word' id='word_1_371' title='bbox 917 3034 1037 3088; x_wconf 88' lang='lat' dir='ltr'><strong>ﬁdei</strong></span> <span class='ocrx_word' id='word_1_372' title='bbox 1075 3034 1332 3102; x_wconf 89' lang='lat' dir='ltr'><strong>qualitate</strong></span> <span class='ocrx_word' id='word_1_373' title='bbox 1372 3044 1713 3102; x_wconf 68' lang='lat' dir='ltr'><strong>praevertere.</strong></span> 
     </span>
    </p>
   </div>
   <div class='ocr_carea' id='block_1_47' title="bbox 143 3122 1716 3178">
    <p class='ocr_par' dir='ltr' id='par_1_47' title="bbox 143 3122 1716 3178">
     <span class='ocr_line' id='line_1_47' title="bbox 143 3122 1716 3178; baseline 0.001 -4"><span class='ocrx_word' id='word_1_374' title='bbox 143 3123 405 3177; x_wconf 81' lang='lat' dir='ltr'><strong>Masculus</strong></span> <span class='ocrx_word' id='word_1_375' title='bbox 430 3124 676 3177; x_wconf 85' lang='lat' dir='ltr'><strong>similiter</strong></span> <span class='ocrx_word' id='word_1_376' title='bbox 702 3132 754 3177; x_wconf 91' lang='lat' dir='ltr'><strong>et</strong></span> <span class='ocrx_word' id='word_1_377' title='bbox 781 3123 976 3178; x_wconf 80' lang='lat' dir='ltr'><strong>femina</strong></span> <span class='ocrx_word' id='word_1_378' title='bbox 1007 3123 1318 3177; x_wconf 86' lang='lat' dir='ltr'><strong>fortitudine</strong></span> <span class='ocrx_word' id='word_1_379' title='bbox 1349 3131 1403 3176; x_wconf 88' lang='lat' dir='ltr'><strong>et</strong></span> <span class='ocrx_word' id='word_1_380' title='bbox 1438 3122 1716 3177; x_wconf 87' lang='lat' dir='ltr'><strong>imbecilli-</strong></span> 
     </span>
    </p>
   </div>
   <div class='ocr_carea' id='block_1_48' title="bbox 1833 1947 2715 2006">
    <p class='ocr_par' dir='ltr' id='par_1_48' title="bbox 1833 1947 2715 2006">
     <span class='ocr_line' id='line_1_48' title="bbox 1833 1947 2715 2006; baseline 0.008 -7"><span class='ocrx_word' id='word_1_381' title='bbox 1833 1962 1955 2002; x_wconf 87' lang='lat' dir='ltr'><strong>area</strong></span> <span class='ocrx_word' id='word_1_382' title='bbox 1990 1947 2316 2002; x_wconf 78' lang='lat' dir='ltr'><strong>frumentum</strong></span> <span class='ocrx_word' id='word_1_383' title='bbox 2349 1950 2548 2004; x_wconf 90' lang='lat' dir='ltr'><strong>inventi</strong></span> <span class='ocrx_word' id='word_1_384' title='bbox 2573 1961 2715 2006; x_wconf 84' lang='lat' dir='ltr'><strong>sunt.</strong></span> 
     </span>
    </p>
   </div>
   <div class='ocr_carea' id='block_1_49' title="bbox 1903 2033 3402 2109">
    <p class='ocr_par' dir='ltr' id='par_1_49' title="bbox 1903 2033 3402 2109">
     <span class='ocr_line' id='line_1_49' title="bbox 1903 2033 3402 2109; baseline 0.006 -21"><span class='ocrx_word' id='word_1_385' title='bbox 1903 2033 1963 2088; x_wconf 84' lang='lat' dir='ltr'><strong>Si</strong></span> <span class='ocrx_word' id='word_1_386' title='bbox 1988 2045 2160 2088; x_wconf 86' lang='lat' dir='ltr'><strong>autem</strong></span> <span class='ocrx_word' id='word_1_387' title='bbox 2185 2052 2269 2089; x_wconf 87' lang='lat' dir='ltr'><strong>vos</strong></span> <span class='ocrx_word' id='word_1_388' title='bbox 2295 2034 2509 2104; x_wconf 79' lang='lat' dir='ltr'><strong>Christi,</strong></span> <span class='ocrx_word' id='word_1_389' title='bbox 2559 2057 2680 2109; x_wconf 88' lang='lat' dir='ltr'><strong>ergo</strong></span> <span class='ocrx_word' id='word_1_390' title='bbox 2719 2039 2944 2092; x_wconf 75' lang='lat' dir='ltr'><strong>Abrahw</strong></span> <span class='ocrx_word' id='word_1_391' title='bbox 2979 2057 3149 2094; x_wconf 81' lang='lat' dir='ltr'><strong>semen</strong></span> <span class='ocrx_word' id='word_1_392' title='bbox 3172 2043 3292 2096; x_wconf 84' lang='lat' dir='ltr'><strong>estis</strong></span> <span class='ocrx_word' id='word_1_393' title='bbox 3320 2060 3402 2097; x_wconf 90' lang='lat' dir='ltr'><strong>se-</strong></span> 
     </span>
    </p>
   </div>
   <div class='ocr_carea' id='block_1_50' title="bbox 1831 2128 3404 2199">
    <p class='ocr_par' dir='ltr' id='par_1_50' title="bbox 1831 2128 3404 2199">
     <span class='ocr_line' id='line_1_50' title="bbox 1831 2128 3404 2199; baseline 0.006 -21"><span class='ocrx_word' id='word_1_394' title='bbox 1831 2128 2059 2180; x_wconf 82' lang='lat' dir='ltr'><strong>eundum</strong></span> <span class='ocrx_word' id='word_1_395' title='bbox 2085 2128 2484 2196; x_wconf 83' lang='lat' dir='ltr'><strong>promissionem</strong></span> <span class='ocrx_word' id='word_1_396' title='bbox 2512 2132 2761 2184; x_wconf 73' lang='lat' dir='ltr'><strong>hwredes.</strong></span> <span class='ocrx_word' id='word_1_397' title='bbox 2813 2131 2992 2198; x_wconf 82' lang='lat' dir='ltr'><strong>Quare</strong></span> <span class='ocrx_word' id='word_1_398' title='bbox 3018 2133 3404 2199; x_wconf 91' lang='lat' dir='ltr'><strong>promissiones</strong></span> 
     </span>
    </p>
   </div>
   <div class='ocr_carea' id='block_1_51' title="bbox 1829 2218 3404 2293">
    <p class='ocr_par' dir='ltr' id='par_1_51' title="bbox 1829 2218 3404 2293">
     <span class='ocr_line' id='line_1_51' title="bbox 1829 2218 3404 2293; baseline 0.007 -23"><span class='ocrx_word' id='word_1_399' title='bbox 1829 2220 1895 2271; x_wconf 87' lang='lat' dir='ltr'><strong>ad</strong></span> <span class='ocrx_word' id='word_1_400' title='bbox 1918 2218 2189 2273; x_wconf 84' lang='lat' dir='ltr'><strong>Abraham</strong></span> <span class='ocrx_word' id='word_1_401' title='bbox 2215 2229 2268 2273; x_wconf 90' lang='lat' dir='ltr'><strong>et</strong></span> <span class='ocrx_word' id='word_1_402' title='bbox 2297 2235 2480 2275; x_wconf 90' lang='lat' dir='ltr'><strong>semen</strong></span> <span class='ocrx_word' id='word_1_403' title='bbox 2502 2222 2616 2290; x_wconf 89' lang='lat' dir='ltr'><strong>ejus</strong></span> <span class='ocrx_word' id='word_1_404' title='bbox 2640 2222 2792 2276; x_wconf 69' lang='lat' dir='ltr'><strong>factae</strong></span> <span class='ocrx_word' id='word_1_405' title='bbox 2813 2232 2956 2288; x_wconf 90' lang='lat' dir='ltr'><strong>sunt,</strong></span> <span class='ocrx_word' id='word_1_406' title='bbox 2980 2226 3119 2293; x_wconf 88' lang='lat' dir='ltr'><strong>quod</strong></span> <span class='ocrx_word' id='word_1_407' title='bbox 3143 2235 3227 2281; x_wconf 88' lang='lat' dir='ltr'><strong>cst</strong></span> <span class='ocrx_word' id='word_1_408' title='bbox 3249 2227 3404 2281; x_wconf 88' lang='lat' dir='ltr'><strong>Chri-</strong></span> 
     </span>
    </p>
   </div>
   <div class='ocr_carea' id='block_1_52' title="bbox 1829 2305 3400 2380">
    <p class='ocr_par' dir='ltr' id='par_1_52' title="bbox 1829 2305 3400 2380">
     <span class='ocr_line' id='line_1_52' title="bbox 1829 2305 3400 2380; baseline 0.005 -19"><span class='ocrx_word' id='word_1_409' title='bbox 1829 2318 1943 2362; x_wconf 73' lang='lat' dir='ltr'><strong>stus</strong></span> <span class='ocrx_word' id='word_1_410' title='bbox 1969 2305 2143 2363; x_wconf 83' lang='lat' dir='ltr'><strong>Jesus.</strong></span> <span class='ocrx_word' id='word_1_411' title='bbox 2185 2307 2590 2378; x_wconf 89' lang='lat' dir='ltr'><strong>Consequenter</strong></span> <span class='ocrx_word' id='word_1_412' title='bbox 2621 2311 2694 2372; x_wconf 91' lang='lat' dir='ltr'><strong>hi,</strong></span> <span class='ocrx_word' id='word_1_413' title='bbox 2728 2311 2819 2380; x_wconf 87' lang='lat' dir='ltr'><strong>qui</strong></span> <span class='ocrx_word' id='word_1_414' title='bbox 2845 2310 3043 2366; x_wconf 88' lang='lat' dir='ltr'><strong>Christi</strong></span> <span class='ocrx_word' id='word_1_415' title='bbox 3077 2312 3191 2379; x_wconf 83' lang='lat' dir='ltr'><strong>filii,</strong></span> <span class='ocrx_word' id='word_1_416' title='bbox 3223 2315 3274 2369; x_wconf 90' lang='lat' dir='ltr'><strong>id</strong></span> <span class='ocrx_word' id='word_1_417' title='bbox 3295 2323 3400 2379; x_wconf 88' lang='lat' dir='ltr'><strong>est,</strong></span> 
     </span>
    </p>
   </div>
   <div class='ocr_carea' id='block_1_53' title="bbox 1829 2397 3399 2472">
    <p class='ocr_par' dir='ltr' id='par_1_53' title="bbox 1829 2397 3399 2472">
     <span class='ocr_line' id='line_1_53' title="bbox 1829 2397 3399 2472; baseline 0.005 -21"><span class='ocrx_word' id='word_1_418' title='bbox 1829 2413 2012 2451; x_wconf 86' lang='lat' dir='ltr'><strong>semen</strong></span> <span class='ocrx_word' id='word_1_419' title='bbox 2044 2397 2158 2465; x_wconf 84' lang='lat' dir='ltr'><strong>ejus</strong></span> <span class='ocrx_word' id='word_1_420' title='bbox 2180 2408 2324 2464; x_wconf 91' lang='lat' dir='ltr'><strong>sunt,</strong></span> <span class='ocrx_word' id='word_1_421' title='bbox 2361 2415 2542 2454; x_wconf 89' lang='lat' dir='ltr'><strong>semen</strong></span> <span class='ocrx_word' id='word_1_422' title='bbox 2569 2416 2782 2470; x_wconf 89' lang='lat' dir='ltr'><strong>quoque</strong></span> <span class='ocrx_word' id='word_1_423' title='bbox 2823 2403 3074 2456; x_wconf 91' lang='lat' dir='ltr'><strong>dicuntur</strong></span> <span class='ocrx_word' id='word_1_424' title='bbox 3103 2404 3399 2472; x_wconf 82' lang='lat' dir='ltr'><strong>Abraham,</strong></span> 
     </span>
    </p>
   </div>
   <div class='ocr_carea' id='block_1_54' title="bbox 1825 2489 3401 2567">
    <p class='ocr_par' dir='ltr' id='par_1_54' title="bbox 1825 2489 3401 2567">
     <span class='ocr_line' id='line_1_54' title="bbox 1825 2489 3401 2567; baseline 0.008 -25"><span class='ocrx_word' id='word_1_425' title='bbox 1825 2489 1977 2558; x_wconf 90' lang='lat' dir='ltr'><strong>cujus</strong></span> <span class='ocrx_word' id='word_1_426' title='bbox 2003 2499 2128 2544; x_wconf 85' lang='lat' dir='ltr'><strong>sunt</strong></span> <span class='ocrx_word' id='word_1_427' title='bbox 2156 2506 2338 2544; x_wconf 88' lang='lat' dir='ltr'><strong>semen</strong></span> <span class='ocrx_word' id='word_1_428' title='bbox 2375 2507 2441 2545; x_wconf 82' lang='lat' dir='ltr'><strong>ex</strong></span> <span class='ocrx_word' id='word_1_429' title='bbox 2475 2494 2700 2548; x_wconf 90' lang='lat' dir='ltr'><strong>semine.</strong></span> <span class='ocrx_word' id='word_1_430' title='bbox 2747 2493 2945 2549; x_wconf 86' lang='lat' dir='ltr'><strong>Verum</strong></span> <span class='ocrx_word' id='word_1_431' title='bbox 2977 2499 3401 2567; x_wconf 89' lang='lat' dir='ltr'><strong>quotiescunque</strong></span> 
     </span>
    </p>
   </div>
   <div class='ocr_carea' id='block_1_55' title="bbox 1826 2581 3398 2654">
    <p class='ocr_par' dir='ltr' id='par_1_55' title="bbox 1826 2581 3398 2654">
     <span class='ocr_line' id='line_1_55' title="bbox 1826 2581 3398 2654; baseline 0.008 -23"><span class='ocrx_word' id='word_1_432' title='bbox 1826 2581 2083 2635; x_wconf 88' lang='lat' dir='ltr'><strong>Dominus</strong></span> <span class='ocrx_word' id='word_1_433' title='bbox 2139 2591 2322 2635; x_wconf 88' lang='lat' dir='ltr'><strong>noster</strong></span> <span class='ocrx_word' id='word_1_434' title='bbox 2376 2582 2533 2638; x_wconf 85' lang='lat' dir='ltr'><strong>Jcsus</strong></span> <span class='ocrx_word' id='word_1_435' title='bbox 2571 2599 2753 2639; x_wconf 87' lang='lat' dir='ltr'><strong>semen</strong></span> <span class='ocrx_word' id='word_1_436' title='bbox 2795 2586 3025 2642; x_wconf 75' lang='lat' dir='ltr'><strong>Abrahte</strong></span> <span class='ocrx_word' id='word_1_437' title='bbox 3069 2590 3398 2654; x_wconf 86' lang='lat' dir='ltr'><strong>nominatur,</strong></span> 
     </span>
    </p>
   </div>
   <div class='ocr_carea' id='block_1_56' title="bbox 1825 2670 3400 2748">
    <p class='ocr_par' dir='ltr' id='par_1_56' title="bbox 1825 2670 3400 2748">
     <span class='ocr_line' id='line_1_56' title="bbox 1825 2670 3400 2748; baseline 0.006 -25"><span class='ocrx_word' id='word_1_438' title='bbox 1825 2670 2177 2738; x_wconf 87' lang='lat' dir='ltr'><strong>corporaliter</strong></span> <span class='ocrx_word' id='word_1_439' title='bbox 2201 2672 2539 2726; x_wconf 89' lang='lat' dir='ltr'><strong>sentiendum</strong></span> <span class='ocrx_word' id='word_1_440' title='bbox 2567 2682 2678 2737; x_wconf 90' lang='lat' dir='ltr'><strong>est,</strong></span> <span class='ocrx_word' id='word_1_441' title='bbox 2719 2676 2861 2743; x_wconf 88' lang='lat' dir='ltr'><strong>quod</strong></span> <span class='ocrx_word' id='word_1_442' title='bbox 2886 2689 2953 2729; x_wconf 83' lang='lat' dir='ltr'><strong>ex</strong></span> <span class='ocrx_word' id='word_1_443' title='bbox 2975 2674 3090 2742; x_wconf 90' lang='lat' dir='ltr'><strong>ejus</strong></span> <span class='ocrx_word' id='word_1_444' title='bbox 3119 2677 3284 2747; x_wconf 90' lang='lat' dir='ltr'><strong>stirpe</strong></span> <span class='ocrx_word' id='word_1_445' title='bbox 3309 2693 3400 2748; x_wconf 82' lang='lat' dir='ltr'><strong>ge—</strong></span> 
     </span>
    </p>
   </div>
   <div class='ocr_carea' id='block_1_57' title="bbox 1823 2762 3398 2835">
    <p class='ocr_par' dir='ltr' id='par_1_57' title="bbox 1823 2762 3398 2835">
     <span class='ocr_line' id='line_1_57' title="bbox 1823 2762 3398 2835; baseline 0.008 -21"><span class='ocrx_word' id='word_1_446' title='bbox 1823 2770 2062 2814; x_wconf 87' lang='lat' dir='ltr'><strong>neretur.</strong></span> <span class='ocrx_word' id='word_1_447' title='bbox 2103 2762 2324 2827; x_wconf 84' lang='lat' dir='ltr'><strong>Quoties</strong></span> <span class='ocrx_word' id='word_1_448' title='bbox 2351 2770 2529 2817; x_wconf 88' lang='lat' dir='ltr'><strong>autem</strong></span> <span class='ocrx_word' id='word_1_449' title='bbox 2562 2779 2678 2830; x_wconf 91' lang='lat' dir='ltr'><strong>nos,</strong></span> <span class='ocrx_word' id='word_1_450' title='bbox 2709 2767 2800 2835; x_wconf 89' lang='lat' dir='ltr'><strong>qui</strong></span> <span class='ocrx_word' id='word_1_451' title='bbox 2833 2765 3126 2822; x_wconf 88' lang='lat' dir='ltr'><strong>Salvatoris</strong></span> <span class='ocrx_word' id='word_1_452' title='bbox 3151 2783 3398 2826; x_wconf 82' lang='lat' dir='ltr'><strong>sermone</strong></span> 
     </span>
    </p>
   </div>
   <div class='ocr_carea' id='block_1_58' title="bbox 1822 2852 3397 2926">
    <p class='ocr_par' dir='ltr' id='par_1_58' title="bbox 1822 2852 3397 2926">
     <span class='ocr_line' id='line_1_58' title="bbox 1822 2852 3397 2926; baseline 0.007 -21"><span class='ocrx_word' id='word_1_453' title='bbox 1822 2860 2071 2920; x_wconf 83' lang='lat' dir='ltr'><strong>suscepto</strong></span> <span class='ocrx_word' id='word_1_454' title='bbox 2098 2852 2420 2907; x_wconf 86' lang='lat' dir='ltr'><strong>credidimus</strong></span> <span class='ocrx_word' id='word_1_455' title='bbox 2448 2854 2502 2907; x_wconf 92' lang='lat' dir='ltr'><strong>in</strong></span> <span class='ocrx_word' id='word_1_456' title='bbox 2541 2869 2663 2907; x_wconf 92' lang='lat' dir='ltr'><strong>eum</strong></span> <span class='ocrx_word' id='word_1_457' title='bbox 2682 2893 2700 2920; x_wconf 92' lang='lat'><strong>,</strong></span> <span class='ocrx_word' id='word_1_458' title='bbox 2740 2864 2794 2908; x_wconf 90' lang='lat' dir='ltr'><strong>et</strong></span> <span class='ocrx_word' id='word_1_459' title='bbox 2827 2856 3156 2912; x_wconf 88' lang='lat' dir='ltr'><strong>nobilitatem</strong></span> <span class='ocrx_word' id='word_1_460' title='bbox 3185 2861 3397 2926; x_wconf 86' lang='lat' dir='ltr'><strong>generis</strong></span> 
     </span>
    </p>
   </div>
   <div class='ocr_carea' id='block_1_59' title="bbox 1820 2941 3393 3016">
    <p class='ocr_par' dir='ltr' id='par_1_59' title="bbox 1820 2941 3393 3016">
     <span class='ocr_line' id='line_1_59' title="bbox 1820 2941 3393 3016; baseline 0.006 -24"><span class='ocrx_word' id='word_1_461' title='bbox 1820 2941 2073 3004; x_wconf 76' lang='lat' dir='ltr'><strong>Abrahae,</strong></span> <span class='ocrx_word' id='word_1_462' title='bbox 2100 2941 2167 2995; x_wconf 90' lang='lat' dir='ltr'><strong>ad</strong></span> <span class='ocrx_word' id='word_1_463' title='bbox 2190 2957 2347 3009; x_wconf 89' lang='lat' dir='ltr'><strong>quem</strong></span> <span class='ocrx_word' id='word_1_464' title='bbox 2380 2951 2464 2995; x_wconf 89' lang='lat' dir='ltr'><strong>est</strong></span> <span class='ocrx_word' id='word_1_465' title='bbox 2505 2944 2791 3011; x_wconf 88' lang='lat' dir='ltr'><strong>promissio</strong></span> <span class='ocrx_word' id='word_1_466' title='bbox 2835 2943 2994 3006; x_wconf 89' lang='lat' dir='ltr'><strong>facta,</strong></span> <span class='ocrx_word' id='word_1_467' title='bbox 3038 2948 3393 3016; x_wconf 90' lang='lat' dir='ltr'><strong>suscepimus,</strong></span> 
     </span>
    </p>
   </div>
   <div class='ocr_carea' id='block_1_60' title="bbox 1818 3025 3396 3106">
    <p class='ocr_par' dir='ltr' id='par_1_60' title="bbox 1818 3025 3396 3106">
     <span class='ocr_line' id='line_1_60' title="bbox 1818 3025 3396 3106; baseline 0.005 -23"><span class='ocrx_word' id='word_1_468' title='bbox 1818 3030 2133 3099; x_wconf 79' lang='lat' dir='ltr'><strong>Spiritaliter</strong></span> <span class='ocrx_word' id='word_1_469' title='bbox 2164 3045 2346 3085; x_wconf 90' lang='lat' dir='ltr'><strong>semen</strong></span> <span class='ocrx_word' id='word_1_470' title='bbox 2374 3030 2496 3084; x_wconf 89' lang='lat' dir='ltr'><strong>ﬁdei</strong></span> <span class='ocrx_word' id='word_1_471' title='bbox 2528 3041 2581 3084; x_wconf 91' lang='lat' dir='ltr'><strong>et</strong></span> <span class='ocrx_word' id='word_1_472' title='bbox 2606 3033 3001 3099; x_wconf 77' lang='lat' dir='ltr'><strong>przedicationis</strong></span> <span class='ocrx_word' id='word_1_473' title='bbox 3032 3036 3280 3106; x_wconf 87' lang='lat' dir='ltr'><strong>accipere</strong></span> <span class='ocrx_word' id='word_1_474' title='bbox 3309 3025 3396 3091; x_wconf 85' lang='lat' dir='ltr'><strong>de-</strong></span> 
     </span>
    </p>
   </div>
   <div class='ocr_carea' id='block_1_61' title="bbox 1818 3120 3398 3195">
    <p class='ocr_par' dir='ltr' id='par_1_61' title="bbox 1818 3120 3398 3195">
     <span class='ocr_line' id='line_1_61' title="bbox 1818 3120 3398 3195; baseline 0.005 -21"><span class='ocrx_word' id='word_1_475' title='bbox 1818 3121 2028 3174; x_wconf 89' lang='lat' dir='ltr'><strong>bemus.</strong></span> <span class='ocrx_word' id='word_1_476' title='bbox 2051 3120 2253 3175; x_wconf 88' lang='lat' dir='ltr'><strong>Deinde</strong></span> <span class='ocrx_word' id='word_1_477' title='bbox 2274 3121 2436 3174; x_wconf 90' lang='lat' dir='ltr'><strong>etiam</strong></span> <span class='ocrx_word' id='word_1_478' title='bbox 2460 3121 2561 3175; x_wconf 90' lang='lat' dir='ltr'><strong>hoc</strong></span> <span class='ocrx_word' id='word_1_479' title='bbox 2584 3123 3051 3189; x_wconf 86' lang='lat' dir='ltr'><strong>considerandum,</strong></span> <span class='ocrx_word' id='word_1_480' title='bbox 3069 3125 3208 3194; x_wconf 90' lang='lat' dir='ltr'><strong>quod</strong></span> <span class='ocrx_word' id='word_1_481' title='bbox 3223 3142 3398 3195; x_wconf 88' lang='lat' dir='ltr'><strong>quan-</strong></span> 
     </span>
    </p>
   </div>
   <div class='ocr_carea' id='block_1_62' title="bbox 141 3192 3395 3282">
    <p class='ocr_par' dir='ltr' id='par_1_62' title="bbox 141 3192 3395 3282">
     <span class='ocr_line' id='line_1_62' title="bbox 141 3192 3395 3282; baseline 0.002 -18"><span class='ocrx_word' id='word_1_482' title='bbox 141 3221 246 3266; x_wconf 88' lang='lat' dir='ltr'><strong>tate</strong></span> <span class='ocrx_word' id='word_1_483' title='bbox 274 3228 561 3282; x_wconf 90' lang='lat' dir='ltr'><strong>corporum</strong></span> <span class='ocrx_word' id='word_1_484' title='bbox 599 3223 938 3280; x_wconf 88' lang='lat' dir='ltr'><strong>separantur.</strong></span> <span class='ocrx_word' id='word_1_485' title='bbox 977 3214 1241 3267; x_wconf 72' lang='lat' dir='ltr'><strong>Cmterum</strong></span> <span class='ocrx_word' id='word_1_486' title='bbox 1278 3211 1409 3266; x_wconf 90' lang='lat' dir='ltr'><strong>fldes</strong></span> <span class='ocrx_word' id='word_1_487' title='bbox 1445 3228 1542 3282; x_wconf 88' lang='lat' dir='ltr'><strong>pro</strong></span> <span class='ocrx_word' id='word_1_488' title='bbox 1573 3227 1716 3266; x_wconf 81' lang='lat' dir='ltr'><strong>men-</strong></span> <span class='ocrx_word' id='word_1_489' title='bbox 1742 3192 1788 3254; x_wconf 69' lang='grc' dir='ltr'><strong>(ἶ</strong></span> <span class='ocrx_word' id='word_1_490' title='bbox 1819 3209 1887 3262; x_wconf 94' lang='lat' dir='ltr'><strong>do</strong></span> <span class='ocrx_word' id='word_1_491' title='bbox 1935 3210 2000 3262; x_wconf 91' lang='lat' dir='ltr'><strong>de</strong></span> <span class='ocrx_word' id='word_1_492' title='bbox 2045 3210 2270 3264; x_wconf 90' lang='lat' dir='ltr'><strong>Domino</strong></span> <span class='ocrx_word' id='word_1_493' title='bbox 2313 3209 2570 3279; x_wconf 91' lang='lat' dir='ltr'><strong>loquitur,</strong></span> <span class='ocrx_word' id='word_1_494' title='bbox 2621 3212 2688 3265; x_wconf 89' lang='lat' dir='ltr'><strong>ad</strong></span> <span class='ocrx_word' id='word_1_495' title='bbox 2715 3212 2990 3266; x_wconf 86' lang='lat' dir='ltr'><strong>Abraham</strong></span> <span class='ocrx_word' id='word_1_496' title='bbox 3024 3192 3202 3268; x_wconf 85' lang='lat' dir='ltr'><strong>autem</strong></span> <span class='ocrx_word' id='word_1_497' title='bbox 3238 3192 3395 3271; x_wconf 76' lang='lat' dir='ltr'><strong>dictae</strong></span> 
     </span>
    </p>
   </div>
   <div class='ocr_carea' id='block_1_63' title="bbox 142 3302 1716 3372">
    <p class='ocr_par' dir='ltr' id='par_1_63' title="bbox 142 3302 1716 3372">
     <span class='ocr_line' id='line_1_63' title="bbox 142 3302 1716 3372; baseline 0.001 -17"><span class='ocrx_word' id='word_1_498' title='bbox 142 3302 206 3357; x_wconf 85' lang='lat' dir='ltr'><strong>tis</strong></span> <span class='ocrx_word' id='word_1_499' title='bbox 230 3304 514 3358; x_wconf 88' lang='lat' dir='ltr'><strong>devotione</strong></span> <span class='ocrx_word' id='word_1_500' title='bbox 550 3313 841 3359; x_wconf 88' lang='lat' dir='ltr'><strong>censetur:</strong></span> <span class='ocrx_word' id='word_1_501' title='bbox 879 3312 932 3357; x_wconf 88' lang='lat' dir='ltr'><strong>et</strong></span> <span class='ocrx_word' id='word_1_502' title='bbox 959 3319 1098 3372; x_wconf 74' lang='lat' dir='ltr'><strong>sche</strong></span> <span class='ocrx_word' id='word_1_503' title='bbox 1121 3304 1299 3366; x_wconf 81' lang='lat' dir='ltr'><strong>venit,</strong></span> <span class='ocrx_word' id='word_1_504' title='bbox 1349 3311 1486 3356; x_wconf 91' lang='lat' dir='ltr'><strong>utet</strong></span> <span class='ocrx_word' id='word_1_505' title='bbox 1523 3303 1716 3358; x_wconf 89' lang='lat' dir='ltr'><strong>mulier</strong></span> 
     </span>
    </p>
   </div>
   <div class='ocr_carea' id='block_1_64' title="bbox 139 3393 1715 3464">
    <p class='ocr_par' dir='ltr' id='par_1_64' title="bbox 139 3393 1715 3464">
     <span class='ocr_line' id='line_1_64' title="bbox 139 3393 1715 3464; baseline 0.002 -20"><span class='ocrx_word' id='word_1_506' title='bbox 139 3393 253 3446; x_wconf 84' lang='lat' dir='ltr'><strong>viro</strong></span> <span class='ocrx_word' id='word_1_507' title='bbox 299 3409 460 3447; x_wconf 84' lang='lat' dir='ltr'><strong>causa</strong></span> <span class='ocrx_word' id='word_1_508' title='bbox 501 3393 692 3447; x_wconf 88' lang='lat' dir='ltr'><strong>salutis</strong></span> <span class='ocrx_word' id='word_1_509' title='bbox 733 3393 847 3456; x_wconf 88' lang='lat' dir='ltr'><strong>ﬁat,</strong></span> <span class='ocrx_word' id='word_1_510' title='bbox 875 3402 929 3446; x_wconf 89' lang='lat' dir='ltr'><strong>et</strong></span> <span class='ocrx_word' id='word_1_511' title='bbox 960 3393 1239 3447; x_wconf 87' lang='lat' dir='ltr'><strong>mulierem</strong></span> <span class='ocrx_word' id='word_1_512' title='bbox 1273 3393 1354 3446; x_wconf 87' lang='lat' dir='ltr'><strong>vir</strong></span> <span class='ocrx_word' id='word_1_513' title='bbox 1376 3394 1428 3446; x_wconf 93' lang='lat' dir='ltr'><strong>in</strong></span> <span class='ocrx_word' id='word_1_514' title='bbox 1462 3393 1715 3464; x_wconf 89' lang='lat' dir='ltr'><strong>religione</strong></span> 
     </span>
    </p>
   </div>
   <div class='ocr_carea' id='block_1_65' title="bbox 137 3482 1717 3550">
    <p class='ocr_par' dir='ltr' id='par_1_65' title="bbox 137 3482 1717 3550">
     <span class='ocr_line' id='line_1_65' title="bbox 137 3482 1717 3550; baseline 0.003 -17"><span class='ocrx_word' id='word_1_515' title='bbox 137 3484 423 3550; x_wconf 67' lang='lat' dir='ltr'><strong>przeccdat.</strong></span> <span class='ocrx_word' id='word_1_516' title='bbox 467 3482 600 3536; x_wconf 88' lang='lat' dir='ltr'><strong>Cum</strong></span> <span class='ocrx_word' id='word_1_517' title='bbox 631 3491 807 3535; x_wconf 90' lang='lat' dir='ltr'><strong>autem</strong></span> <span class='ocrx_word' id='word_1_518' title='bbox 840 3483 912 3535; x_wconf 90' lang='lat' dir='ltr'><strong>ita</strong></span> <span class='ocrx_word' id='word_1_519' title='bbox 943 3498 1002 3536; x_wconf 90' lang='lat' dir='ltr'><strong>se</strong></span> <span class='ocrx_word' id='word_1_520' title='bbox 1027 3497 1115 3536; x_wconf 90' lang='lat' dir='ltr'><strong>res</strong></span> <span class='ocrx_word' id='word_1_521' title='bbox 1152 3483 1376 3548; x_wconf 89' lang='lat' dir='ltr'><strong>haheat,</strong></span> <span class='ocrx_word' id='word_1_522' title='bbox 1424 3493 1478 3536; x_wconf 90' lang='lat' dir='ltr'><strong>et</strong></span> <span class='ocrx_word' id='word_1_523' title='bbox 1507 3492 1616 3536; x_wconf 89' lang='lat' dir='ltr'><strong>tota</strong></span> <span class='ocrx_word' id='word_1_524' title='bbox 1642 3485 1717 3537; x_wconf 86' lang='lat' dir='ltr'><strong>di-</strong></span> 
     </span>
    </p>
   </div>
   <div class='ocr_carea' id='block_1_66' title="bbox 139 3575 1714 3644">
    <p class='ocr_par' dir='ltr' id='par_1_66' title="bbox 139 3575 1714 3644">
     <span class='ocr_line' id='line_1_66' title="bbox 139 3575 1714 3644; baseline 0.003 -18"><span class='ocrx_word' id='word_1_525' title='bbox 139 3577 366 3629; x_wconf 87' lang='lat' dir='ltr'><strong>versitas</strong></span> <span class='ocrx_word' id='word_1_526' title='bbox 409 3577 653 3644; x_wconf 82' lang='lat' dir='ltr'><strong>generis,</strong></span> <span class='ocrx_word' id='word_1_527' title='bbox 701 3577 1053 3634; x_wconf 88' lang='lat' dir='ltr'><strong>conditionis.</strong></span> <span class='ocrx_word' id='word_1_528' title='bbox 1108 3587 1161 3629; x_wconf 88' lang='lat' dir='ltr'><strong>et</strong></span> <span class='ocrx_word' id='word_1_529' title='bbox 1199 3591 1484 3643; x_wconf 88' lang='lat' dir='ltr'><strong>corporum</strong></span> <span class='ocrx_word' id='word_1_530' title='bbox 1513 3575 1714 3630; x_wconf 89' lang='lat' dir='ltr'><strong>Christi</strong></span> 
     </span>
    </p>
   </div>
   <div class='ocr_carea' id='block_1_67' title="bbox 138 3665 1712 3734">
    <p class='ocr_par' dir='ltr' id='par_1_67' title="bbox 138 3665 1712 3734">
     <span class='ocr_line' id='line_1_67' title="bbox 138 3665 1712 3734; baseline 0.001 -16"><span class='ocrx_word' id='word_1_531' title='bbox 138 3666 458 3734; x_wconf 87' lang='lat' dir='ltr'><strong>baptismate</strong></span> <span class='ocrx_word' id='word_1_532' title='bbox 482 3707 496 3728; x_wconf 91' lang='lat'><strong>,</strong></span> <span class='ocrx_word' id='word_1_533' title='bbox 549 3674 604 3720; x_wconf 90' lang='lat' dir='ltr'><strong>et</strong></span> <span class='ocrx_word' id='word_1_534' title='bbox 650 3667 960 3720; x_wconf 89' lang='lat' dir='ltr'><strong>indumento</strong></span> <span class='ocrx_word' id='word_1_535' title='bbox 1000 3667 1140 3721; x_wconf 86' lang='lat' dir='ltr'><strong>illius</strong></span> <span class='ocrx_word' id='word_1_536' title='bbox 1181 3671 1478 3722; x_wconf 76' lang='lat' dir='ltr'><strong>auferatur.</strong></span> <span class='ocrx_word' id='word_1_537' title='bbox 1516 3665 1712 3720; x_wconf 88' lang='lat' dir='ltr'><strong>Onmcs</strong></span> 
     </span>
    </p>
   </div>
   <div class='ocr_carea' id='block_1_68' title="bbox 139 3755 1715 3825">
    <p class='ocr_par' dir='ltr' id='par_1_68' title="bbox 139 3755 1715 3825">
     <span class='ocr_line' id='line_1_68' title="bbox 139 3755 1715 3825; baseline 0.001 -18"><span class='ocrx_word' id='word_1_538' title='bbox 139 3771 302 3808; x_wconf 91' lang='lat' dir='ltr'><strong>unum</strong></span> <span class='ocrx_word' id='word_1_539' title='bbox 333 3771 531 3809; x_wconf 80' lang='lat' dir='ltr'><strong>sumus</strong></span> <span class='ocrx_word' id='word_1_540' title='bbox 559 3755 612 3808; x_wconf 91' lang='lat' dir='ltr'><strong>in</strong></span> <span class='ocrx_word' id='word_1_541' title='bbox 653 3756 872 3811; x_wconf 88' lang='lat' dir='ltr'><strong>Christo</strong></span> <span class='ocrx_word' id='word_1_542' title='bbox 902 3756 1029 3810; x_wconf 83' lang='lat' dir='ltr'><strong>Jesu</strong></span> <span class='ocrx_word' id='word_1_543' title='bbox 1050 3798 1062 3821; x_wconf 92' lang='lat'><strong>,</strong></span> <span class='ocrx_word' id='word_1_544' title='bbox 1094 3768 1152 3811; x_wconf 89' lang='lat' dir='ltr'><strong>ut</strong></span> <span class='ocrx_word' id='word_1_545' title='bbox 1179 3757 1446 3825; x_wconf 85' lang='lat' dir='ltr'><strong>quomodo</strong></span> <span class='ocrx_word' id='word_1_546' title='bbox 1471 3755 1631 3809; x_wconf 84' lang='lat' dir='ltr'><strong>Pater</strong></span> <span class='ocrx_word' id='word_1_547' title='bbox 1661 3765 1715 3810; x_wconf 91' lang='lat' dir='ltr'><strong>et</strong></span> 
     </span>
    </p>
   </div>
   <div class='ocr_carea' id='block_1_69' title="bbox 137 3845 1712 3915">
    <p class='ocr_par' dir='ltr' id='par_1_69' title="bbox 137 3845 1712 3915">
     <span class='ocr_line' id='line_1_69' title="bbox 137 3845 1712 3915; baseline -0.001 -15"><span class='ocrx_word' id='word_1_548' title='bbox 137 3845 306 3900; x_wconf 85' lang='lat' dir='ltr'><strong>Filius</strong></span> <span class='ocrx_word' id='word_1_549' title='bbox 337 3846 387 3899; x_wconf 92' lang='lat' dir='ltr'><strong>in</strong></span> <span class='ocrx_word' id='word_1_550' title='bbox 428 3862 488 3900; x_wconf 89' lang='lat' dir='ltr'><strong>se</strong></span> <span class='ocrx_word' id='word_1_551' title='bbox 515 3862 680 3900; x_wconf 93' lang='lat' dir='ltr'><strong>unum</strong></span> <span class='ocrx_word' id='word_1_552' title='bbox 718 3859 873 3910; x_wconf 90' lang='lat' dir='ltr'><strong>sunt,</strong></span> <span class='ocrx_word' id='word_1_553' title='bbox 904 3848 974 3899; x_wconf 91' lang='lat' dir='ltr'><strong>ita</strong></span> <span class='ocrx_word' id='word_1_554' title='bbox 1007 3856 1061 3902; x_wconf 90' lang='lat' dir='ltr'><strong>ct</strong></span> <span class='ocrx_word' id='word_1_555' title='bbox 1086 3863 1182 3900; x_wconf 90' lang='lat' dir='ltr'><strong>nos</strong></span> <span class='ocrx_word' id='word_1_556' title='bbox 1211 3847 1263 3899; x_wconf 92' lang='lat' dir='ltr'><strong>in</strong></span> <span class='ocrx_word' id='word_1_557' title='bbox 1288 3846 1418 3915; x_wconf 89' lang='lat' dir='ltr'><strong>ipsis</strong></span> <span class='ocrx_word' id='word_1_558' title='bbox 1450 3862 1612 3898; x_wconf 91' lang='lat' dir='ltr'><strong>unum</strong></span> <span class='ocrx_word' id='word_1_559' title='bbox 1641 3845 1712 3899; x_wconf 90' lang='lat' dir='ltr'><strong>si-</strong></span> 
     </span>
    </p>
   </div>
   <div class='ocr_carea' id='block_1_70' title="bbox 139 3934 1715 4005">
    <p class='ocr_par' dir='ltr' id='par_1_70' title="bbox 139 3934 1715 4005">
     <span class='ocr_line' id='line_1_70' title="bbox 139 3934 1715 4005; baseline 0.001 -16"><span class='ocrx_word' id='word_1_560' title='bbox 139 3953 274 3991; x_wconf 91' lang='lat' dir='ltr'><strong>mus.</strong></span> <span class='ocrx_word' id='word_1_561' title='bbox 319 3937 429 3989; x_wconf 90' lang='lat' dir='ltr'><strong>Etsi</strong></span> <span class='ocrx_word' id='word_1_562' title='bbox 460 3939 561 3990; x_wconf 90' lang='lat' dir='ltr'><strong>hoc</strong></span> <span class='ocrx_word' id='word_1_563' title='bbox 584 3936 715 3991; x_wconf 87' lang='lat' dir='ltr'><strong>facit</strong></span> <span class='ocrx_word' id='word_1_564' title='bbox 745 3937 898 4000; x_wconf 87' lang='lat' dir='ltr'><strong>ﬁdes,</strong></span> <span class='ocrx_word' id='word_1_565' title='bbox 928 3953 1025 4005; x_wconf 89' lang='lat' dir='ltr'><strong>per</strong></span> <span class='ocrx_word' id='word_1_566' title='bbox 1045 3952 1206 4004; x_wconf 89' lang='lat' dir='ltr'><strong>quam</strong></span> <span class='ocrx_word' id='word_1_567' title='bbox 1229 3936 1282 3989; x_wconf 92' lang='lat' dir='ltr'><strong>in</strong></span> <span class='ocrx_word' id='word_1_568' title='bbox 1314 3936 1414 3990; x_wconf 91' lang='lat' dir='ltr'><strong>hac</strong></span> <span class='ocrx_word' id='word_1_569' title='bbox 1444 3935 1551 3988; x_wconf 89' lang='lat' dir='ltr'><strong>vita</strong></span> <span class='ocrx_word' id='word_1_570' title='bbox 1574 3934 1715 4003; x_wconf 81' lang='lat' dir='ltr'><strong>iuste</strong></span> 
     </span>
    </p>
   </div>
   <div class='ocr_carea' id='block_1_71' title="bbox 137 4023 1711 4094">
    <p class='ocr_par' dir='ltr' id='par_1_71' title="bbox 137 4023 1711 4094">
     <span class='ocr_line' id='line_1_71' title="bbox 137 4023 1711 4094; baseline 0.002 -18"><span class='ocrx_word' id='word_1_571' title='bbox 137 4023 462 4089; x_wconf 87' lang='lat' dir='ltr'><strong>ambulatur,</strong></span> <span class='ocrx_word' id='word_1_572' title='bbox 517 4035 717 4094; x_wconf 91' lang='lat' dir='ltr'><strong>quanto</strong></span> <span class='ocrx_word' id='word_1_573' title='bbox 743 4025 1064 4094; x_wconf 87' lang='lat' dir='ltr'><strong>perfectius,</strong></span> <span class='ocrx_word' id='word_1_574' title='bbox 1115 4037 1274 4094; x_wconf 89' lang='lat' dir='ltr'><strong>atque</strong></span> <span class='ocrx_word' id='word_1_575' title='bbox 1305 4025 1632 4079; x_wconf 90' lang='lat' dir='ltr'><strong>cumulatius</strong></span> <span class='ocrx_word' id='word_1_576' title='bbox 1660 4024 1711 4079; x_wconf 87' lang='lat' dir='ltr'><strong>id</strong></span> 
     </span>
    </p>
   </div>
   <div class='ocr_carea' id='block_1_72' title="bbox 138 4113 1710 4181">
    <p class='ocr_par' dir='ltr' id='par_1_72' title="bbox 138 4113 1710 4181">
     <span class='ocr_line' id='line_1_72' title="bbox 138 4113 1710 4181; baseline 0.002 -16"><span class='ocrx_word' id='word_1_577' title='bbox 138 4113 344 4180; x_wconf 87' lang='lat' dir='ltr'><strong>species</strong></span> <span class='ocrx_word' id='word_1_578' title='bbox 374 4114 486 4181; x_wconf 86' lang='lat' dir='ltr'><strong>ipsa</strong></span> <span class='ocrx_word' id='word_1_579' title='bbox 513 4115 718 4167; x_wconf 87' lang='lat' dir='ltr'><strong>factura</strong></span> <span class='ocrx_word' id='word_1_580' title='bbox 748 4123 860 4179; x_wconf 90' lang='lat' dir='ltr'><strong>est,</strong></span> <span class='ocrx_word' id='word_1_581' title='bbox 894 4131 1015 4168; x_wconf 91' lang='lat' dir='ltr'><strong>cum</strong></span> <span class='ocrx_word' id='word_1_582' title='bbox 1049 4117 1349 4171; x_wconf 86' lang='lat' dir='ltr'><strong>videbimus</strong></span> <span class='ocrx_word' id='word_1_583' title='bbox 1371 4115 1510 4170; x_wconf 78' lang='lat' dir='ltr'><strong>faeie</strong></span> <span class='ocrx_word' id='word_1_584' title='bbox 1538 4116 1600 4169; x_wconf 90' lang='lat' dir='ltr'><strong>ad</strong></span> <span class='ocrx_word' id='word_1_585' title='bbox 1629 4115 1710 4168; x_wconf 86' lang='lat' dir='ltr'><strong>fa-</strong></span> 
     </span>
    </p>
   </div>
   <div class='ocr_carea' id='block_1_73' title="bbox 135 4205 1708 4276">
    <p class='ocr_par' dir='ltr' id='par_1_73' title="bbox 135 4205 1708 4276">
     <span class='ocr_line' id='line_1_73' title="bbox 135 4205 1708 4276; baseline 0 -18"><span class='ocrx_word' id='word_1_586' title='bbox 135 4206 308 4259; x_wconf 87' lang='lat' dir='ltr'><strong>ciem?</strong></span> <span class='ocrx_word' id='word_1_587' title='bbox 344 4205 476 4258; x_wconf 79' lang='lat' dir='ltr'><strong>Nam</strong></span> <span class='ocrx_word' id='word_1_588' title='bbox 512 4222 652 4261; x_wconf 90' lang='lat' dir='ltr'><strong>nunc</strong></span> <span class='ocrx_word' id='word_1_589' title='bbox 680 4210 926 4275; x_wconf 84' lang='lat' dir='ltr'><strong>quamvis</strong></span> <span class='ocrx_word' id='word_1_590' title='bbox 957 4209 1225 4276; x_wconf 83' lang='lat' dir='ltr'><strong>primitias</strong></span> <span class='ocrx_word' id='word_1_591' title='bbox 1251 4209 1473 4274; x_wconf 91' lang='lat' dir='ltr'><strong>spiritus</strong></span> <span class='ocrx_word' id='word_1_592' title='bbox 1504 4207 1708 4260; x_wconf 87' lang='lat' dir='ltr'><strong>haben-</strong></span> 
     </span>
    </p>
   </div>
   <div class='ocr_carea' id='block_1_74' title="bbox 137 4294 1710 4364">
    <p class='ocr_par' dir='ltr' id='par_1_74' title="bbox 137 4294 1710 4364">
     <span class='ocr_line' id='line_1_74' title="bbox 137 4294 1710 4364; baseline 0 -18"><span class='ocrx_word' id='word_1_593' title='bbox 137 4303 234 4358; x_wconf 87' lang='lat' dir='ltr'><strong>tes,</strong></span> <span class='ocrx_word' id='word_1_594' title='bbox 263 4295 355 4363; x_wconf 90' lang='lat' dir='ltr'><strong>qui</strong></span> <span class='ocrx_word' id='word_1_595' title='bbox 386 4295 494 4349; x_wconf 88' lang='lat' dir='ltr'><strong>vita</strong></span> <span class='ocrx_word' id='word_1_596' title='bbox 519 4305 601 4349; x_wconf 89' lang='lat' dir='ltr'><strong>est</strong></span> <span class='ocrx_word' id='word_1_597' title='bbox 627 4307 845 4364; x_wconf 81' lang='lat' dir='ltr'><strong>propter</strong></span> <span class='ocrx_word' id='word_1_598' title='bbox 870 4297 1186 4363; x_wconf 88' lang='lat' dir='ltr'><strong>injustitiam</strong></span> <span class='ocrx_word' id='word_1_599' title='bbox 1216 4294 1356 4358; x_wconf 89' lang='lat' dir='ltr'><strong>ﬁdei,</strong></span> <span class='ocrx_word' id='word_1_600' title='bbox 1385 4304 1561 4349; x_wconf 91' lang='lat' dir='ltr'><strong>tamen</strong></span> <span class='ocrx_word' id='word_1_601' title='bbox 1585 4295 1710 4362; x_wconf 91' lang='lat' dir='ltr'><strong>quia</strong></span> 
     </span>
    </p>
   </div>
   <div class='ocr_carea' id='block_1_75' title="bbox 133 4383 1712 4452">
    <p class='ocr_par' dir='ltr' id='par_1_75' title="bbox 133 4383 1712 4452">
     <span class='ocr_line' id='line_1_75' title="bbox 133 4383 1712 4452; baseline 0.002 -18"><span class='ocrx_word' id='word_1_602' title='bbox 133 4383 308 4437; x_wconf 88' lang='lat' dir='ltr'><strong>adlmc</strong></span> <span class='ocrx_word' id='word_1_603' title='bbox 345 4392 613 4436; x_wconf 87' lang='lat' dir='ltr'><strong>mortuum</strong></span> <span class='ocrx_word' id='word_1_604' title='bbox 641 4393 723 4437; x_wconf 89' lang='lat' dir='ltr'><strong>est</strong></span> <span class='ocrx_word' id='word_1_605' title='bbox 754 4398 948 4451; x_wconf 90' lang='lat' dir='ltr'><strong>corpus</strong></span> <span class='ocrx_word' id='word_1_606' title='bbox 985 4392 1206 4452; x_wconf 89' lang='lat' dir='ltr'><strong>propter</strong></span> <span class='ocrx_word' id='word_1_607' title='bbox 1231 4393 1534 4451; x_wconf 85' lang='lat' dir='ltr'><strong>peccatum,</strong></span> <span class='ocrx_word' id='word_1_608' title='bbox 1569 4383 1712 4437; x_wconf 85' lang='lat' dir='ltr'><strong>diffe-</strong></span> 
     </span>
    </p>
   </div>
   <div class='ocr_carea' id='block_1_76' title="bbox 133 4471 1706 4542">
    <p class='ocr_par' dir='ltr' id='par_1_76' title="bbox 133 4471 1706 4542">
     <span class='ocr_line' id='line_1_76' title="bbox 133 4471 1706 4542; baseline 0.001 -18"><span class='ocrx_word' id='word_1_609' title='bbox 133 4473 305 4525; x_wconf 89' lang='lat' dir='ltr'><strong>rentia</strong></span> <span class='ocrx_word' id='word_1_610' title='bbox 335 4473 457 4534; x_wconf 89' lang='lat' dir='ltr'><strong>ista,</strong></span> <span class='ocrx_word' id='word_1_611' title='bbox 487 4472 572 4525; x_wconf 89' lang='lat' dir='ltr'><strong>vel</strong></span> <span class='ocrx_word' id='word_1_612' title='bbox 598 4474 835 4542; x_wconf 82' lang='lat' dir='ltr'><strong>gentium</strong></span> <span class='ocrx_word' id='word_1_613' title='bbox 854 4513 867 4536; x_wconf 90' lang='lat'><strong>,</strong></span> <span class='ocrx_word' id='word_1_614' title='bbox 905 4471 988 4527; x_wconf 90' lang='lat' dir='ltr'><strong>vel</strong></span> <span class='ocrx_word' id='word_1_615' title='bbox 1015 4473 1369 4537; x_wconf 89' lang='lat' dir='ltr'><strong>conditionis,</strong></span> <span class='ocrx_word' id='word_1_616' title='bbox 1399 4473 1485 4527; x_wconf 87' lang='lat' dir='ltr'><strong>vel</strong></span> <span class='ocrx_word' id='word_1_617' title='bbox 1525 4488 1706 4537; x_wconf 81' lang='lat' dir='ltr'><strong>sexus,</strong></span> 
     </span>
    </p>
   </div>
   <div class='ocr_carea' id='block_1_77' title="bbox 1816 3300 3395 3369">
    <p class='ocr_par' dir='ltr' id='par_1_77' title="bbox 1816 3300 3395 3369">
     <span class='ocr_line' id='line_1_77' title="bbox 1816 3300 3395 3369; baseline 0.003 -15"><span class='ocrx_word' id='word_1_618' title='bbox 1816 3309 1939 3354; x_wconf 89' lang='lat' dir='ltr'><strong>sunt</strong></span> <span class='ocrx_word' id='word_1_619' title='bbox 1962 3301 2346 3368; x_wconf 83' lang='lat' dir='ltr'><strong>promissiones</strong></span> <span class='ocrx_word' id='word_1_620' title='bbox 2378 3309 2432 3354; x_wconf 88' lang='lat' dir='ltr'><strong>et</strong></span> <span class='ocrx_word' id='word_1_621' title='bbox 2457 3300 2646 3354; x_wconf 89' lang='lat' dir='ltr'><strong>semini</strong></span> <span class='ocrx_word' id='word_1_622' title='bbox 2673 3300 2815 3368; x_wconf 88' lang='lat' dir='ltr'><strong>ejus,</strong></span> <span class='ocrx_word' id='word_1_623' title='bbox 2842 3303 2944 3356; x_wconf 90' lang='lat' dir='ltr'><strong>hoc</strong></span> <span class='ocrx_word' id='word_1_624' title='bbox 2969 3313 3074 3369; x_wconf 87' lang='lat' dir='ltr'><strong>est,</strong></span> <span class='ocrx_word' id='word_1_625' title='bbox 3103 3305 3154 3358; x_wconf 93' lang='lat' dir='ltr'><strong>in</strong></span> <span class='ocrx_word' id='word_1_626' title='bbox 3178 3304 3395 3360; x_wconf 89' lang='lat' dir='ltr'><strong>Christo</strong></span> 
     </span>
    </p>
   </div>
   <div class='ocr_carea' id='block_1_78' title="bbox 1814 3390 3394 3461">
    <p class='ocr_par' dir='ltr' id='par_1_78' title="bbox 1814 3390 3394 3461">
     <span class='ocr_line' id='line_1_78' title="bbox 1814 3390 3394 3461; baseline 0.004 -17"><span class='ocrx_word' id='word_1_627' title='bbox 1814 3391 1963 3454; x_wconf 80' lang='lat' dir='ltr'><strong>Jesu,</strong></span> <span class='ocrx_word' id='word_1_628' title='bbox 2000 3391 2448 3460; x_wconf 86' lang='lat' dir='ltr'><strong>repromissiones</strong></span> <span class='ocrx_word' id='word_1_629' title='bbox 2471 3390 2752 3460; x_wconf 88' lang='lat' dir='ltr'><strong>pluraliter</strong></span> <span class='ocrx_word' id='word_1_630' title='bbox 2777 3402 2960 3461; x_wconf 91' lang='lat' dir='ltr'><strong>ponat.</strong></span> <span class='ocrx_word' id='word_1_631' title='bbox 3013 3394 3236 3460; x_wconf 85' lang='lat' dir='ltr'><strong>Quando</strong></span> <span class='ocrx_word' id='word_1_632' title='bbox 3263 3411 3394 3450; x_wconf 89' lang='lat' dir='ltr'><strong>vero</strong></span> 
     </span>
    </p>
   </div>
   <div class='ocr_carea' id='block_1_79' title="bbox 1817 3478 3396 3555">
    <p class='ocr_par' dir='ltr' id='par_1_79' title="bbox 1817 3478 3396 3555">
     <span class='ocr_line' id='line_1_79' title="bbox 1817 3478 3396 3555; baseline 0.004 -24"><span class='ocrx_word' id='word_1_633' title='bbox 1817 3481 1880 3532; x_wconf 91' lang='lat' dir='ltr'><strong>de</strong></span> <span class='ocrx_word' id='word_1_634' title='bbox 1908 3479 2010 3542; x_wconf 89' lang='lat' dir='ltr'><strong>his,</strong></span> <span class='ocrx_word' id='word_1_635' title='bbox 2041 3480 2131 3547; x_wconf 91' lang='lat' dir='ltr'><strong>qui</strong></span> <span class='ocrx_word' id='word_1_636' title='bbox 2159 3494 2254 3548; x_wconf 89' lang='lat' dir='ltr'><strong>per</strong></span> <span class='ocrx_word' id='word_1_637' title='bbox 2283 3478 2558 3533; x_wconf 89' lang='lat' dir='ltr'><strong>Christum</strong></span> <span class='ocrx_word' id='word_1_638' title='bbox 2583 3495 2766 3534; x_wconf 90' lang='lat' dir='ltr'><strong>semen</strong></span> <span class='ocrx_word' id='word_1_639' title='bbox 2792 3490 2914 3535; x_wconf 90' lang='lat' dir='ltr'><strong>sunt</strong></span> <span class='ocrx_word' id='word_1_640' title='bbox 2935 3482 3185 3546; x_wconf 68' lang='lat' dir='ltr'><strong>Abrahae,</strong></span> <span class='ocrx_word' id='word_1_641' title='bbox 3212 3483 3396 3555; x_wconf 82' lang='lat' dir='ltr'><strong>singu-</strong></span> 
     </span>
    </p>
   </div>
   <div class='ocr_carea' id='block_1_80' title="bbox 1817 3570 3387 3640">
    <p class='ocr_par' dir='ltr' id='par_1_80' title="bbox 1817 3570 3387 3640">
     <span class='ocr_line' id='line_1_80' title="bbox 1817 3570 3387 3640; baseline 0.002 -18"><span class='ocrx_word' id='word_1_642' title='bbox 1817 3571 2002 3624; x_wconf 77' lang='lat' dir='ltr'><strong>lariter</strong></span> <span class='ocrx_word' id='word_1_643' title='bbox 2031 3570 2376 3638; x_wconf 79' lang='lat' dir='ltr'><strong>repromissio</strong></span> <span class='ocrx_word' id='word_1_644' title='bbox 2407 3578 2763 3638; x_wconf 90' lang='lat' dir='ltr'><strong>nuncupetur,</strong></span> <span class='ocrx_word' id='word_1_645' title='bbox 2796 3580 2853 3623; x_wconf 85' lang='lat' dir='ltr'><strong>ut</strong></span> <span class='ocrx_word' id='word_1_646' title='bbox 2876 3572 2928 3624; x_wconf 93' lang='lat' dir='ltr'><strong>in</strong></span> <span class='ocrx_word' id='word_1_647' title='bbox 2964 3574 3210 3640; x_wconf 71' lang='lat' dir='ltr'><strong>prtesenti</strong></span> <span class='ocrx_word' id='word_1_648' title='bbox 3238 3573 3387 3628; x_wconf 88' lang='lat' dir='ltr'><strong>loco:</strong></span> 
     </span>
    </p>
   </div>
   <div class='ocr_carea' id='block_1_81' title="bbox 1817 3659 3390 3731">
    <p class='ocr_par' dir='ltr' id='par_1_81' title="bbox 1817 3659 3390 3731">
     <span class='ocr_line' id='line_1_81' title="bbox 1817 3659 3390 3731; baseline 0.004 -20"><span class='ocrx_word' id='word_1_649' title='bbox 1817 3660 1957 3728; x_wconf 86' lang='lat' dir='ltr'><strong>Ergo</strong></span> <span class='ocrx_word' id='word_1_650' title='bbox 1994 3659 2218 3711; x_wconf 72' lang='lat' dir='ltr'><strong>Abrahae</strong></span> <span class='ocrx_word' id='word_1_651' title='bbox 2271 3675 2441 3712; x_wconf 82' lang='lat' dir='ltr'><strong>semen</strong></span> <span class='ocrx_word' id='word_1_652' title='bbox 2500 3661 2622 3712; x_wconf 83' lang='lat' dir='ltr'><strong>estis</strong></span> <span class='ocrx_word' id='word_1_653' title='bbox 2665 3660 2947 3714; x_wconf 80' lang='lat' dir='ltr'><strong>secundum</strong></span> <span class='ocrx_word' id='word_1_654' title='bbox 2996 3662 3390 3731; x_wconf 82' lang='lat' dir='ltr'><strong>promissionem</strong></span> 
     </span>
    </p>
   </div>
   <div class='ocr_carea' id='block_1_82' title="bbox 1814 3748 3392 3818">
    <p class='ocr_par' dir='ltr' id='par_1_82' title="bbox 1814 3748 3392 3818">
     <span class='ocr_line' id='line_1_82' title="bbox 1814 3748 3392 3818; baseline 0.003 -16"><span class='ocrx_word' id='word_1_655' title='bbox 1814 3748 2077 3813; x_wconf 64' lang='lat' dir='ltr'><strong>haeredes,</strong></span> <span class='ocrx_word' id='word_1_656' title='bbox 2137 3749 2334 3803; x_wconf 90' lang='lat' dir='ltr'><strong>decens</strong></span> <span class='ocrx_word' id='word_1_657' title='bbox 2382 3750 2578 3818; x_wconf 89' lang='lat' dir='ltr'><strong>quippe</strong></span> <span class='ocrx_word' id='word_1_658' title='bbox 2619 3758 2738 3803; x_wconf 90' lang='lat' dir='ltr'><strong>erat</strong></span> <span class='ocrx_word' id='word_1_659' title='bbox 2765 3790 2778 3813; x_wconf 96' lang='lat'><strong>,</strong></span> <span class='ocrx_word' id='word_1_660' title='bbox 2830 3759 2888 3803; x_wconf 87' lang='lat' dir='ltr'><strong>ut</strong></span> <span class='ocrx_word' id='word_1_661' title='bbox 2923 3751 3063 3818; x_wconf 89' lang='lat' dir='ltr'><strong>quod</strong></span> <span class='ocrx_word' id='word_1_662' title='bbox 3096 3751 3149 3804; x_wconf 93' lang='lat' dir='ltr'><strong>in</strong></span> <span class='ocrx_word' id='word_1_663' title='bbox 3176 3752 3392 3806; x_wconf 88' lang='lat' dir='ltr'><strong>Christo</strong></span> 
     </span>
    </p>
   </div>
   <div class='ocr_carea' id='block_1_83' title="bbox 1814 3837 3391 3907">
    <p class='ocr_par' dir='ltr' id='par_1_83' title="bbox 1814 3837 3391 3907">
     <span class='ocr_line' id='line_1_83' title="bbox 1814 3837 3391 3907; baseline 0.004 -17"><span class='ocrx_word' id='word_1_664' title='bbox 1814 3855 1921 3893; x_wconf 89' lang='lat' dir='ltr'><strong>uno</strong></span> <span class='ocrx_word' id='word_1_665' title='bbox 1965 3839 2246 3907; x_wconf 87' lang='lat' dir='ltr'><strong>pluraliter</strong></span> <span class='ocrx_word' id='word_1_666' title='bbox 2292 3839 2596 3902; x_wconf 87' lang='lat' dir='ltr'><strong>dicebatur,</strong></span> <span class='ocrx_word' id='word_1_667' title='bbox 2654 3837 2706 3891; x_wconf 91' lang='lat' dir='ltr'><strong>id</strong></span> <span class='ocrx_word' id='word_1_668' title='bbox 2752 3838 2806 3891; x_wconf 89' lang='lat' dir='ltr'><strong>in</strong></span> <span class='ocrx_word' id='word_1_669' title='bbox 2849 3839 3032 3893; x_wconf 88' lang='lat' dir='ltr'><strong>multis</strong></span> <span class='ocrx_word' id='word_1_670' title='bbox 3083 3840 3391 3896; x_wconf 87' lang='lat' dir='ltr'><strong>hominibus</strong></span> 
     </span>
    </p>
   </div>
   <div class='ocr_carea' id='block_1_84' title="bbox 1815 3931 2510 4000">
    <p class='ocr_par' dir='ltr' id='par_1_84' title="bbox 1815 3931 2510 4000">
     <span class='ocr_line' id='line_1_84' title="bbox 1815 3931 2510 4000; baseline -0.006 -16"><span class='ocrx_word' id='word_1_671' title='bbox 1815 3931 2162 4000; x_wconf 86' lang='lat' dir='ltr'><strong>singulariter</strong></span> <span class='ocrx_word' id='word_1_672' title='bbox 2196 3939 2510 3998; x_wconf 82' lang='lat' dir='ltr'><strong>poneretur.</strong></span> 
     </span>
    </p>
   </div>
   <div class='ocr_carea' id='block_1_85' title="bbox 2233 4017 2967 4083">
    <p class='ocr_par' dir='ltr' id='par_1_85' title="bbox 2233 4017 2967 4083">
     <span class='ocr_line' id='line_1_85' title="bbox 2233 4017 2967 4083; baseline 0.001 -14"><span class='ocrx_word' id='word_1_673' title='bbox 2233 4017 2296 4070; x_wconf 75' lang='lat' dir='ltr'><strong>IN</strong></span> <span class='ocrx_word' id='word_1_674' title='bbox 2345 4017 2569 4072; x_wconf 81' lang='lat' dir='ltr'><strong>CAPUT</strong></span> <span class='ocrx_word' id='word_1_675' title='bbox 2608 4017 2967 4083; x_wconf 79' lang='lat' dir='ltr'><strong>QUARTUM.</strong></span> 
     </span>
    </p>
   </div>
   <div class='ocr_carea' id='block_1_86' title="bbox 1885 4107 3387 4176">
    <p class='ocr_par' dir='ltr' id='par_1_86' title="bbox 1885 4107 3387 4176">
     <span class='ocr_line' id='line_1_86' title="bbox 1885 4107 3387 4176; baseline 0.001 -16"><span class='ocrx_word' id='word_1_676' title='bbox 1885 4108 2013 4160; x_wconf 83' lang='lat' dir='ltr'><strong>Dico</strong></span> <span class='ocrx_word' id='word_1_677' title='bbox 2042 4116 2234 4170; x_wconf 78' lang='lat' dir='ltr'><strong>autent,</strong></span> <span class='ocrx_word' id='word_1_678' title='bbox 2261 4117 2455 4176; x_wconf 84' lang='lat' dir='ltr'><strong>quanto</strong></span> <span class='ocrx_word' id='word_1_679' title='bbox 2477 4116 2702 4174; x_wconf 84' lang='lat' dir='ltr'><strong>tempore</strong></span> <span class='ocrx_word' id='word_1_680' title='bbox 2725 4109 2888 4159; x_wconf 75' lang='lat' dir='ltr'><strong>heeres</strong></span> <span class='ocrx_word' id='word_1_681' title='bbox 2908 4107 3153 4175; x_wconf 78' lang='lat' dir='ltr'><strong>parvulus</strong></span> <span class='ocrx_word' id='word_1_682' title='bbox 3183 4119 3278 4172; x_wconf 87' lang='lat' dir='ltr'><strong>est,</strong></span> <span class='ocrx_word' id='word_1_683' title='bbox 3305 4113 3387 4163; x_wconf 87' lang='lat' dir='ltr'><strong>ni-</strong></span> 
     </span>
    </p>
   </div>
   <div class='ocr_carea' id='block_1_87' title="bbox 1815 4198 3383 4265">
    <p class='ocr_par' dir='ltr' id='par_1_87' title="bbox 1815 4198 3383 4265">
     <span class='ocr_line' id='line_1_87' title="bbox 1815 4198 3383 4265; baseline 0.003 -16"><span class='ocrx_word' id='word_1_684' title='bbox 1815 4198 1889 4249; x_wconf 82' lang='lat' dir='ltr'><strong>hil</strong></span> <span class='ocrx_word' id='word_1_685' title='bbox 1909 4198 2085 4265; x_wconf 69' lang='lat' dir='ltr'><strong>diﬂ‘er!</strong></span> <span class='ocrx_word' id='word_1_686' title='bbox 2106 4216 2136 4250; x_wconf 92' lang='lat' dir='ltr'><strong>a</strong></span> <span class='ocrx_word' id='word_1_687' title='bbox 2164 4214 2327 4257; x_wconf 73' lang='lat' dir='ltr'><strong>servo,</strong></span> <span class='ocrx_word' id='word_1_688' title='bbox 2358 4215 2478 4250; x_wconf 85' lang='lat' dir='ltr'><strong>cum</strong></span> <span class='ocrx_word' id='word_1_689' title='bbox 2501 4199 2567 4250; x_wconf 86' lang='lat' dir='ltr'><strong>sit</strong></span> <span class='ocrx_word' id='word_1_690' title='bbox 2591 4198 2833 4251; x_wconf 84' lang='lat' dir='ltr'><strong>dominus</strong></span> <span class='ocrx_word' id='word_1_691' title='bbox 2862 4201 3127 4262; x_wconf 84' lang='lat' dir='ltr'><strong>omnium;</strong></span> <span class='ocrx_word' id='word_1_692' title='bbox 3175 4202 3264 4253; x_wconf 85' lang='lat' dir='ltr'><strong>sed</strong></span> <span class='ocrx_word' id='word_1_693' title='bbox 3290 4203 3383 4254; x_wconf 77' lang='lat' dir='ltr'><strong>sub</strong></span> 
     </span>
    </p>
   </div>
   <div class='ocr_carea' id='block_1_88' title="bbox 1813 4287 3383 4356">
    <p class='ocr_par' dir='ltr' id='par_1_88' title="bbox 1813 4287 3383 4356">
     <span class='ocr_line' id='line_1_88' title="bbox 1813 4287 3383 4356; baseline 0.002 -16"><span class='ocrx_word' id='word_1_694' title='bbox 1813 4288 2069 4340; x_wconf 85' lang='lat' dir='ltr'><strong>tutoribus</strong></span> <span class='ocrx_word' id='word_1_695' title='bbox 2106 4298 2152 4340; x_wconf 85' lang='lat' dir='ltr'><strong>et</strong></span> <span class='ocrx_word' id='word_1_696' title='bbox 2177 4288 2441 4340; x_wconf 80' lang='lat' dir='ltr'><strong>actoribus</strong></span> <span class='ocrx_word' id='word_1_697' title='bbox 2474 4297 2577 4351; x_wconf 83' lang='lat' dir='ltr'><strong>est,</strong></span> <span class='ocrx_word' id='word_1_698' title='bbox 2615 4304 2774 4356; x_wconf 84' lang='lat' dir='ltr'><strong>usque</strong></span> <span class='ocrx_word' id='word_1_699' title='bbox 2800 4287 2867 4340; x_wconf 83' lang='lat' dir='ltr'><strong>ad</strong></span> <span class='ocrx_word' id='word_1_700' title='bbox 2889 4289 3207 4356; x_wconf 64' lang='lat' dir='ltr'><strong>prce/initum</strong></span> <span class='ocrx_word' id='word_1_701' title='bbox 3256 4300 3383 4343; x_wconf 82' lang='lat' dir='ltr'><strong>tem-</strong></span> 
     </span>
    </p>
   </div>
   <div class='ocr_carea' id='block_1_89' title="bbox 1811 4377 3386 4447">
    <p class='ocr_par' dir='ltr' id='par_1_89' title="bbox 1811 4377 3386 4447">
     <span class='ocr_line' id='line_1_89' title="bbox 1811 4377 3386 4447; baseline 0.001 -17"><span class='ocrx_word' id='word_1_702' title='bbox 1811 4395 1908 4446; x_wconf 84' lang='lat' dir='ltr'><strong>pus</strong></span> <span class='ocrx_word' id='word_1_703' title='bbox 1952 4395 1983 4430; x_wconf 88' lang='lat' dir='ltr'><strong>a</strong></span> <span class='ocrx_word' id='word_1_704' title='bbox 2009 4386 2172 4447; x_wconf 84' lang='lat' dir='ltr'><strong>patre.</strong></span> <span class='ocrx_word' id='word_1_705' title='bbox 2245 4377 2410 4431; x_wconf 79' lang='lat' dir='ltr'><strong>Recte</strong></span> <span class='ocrx_word' id='word_1_706' title='bbox 2455 4377 2508 4430; x_wconf 92' lang='lat' dir='ltr'><strong>hi</strong></span> <span class='ocrx_word' id='word_1_707' title='bbox 2555 4377 2655 4430; x_wconf 88' lang='lat' dir='ltr'><strong>sub</strong></span> <span class='ocrx_word' id='word_1_708' title='bbox 2713 4377 2979 4431; x_wconf 88' lang='lat' dir='ltr'><strong>tutoribus</strong></span> <span class='ocrx_word' id='word_1_709' title='bbox 3019 4384 3072 4428; x_wconf 92' lang='lat' dir='ltr'><strong>et</strong></span> <span class='ocrx_word' id='word_1_710' title='bbox 3113 4379 3386 4432; x_wconf 88' lang='lat' dir='ltr'><strong>actoribus</strong></span> 
     </span>
    </p>
   </div>
   <div class='ocr_carea' id='block_1_90' title="bbox 1814 4467 3381 4536">
    <p class='ocr_par' dir='ltr' id='par_1_90' title="bbox 1814 4467 3381 4536">
     <span class='ocr_line' id='line_1_90' title="bbox 1814 4467 3381 4536; baseline -0.001 -12"><span class='ocrx_word' id='word_1_711' title='bbox 1814 4485 1933 4524; x_wconf 89' lang='lat' dir='ltr'><strong>esse</strong></span> <span class='ocrx_word' id='word_1_712' title='bbox 1975 4470 2246 4532; x_wconf 89' lang='lat' dir='ltr'><strong>dicuntur,</strong></span> <span class='ocrx_word' id='word_1_713' title='bbox 2287 4469 2375 4536; x_wconf 91' lang='lat' dir='ltr'><strong>qui</strong></span> <span class='ocrx_word' id='word_1_714' title='bbox 2412 4469 2672 4522; x_wconf 86' lang='lat' dir='ltr'><strong>habentes</strong></span> <span class='ocrx_word' id='word_1_715' title='bbox 2707 4467 2955 4536; x_wconf 88' lang='lat' dir='ltr'><strong>spiritum</strong></span> <span class='ocrx_word' id='word_1_716' title='bbox 2983 4468 3208 4531; x_wconf 90' lang='lat' dir='ltr'><strong>timoris,</strong></span> <span class='ocrx_word' id='word_1_717' title='bbox 3253 4485 3381 4523; x_wconf 90' lang='lat' dir='ltr'><strong>nec-</strong></span> 
     </span>
    </p>
   </div>
   <div class='ocr_carea' id='block_1_91' title="bbox 130 4521 3389 4630">
    <p class='ocr_par' dir='ltr' id='par_1_91' title="bbox 130 4521 3389 4630">
     <span class='ocr_line' id='line_1_91' title="bbox 130 4521 3389 4630; baseline -0.002 -16"><span class='ocrx_word' id='word_1_718' title='bbox 130 4559 235 4628; x_wconf 89' lang='lat' dir='ltr'><strong>jam</strong></span> <span class='ocrx_word' id='word_1_719' title='bbox 257 4561 475 4630; x_wconf 89' lang='lat' dir='ltr'><strong>quidem</strong></span> <span class='ocrx_word' id='word_1_720' title='bbox 504 4521 680 4616; x_wconf 49' lang='lat' dir='ltr'><strong>ablata</strong></span> <span class='ocrx_word' id='word_1_721' title='bbox 713 4570 794 4616; x_wconf 90' lang='lat' dir='ltr'><strong>est</strong></span> <span class='ocrx_word' id='word_1_722' title='bbox 818 4563 886 4614; x_wconf 90' lang='lat' dir='ltr'><strong>ab</strong></span> <span class='ocrx_word' id='word_1_723' title='bbox 911 4563 1116 4615; x_wconf 89' lang='lat' dir='ltr'><strong>unitate</strong></span> <span class='ocrx_word' id='word_1_724' title='bbox 1142 4561 1288 4625; x_wconf 90' lang='lat' dir='ltr'><strong>ﬁdei,</strong></span> <span class='ocrx_word' id='word_1_725' title='bbox 1317 4563 1412 4616; x_wconf 88' lang='lat' dir='ltr'><strong>sed</strong></span> <span class='ocrx_word' id='word_1_726' title='bbox 1439 4570 1621 4615; x_wconf 90' lang='lat' dir='ltr'><strong>manet</strong></span> <span class='ocrx_word' id='word_1_727' title='bbox 1653 4562 1704 4614; x_wconf 91' lang='lat' dir='ltr'><strong>in</strong></span> <span class='ocrx_word' id='word_1_728' title='bbox 1735 4521 1788 4580; x_wconf 65' lang='grc' dir='ltr'><strong>Β</strong></span> <span class='ocrx_word' id='word_1_729' title='bbox 1815 4560 1940 4613; x_wconf 91' lang='lat' dir='ltr'><strong>dum</strong></span> <span class='ocrx_word' id='word_1_730' title='bbox 2001 4566 2315 4612; x_wconf 89' lang='lat' dir='ltr'><strong>meruerunt</strong></span> <span class='ocrx_word' id='word_1_731' title='bbox 2365 4557 2611 4626; x_wconf 87' lang='lat' dir='ltr'><strong>spiritum</strong></span> <span class='ocrx_word' id='word_1_732' title='bbox 2671 4556 2934 4610; x_wconf 85' lang='lat' dir='ltr'><strong>libertatis</strong></span> <span class='ocrx_word' id='word_1_733' title='bbox 2982 4564 3037 4610; x_wconf 86' lang='lat' dir='ltr'><strong>et</strong></span> <span class='ocrx_word' id='word_1_734' title='bbox 3085 4556 3389 4624; x_wconf 88' lang='lat' dir='ltr'><strong>adoptionis</strong></span> 
     </span>
    </p>
   </div>
   <div class='ocr_carea' id='block_1_92' title="bbox 132 4652 1706 4722">
    <p class='ocr_par' dir='ltr' id='par_1_92' title="bbox 132 4652 1706 4722">
     <span class='ocr_line' id='line_1_92' title="bbox 132 4652 1706 4722; baseline 0.001 -18"><span class='ocrx_word' id='word_1_735' title='bbox 132 4653 544 4706; x_wconf 85' lang='lat' dir='ltr'><strong>conversatione</strong></span> <span class='ocrx_word' id='word_1_736' title='bbox 591 4652 848 4716; x_wconf 88' lang='lat' dir='ltr'><strong>mortali,</strong></span> <span class='ocrx_word' id='word_1_737' title='bbox 894 4652 1115 4722; x_wconf 87' lang='lat' dir='ltr'><strong>ejusque</strong></span> <span class='ocrx_word' id='word_1_738' title='bbox 1161 4654 1403 4708; x_wconf 91' lang='lat' dir='ltr'><strong>ordinem</strong></span> <span class='ocrx_word' id='word_1_739' title='bbox 1449 4654 1501 4706; x_wconf 93' lang='lat' dir='ltr'><strong>in</strong></span> <span class='ocrx_word' id='word_1_740' title='bbox 1549 4653 1706 4722; x_wconf 88' lang='lat' dir='ltr'><strong>hujus</strong></span> 
     </span>
    </p>
   </div>
   <div class='ocr_carea' id='block_1_93' title="bbox 131 4741 1703 4812">
    <p class='ocr_par' dir='ltr' id='par_1_93' title="bbox 131 4741 1703 4812">
     <span class='ocr_line' id='line_1_93' title="bbox 131 4741 1703 4812; baseline 0.002 -19"><span class='ocrx_word' id='word_1_741' title='bbox 131 4741 470 4796; x_wconf 60' lang='lat' dir='ltr'><strong>vimitinere</strong></span> <span class='ocrx_word' id='word_1_742' title='bbox 498 4743 820 4796; x_wconf 87' lang='lat' dir='ltr'><strong>servandum</strong></span> <span class='ocrx_word' id='word_1_743' title='bbox 845 4757 982 4806; x_wconf 85' lang='lat' dir='ltr'><strong>esse,</strong></span> <span class='ocrx_word' id='word_1_744' title='bbox 1010 4751 1063 4796; x_wconf 91' lang='lat' dir='ltr'><strong>ct</strong></span> <span class='ocrx_word' id='word_1_745' title='bbox 1095 4742 1318 4810; x_wconf 80' lang='lat' dir='ltr'><strong>apostoli</strong></span> <span class='ocrx_word' id='word_1_746' title='bbox 1369 4743 1703 4812; x_wconf 82' lang='lat' dir='ltr'><strong>praecipiunt,</strong></span> 
     </span>
    </p>
   </div>
   <div class='ocr_carea' id='block_1_94' title="bbox 131 4829 1705 4900">
    <p class='ocr_par' dir='ltr' id='par_1_94' title="bbox 131 4829 1705 4900">
     <span class='ocr_line' id='line_1_94' title="bbox 131 4829 1705 4900; baseline 0.004 -20"><span class='ocrx_word' id='word_1_747' title='bbox 131 4831 218 4899; x_wconf 91' lang='lat' dir='ltr'><strong>qui</strong></span> <span class='ocrx_word' id='word_1_748' title='bbox 246 4831 410 4884; x_wconf 88' lang='lat' dir='ltr'><strong>etiam</strong></span> <span class='ocrx_word' id='word_1_749' title='bbox 436 4830 650 4900; x_wconf 83' lang='lat' dir='ltr'><strong>regulas</strong></span> <span class='ocrx_word' id='word_1_750' title='bbox 675 4829 1059 4884; x_wconf 82' lang='lat' dir='ltr'><strong>saluberrimas</strong></span> <span class='ocrx_word' id='word_1_751' title='bbox 1087 4833 1321 4894; x_wconf 86' lang='lat' dir='ltr'><strong>tradunt,</strong></span> <span class='ocrx_word' id='word_1_752' title='bbox 1355 4833 1705 4900; x_wconf 87' lang='lat' dir='ltr'><strong>quemadmo-</strong></span> 
     </span>
    </p>
   </div>
   <div class='ocr_carea' id='block_1_95' title="bbox 132 4919 1705 4988">
    <p class='ocr_par' dir='ltr' id='par_1_95' title="bbox 132 4919 1705 4988">
     <span class='ocr_line' id='line_1_95' title="bbox 132 4919 1705 4988; baseline 0 -12"><span class='ocrx_word' id='word_1_753' title='bbox 132 4921 255 4976; x_wconf 90' lang='lat' dir='ltr'><strong>dum</strong></span> <span class='ocrx_word' id='word_1_754' title='bbox 284 4935 468 4974; x_wconf 89' lang='lat' dir='ltr'><strong>sccum</strong></span> <span class='ocrx_word' id='word_1_755' title='bbox 509 4922 725 4982; x_wconf 87' lang='lat' dir='ltr'><strong>vivant,</strong></span> <span class='ocrx_word' id='word_1_756' title='bbox 765 4927 819 4972; x_wconf 87' lang='lat' dir='ltr'><strong>et</strong></span> <span class='ocrx_word' id='word_1_757' title='bbox 846 4936 944 4988; x_wconf 90' lang='lat' dir='ltr'><strong>pro</strong></span> <span class='ocrx_word' id='word_1_758' title='bbox 971 4919 1270 4973; x_wconf 73' lang='lat' dir='ltr'><strong>diﬂ‘erentia</strong></span> <span class='ocrx_word' id='word_1_759' title='bbox 1302 4921 1498 4988; x_wconf 89' lang='lat' dir='ltr'><strong>gentis,</strong></span> <span class='ocrx_word' id='word_1_760' title='bbox 1536 4921 1705 4976; x_wconf 73' lang='lat' dir='ltr'><strong>Judaei</strong></span> 
     </span>
    </p>
   </div>
   <div class='ocr_carea' id='block_1_96' title="bbox 132 5009 1708 5083">
    <p class='ocr_par' dir='ltr' id='par_1_96' title="bbox 132 5009 1708 5083">
     <span class='ocr_line' id='line_1_96' title="bbox 132 5009 1708 5083; baseline -0.001 -17"><span class='ocrx_word' id='word_1_761' title='bbox 132 5023 184 5067; x_wconf 90' lang='lat' dir='ltr'><strong>et</strong></span> <span class='ocrx_word' id='word_1_762' title='bbox 208 5013 416 5072; x_wconf 67' lang='lat' dir='ltr'><strong>Graaci:</strong></span> <span class='ocrx_word' id='word_1_763' title='bbox 458 5023 511 5067; x_wconf 90' lang='lat' dir='ltr'><strong>et</strong></span> <span class='ocrx_word' id='word_1_764' title='bbox 553 5030 650 5083; x_wconf 90' lang='lat' dir='ltr'><strong>pro</strong></span> <span class='ocrx_word' id='word_1_765' title='bbox 673 5012 973 5066; x_wconf 75' lang='lat' dir='ltr'><strong>differentia</strong></span> <span class='ocrx_word' id='word_1_766' title='bbox 1023 5009 1374 5072; x_wconf 87' lang='lat' dir='ltr'><strong>conditionis,</strong></span> <span class='ocrx_word' id='word_1_767' title='bbox 1423 5011 1621 5063; x_wconf 85' lang='lat' dir='ltr'><strong>domini</strong></span> <span class='ocrx_word' id='word_1_768' title='bbox 1655 5020 1708 5064; x_wconf 90' lang='lat' dir='ltr'><strong>et</strong></span> 
     </span>
    </p>
   </div>
   <div class='ocr_carea' id='block_1_97' title="bbox 133 5099 1705 5172">
    <p class='ocr_par' dir='ltr' id='par_1_97' title="bbox 133 5099 1705 5172">
     <span class='ocr_line' id='line_1_97' title="bbox 133 5099 1705 5172; baseline -0.002 -17"><span class='ocrx_word' id='word_1_769' title='bbox 133 5105 310 5166; x_wconf 84' lang='lat' dir='ltr'><strong>servi;</strong></span> <span class='ocrx_word' id='word_1_770' title='bbox 363 5115 416 5157; x_wconf 90' lang='lat' dir='ltr'><strong>et</strong></span> <span class='ocrx_word' id='word_1_771' title='bbox 446 5117 544 5172; x_wconf 87' lang='lat' dir='ltr'><strong>pro</strong></span> <span class='ocrx_word' id='word_1_772' title='bbox 569 5102 867 5157; x_wconf 64' lang='lat' dir='ltr'><strong>difierentia</strong></span> <span class='ocrx_word' id='word_1_773' title='bbox 901 5115 1081 5161; x_wconf 78' lang='lat' dir='ltr'><strong>sexus,</strong></span> <span class='ocrx_word' id='word_1_774' title='bbox 1105 5099 1204 5150; x_wconf 86' lang='lat' dir='ltr'><strong>viri</strong></span> <span class='ocrx_word' id='word_1_775' title='bbox 1232 5107 1284 5150; x_wconf 92' lang='lat' dir='ltr'><strong>et</strong></span> <span class='ocrx_word' id='word_1_776' title='bbox 1308 5099 1520 5162; x_wconf 78' lang='lat' dir='ltr'><strong>uxoris,</strong></span> <span class='ocrx_word' id='word_1_777' title='bbox 1557 5101 1638 5151; x_wconf 87' lang='lat' dir='ltr'><strong>vel</strong></span> <span class='ocrx_word' id='word_1_778' title='bbox 1663 5101 1705 5154; x_wconf 90' lang='lat' dir='ltr'><strong>si</strong></span> 
     </span>
    </p>
   </div>
   <div class='ocr_carea' id='block_1_98' title="bbox 133 5186 1704 5260">
    <p class='ocr_par' dir='ltr' id='par_1_98' title="bbox 133 5186 1704 5260">
     <span class='ocr_line' id='line_1_98' title="bbox 133 5186 1704 5260; baseline -0.001 -19"><span class='ocrx_word' id='word_1_779' title='bbox 133 5206 235 5260; x_wconf 87' lang='lat' dir='ltr'><strong>qua</strong></span> <span class='ocrx_word' id='word_1_780' title='bbox 282 5192 408 5243; x_wconf 89' lang='lat' dir='ltr'><strong>talia</strong></span> <span class='ocrx_word' id='word_1_781' title='bbox 431 5199 630 5246; x_wconf 65' lang='lat' dir='ltr'><strong>caetera</strong></span> <span class='ocrx_word' id='word_1_782' title='bbox 659 5198 950 5244; x_wconf 90' lang='lat' dir='ltr'><strong>occurrunt</strong></span> <span class='ocrx_word' id='word_1_783' title='bbox 983 5207 992 5241; x_wconf 96' lang='lat'>:</span> <span class='ocrx_word' id='word_1_784' title='bbox 1024 5196 1076 5241; x_wconf 85' lang='lat' dir='ltr'><strong>et</strong></span> <span class='ocrx_word' id='word_1_785' title='bbox 1106 5187 1218 5255; x_wconf 90' lang='lat' dir='ltr'><strong>ipse</strong></span> <span class='ocrx_word' id='word_1_786' title='bbox 1244 5187 1394 5254; x_wconf 90' lang='lat' dir='ltr'><strong>prior</strong></span> <span class='ocrx_word' id='word_1_787' title='bbox 1425 5186 1704 5252; x_wconf 84' lang='lat' dir='ltr'><strong>Dominus,</strong></span> 
     </span>
    </p>
   </div>
   <div class='ocr_carea' id='block_1_99' title="bbox 134 5278 1706 5350">
    <p class='ocr_par' dir='ltr' id='par_1_99' title="bbox 134 5278 1706 5350">
     <span class='ocr_line' id='line_1_99' title="bbox 134 5278 1706 5350; baseline 0 -17"><span class='ocrx_word' id='word_1_788' title='bbox 134 5283 222 5348; x_wconf 89' lang='lat' dir='ltr'><strong>qui</strong></span> <span class='ocrx_word' id='word_1_789' title='bbox 247 5282 361 5335; x_wconf 87' lang='lat' dir='ltr'><strong>ait:</strong></span> <span class='ocrx_word' id='word_1_790' title='bbox 397 5279 613 5335; x_wconf 81' lang='lat' dir='ltr'><strong>Reddite</strong></span> <span class='ocrx_word' id='word_1_791' title='bbox 656 5281 854 5334; x_wconf 75' lang='lat' dir='ltr'><strong>C(rsari</strong></span> <span class='ocrx_word' id='word_1_792' title='bbox 899 5297 1013 5350; x_wconf 76' lang='lat' dir='ltr'><strong>qum</strong></span> <span class='ocrx_word' id='word_1_793' title='bbox 1062 5278 1286 5331; x_wconf 70' lang='lat' dir='ltr'><strong>Cwsmis</strong></span> <span class='ocrx_word' id='word_1_794' title='bbox 1333 5288 1484 5340; x_wconf 84' lang='lat' dir='ltr'><strong>sunt,</strong></span> <span class='ocrx_word' id='word_1_795' title='bbox 1522 5291 1566 5331; x_wconf 85' lang='lat' dir='ltr'><strong>et</strong></span> <span class='ocrx_word' id='word_1_796' title='bbox 1598 5279 1706 5333; x_wconf 84' lang='lat' dir='ltr'><strong>Deo</strong></span> 
     </span>
    </p>
   </div>
   <div class='ocr_carea' id='block_1_100' title="bbox 133 5369 1702 5441">
    <p class='ocr_par' dir='ltr' id='par_1_100' title="bbox 133 5369 1702 5441">
     <span class='ocr_line' id='line_1_100' title="bbox 133 5369 1702 5441; baseline 0.001 -18"><span class='ocrx_word' id='word_1_797' title='bbox 133 5389 245 5441; x_wconf 79' lang='lat' dir='ltr'><strong>qme</strong></span> <span class='ocrx_word' id='word_1_798' title='bbox 270 5371 368 5424; x_wconf 80' lang='lat' dir='ltr'><strong>Dei</strong></span> <span class='ocrx_word' id='word_1_799' title='bbox 395 5382 513 5424; x_wconf 77' lang='lat' dir='ltr'><strong>sunt</strong></span> <span class='ocrx_word' id='word_1_800' title='bbox 570 5371 782 5438; x_wconf 66' lang='lat' dir='ltr'><strong>(Matth.</strong></span> <span class='ocrx_word' id='word_1_801' title='bbox 830 5373 985 5438; x_wconf 53' lang='grc' dir='ltr'><strong>χχιι).</strong></span> <span class='ocrx_word' id='word_1_802' title='bbox 1034 5369 1150 5423; x_wconf 81' lang='lat' dir='ltr'><strong>Alia</strong></span> <span class='ocrx_word' id='word_1_803' title='bbox 1196 5377 1319 5421; x_wconf 80' lang='lat' dir='ltr'><strong>sunt</strong></span> <span class='ocrx_word' id='word_1_804' title='bbox 1359 5370 1538 5430; x_wconf 76' lang='lat' dir='ltr'><strong>enim,</strong></span> <span class='ocrx_word' id='word_1_805' title='bbox 1585 5386 1702 5437; x_wconf 64' lang='lat' dir='ltr'><strong>quin</strong></span> 
     </span>
    </p>
   </div>
   <div class='ocr_carea' id='block_1_101' title="bbox 136 5458 1702 5520">
    <p class='ocr_par' dir='ltr' id='par_1_101' title="bbox 136 5458 1702 5520">
     <span class='ocr_line' id='line_1_101' title="bbox 136 5458 1702 5520; baseline -0.001 -4"><span class='ocrx_word' id='word_1_806' title='bbox 136 5477 411 5516; x_wconf 80' lang='lat' dir='ltr'><strong>servamus</strong></span> <span class='ocrx_word' id='word_1_807' title='bbox 446 5462 498 5514; x_wconf 94' lang='lat' dir='ltr'><strong>in</strong></span> <span class='ocrx_word' id='word_1_808' title='bbox 526 5464 732 5516; x_wconf 85' lang='lat' dir='ltr'><strong>unitate</strong></span> <span class='ocrx_word' id='word_1_809' title='bbox 764 5461 883 5516; x_wconf 83' lang='lat' dir='ltr'><strong>ﬁdei</strong></span> <span class='ocrx_word' id='word_1_810' title='bbox 914 5461 1029 5514; x_wconf 91' lang='lat' dir='ltr'><strong>sine</strong></span> <span class='ocrx_word' id='word_1_811' title='bbox 1060 5459 1164 5511; x_wconf 91' lang='lat' dir='ltr'><strong>ulla</strong></span> <span class='ocrx_word' id='word_1_812' title='bbox 1192 5458 1447 5510; x_wconf 86' lang='lat' dir='ltr'><strong>distantia</strong></span> <span class='ocrx_word' id='word_1_813' title='bbox 1467 5498 1479 5520; x_wconf 96' lang='lat'><strong>,</strong></span> <span class='ocrx_word' id='word_1_814' title='bbox 1520 5469 1573 5512; x_wconf 92' lang='lat' dir='ltr'><strong>et</strong></span> <span class='ocrx_word' id='word_1_815' title='bbox 1600 5462 1702 5515; x_wconf 84' lang='lat' dir='ltr'><strong>alia</strong></span> 
     </span>
    </p>
   </div>
   <div class='ocr_carea' id='block_1_102' title="bbox 136 5549 1703 5622">
    <p class='ocr_par' dir='ltr' id='par_1_102' title="bbox 136 5549 1703 5622">
     <span class='ocr_line' id='line_1_102' title="bbox 136 5549 1703 5622; baseline 0 -16"><span class='ocrx_word' id='word_1_816' title='bbox 136 5551 190 5606; x_wconf 91' lang='lat' dir='ltr'><strong>in</strong></span> <span class='ocrx_word' id='word_1_817' title='bbox 220 5553 409 5606; x_wconf 88' lang='lat' dir='ltr'><strong>ordine</strong></span> <span class='ocrx_word' id='word_1_818' title='bbox 429 5553 552 5606; x_wconf 66' lang='lat' dir='ltr'><strong>vita:</strong></span> <span class='ocrx_word' id='word_1_819' title='bbox 591 5553 767 5622; x_wconf 89' lang='lat' dir='ltr'><strong>hujus,</strong></span> <span class='ocrx_word' id='word_1_820' title='bbox 797 5560 1051 5620; x_wconf 90' lang='lat' dir='ltr'><strong>tanquam</strong></span> <span class='ocrx_word' id='word_1_821' title='bbox 1081 5551 1130 5602; x_wconf 92' lang='lat' dir='ltr'><strong>in</strong></span> <span class='ocrx_word' id='word_1_822' title='bbox 1162 5549 1269 5610; x_wconf 85' lang='lat' dir='ltr'><strong>via,</strong></span> <span class='ocrx_word' id='word_1_823' title='bbox 1297 5562 1362 5600; x_wconf 86' lang='lat' dir='ltr'><strong>ne</strong></span> <span class='ocrx_word' id='word_1_824' title='bbox 1391 5563 1582 5603; x_wconf 88' lang='lat' dir='ltr'><strong>nomen</strong></span> <span class='ocrx_word' id='word_1_825' title='bbox 1611 5553 1703 5606; x_wconf 88' lang='lat' dir='ltr'><strong>Dei</strong></span> 
     </span>
    </p>
   </div>
   <div class='ocr_carea' id='block_1_103' title="bbox 137 5638 1703 5706">
    <p class='ocr_par' dir='ltr' id='par_1_103' title="bbox 137 5638 1703 5706">
     <span class='ocr_line' id='line_1_103' title="bbox 137 5638 1703 5706; baseline 0.001 -10"><span class='ocrx_word' id='word_1_826' title='bbox 137 5649 189 5696; x_wconf 89' lang='lat' dir='ltr'><strong>et</strong></span> <span class='ocrx_word' id='word_1_827' title='bbox 223 5643 468 5696; x_wconf 85' lang='lat' dir='ltr'><strong>doctrina</strong></span> <span class='ocrx_word' id='word_1_828' title='bbox 511 5641 805 5696; x_wconf 84' lang='lat' dir='ltr'><strong>Salvatoris</strong></span> <span class='ocrx_word' id='word_1_829' title='bbox 854 5640 1020 5695; x_wconf 80' lang='lat' dir='ltr'><strong>nostri</strong></span> <span class='ocrx_word' id='word_1_830' title='bbox 1051 5638 1470 5706; x_wconf 87' lang='lat' dir='ltr'><strong>blasphemctur,</strong></span> <span class='ocrx_word' id='word_1_831' title='bbox 1519 5649 1571 5692; x_wconf 88' lang='lat' dir='ltr'><strong>et</strong></span> <span class='ocrx_word' id='word_1_832' title='bbox 1603 5643 1703 5697; x_wconf 91' lang='lat' dir='ltr'><strong>hoc</strong></span> 
     </span>
    </p>
   </div>
   <div class='ocr_carea' id='block_1_104' title="bbox 139 5731 1704 5803">
    <p class='ocr_par' dir='ltr' id='par_1_104' title="bbox 139 5731 1704 5803">
     <span class='ocr_line' id='line_1_104' title="bbox 139 5731 1704 5803; baseline 0.002 -18"><span class='ocrx_word' id='word_1_833' title='bbox 139 5747 241 5786; x_wconf 87' lang='lat' dir='ltr'><strong>non</strong></span> <span class='ocrx_word' id='word_1_834' title='bbox 283 5742 455 5788; x_wconf 76' lang='lat' dir='ltr'><strong>solum</strong></span> <span class='ocrx_word' id='word_1_835' title='bbox 485 5742 701 5799; x_wconf 80' lang='lat' dir='ltr'><strong>propter</strong></span> <span class='ocrx_word' id='word_1_836' title='bbox 732 5734 894 5795; x_wconf 82' lang='lat' dir='ltr'><strong>iram,</strong></span> <span class='ocrx_word' id='word_1_837' title='bbox 945 5741 1002 5784; x_wconf 91' lang='lat' dir='ltr'><strong>ut</strong></span> <span class='ocrx_word' id='word_1_838' title='bbox 1037 5731 1349 5803; x_wconf 74' lang='lat' dir='ltr'><strong>efT:agianms</strong></span> <span class='ocrx_word' id='word_1_839' title='bbox 1379 5733 1704 5789; x_wconf 74' lang='lat' dir='ltr'><strong>offensiones</strong></span> 
     </span>
    </p>
   </div>
   <div class='ocr_carea' id='block_1_105' title="bbox 1815 4645 3382 4717">
    <p class='ocr_par' dir='ltr' id='par_1_105' title="bbox 1815 4645 3382 4717">
     <span class='ocr_line' id='line_1_105' title="bbox 1815 4645 3382 4717; baseline -0.002 -15"><span class='ocrx_word' id='word_1_840' title='bbox 1815 4650 2076 4717; x_wconf 88' lang='lat' dir='ltr'><strong>accipere.</strong></span> <span class='ocrx_word' id='word_1_841' title='bbox 2135 4646 2290 4700; x_wconf 72' lang='lat' dir='ltr'><strong>Aitas</strong></span> <span class='ocrx_word' id='word_1_842' title='bbox 2317 4647 2460 4701; x_wconf 91' lang='lat' dir='ltr'><strong>enim</strong></span> <span class='ocrx_word' id='word_1_843' title='bbox 2483 4645 2723 4700; x_wconf 72' lang='lat' dir='ltr'><strong>infantia:</strong></span> <span class='ocrx_word' id='word_1_844' title='bbox 2751 4647 2818 4700; x_wconf 91' lang='lat' dir='ltr'><strong>ad</strong></span> <span class='ocrx_word' id='word_1_845' title='bbox 2858 4655 3077 4714; x_wconf 87' lang='lat' dir='ltr'><strong>peccata</strong></span> <span class='ocrx_word' id='word_1_846' title='bbox 3113 4645 3382 4711; x_wconf 89' lang='lat' dir='ltr'><strong>formidat,</strong></span> 
     </span>
    </p>
   </div>
   <div class='ocr_carea' id='block_1_106' title="bbox 1811 4737 3380 4807">
    <p class='ocr_par' dir='ltr' id='par_1_106' title="bbox 1811 4737 3380 4807">
     <span class='ocr_line' id='line_1_106' title="bbox 1811 4737 3380 4807; baseline -0.001 -16"><span class='ocrx_word' id='word_1_847' title='bbox 1811 4739 2159 4807; x_wconf 70' lang='lat' dir='ltr'><strong>predagogum</strong></span> <span class='ocrx_word' id='word_1_848' title='bbox 2204 4737 2428 4801; x_wconf 82' lang='lat' dir='ltr'><strong>metuit,</strong></span> <span class='ocrx_word' id='word_1_849' title='bbox 2481 4751 2584 4789; x_wconf 92' lang='lat' dir='ltr'><strong>non</strong></span> <span class='ocrx_word' id='word_1_850' title='bbox 2629 4737 2850 4790; x_wconf 89' lang='lat' dir='ltr'><strong>conﬁdit</strong></span> <span class='ocrx_word' id='word_1_851' title='bbox 2891 4752 3009 4789; x_wconf 86' lang='lat' dir='ltr'><strong>esse</strong></span> <span class='ocrx_word' id='word_1_852' title='bbox 3045 4753 3102 4790; x_wconf 88' lang='lat' dir='ltr'><strong>se</strong></span> <span class='ocrx_word' id='word_1_853' title='bbox 3138 4737 3380 4792; x_wconf 89' lang='lat' dir='ltr'><strong>liberam.</strong></span> 
     </span>
    </p>
   </div>
   <div class='ocr_carea' id='block_1_107' title="bbox 1813 4827 3383 4897">
    <p class='ocr_par' dir='ltr' id='par_1_107' title="bbox 1813 4827 3383 4897">
     <span class='ocr_line' id='line_1_107' title="bbox 1813 4827 3383 4897; baseline 0.001 -17"><span class='ocrx_word' id='word_1_854' title='bbox 1813 4828 1962 4882; x_wconf 88' lang='lat' dir='ltr'><strong>Licet</strong></span> <span class='ocrx_word' id='word_1_855' title='bbox 1987 4844 2082 4897; x_wconf 91' lang='lat' dir='ltr'><strong>per</strong></span> <span class='ocrx_word' id='word_1_856' title='bbox 2110 4836 2358 4880; x_wconf 89' lang='lat' dir='ltr'><strong>naturam</strong></span> <span class='ocrx_word' id='word_1_857' title='bbox 2383 4828 2630 4881; x_wconf 91' lang='lat' dir='ltr'><strong>dominus</strong></span> <span class='ocrx_word' id='word_1_858' title='bbox 2653 4827 2738 4889; x_wconf 90' lang='lat' dir='ltr'><strong>sit,</strong></span> <span class='ocrx_word' id='word_1_859' title='bbox 2767 4834 2822 4880; x_wconf 90' lang='lat' dir='ltr'><strong>et</strong></span> <span class='ocrx_word' id='word_1_860' title='bbox 2856 4829 3147 4882; x_wconf 90' lang='lat' dir='ltr'><strong>secundum</strong></span> <span class='ocrx_word' id='word_1_861' title='bbox 3174 4837 3383 4882; x_wconf 88' lang='lat' dir='ltr'><strong>utram-</strong></span> 
     </span>
    </p>
   </div>
   <div class='ocr_carea' id='block_1_108' title="bbox 1813 4918 3383 4989">
    <p class='ocr_par' dir='ltr' id='par_1_108' title="bbox 1813 4918 3383 4989">
     <span class='ocr_line' id='line_1_108' title="bbox 1813 4918 3383 4989; baseline 0.002 -18"><span class='ocrx_word' id='word_1_862' title='bbox 1813 4932 1917 4989; x_wconf 92' lang='lat' dir='ltr'><strong>que</strong></span> <span class='ocrx_word' id='word_1_863' title='bbox 1957 4918 2361 4988; x_wconf 86' lang='lat' dir='ltr'><strong>intelligentiam</strong></span> <span class='ocrx_word' id='word_1_864' title='bbox 2409 4933 2514 4985; x_wconf 83' lang='lat' dir='ltr'><strong>qua</strong></span> <span class='ocrx_word' id='word_1_865' title='bbox 2555 4924 2760 4973; x_wconf 88' lang='lat' dir='ltr'><strong>tutores</strong></span> <span class='ocrx_word' id='word_1_866' title='bbox 2805 4927 2859 4972; x_wconf 89' lang='lat' dir='ltr'><strong>et</strong></span> <span class='ocrx_word' id='word_1_867' title='bbox 2899 4928 3110 4973; x_wconf 90' lang='lat' dir='ltr'><strong>actores</strong></span> <span class='ocrx_word' id='word_1_868' title='bbox 3153 4919 3235 4972; x_wconf 90' lang='lat' dir='ltr'><strong>vel</strong></span> <span class='ocrx_word' id='word_1_869' title='bbox 3264 4935 3383 4988; x_wconf 85' lang='lat' dir='ltr'><strong>pro-</strong></span> 
     </span>
    </p>
   </div>
   <div class='ocr_carea' id='block_1_109' title="bbox 1810 5009 3380 5080">
    <p class='ocr_par' dir='ltr' id='par_1_109' title="bbox 1810 5009 3380 5080">
     <span class='ocr_line' id='line_1_109' title="bbox 1810 5009 3380 5080; baseline 0 -17"><span class='ocrx_word' id='word_1_870' title='bbox 1810 5012 1996 5080; x_wconf 89' lang='lat' dir='ltr'><strong>phetas</strong></span> <span class='ocrx_word' id='word_1_871' title='bbox 2017 5010 2101 5063; x_wconf 87' lang='lat' dir='ltr'><strong>vel</strong></span> <span class='ocrx_word' id='word_1_872' title='bbox 2129 5009 2346 5078; x_wconf 85' lang='lat' dir='ltr'><strong>angelos</strong></span> <span class='ocrx_word' id='word_1_873' title='bbox 2385 5009 2652 5074; x_wconf 77' lang='lat' dir='ltr'><strong>diximus,</strong></span> <span class='ocrx_word' id='word_1_874' title='bbox 2703 5009 2956 5078; x_wconf 88' lang='lat' dir='ltr'><strong>parvulus</strong></span> <span class='ocrx_word' id='word_1_875' title='bbox 3001 5010 3101 5062; x_wconf 90' lang='lat' dir='ltr'><strong>iste</strong></span> <span class='ocrx_word' id='word_1_876' title='bbox 3141 5019 3246 5061; x_wconf 91' lang='lat' dir='ltr'><strong>tam</strong></span> <span class='ocrx_word' id='word_1_877' title='bbox 3290 5011 3380 5064; x_wconf 92' lang='lat' dir='ltr'><strong>diu</strong></span> 
     </span>
    </p>
   </div>
   <div class='ocr_carea' id='block_1_110' title="bbox 1809 5097 3379 5166">
    <p class='ocr_par' dir='ltr' id='par_1_110' title="bbox 1809 5097 3379 5166">
     <span class='ocr_line' id='line_1_110' title="bbox 1809 5097 3379 5166; baseline 0.001 -14"><span class='ocrx_word' id='word_1_878' title='bbox 1809 5100 1907 5152; x_wconf 91' lang='lat' dir='ltr'><strong>sub</strong></span> <span class='ocrx_word' id='word_1_879' title='bbox 1955 5099 2226 5152; x_wconf 88' lang='lat' dir='ltr'><strong>actoribus</strong></span> <span class='ocrx_word' id='word_1_880' title='bbox 2264 5106 2382 5162; x_wconf 90' lang='lat' dir='ltr'><strong>est,</strong></span> <span class='ocrx_word' id='word_1_881' title='bbox 2438 5098 2608 5151; x_wconf 84' lang='lat' dir='ltr'><strong>donec</strong></span> <span class='ocrx_word' id='word_1_882' title='bbox 2656 5097 2951 5166; x_wconf 84' lang='lat' dir='ltr'><strong>legitimum</strong></span> <span class='ocrx_word' id='word_1_883' title='bbox 3000 5097 3222 5166; x_wconf 85' lang='lat' dir='ltr'><strong>perfecti</strong></span> <span class='ocrx_word' id='word_1_884' title='bbox 3276 5100 3379 5153; x_wconf 89' lang='lat' dir='ltr'><strong>viri</strong></span> 
     </span>
    </p>
   </div>
   <div class='ocr_carea' id='block_1_111' title="bbox 1809 5189 3379 5260">
    <p class='ocr_par' dir='ltr' id='par_1_111' title="bbox 1809 5189 3379 5260">
     <span class='ocr_line' id='line_1_111' title="bbox 1809 5189 3379 5260; baseline 0.002 -18"><span class='ocrx_word' id='word_1_885' title='bbox 1809 5199 2020 5258; x_wconf 87' lang='lat' dir='ltr'><strong>tempus</strong></span> <span class='ocrx_word' id='word_1_886' title='bbox 2045 5190 2362 5258; x_wconf 87' lang='lat' dir='ltr'><strong>impleverit.</strong></span> <span class='ocrx_word' id='word_1_887' title='bbox 2400 5189 2723 5256; x_wconf 85' lang='lat' dir='ltr'><strong>chitimum</strong></span> <span class='ocrx_word' id='word_1_888' title='bbox 2747 5197 2924 5243; x_wconf 89' lang='lat' dir='ltr'><strong>autem</strong></span> <span class='ocrx_word' id='word_1_889' title='bbox 2953 5197 3160 5260; x_wconf 90' lang='lat' dir='ltr'><strong>tempus</strong></span> <span class='ocrx_word' id='word_1_890' title='bbox 3187 5205 3379 5245; x_wconf 89' lang='lat' dir='ltr'><strong>secun-</strong></span> 
     </span>
    </p>
   </div>
   <div class='ocr_carea' id='block_1_112' title="bbox 1809 5281 3377 5349">
    <p class='ocr_par' dir='ltr' id='par_1_112' title="bbox 1809 5281 3377 5349">
     <span class='ocr_line' id='line_1_112' title="bbox 1809 5281 3377 5349; baseline -0.001 -13"><span class='ocrx_word' id='word_1_891' title='bbox 1809 5284 1934 5336; x_wconf 91' lang='lat' dir='ltr'><strong>dum</strong></span> <span class='ocrx_word' id='word_1_892' title='bbox 1974 5284 2335 5336; x_wconf 79' lang='lat' dir='ltr'><strong>Romanorum</strong></span> <span class='ocrx_word' id='word_1_893' title='bbox 2384 5281 2556 5349; x_wconf 84' lang='lat' dir='ltr'><strong>legem</strong></span> <span class='ocrx_word' id='word_1_894' title='bbox 2598 5281 2784 5348; x_wconf 86' lang='lat' dir='ltr'><strong>viginti</strong></span> <span class='ocrx_word' id='word_1_895' title='bbox 2827 5282 3063 5349; x_wconf 87' lang='lat' dir='ltr'><strong>quinque</strong></span> <span class='ocrx_word' id='word_1_896' title='bbox 3109 5296 3377 5335; x_wconf 87' lang='lat' dir='ltr'><strong>annorum</strong></span> 
     </span>
    </p>
   </div>
   <div class='ocr_carea' id='block_1_113' title="bbox 1809 5368 3380 5440">
    <p class='ocr_par' dir='ltr' id='par_1_113' title="bbox 1809 5368 3380 5440">
     <span class='ocr_line' id='line_1_113' title="bbox 1809 5368 3380 5440; baseline -0.003 -14"><span class='ocrx_word' id='word_1_897' title='bbox 1809 5371 1983 5440; x_wconf 82' lang='lat' dir='ltr'><strong>spatio</strong></span> <span class='ocrx_word' id='word_1_898' title='bbox 2011 5371 2346 5424; x_wconf 90' lang='lat' dir='ltr'><strong>terminatur.</strong></span> <span class='ocrx_word' id='word_1_899' title='bbox 2393 5371 2467 5422; x_wconf 90' lang='lat' dir='ltr'><strong>Ita</strong></span> <span class='ocrx_word' id='word_1_900' title='bbox 2506 5368 2574 5422; x_wconf 85' lang='lat' dir='ltr'><strong>ad</strong></span> <span class='ocrx_word' id='word_1_901' title='bbox 2607 5369 2822 5421; x_wconf 85' lang='lat' dir='ltr'><strong>humani</strong></span> <span class='ocrx_word' id='word_1_902' title='bbox 2853 5369 3063 5438; x_wconf 56' lang='lat' dir='ltr'><strong>generis</strong></span> <span class='ocrx_word' id='word_1_903' title='bbox 3089 5369 3380 5438; x_wconf 86' lang='lat' dir='ltr'><strong>perfectio-</strong></span> 
     </span>
    </p>
   </div>
   <div class='ocr_carea' id='block_1_114' title="bbox 1809 5459 3377 5530">
    <p class='ocr_par' dir='ltr' id='par_1_114' title="bbox 1809 5459 3377 5530">
     <span class='ocr_line' id='line_1_114' title="bbox 1809 5459 3377 5530; baseline -0.003 -14"><span class='ocrx_word' id='word_1_904' title='bbox 1809 5479 1928 5516; x_wconf 87' lang='lat' dir='ltr'><strong>nem</strong></span> <span class='ocrx_word' id='word_1_905' title='bbox 1953 5463 2154 5516; x_wconf 80' lang='lat' dir='ltr'><strong>Christi</strong></span> <span class='ocrx_word' id='word_1_906' title='bbox 2185 5461 2532 5530; x_wconf 83' lang='lat' dir='ltr'><strong>reputabatur</strong></span> <span class='ocrx_word' id='word_1_907' title='bbox 2559 5462 2835 5514; x_wconf 63' lang='lat' dir='ltr'><strong>adventus.</strong></span> <span class='ocrx_word' id='word_1_908' title='bbox 2877 5459 3066 5512; x_wconf 76' lang='lat' dir='ltr'><strong>Statim</strong></span> <span class='ocrx_word' id='word_1_909' title='bbox 3101 5469 3156 5512; x_wconf 86' lang='lat' dir='ltr'><strong>ut</strong></span> <span class='ocrx_word' id='word_1_910' title='bbox 3181 5460 3267 5513; x_wconf 91' lang='lat' dir='ltr'><strong>ille</strong></span> <span class='ocrx_word' id='word_1_911' title='bbox 3289 5475 3377 5511; x_wconf 78' lang='lat' dir='ltr'><strong>ve-</strong></span> 
     </span>
    </p>
   </div>
   <div class='ocr_carea' id='block_1_115' title="bbox 1809 5547 3372 5616">
    <p class='ocr_par' dir='ltr' id='par_1_115' title="bbox 1809 5547 3372 5616">
     <span class='ocr_line' id='line_1_115' title="bbox 1809 5547 3372 5616; baseline -0.003 -11"><span class='ocrx_word' id='word_1_912' title='bbox 1809 5554 1946 5605; x_wconf 88' lang='lat' dir='ltr'><strong>nerit</strong></span> <span class='ocrx_word' id='word_1_913' title='bbox 1974 5591 1987 5613; x_wconf 99' lang='lat'><strong>,</strong></span> <span class='ocrx_word' id='word_1_914' title='bbox 2035 5560 2087 5603; x_wconf 92' lang='lat' dir='ltr'><strong>et</strong></span> <span class='ocrx_word' id='word_1_915' title='bbox 2137 5566 2320 5605; x_wconf 82' lang='lat' dir='ltr'><strong>omnes</strong></span> <span class='ocrx_word' id='word_1_916' title='bbox 2372 5551 2422 5603; x_wconf 92' lang='lat' dir='ltr'><strong>in</strong></span> <span class='ocrx_word' id='word_1_917' title='bbox 2467 5550 2638 5602; x_wconf 86' lang='lat' dir='ltr'><strong>virum</strong></span> <span class='ocrx_word' id='word_1_918' title='bbox 2684 5547 2977 5616; x_wconf 79' lang='lat' dir='ltr'><strong>perfectum</strong></span> <span class='ocrx_word' id='word_1_919' title='bbox 3023 5548 3372 5610; x_wconf 86' lang='lat' dir='ltr'><strong>crevcrimus,</strong></span> 
     </span>
    </p>
   </div>
   <div class='ocr_carea' id='block_1_116' title="bbox 1808 5639 3377 5714">
    <p class='ocr_par' dir='ltr' id='par_1_116' title="bbox 1808 5639 3377 5714">
     <span class='ocr_line' id='line_1_116' title="bbox 1808 5639 3377 5714; baseline -0.008 -16"><span class='ocrx_word' id='word_1_920' title='bbox 1808 5647 2129 5714; x_wconf 68' lang='lat' dir='ltr'><strong>predagogus</strong></span> <span class='ocrx_word' id='word_1_921' title='bbox 2162 5657 2190 5695; x_wconf 89' lang='lat' dir='ltr'><strong>a</strong></span> <span class='ocrx_word' id='word_1_922' title='bbox 2221 5641 2376 5695; x_wconf 81' lang='lat' dir='ltr'><strong>nobis</strong></span> <span class='ocrx_word' id='word_1_923' title='bbox 2411 5651 2660 5708; x_wconf 75' lang='lat' dir='ltr'><strong>tutorque</strong></span> <span class='ocrx_word' id='word_1_924' title='bbox 2683 5639 2996 5691; x_wconf 77' lang='lat' dir='ltr'><strong>discedunt:</strong></span> <span class='ocrx_word' id='word_1_925' title='bbox 3046 5646 3171 5690; x_wconf 86' lang='lat' dir='ltr'><strong>tunc</strong></span> <span class='ocrx_word' id='word_1_926' title='bbox 3197 5646 3377 5690; x_wconf 75' lang='lat' dir='ltr'><strong>aucto-</strong></span> 
     </span>
    </p>
   </div>
   <div class='ocr_carea' id='block_1_117' title="bbox 1808 5726 3370 5794">
    <p class='ocr_par' dir='ltr' id='par_1_117' title="bbox 1808 5726 3370 5794">
     <span class='ocr_line' id='line_1_117' title="bbox 1808 5726 3370 5794; baseline -0.006 -4"><span class='ocrx_word' id='word_1_927' title='bbox 1808 5737 1965 5790; x_wconf 87' lang='lat' dir='ltr'><strong>ritate</strong></span> <span class='ocrx_word' id='word_1_928' title='bbox 2009 5731 2220 5786; x_wconf 86' lang='lat' dir='ltr'><strong>Domini</strong></span> <span class='ocrx_word' id='word_1_929' title='bbox 2254 5772 2266 5794; x_wconf 89' lang='lat'><strong>,</strong></span> <span class='ocrx_word' id='word_1_930' title='bbox 2314 5738 2367 5783; x_wconf 87' lang='lat' dir='ltr'><strong>et</strong></span> <span class='ocrx_word' id='word_1_931' title='bbox 2405 5729 2730 5783; x_wconf 67' lang='lat' dir='ltr'><strong>bzcrcditatis</strong></span> <span class='ocrx_word' id='word_1_932' title='bbox 2766 5729 3102 5794; x_wconf 65' lang='lat' dir='ltr'><strong>possessione</strong></span> <span class='ocrx_word' id='word_1_933' title='bbox 3129 5726 3370 5794; x_wconf 80' lang='lat' dir='ltr'><strong>perfrue-</strong></span> 
     </span>
    </p>
   </div>
  </div>
