3906 6332
464 374 565 429 8'19

1536 370 1812 425 CLAUDII
1854 367 2209 423 1AUBINEN
2217 368 2321 425 SIS
2359 369 2665 426 EPISCOPI

3629 373 3723 428 88C

463 503 614 551 mur,
669 485 723 540 in
774 499 878 554 qua
919 483 1070 554 prius
1105 483 1247 550 nati,
1301 482 1696 552 quodammodo
1720 483 2042 553 putabamur
2071 484 2121 542 Α
2147 493 2302 533 suum
2328 521 2340 544 ,
2382 481 2446 534 ad
2470 479 2805 535 liberandum
2841 495 3062 549 parvum
3105 481 3374 538 haeredem
3403 485 3726 542 servientem

461 578 641 632 alieni.

531 671 616 725 Ita
643 679 691 725 et
715 687 807 724 ros
833 687 949 723 cum
971 686 1197 724 essemus
1223 670 1426 740 parvuli
1446 711 1459 734 ,
1481 669 1574 722 sub
1595 668 1859 723 elementis
1882 668 2040 736 hujus

458 762 644 819 mundi
689 778 898 816 eramus
949 761 1242 815 servientes.
1321 761 1501 831 Aliqui
1539 761 1807 816 elementa
1857 759 2042 813 mundi

457 856 630 922 legem
661 854 1084 922 interpretantur
1104 851 1293 921 Moysi,
1321 861 1373 904 et
1396 851 1608 919 eloquia
1633 851 2037 920 prophetarum,

459 944 601 1014 quod
628 956 728 1011 per
753 941 872 995 haec
901 939 1053 1008 quasi
1087 939 1238 992 initia
1260 949 1314 993 et
1339 940 1562 993 exordia
1592 939 1916 1001 litterarum,
1946 938 2041 990 Dei

459 1033 707 1088 timorem
735 1071 749 1094 ,
801 1029 891 1099 qui
931 1029 1208 1098 sapientiae
1241 1029 1566 1098 principium
1606 1036 1727 1090 est,
1779 1025 2043 1093 suscipia-

459 1138 598 1176 mus.
637 1120 879 1188 Denique
899 1119 964 1172 ad
987 1133 1080 1173 eos
1109 1117 1198 1188 qui
1222 1119 1334 1188 jam
1363 1119 1620 1172 deberent
1646 1131 1766 1170 esse
1791 1113 2039 1184 perfecti,

457 1220 513 1265 et
549 1210 781 1266 veritate
829 1208 1073 1278 neglecta
1105 1207 1281 1261 adhuc
1317 1206 1719 1274 disciplinarum
1760 1203 2040 1272 principiis

452 1300 808 1364 inhaerebant,
841 1297 1030 1352 scribit
1059 1297 1113 1350 in
1138 1297 1374 1366 Epistola
1415 1296 1480 1349 ad
1522 1295 1776 1349 Hebraeos
1809 1292 2041 1361 Aposto-

458 1391 539 1445 lus
566 1409 578 1444 :
609 1388 818 1444 Etenim
854 1405 972 1442 cum
998 1388 1248 1442 deberetis
1277 1403 1385 1440 esse
1407 1387 1643 1456 magistri
1672 1395 1882 1455 propter
1916 1395 2040 1438 tem-

434 1498 578 1554 _pus,
628 1496 837 1534 rursum
883 1494 1083 1531 necesse
1109 1477 1328 1542 habetis,
1376 1485 1431 1529 ut
1460 1476 1751 1529 doceamini
1786 1491 1903 1544 qua:
1935 1475 2040 1526 sint

455 1570 709 1623 elementa
752 1567 996 1638 principii
1037 1582 1334 1620 sermonum
1373 1564 1468 1617 Dei
1517 1563 1702 1634 (Hebr.
1728 1561 1803 1632 v).
1856 1562 2041 1616 Potest

455 1660 644 1728 igitur.
674 1665 735 1711 ut
761 1657 1010 1720 dicimus,
1063 1655 1230 1725 Moysi
1258 1654 1338 1709 lex
1359 1696 1372 1720 ,
1419 1663 1473 1708 et
1499 1654 1774 1723 prephetae
1806 1669 1903 1722 pro
1930 1652 2039 1706 ele-

464 1752 665 1806 mentis
690 1749 859 1818 accipi
893 1749 1192 1801 litterarum
1217 1787 1232 1811 ,
1264 1746 1405 1814 quod
1444 1761 1542 1813 per
1570 1759 1661 1798 eas
1691 1743 1905 1813 syllabae
1920 1741 2040 1810 jun-

2145 588 2209 625 ex
2259 582 2412 639 parte
2450 572 2581 640 legi,
2635 582 2889 640 tanquam
2929 572 3218 642 paedagogo
3255 592 3266 626 :
3311 589 3378 627 ex
3426 586 3583 642 parte
3630 577 3730 632 ele-

2145 661 2344 714 mentis
2387 659 2545 728 hujus
2589 661 2810 724 mundi,
2878 671 3131 730 tanquam
3179 666 3634 731 procuratoribus
3679 678 3731 721 et

2145 750 2440 808 actoribus.

2215 840 2278 892 At
2303 839 2391 892 ubi
2425 841 2552 893 venit
2581 838 2846 909 plenitudo
2874 843 3137 908 temporis,
3167 843 3308 894 misit
3334 843 3498 905 Deus,
3530 844 3729 913 inquit,

2143 925 2346 981 Filium
2374 945 2526 982 suum
2555 929 2755 996 factum
2797 946 2861 984 ex
2893 931 3128 990 muliere,
3156 930 3355 998 factum
3381 936 3477 986 sub
3506 937 3637 1003 lege,
3678 949 3731 988 ut

2142 1033 2251 1082 eos,
2280 1020 2368 1088 qui
2389 1022 2484 1070 sub
2504 1016 2618 1086 lege
2634 1030 2799 1082 erant,
2825 1021 3113 1073 redimeret.
3132 1020 3416 1077 Plenitudo
3442 1029 3730 1093 temporis.

2143 1117 2228 1162 est
2272 1109 2593 1178 completum
2644 1118 2875 1180 tempus,
2922 1113 3063 1181 quod
3116 1115 3441 1181 praeﬁnitum
3491 1117 3672 1172 fuerat
3701 1135 3732 1172 a

2143 1196 2253 1250 Deo
2280 1197 2456 1261 Patre,
2493 1199 2709 1266 quando
2744 1200 2982 1264 mitteret
3012 1201 3202 1256 Filium
3243 1220 3423 1269 suum,
3445 1219 3507 1259 ut
3529 1222 3594 1260 ex
3621 1209 3730 1262 vir-

2141 1288 2265 1356 gine
2310 1286 2484 1342 factus
2533 1291 2686 1358 quasi
2742 1291 2903 1345 homo
2959 1303 3294 1360 nasceretur,
3334 1296 3632 1363 sulijiciens
3673 1315 3730 1352 se

2142 1374 2245 1445 legi
2276 1390 2446 1444 usque
2494 1377 2562 1429 ad
2613 1385 2822 1447 tempus
2866 1381 3140 1448 baptismi,
3180 1391 3238 1434 ut
3287 1387 3518 1438 turmam
3573 1388 3734 1441 daret

2141 1466 2410 1534 quomodo
2443 1474 2759 1533 peccatores
2803 1469 2991 1534 abluti,
3023 1479 3077 1524 et
3114 1487 3143 1524 a
3168 1472 3300 1542 jugo
3347 1473 3486 1544 legis
3531 1477 3729 1545 erepti.

2141 1556 2449 1626 dignatione
2479 1555 2574 1609 Dei
2615 1565 2796 1611 essent
2844 1558 2968 1622 lilii,
3009 1570 3062 1614 et
3113 1562 3532 1631 adoptarentur,
3590 1567 3731 1619 sicut

2140 1646 2485 1715 promiserat,
2515 1645 2782 1714 redempti
2822 1649 3080 1717 sanguine
3125 1649 3244 1702 Filii
3276 1653 3408 1720 ejus.
3446 1653 3727 1707 Mulierem

2140 1752 2238 1807 pro
2261 1736 2460 1791 femina
2496 1738 2692 1805 posuit,
2724 1753 2873 1792 more
2903 1739 3189 1794 locutionis
3214 1741 3589 1798 Hebratorum.
3612 1744 3729 1798 Non

458 1848 655 1909 gantur
682 1847 739 1892 et
764 1837 1010 1900 nomina,
1051 1844 1106 1890 et
1134 1851 1239 1890 non
1268 1844 1380 1888 tam
1414 1835 1495 1888 sui
1521 1850 1680 1903 quam
1708 1833 1932 1887 alterius
1962 1833 2039 1885 rei
2072 1813 2117 1870 B
2144 1831 2290 1885 enim
2324 1832 2448 1900 quia
2469 1832 2535 1887 dc
2563 1832 2671 1884 Eva
2700 1832 2900 1885 dictum
2933 1842 3036 1898 est,
3068 1832 3345 1911 Formavit
3375 1853 3490 1889 eam
3521 1840 3576 1890 in
3614 1857 3726 1892 mu-

459 1927 690 1980 utilitate
739 1925 1052 1979 discantur:
1101 1931 1160 1977 ut
1215 1924 1481 1992 possimus
1522 1924 1818 1976 orationem
1866 1921 2041 1989 legere

460 2023 791 2079 contextam,
822 2015 876 2068 in
903 2029 1007 2084 qua
1035 2029 1227 2068 sensus
1258 2012 1455 2083 magis,
1493 2021 1547 2065 et
1567 2011 1699 2066 ordo
1728 2010 2037 2075 verborum,

459 2122 623 2176 quam
651 2105 955 2159 litterarum
983 2105 1246 2174 principia
1283 2103 1716 2158 considerantur.
1765 2101 1916 2169 Quod
1946 2117 2041 2154 au-

455 2206 564 2249 tem
589 2195 761 2265 legem
788 2205 842 2249 et
864 2195 1155 2264 prophetas
1186 2195 1451 2249 elementa
1485 2194 1669 2248 mundi
1702 2193 2040 2260 interpretati

456 2301 674 2350 sumus,
721 2285 954 2338 mundus
996 2299 1097 2352 pro
1138 2286 1222 2338 his
1255 2285 1345 2353 qui
1373 2285 1426 2338 in
1460 2284 1658 2336 mundo
1693 2290 1836 2346 sunt,
1869 2281 2040 2349 accipi

454 2373 614 2438 solet,
644 2375 834 2428 eodem
881 2374 1048 2427 Paulo
1094 2373 1344 2427 dicente:
1374 2374 1515 2426 Deus
1561 2382 1673 2425 erat
1714 2373 1768 2423 in
1808 2369 2036 2434 Christo,

456 2461 711 2515 mundum
738 2461 1083 2515 reconcilians
1108 2463 1206 2514 sibi
1230 2461 1314 2533 (ΙΙ
1342 2459 1465 2514 Cor.
1497 2462 1574 2530 γ).
1623 2460 1688 2513 Ει
1719 2461 1771 2512 in
1795 2460 2040 2529 Evange-

454 2552 568 2607 lio:
604 2552 674 2605 Et
711 2554 938 2605 mundus
963 2569 1055 2622 per
1079 2569 1193 2605 eum
1237 2553 1407 2620 factus
1438 2560 1543 2615 est,
1581 2561 1627 2604 et
1663 2551 1887 2604 mundus
1921 2567 2038 2604 eum

457 2659 559 2696 non
582 2643 772 2710 recepit
801 2640 982 2710 (Joan.
1012 2641 1073 2712 ι).
1110 2640 1286 2706 Quzeri
1318 2649 1516 2710 potest,
1547 2640 1816 2709 quomodo
1842 2653 2036 2693 secun-

456 2732 582 2786 dum
612 2731 752 2786 hanc
795 2731 1200 2785 similitudinem
1242 2732 1341 2785 sub
1366 2731 1645 2786 elementis
1674 2730 1831 2798 hujus
1856 2730 2038 2784 mundi

455 2821 659 2875 fuerint
697 2820 899 2887 Judaei,
947 2837 1069 2876 cum
1112 2822 1217 2875 illis
1238 2836 1334 2891 per
1359 2821 1530 2892 legem
1564 2837 1725 2890 quam
1759 2829 2067 2902 acceperat\

453 2928 594 2967 unus
614 2913 779 2978 Deus,
812 2914 902 2982 qui
927 2912 1055 2968 fecit
1079 2913 1275 2968 ctelum
1299 2922 1354 2968 et
1383 2921 1580 2968 terram
1602 2912 1858 2966 colendus
1888 2927 2037 2966 com-

456 3010 824 3063 mendaretur.
894 3009 999 3063 Sed
1047 3016 1224 3078 potest
1261 3023 1380 3062 esse
1424 3007 1559 3061 alius
1605 3008 1783 3060 exitus
1818 3005 2036 3076 capituli

455 3099 648 3166 hujus:
683 3108 741 3153 ut
781 3115 903 3154 cum
948 3099 1196 3168 superius
1227 3099 1398 3170 legem
1433 3099 1780 3168 pzedagogum
1822 3097 2032 3161 fecerit,

453 3190 554 3243 sub
579 3204 686 3258 quo
717 3198 837 3244 erat
865 3190 953 3243 ille
985 3191 1214 3260 populus
1242 3189 1547 3245 Iudaeorum
1572 3231 1586 3255 ,
1612 3206 1756 3244 nunc
1781 3204 2038 3259 procura-

453 3291 600 3335 tores
641 3289 698 3336 et
729 3290 939 3337 actores
982 3282 1128 3338 dicat
1173 3283 1436 3338 elementa
1466 3283 1681 3347 mundi,
1727 3283 1824 3336 sub
1844 3279 2040 3351 quibus

453 3371 763 3426 serviebant
805 3390 817 3423 :
866 3381 925 3424 ut
956 3372 1098 3426 ﬁlius
1145 3373 1233 3426 ille
1275 3373 1561 3440 parvulus,
1607 3373 1660 3426 id
1707 3381 1788 3426 est
1813 3371 2039 3441 populus

453 3471 673 3531 propter
697 3477 860 3516 unam
889 3461 1050 3516 ﬁdem
1080 3464 1146 3517 ad
1174 3463 1410 3518 divinum
1451 3478 1634 3516 semen
1658 3461 1890 3516 Abrahte
1915 3476 2038 3530 per-

453 3555 652 3616 tinens,
679 3553 930 3621 quoniam
959 3561 1015 3608 et
1042 3554 1107 3608 de
1127 3551 1324 3608 Judteis
1352 3561 1404 3607 et
1435 3555 1500 3606 de
1535 3554 1783 3623 gentibus
1813 3567 2038 3622 congre-

440 3651 606 3714 gatus
631 3654 732 3709 est,
762 3646 957 3713 partim
985 3643 1146 3699 fuerit
1176 3645 1273 3699 sub
1305 3645 1593 3715 pcedagogo
1626 3645 1760 3712 legis
1797 3653 2036 3713 tempore

449 3737 694 3806 pueritia:
709 3751 844 3799 suae,
868 3738 923 3790 id
945 3745 1046 3799 est,
1067 3752 1131 3790 ex
1155 3751 1216 3790 ea
1248 3746 1423 3804 parte,
1449 3751 1554 3803 qua
1585 3735 1650 3789 de
1681 3734 1882 3789 Iudaeis
1908 3751 2036 3790 con-

449 3833 699 3894 gregatus
750 3833 863 3888 est,
918 3824 1116 3892 partim
1166 3824 1265 3877 sub
1318 3823 1599 3877 elementis
1639 3822 1797 3889 hujus
1829 3825 2031 3888 mundi,

451 3916 645 3985 quibus
675 3924 928 3983 tanquam
961 3914 1408 3983 procuratoribus
1435 3921 1490 3967 et
1531 3912 1804 3966 actoribus
1833 3913 2035 3966 servie-

449 4005 562 4067 bat,
591 4019 654 4056 ex
683 4018 744 4056 ea
775 4011 928 4070 parte
959 4018 1062 4071 qua
1089 4002 1153 4055 de
1187 4002 1436 4070 gentibus
1459 4009 1817 4070 congregatus
1843 4009 1944 4065 est,
1976 4009 2034 4054 ut

450 4096 594 4164 quod
625 4096 814 4148 miscet
842 4092 1133 4163 Apostolus
1159 4107 1444 4160 personam
1475 4107 1646 4146 suam.
1679 4091 1793 4146 Non
1824 4092 2030 4156 dicens,

451 4188 584 4241 Cum
614 4187 806 4240 essetis
833 4184 1038 4252 parvuli
1067 4183 1165 4236 sub
1193 4183 1473 4235 elementis
1511 4181 1668 4249 hujus
1705 4181 1888 4235 mundi
1913 4195 2033 4235 era-

449 4280 520 4332 tis
545 4319 559 4341 ,
609 4278 701 4331 sed
731 4277 915 4329 dicens
943 4316 955 4338 ,
1005 4273 1134 4326 Cant
1162 4289 1388 4326 essemus
1409 4271 1612 4340 parvuli
1638 4270 1731 4323 sub
1768 4270 2030 4322 elementis

448 4369 631 4421 mundi
674 4367 832 4437 hujus
868 4381 1074 4419 eramus
1099 4366 1377 4418 servientes
1396 4405 1409 4428 ,
1441 4379 1544 4417 non
1573 4363 1840 4431 pertineat
1871 4361 1936 4414 ad
1961 4361 2032 4414 si-

448 4461 848 4530 gniﬁcationem
883 4456 1187 4513 Iudaeorum
1219 4473 1285 4511 ex
1319 4459 1513 4528 quibus
1539 4456 1736 4509 Paulus
1763 4457 2026 4525 originem
2053 4495 2104 4554 D

449 4550 613 4612 ducit,
662 4551 754 4603 sed
793 4549 964 4618 magis
1001 4547 1064 4600 ad
1111 4549 1381 4617 gentium,
1431 4548 1533 4601 hoc
1575 4548 1835 4600 duntaxat
1864 4547 2021 4600 loco:

450 4639 702 4707 quoniam
727 4647 778 4691 et
807 4652 992 4691 eorum
1018 4651 1265 4705 personae
1285 4637 1540 4689 decenter
1569 4650 1627 4688 se
1657 4643 1836 4703 potest
1865 4635 2029 4688 adne-

449 4740 616 4794 ctere,
640 4731 832 4799 quibus
863 4730 928 4782 ad
954 4728 1431 4797 evangelizandum
1464 4728 1658 4780 missus
1687 4735 1789 4780 est.
1847 4726 2032 4779 Potest

448 4823 580 4875 etin
617 4821 897 4875 clementis
937 4818 1118 4871 mundi
1145 4818 1456 4872 neomeuias
1483 4814 1786 4885 signiﬁcare
1824 4823 1876 4868 et
1910 4815 2031 4868 sab-

451 4911 653 4963 batum.
697 4907 1002 4960 Neomeniae
1031 4907 1175 4959 enim
1202 4906 1316 4958 dies
1355 4914 1479 4958 sunt
1502 4905 1717 4957 lunares
1736 4942 1750 4965 ,
1779 4918 1913 4970 quos
1939 4902 2030 4956 ob-

447 5003 669 5050 servant
711 4992 877 5046 Judzei
926 5011 936 5044 :
993 4993 1274 5045 sabbatum
1321 5007 1451 5044 vero
1498 4992 1614 5044 dies
1658 4991 2025 5059 requietionis.

448 5089 749 5153 Antequam
796 5084 1002 5138 veniret
1057 5097 1186 5152 ergo
1231 5081 1540 5150 promissio,
1573 5081 1626 5134 id
1663 5088 1772 5144 est,
1827 5081 2027 5133 donum

449 5179 636 5249 gratia:
663 5178 756 5228 Dei
779 5215 791 5239 ,
815 5184 869 5228 et
894 5173 1185 5242 puriﬁcaus
1203 5173 1529 5240 justiﬁearet
1550 5172 1849 5233 credentes,
1875 5171 2029 5238 quasi

450 5267 747 5336 imperfecti
779 5274 832 5317 et
866 5264 1071 5332 parvuli
1103 5278 1197 5331 per
1222 5263 1395 5332 legem
1428 5263 1520 5315 Dei
1557 5260 1783 5328 subjecti
1812 5273 2030 5312 eramus

449 5358 754 5417 conservis,
809 5356 962 5423 quasi
997 5354 1318 5423 paedagogis.
1389 5351 1636 5405 Libertas
1663 5352 1806 5404 enim
1842 5358 2025 5403 nostra

449 5447 682 5503 obnoxia
709 5455 822 5499 erat
855 5461 1013 5498 causa
1048 5444 1273 5512 peccati.
1314 5442 1457 5495 Nihil
1495 5449 1672 5494 tamen
1708 5440 1771 5493 de
1795 5439 2028 5493 elemen-

451 5539 523 5592 tis
552 5537 843 5604 sperabant
871 5534 1060 5596 Jlldll‘l,
1093 5535 1232 5586 sicut
1263 5542 1316 5586 et
1343 5531 1534 5601 pagani
1562 5549 1573 5582 :
1608 5530 1701 5584 sed
1729 5537 2027 5583 creatorem

455 5629 622 5680 Deum
650 5623 1051 5678 venerabantur
1084 5626 1136 5677 in
1162 5631 1426 5677 creatura.
1487 5620 1687 5674 Deinde
1708 5619 1820 5686 jam
1850 5621 1978 5673 dicit
2012 5636 2023 5670 :

456 5715 714 5768 Veniente
740 5715 1072 5786 plenitudine
1104 5713 1380 5782 temporis,
1407 5713 1568 5766 Deum
1599 5710 1809 5765 misisse
1833 5710 2028 5764 Filium

2144 1923 2341 1985 lierem,
2372 1921 2484 1989 jam
2525 1937 2680 1991 passa
2716 1931 2835 1976 erat
2879 1923 3221 1976 concubitum
3260 1925 3382 1990 viri,
3426 1929 3571 1994 quod
3620 1944 3726 1981 non

2143 2015 2398 2069 scribitur
2419 2029 2598 2083 passa,
2631 2013 2735 2066 nisi
2761 2029 2884 2067 cum
2915 2013 3120 2069 dimissi
3143 2026 3325 2070 essent
3346 2018 3411 2071 de
3449 2019 3723 2086 paradiso.

2142 2105 2366 2158 Factum
2389 2114 2568 2159 autem
2601 2103 2754 2168 dixit,
2779 2109 2997 2172 propter
3019 2108 3415 2173 susceptionem
3442 2117 3723 2170 creaturae,

2141 2198 2266 2266 quia
2290 2198 2380 2265 qui
2413 2205 2708 2251 nascuntur
2727 2210 2793 2250 ex
2833 2198 3067 2262 feminis,
3089 2213 3196 2252 non
3239 2206 3364 2252 tunc
3392 2213 3457 2252 ex
3487 2199 3599 2252 Deo
3625 2213 3722 2252 na-

2141 2297 2390 2354 scuntur,
2424 2291 2518 2345 sed
2550 2302 2731 2345 tamen
2761 2292 2902 2346 Deus
2931 2290 3219 2355 illos-fecit,
3240 2300 3300 2344 ut
3325 2291 3402 2345 sic
3426 2293 3578 2345 nasci
3605 2307 3725 2360 pos-

2141 2389 2282 2445 sent,
2328 2389 2388 2434 ut
2414 2396 2627 2434 omnem
2656 2390 2983 2435 creaturam.
3009 2380 3235 2434 Factum
3285 2393 3459 2435 autem
3489 2383 3586 2435 sub
3618 2382 3724 2450 lege

2140 2471 2293 2533 dixit,
2325 2471 2450 2538 quia
2478 2478 2532 2524 et
2560 2471 2911 2525 circumcisus
2935 2480 3040 2536 est,
3062 2480 3115 2524 et
3146 2471 3319 2525 hostia
3351 2488 3452 2541 pro
3483 2473 3576 2528 illo
3596 2473 3726 2542 legi-

2143 2561 2270 2614 tima
2307 2561 2484 2615 oblata
2526 2569 2628 2616 est.
2664 2561 2771 2616 Nec
2817 2563 3013 2616 mirum
3069 2564 3114 2617 si
3145 2572 3198 2618 ct
3245 2564 3334 2618 ille
3381 2564 3518 2634 legis
3561 2578 3721 2632 opera

2140 2653 2414 2724 sustinuit,
2445 2668 2509 2707 ex
2534 2655 2729 2723 quibus
2756 2671 2849 2709 eos
2884 2655 3155 2720 liberaret,
3188 2658 3275 2725 qui
3323 2657 3406 2710 eis
3453 2658 3722 2711 serviliter

2140 2744 2476 2798 tenebantur.
2517 2744 2620 2810 Qui
2667 2747 2828 2798 etiam
2873 2755 3102 2802 mortem
3148 2747 3425 2812 sustinuit,
3454 2757 3514 2800 ut
3545 2764 3610 2801 ex
3658 2763 3720 2802 ea

2138 2833 2395 2888 liberaret
2422 2850 2532 2898 eos,
2556 2835 2649 2903 qui
2678 2835 3004 2890 mortalitate
3027 2836 3368 2890 tenebantur.

2212 2927 2280 2982 Ut
2321 2930 2669 2998 adoptionem,
2701 2931 2892 3000 inquit,
2933 2931 3165 2998 ﬁliorum
3204 2931 3540 2999 recipiamus.
3577 2932 3716 2984 Ado-

2137 3017 2372 3085 ptionem
2417 3029 2701 3086 propterea
2746 3020 2901 3082 dixit,
2948 3028 3008 3072 ut
3058 3019 3308 3074 distincte
3356 3021 3720 3090 intelligamus

2141 3107 2355 3160 unicum
2387 3107 2481 3162 Dei
2505 3109 2696 3162 Filium
2718 3127 2728 3160 :
2749 3123 2846 3162 nos
2867 3109 3010 3162 enim
3039 3108 3300 3163 beneﬁcio
3326 3118 3381 3165 et
3407 3111 3716 3180 dignatione

2145 3196 2527 3252 misericordiae
2570 3197 2686 3266 ejus
2725 3197 2819 3251 ﬁlii
2866 3199 2961 3252 Dei
3001 3213 3205 3253 sumus.
3249 3199 3344 3254 llle
3392 3210 3591 3254 natura
3639 3212 3718 3255 est

2144 3283 2306 3349 ﬁlius,
2347 3287 2436 3353 qui
2468 3287 2572 3341 hoc
2596 3297 2678 3342 est
2706 3289 2845 3358 quod
2877 3296 3050 3357 pater.
3075 3287 3183 3342 Nec
3207 3290 3338 3344 dicit
3364 3292 3713 3361 accipiamus,

2141 3377 2234 3431 sed
2263 3377 2607 3447 recipiamus,
2640 3387 2700 3433 ut
2735 3380 3066 3449 signiﬁcaret
3095 3380 3197 3434 hoc
3227 3395 3326 3435 nos
3355 3381 3639 3436 admisisse
3663 3384 3714 3436 in

2139 3465 2332 3531 Adam,
2361 3480 2426 3520 ex
2460 3482 2567 3535 quo
2594 3468 2848 3522 mortales
2890 3484 3093 3523 sumus.
3129 3468 3242 3524 Hoc
3283 3485 3417 3540 ergo
3445 3472 3591 3539 quod
3621 3473 3709 3533 ait,

2139 3565 2194 3609 ut
2226 3573 2335 3621 eos,
2371 3558 2460 3626 qui
2490 3559 2586 3610 sub
2615 3558 2722 3624 lege
2749 3569 2919 3624 erant,
2949 3559 3238 3623 redimeret,
3284 3570 3340 3614 et
3369 3561 3439 3615 ad
3484 3562 3712 3616 liberau-

2139 3645 2266 3698 dum
2291 3661 2413 3700 eum
2444 3645 2698 3715 populum
2718 3648 2973 3716 pertinet,
3011 3649 3100 3717 qui
3130 3649 3384 3718 parvulus
3409 3650 3514 3704 sub
3536 3651 3709 3719 paeda-

2138 3749 2272 3804 gogo
2297 3736 2586 3790 serviebat.
2619 3737 2684 3788 Et
2723 3737 2954 3792 refertur
2977 3739 3043 3791 ad
3078 3739 3128 3792 id
3154 3740 3298 3808 quod
3323 3740 3490 3804 dixit,
3517 3741 3708 3808 factum

2136 3825 2230 3876 sub
2277 3823 2404 3893 lege.
2436 3825 2566 3879 lllud
2595 3834 2773 3878 autem
2810 3834 2949 3893 quod
2978 3828 3072 3889 ait,
3104 3835 3160 3879 ut
3207 3828 3540 3896 adoptionem
3578 3828 3708 3895 ﬁlio-

2137 3929 2251 3965 rum
2276 3915 2602 3983 recipiamus,
2639 3913 2872 3970 refertur
2897 3915 2961 3969 ad
2987 3915 3038 3970 id
3065 3917 3206 3984 quod
3235 3916 3392 3980 dixit,
3417 3916 3618 3984 factum
3647 3932 3707 3970 ex

2136 4004 2384 4066 muliere;
2434 4005 2561 4059 hinc
2609 4007 2753 4060 enim
2805 4007 3149 4076 adoptionem
3198 4007 3528 4075 recipimus,
3572 4007 3705 4075 quod

2136 4092 2224 4145 ille
2268 4093 2460 4146 unicus
2489 4109 2594 4146 non
2624 4094 2943 4164 dedignatus
2980 4102 3063 4148 est
3107 4095 3579 4163 participationem
3619 4110 3705 4147 na-

2135 4187 2269 4234 tura:
2299 4192 2498 4235 nostra:
2523 4181 2698 4236 factus
2724 4199 2789 4237 ex
2823 4183 3046 4250 muliere
3073 4201 3084 4235 :
3107 4191 3168 4236 ut
3190 4199 3296 4238 non
3321 4184 3497 4238 solum
3528 4186 3704 4254 unige-

2135 4270 2279 4325 nitus
2304 4279 2468 4335 esset,
2491 4272 2580 4325 ubi
2604 4271 2798 4327 fratres
2829 4288 2932 4326 non
2961 4273 3152 4337 habet,
3196 4274 3291 4328 sed
3317 4274 3484 4328 etiam
3513 4273 3702 4344 primo-

2135 4362 2345 4428 genitus
2381 4379 2447 4415 ex
2484 4362 2665 4416 multis
2687 4362 2944 4417 fratribus
2972 4363 3125 4418 ﬁeret
3153 4382 3164 4417 ;
3195 4363 3302 4418 duo
3345 4364 3494 4418 enim
3519 4379 3701 4433 propo-

2136 4453 2261 4516 suit,
2287 4453 2482 4520 factum
2509 4469 2572 4508 ex
2594 4453 2828 4518 muliere,
2860 4455 3054 4522 factum
3095 4456 3188 4509 sub
3215 4455 3343 4526 lege.
3370 4454 3477 4510 Sed
3504 4467 3700 4510 mutato

2133 4543 2322 4597 ordine
2349 4545 2643 4612 respondit,
2674 4543 2784 4611 jam
2814 4545 2960 4598 illum
2983 4546 3233 4615 populum
3262 4547 3580 4617 adjungens,
3615 4549 3697 4615 qui

2135 4636 2390 4706 parvulus
2425 4637 2524 4690 sub
2553 4635 2993 4704 procuratoribus
3021 4646 3074 4691 et
3107 4637 3381 4692 actoribus
3412 4639 3694 4700 serviebat,

2134 4727 2186 4778 id
2219 4734 2300 4780 est
2337 4726 2616 4779 elementis
2640 4726 2798 4795 hujus
2838 4726 3042 4790 mundi,
3077 4721 3143 4781 ne
3174 4735 3489 4796 reputarent
3512 4743 3569 4782 se
3598 4743 3696 4781 nun

2133 4830 2252 4870 esse
2275 4815 2429 4879 ﬁlios,
2451 4816 2576 4884 quia
2602 4831 2707 4869 non
2737 4824 2890 4868 erant
2910 4817 3008 4870 sub
3035 4817 3342 4886 paedagogo.

2205 4906 2464 4969 Quoniam
2491 4915 2663 4958 autem
2697 4906 2795 4973 ﬁlii
2826 4906 2923 4960 Dei
2947 4908 3089 4971 estis,
3119 4908 3322 4975 inquit,
3371 4907 3511 4959 misit
3562 4905 3694 4959 Deus

2131 4996 2371 5064 spiritum
2399 4994 2527 5048 Filii
2560 4996 2641 5048 sui
2668 4996 2722 5048 in
2768 4995 2926 5049 corda
2970 5005 3138 5048 vestra
3177 4995 3513 5059 clamantem,
3554 4996 3690 5048 Abba

2129 5095 2295 5153 pater.
2319 5085 2433 5138 Duo
2451 5085 2775 5149 suntverba,
2791 5099 2907 5153 quae
2931 5085 3127 5154 posuit,
3145 5086 3517 5152 utposteriore
3541 5087 3693 5138 inter-

2129 5182 2435 5244 pretaretur
2459 5177 2713 5244 primum.
2747 5174 2879 5228 Nam
2918 5177 3021 5230 hoc
3047 5183 3131 5228 est
3155 5175 3312 5239 abba,
3343 5176 3488 5242 quod
3521 5184 3688 5243 pater.

2131 5264 2415 5333 Eleganter
2436 5274 2615 5318 autem
2648 5265 2978 5334 intelligitur,
3002 5279 3106 5316 non
3129 5263 3328 5317 frustra
3351 5265 3576 5318 duarum
3601 5264 3693 5316 lin-

2131 5370 2354 5423 guarum
2397 5357 2560 5409 verba
2598 5355 2840 5423 posuisse
2889 5356 3030 5409 idem
3072 5353 3428 5424 signiﬁcantia
3481 5354 3692 5422 propter

2128 5446 2437 5499 universum
2473 5444 2748 5514 populum,
2779 5445 2868 5513 qui
2919 5445 2984 5498 de
3030 5442 3226 5498 Iudaeis
3253 5455 3308 5497 et
3347 5444 3595 5512 gentibus
3641 5445 3691 5497 in

2131 5544 2391 5598 unitatem
2429 5543 2552 5597 ﬁdei
2589 5555 2812 5597 vocatus
2849 5552 2951 5606 est,
2983 5550 3041 5595 ut
3075 5541 3355 5595 llebrzeum
3381 5541 3596 5593 verbum
3625 5539 3688 5592 ad

2128 5631 2356 5696 Judzeos,
2389 5632 2634 5686 Graecum
2660 5632 2725 5685 ad
2753 5639 2937 5700 gentes
2984 5649 2998 5684 :
3032 5630 3310 5697 utriusque
3339 5637 3520 5681 tamen
3550 5626 3690 5679 verbi

2130 5726 2316 5777 eadem
2348 5721 2668 5792 signiﬁcatio
2693 5723 2759 5777 ad
2788 5722 3026 5792 ejusdem
3062 5721 3182 5775 ﬁdei
3208 5719 3540 5790 Spiritusque
3577 5715 3691 5768 uni-
