3906 6354
236 379 347 437 881

1192 375 1453 433 ENARR.
1494 376 1562 432 IN
1603 372 1826 431 EPIST.
1860 371 1926 428 D.
1967 372 2175 432 PAULI
2210 376 2303 432 AD
2339 377 2591 435 CALAT.

3417 390 3526 448 882

235 502 413 549 tatem
458 492 746 564 pertineat.
788 491 925 547 Nam
959 498 1015 546 et
1044 491 1111 547 ad
1156 490 1449 557 Romanos,
1498 491 1591 546 ubi
1637 486 1831 546 similis
1857 483 1911 547 Α
1934 500 2035 542 nec
2056 496 2257 546 statum
2278 508 2308 546 a
2333 502 2487 563 patre
2510 502 2718 566 tempus
2741 498 3002 570 implevit,
3018 492 3086 555 rut
3108 500 3250 559 filius
3276 514 3331 560 et
3352 506 3523 564 meres

236 585 476 656 quaestio
516 585 583 641 de
611 600 744 655 pace
780 586 835 640 in
880 584 1096 641 Christo
1140 583 1449 640 Iudaeorum
1483 584 1831 655 gentiumque

239 685 533 745 tractatur,
565 678 669 734 hoc
697 678 866 733 dicit:
916 674 1041 730 Non
1084 676 1224 731 enim
1268 676 1543 747 accepistis
1584 676 1830 746 spiritum

232 771 509 825 servitutis
553 771 739 825 iterum
787 770 843 823 in
887 768 1092 834 timore,
1134 767 1225 822 sed
1271 767 1543 839 accepistis
1587 766 1829 838 spiritum

235 859 541 931 adoptionis
573 860 836 928 ﬁliorum,
878 858 934 912 in
980 875 1081 930 quo
1124 857 1413 911 clamamus
1437 898 1450 922 ,
1496 857 1643 911 Abba
1683 866 1832 927 pater

238 949 424 1020 (Rom.
442 950 580 1021 νιιι).
606 949 741 1007 Cum
767 964 897 1020 ergo
922 948 1146 1004 dixisset
1172 947 1461 1017 Apostolus
1478 988 1491 1011 ,
1518 946 1665 1001 Misit
1688 946 1830 1001 Deus

239 1040 448 1096 Filium
497 1048 650 1097 suum
692 1043 892 1112 factum
936 1060 1001 1097 ea:
1046 1041 1283 1107 muliere,
1310 1042 1507 1112 factum
1550 1041 1645 1095 sub
1698 1040 1826 1111 lege,

239 1143 303 1187 ut
337 1150 423 1187 eos
457 1134 547 1204 qui
595 1134 690 1188 sub
719 1133 829 1205 lege
876 1143 1025 1188 erant
1068 1133 1374 1198 redimeret,
1404 1142 1461 1187 ut
1496 1133 1829 1203 adoptionem

239 1225 476 1291 ﬁliorum
504 1227 837 1297 recipiamus,
865 1226 1120 1291 restabat,
1153 1232 1214 1279 ut
1254 1224 1418 1280 etiam
1440 1230 1664 1296 gentes,
1710 1237 1830 1291 quae

241 1331 354 1371 non
384 1324 538 1371 erant
579 1318 678 1372 sub
718 1317 864 1388 lege,
899 1318 965 1373 ad
996 1317 1241 1371 eamdem
1272 1324 1451 1369 tamen
1485 1313 1828 1381 adoptionem

234 1406 478 1463 ﬁliorum
512 1414 783 1477 pertinere
810 1407 1139 1471 ostenderet,
1169 1405 1312 1474 quod
1341 1405 1406 1459 de
1449 1402 1620 1458 sancti
1657 1402 1832 1471 Spiri-

238 1506 335 1553 tus
376 1499 536 1561 dono,
570 1498 663 1565 qui
705 1497 955 1551 omnibus
1001 1496 1159 1550 datus
1190 1502 1293 1559 est,
1345 1496 1518 1549 docet.
1568 1492 1722 1548 Unde
1771 1505 1829 1546 se

239 1589 409 1644 etiam
438 1588 631 1644 Petrus
678 1590 743 1644 de
774 1588 1047 1657 baptizato
1088 1586 1468 1642 incircumciso
1512 1584 1830 1640 centurione

237 1676 499 1735 Cornelio
520 1679 759 1735 defendit
784 1679 923 1749 apud
952 1676 1186 1744 Judzeos,
1216 1679 1309 1748 qui
1352 1676 1718 1740 crediderant,
1749 1673 1829 1729 di-

237 1788 375 1829 cens
403 1790 416 1826 :
446 1771 561 1827 Non
592 1788 650 1828 se
689 1772 928 1842 potuisse
951 1787 1147 1841 aquam
1188 1785 1387 1841 negare
1431 1769 1535 1823 illis
1563 1769 1699 1839 (Act.
1726 1768 1824 1837 Ix).

237 1858 508 1932 Queniam
539 1864 800 1934 Spiritum
828 1872 1077 1918 sanctum
1105 1863 1381 1932 accepisse
1413 1860 1704 1916 claruerat.
1739 1858 1832 1913 Sic

234 1964 300 2011 et
324 1956 431 2020 hic,
452 1956 721 2027 quoniam,
748 1957 941 2024 inquit,
965 1954 1064 2021 ﬁlii
1092 1954 1190 2008 Dei
1217 1955 1363 2019 estis,
1391 1953 1533 2006 misit
1558 1951 1700 2006 Deus
1725 1950 1833 2022 spi-

236 2045 402 2098 ritum
431 2042 561 2097 Filii
590 2044 672 2098 sui
695 2045 749 2097 in
773 2028 934 2103 cbrda
964 2052 1150 2107 vestra,
1178 2041 1513 2107 clamantem,
1560 2040 1707 2095 Abba
1734 2056 1830 2110 pa-

234 2144 341 2189 ter.
370 2134 573 2189 Deinde
600 2134 1041 2190 manifestissime
1078 2133 1315 2189 ostendit
1360 2132 1427 2188 de
1453 2133 1539 2187 his
1564 2132 1729 2187 etiam
1772 2146 1831 2186 se

234 2222 442 2290 dicere,
469 2223 561 2294 qui
596 2240 663 2280 ex
702 2227 953 2296 gentibus
983 2224 1053 2280 ad
1097 2224 1258 2280 ﬁdem
1280 2233 1544 2279 venerant
1592 2223 1662 2277 ad
1692 2237 1831 2292 quos

233 2316 403 2371 etiam
444 2317 727 2386 epistolam
767 2319 979 2374 scribit.

309 2403 497 2473 Itaque
516 2406 635 2475 jam
659 2423 761 2461 non
782 2416 858 2462 est
883 2424 1082 2472 servus,
1107 2412 1197 2462 sed
1233 2406 1398 2476 ﬁlius.
1429 2407 1720 2473 Habentes,
1745 2414 1829 2460 in-

234 2496 377 2567 quit,
407 2498 654 2565 spiritum
692 2498 812 2554 Filii
844 2500 972 2565 Dei,
1008 2501 1335 2556 clamantem
1380 2500 1436 2554 in
1477 2498 1825 2571 vobis,Abha

230 2596 416 2657 pater,
441 2602 545 2642 non
562 2589 705 2643 servi
732 2591 973 2659 coepistis
1002 2606 1142 2656 esse,
1162 2589 1256 2645 sed
1286 2590 1384 2644 lilii
1411 2591 1504 2661 qui
1532 2598 1659 2645 ante
1689 2590 1823 2644 nihil

233 2675 572 2733 diﬂ’erebatis
585 2694 617 2733 a
640 2694 819 2746 servo,
834 2696 955 2735 cum
971 2682 1165 2737 essetis
1181 2690 1376 2736 natura
1405 2682 1620 2751 quidem
1644 2681 1827 2736 Domi-

230 2764 294 2819 tii
314 2806 329 2831 ,
368 2770 461 2822 sed
484 2769 585 2824 sub
616 2770 881 2825 tutoribus
906 2779 959 2825 et
980 2771 1254 2827 actoribus
1294 2771 1502 2841 parvuli
1526 2772 1821 2842 degebatis.

231 2854 355 2911 Non
378 2865 461 2913 est
483 2874 689 2925 servus,
714 2861 841 2930 quia
870 2861 1110 2916 sublatus
1125 2863 1190 2917 de
1215 2862 1629 2933 potestatelegis
1645 2863 1825 2918 socius

230 2941 413 3001 factus
444 2956 529 3002 est
562 2949 955 3004 benedictionis
985 2951 1187 3021 proprii
1217 2950 1313 3005 filii
1360 2952 1476 3006 Dei.
1519 2951 1632 3007 Hoc
1650 2961 1823 3008 totum

233 3036 369 3107 agit,
388 3047 606 3107 propter
634 3039 684 3093 id
715 3040 858 3108 quod
878 3040 1108 3106 dixerat,
1124 3039 1359 3111 quandiu
1379 3041 1545 3095 [neres
1571 3041 1821 3112 parvulus

230 3135 336 3192 ut,
367 3127 497 3181 nihil
529 3129 705 3198 diﬁ‘ert
737 3148 768 3184 a
799 3147 967 3185 servo.

314 3216 467 3282 Quod
496 3219 541 3271 si
566 3219 733 3287 ﬁlius,
767 3230 813 3274 et
844 3222 1009 3276 Ita'res
1032 3239 1124 3291 per
1142 3221 1333 3277 Deum.
1360 3224 1415 3278 Id
1444 3232 1545 3288 est,
1586 3239 1683 3295 per
1725 3225 1823 3279 mi-

232 3309 589 3365 sericordiam
614 3309 742 3375 Dei,
774 3327 881 3365 non
906 3327 1003 3381 per
1032 3313 1448 3382 promissionem
1479 3322 1721 3385 patrum,
1754 3315 1821 3382 de

233 3402 435 3471 quibus
469 3401 784 3467 carnaliter,
813 3402 954 3457 sicut
983 3401 1174 3467 Judrei,
1223 3412 1382 3457 natus
1412 3420 1521 3458 non
1545 3413 1710 3469 esset,
1746 3413 1823 3459 ta-

232 3508 360 3548 men
397 3493 537 3548 lilius
571 3492 800 3548 Abralnc
831 3495 1122 3548 secundum
1154 3494 1509 3549 imitationem
1544 3494 1687 3550 fidei.
1714 3495 1822 3553 Cu-

224 3584 321 3657 jus
370 3586 494 3641 fidei
543 3588 770 3656 gratiam
817 3604 915 3657 per
966 3587 1396 3643 misericordiam
1447 3588 1656 3643 Domini
1702 3605 1819 3665 me-

231 3679 443 3736 ruistis.

307 3772 416 3827 Sed
440 3782 565 3825 tunc
587 3771 795 3841 quidem
817 3772 1098 3825 nescientes
1134 3771 1323 3835 Deum,
1352 3770 1581 3825 servistis
1614 3770 1698 3837 iis,
1730 3773 1819 3842 qui

233 3870 430 3917 natura
466 3878 568 3915 non
588 3870 737 3915 erant
764 3861 861 3915 dii.
903 3861 1061 3915 Nunc
1089 3877 1206 3914 vero
1235 3869 1602 3931 cognoscentes
1626 3861 1816 3928 Deum,

231 3957 403 4026 magis
423 3964 597 4008 autem
625 3954 815 4023 cogniti
838 3953 899 4006 ab
928 3970 1007 4018 eo,
1039 3952 1299 4024 quomodo
1337 3952 1696 4007 convertimini
1726 3953 1823 4006 ite-

231 4062 353 4098 rum
404 4044 472 4097 ad
516 4031 752 4111 infirma,
781 4052 830 4096 et
871 4059 1031 4112 egena
1059 4041 1346 4106 elementa,
1393 4043 1579 4109 quibus
1612 4058 1820 4097 rursum

230 4135 427 4190 servire
451 4134 647 4188 vultis?
675 4133 942 4200 Quoniam
985 4135 1139 4203 prius
1166 4149 1263 4205 per
1302 4134 1669 4205 ignorantiam
1695 4150 1821 4204 pec—

228 4227 432 4283 cabant
456 4228 758 4282 servientes
782 4227 960 4291 idolis,
1001 4226 1157 4282 facile
1181 4228 1285 4282 illis
1319 4230 1607 4284 remissum
1653 4230 1820 4300 signi-

231 4316 396 4382 ﬁcat,
438 4317 577 4371 sicut
625 4317 756 4372 dicit
794 4318 847 4371 in
896 4316 1091 4373 Genesi
1132 4318 1445 4374 Ahimelech
1494 4320 1562 4375 ad
1606 4320 1814 4375 Deum:

231 4402 478 4470 Domine,
506 4422 649 4470 num,
675 4405 866 4473 inquit,
890 4414 1089 4473 gentem
1109 4406 1433 4475 ignorantem
1454 4407 1637 4478 perdes
1660 4407 1814 4480 (Gen.

1934 580 2192 669 appellari
2236 593 2420 653 queat,
2450 587 2551 642 sub
2590 588 3030 664 elementis‘eum
3060 596 3269 663 mundi,
3301 598 3419 669 lege
3445 602 3523 656 vi-

1935 666 2129 725 delicet
2151 684 2274 727 esse
2320 672 2509 745 Moysi.
2551 675 2687 731 Cum
2731 689 2912 737 autem
2960 693 3083 755 post
3132 666 3441 744 libertatem
3466 700 3525 747 et

1933 760 2298 830 adoptionem,
2338 774 2393 820 et
2440 767 2819 826 hacreditatem
2860 772 2973 829 ﬁlio
3019 776 3257 833 debitam
3304 794 3523 836 rursum

1933 867 2184 910 reversus
2208 854 2372 912 fuerit
2392 860 2460 914 ad
2485 859 2680 930 legem,
2704 863 3021 921 circumcidi
3042 869 3249 937 volens,
3275 877 3332 926 et
3351 879 3522 927 totam

1931 939 2169 999 Judaicze
2190 950 2591 1021 superstitionis
2618 951 2858 1009 litteram
2879 958 3052 1027 sequi,
3069 967 3199 1015 tunc
3222 975 3343 1030 qua:
3369 963 3524 1031 prius

1931 1034 1981 1090 ei
2011 1037 2196 1092 mundi
2225 1048 2438 1095 tantum
2460 1040 2674 1099 fuerant
2707 1045 3007 1116 elementa,
3050 1050 3264 1107 inﬁrma
3300 1068 3521 1124 quoque

1930 1134 1986 1181 et
2021 1143 2189 1199 (gena
2246 1132 2503 1189 dicuntur
2553 1139 2794 1194 exordia.
2826 1139 2886 1195 In
2937 1149 3151 1198 tantum
3182 1146 3328 1201 enim
3383 1147 3523 1202 nihil

1930 1228 2157 1290 prosunt
2184 1223 2486 1281 cultoribus
2516 1228 2652 1295 suis,
2678 1237 2739 1284 ut
2764 1246 2833 1286 ne
2868 1233 2974 1290 hoc
2997 1234 3217 1304 quidem
3246 1237 3326 1293 eis
3362 1240 3519 1294 exhi-

1929 1310 2061 1367 bere
2089 1313 2305 1370 valeant
2348 1318 2490 1387 quod
2526 1327 2654 1375 ante
2702 1323 3087 1393 pratstiterant,
3120 1327 3515 1401 Hierosolyma,

1931 1405 2155 1475 templo,
2199 1406 2468 1479 altarique
2511 1411 2824 1468 destructis.
2874 1415 3008 1472 Illud
3056 1434 3187 1474 vero
3232 1422 3374 1490 quod
3420 1422 3520 1486 ait,

1930 1508 2294 1569 cognoscentes
2323 1500 2515 1568 Deum,
2563 1505 2733 1574 magis
2762 1515 2938 1561 autem
2968 1512 3160 1580 cogniti
3189 1513 3254 1566 ab
3279 1530 3361 1579 eo,
3385 1514 3519 1569 nihil

1929 1603 2029 1643 nos
2080 1605 2300 1646 movere
2354 1592 2535 1649 debet.
2572 1594 2918 1655 Manifestum
2964 1611 3049 1657 est
3086 1604 3231 1659 enim
3272 1609 3517 1677 quandiu

1928 1692 2027 1748 per
2068 1679 2230 1735 fidem
2261 1683 2630 1752 ambulamus,
2663 1704 2770 1743 non
2812 1704 2909 1759 per
2956 1695 3224 1762 speciem,
3273 1699 3517 1753 nondum

1933 1784 2033 1825 nos
2079 1774 2397 1842 cognovisse
2443 1774 2644 1843 Deum;
2679 1779 2775 1833 sed
2819 1793 2883 1833 ea
2915 1782 3021 1838 fide
3046 1786 3284 1855 purgari,
3316 1796 3379 1842 ut
3422 1805 3521 1859 op-

1932 1866 2165 1927 portuno
2188 1869 2431 1932 tempore
2454 1879 2786 1936 cognoscere
2800 1870 3108 1940 valeamus;
3133 1876 3227 1931 sed
3249 1877 3293 1931 si
3318 1878 3372 1932 in
3404 1879 3522 1948 ipsa

1931 1952 2290 2021 correptione,
2323 1954 2433 2009 imo
2468 1962 2655 2015 autem
2682 1960 2885 2029 cogniti
2912 1976 2943 2015 a
2968 1962 3098 2029 Deo,
3129 1968 3347 2037 proprie
3376 1970 3521 2025 acci-

1926 2043 2094 2112 pitur,
2124 2046 2406 2113 putabitur
2436 2047 2580 2103 Deus
2620 2050 2774 2118 quasi
2803 2067 2870 2107 ex
2902 2060 3147 2124 tempore
3177 2058 3380 2127 aliquid
3423 2074 3519 2114 co-

1927 2149 2207 2204 gnoscere,
2239 2139 2385 2207 quod
2434 2147 2562 2195 ante
2610 2157 2719 2197 non
2753 2153 2995 2199 noverat.
3051 2146 3336 2205 Translate
3387 2166 3520 2222 ergo

1928 2224 2129 2279 dictum
2153 2233 2257 2292 est,
2288 2236 2348 2282 ut
2366 2229 2553 2285 oculos
2576 2231 2671 2286 Dei
2700 2234 3035 2305 accipiamus
3071 2238 3244 2307 ipsam
3272 2240 3521 2297 dilectio-

1927 2328 2052 2368 nem
2082 2313 2220 2384 ejus,
2252 2332 2415 2387 quam
2460 2323 2859 2379 commendavit
2903 2327 3169 2383 mittendo
3198 2345 3297 2400 pro
3335 2331 3519 2402 impiis

1927 2406 2283 2464 occidendum
2335 2411 2558 2467 unicum
2604 2413 2821 2470 Filium.
2872 2415 2963 2473 Sic
2999 2420 3145 2475 enim
3188 2423 3254 2477 de
3302 2423 3386 2479 his
3424 2426 3518 2496 qui

1927 2494 2227 2571 diliguntur
2250 2498 2433 2556 dicere
2461 2503 2699 2560 solemus
2722 2507 2868 2576 quod
2903 2516 3029 2564 ante
3061 2509 3246 2567 oculos
3274 2494 3518 2570 habean-

1924 2593 2036 2652 tur,
2060 2588 2163 2646 hoc
2192 2598 2277 2645 est
2310 2606 2441 2663 ergo
2476 2604 2898 2666 cognoscentes,
2932 2599 3040 2655 imo
3072 2603 3292 2672 cogniti.
3321 2619 3351 2658 a
3382 2606 3512 2662 Deo.

1926 2675 2081 2743 Quod
2126 2689 2182 2735 et
2218 2680 2456 2739 Joannes
2484 2686 2616 2741 dicit
2645 2706 2657 2741 :
2692 2686 2817 2742 Non
2858 2691 3000 2759 quod
3050 2707 3143 2746 nos
3176 2692 3517 2751 dilexerimus

1923 2770 2115 2838 Deum,
2141 2772 2233 2827 sed
2260 2776 2509 2845 quoniam
2540 2777 2650 2849 ipse
2681 2780 2831 2849 prior
2856 2780 3041 2836 dilexit
3065 2800 3159 2838 nos
3177 2828 3195 2843 .

1994 2862 2119 2917 Dies
2146 2864 2454 2933 observatis,
2483 2884 2706 2935 menses,
2738 2887 2924 2937 annos,
2972 2882 3021 2928 et
3051 2882 3305 2945 tempora.
3339 2875 3513 2933 Judaei

1923 2953 2070 3006 enim
2098 2954 2373 3010 serviliter
2400 2958 2696 3013 observant
2716 2960 2851 3025 dies,
2880 2969 2934 3016 et
2954 2978 3191 3030 menses,
3235 2973 3291 3020 et
3319 2981 3515 3032 annos,

1922 3050 1978 3097 et
2007 3048 2249 3113 tempora
2292 3045 2348 3099 in
2376 3047 2585 3102 carnali
2620 3047 2997 3106 observatione
3027 3052 3259 3119 sabbati,
3292 3063 3347 3110 et
3391 3070 3520 3113 neo-

1923 3135 2137 3201 meniae,
2158 3144 2214 3191 et
2236 3152 2420 3194 mense
2440 3155 2724 3207 novorum,
2747 3150 2802 3197 et
2822 3144 3038 3213 septimi
3070 3146 3335 3217 cujusque
3362 3150 3514 3216 anni,

1924 3240 2087 3297 quem
2122 3237 2319 3283 vocant
2344 3229 2629 3285 sabbatum
2662 3231 3032 3289 sabbatorum.
3066 3234 3216 3302 Quae,
3254 3238 3513 3307 quoniam

1922 3325 2081 3372 erant
2108 3318 2315 3375 umbrae
2354 3319 2682 3389 futurorum,
2702 3323 2818 3393 jam
2856 3324 3180 3382 adveniente
3207 3326 3428 3385 Christo
3453 3331 3510 3386 in

1924 3414 2311 3482 superstitione
2334 3425 2713 3471 remanserunt
2739 3436 2750 3471 :
2784 3434 2911 3474 cum
2942 3428 3204 3490 tanquam
3249 3424 3514 3482 salutaria

1922 3502 2343 3558 observarentur
2386 3521 2416 3559 a
2446 3506 2813 3563 nescientibus
2839 3523 2948 3577 quo
2977 3509 3260 3567 referenda
3290 3514 3422 3580 sint,
3453 3522 3515 3569 ut

1923 3599 2180 3662 tanquam
2204 3595 2307 3649 hoc
2331 3596 2531 3650 dixerit
2554 3596 2845 3665 Apostolus
2876 3600 3129 3669 gentibus
3162 3621 3175 3655 :
3210 3602 3351 3669 Quid
3386 3621 3513 3675 pro-

1920 3680 2041 3734 dest
2085 3696 2180 3735 vos
2215 3683 2453 3738 evasisse
2496 3686 2815 3740 servitutem
2842 3702 2947 3755 qua
2990 3689 3340 3758 tenebamini,
3387 3707 3513 3748 cum

1921 3770 2197 3826 serviretis
2225 3772 2508 3828 elementis
2544 3776 2747 3839 mundi,
2799 3777 3016 3845 quando
3040 3795 3230 3836 rursus
3272 3782 3342 3837 ad
3374 3784 3505 3840 talia

1921 3859 2109 3917 reditis
2134 3900 2149 3927 ,
2202 3862 2409 3917 seducti
2448 3864 2517 3919 ab
2565 3865 2646 3920 eis
2683 3864 2774 3935 qui
2826 3867 3065 3933 nondum
3116 3882 3509 3941 cognoscentes

1921 3950 2193 4007 libertatis
2223 3968 2333 4008 suae
2364 3964 2577 4027 tempus
2608 3957 2751 4012 inter
2798 3967 2997 4014 caztera
3023 3976 3187 4032 Opera
3224 3964 3357 4035 legis
3385 3983 3508 4037 qua:

1922 4043 2214 4098 carnaliter
2261 4045 2515 4115 sapiunt,
2580 4047 2746 4103 etiam
2804 4053 3136 4120 temporibus
3191 4058 3436 4113 serviunt
3488 4078 3502 4110 :

1920 4128 2117 4197 quibus
2161 4139 2217 4184 et
2263 4146 2360 4185 vos
2386 4147 2597 4209 rursus,
2641 4141 2702 4187 ut
2743 4142 2926 4199 antea,
2966 4140 3173 4195 servire
3214 4142 3395 4209 vultis,
3450 4154 3506 4200 et

1919 4216 2209 4273 observare
2232 4235 2353 4276 cum
2383 4207 2462 4276 eis
2485 4222 2619 4289 dies,
2637 4231 2695 4277 et
2712 4239 2948 4291 menses,
2974 4235 3030 4282 et
3053 4243 3223 4285 annos
3242 4272 3256 4297 ,
3289 4242 3345 4287 et
3371 4242 3509 4290 tem-

1918 4322 2080 4377 pora,
2110 4310 2306 4379 quibus
2329 4319 2386 4368 et
2412 4313 2733 4372 serviebatis
2760 4324 3051 4389 antequam
3081 4318 3299 4378 Christo
3320 4325 3509 4382 crede-

1920 4400 2085 4455 retis?

230 4494 365 4567 1!)?
395 4494 612 4550 Galatas
658 4510 892 4565 quoque:
943 4511 1079 4565 quos
1113 4497 1182 4552 ab
1227 4498 1496 4555 id010mm
1547 4499 1696 4555 ουιῐιι
1746 4500 1813 4555 ad
1839 4526 1894 4586 Β
1994 4513 2169 4569 Timeo
2196 4533 2317 4583 vos,
2364 4534 2427 4573 ne
2454 4519 2589 4588 forte
2614 4519 2726 4575 sine
2755 4537 2917 4577 causa
2948 4521 3296 4579 laboraverim
3330 4526 3387 4582 in
3417 4545 3507 4583 vo-

231 4584 395 4641 ﬂdem
434 4584 529 4639 Dei
578 4585 692 4639 veri
732 4586 1106 4654 transtulerat,
1143 4590 1320 4660 arguit
1340 4591 1612 4660 quomodo
1655 4591 1815 4647 idolis

230 4677 520 4741 derelictis,
554 4678 645 4748 qui
670 4687 862 4733 natura
886 4694 993 4734 non
1020 4690 1180 4736 erant
1200 4683 1275 4737 dii
1307 4701 1319 4737 :
1357 4683 1423 4737 Et
1450 4696 1815 4755 cognoscentes

219 4765 420 4831 Deum,
466 4769 632 4837 magis
673 4778 847 4823 autem
891 4771 1083 4840 cogniti
1130 4772 1195 4825 ab
1240 4789 1337 4838 eo,
1383 4773 1575 4842 spiritu
1600 4789 1816 4844 quoque

228 4856 537 4924 ad0ptionis
586 4866 1075 4935 accepto,rursum
1118 4862 1274 4930 quasi
1324 4863 1563 4933 parvuli,
1618 4872 1673 4918 et
1717 4864 1816 4919 sub

229 4945 499 4999 tutoribus
541 4954 595 5001 et
619 4949 909 5020 paedagogo
929 4965 1050 5005 esse
1083 4951 1383 5021 cupientes,
1416 4954 1483 5009 ad
1511 4953 1723 5009 inﬁrma
1761 4963 1815 5009 et

227 5034 577 5102 pauperrima
626 5046 967 5092 revertantur
1018 5038 1286 5111 elementa
1310 5081 1325 5107 ,
1368 5058 1489 5111 qua:
1525 5054 1813 5113 propterea

227 5124 450 5179 infirmo
477 5133 532 5180 et
556 5129 779 5198 pauperi
809 5144 969 5186 sensu
996 5131 1193 5201 populo
1222 5133 1347 5187 data
1376 5141 1503 5188 sunt
1540 5134 1594 5188 in
1631 5135 1815 5213 deser-

226 5223 286 5270 to
310 5256 323 5280 ,
364 5216 488 5285 quia
518 5232 625 5272 non
652 5228 902 5288 poterant
924 5223 1169 5293 accipere
1194 5232 1249 5278 et
1274 5228 1544 5281 sustinere
1582 5225 1809 5295 majora.

227 5304 432 5361 Eadem
460 5315 639 5362 autem
660 5308 950 5380 elementa,
981 5329 1101 5383 quae
1128 5329 1271 5369 nunc
1305 5314 1522 5371 inllrma
1551 5326 1606 5371 et
1644 5334 1812 5389 egena

226 5396 539 5465 appellavit,
567 5400 812 5467 superius
848 5410 1058 5457 tantum
1098 5404 1283 5458 mundi
1312 5403 1578 5459 elementa
1608 5408 1809 5477 posuit.

224 5484 300 5541 Et
326 5486 415 5541 ubi
446 5487 712 5544 elementa
745 5491 929 5545 mundi
959 5492 1101 5547 dicta
1124 5502 1269 5559 sunt,
1294 5488 1369 5550 ibi
1401 5510 1507 5550 non
1537 5505 1623 5551 est
1665 5499 1825 5553 addi?

168 5611 171 5614 ν
224 5588 345 5636 tum
370 5580 585 5637 infirma
616 5593 671 5638 et
696 5600 884 5655 egena.
931 5586 1030 5641 Hic
1068 5605 1307 5657 rursum,
1346 5591 1436 5647 ubi
1473 5592 1687 5647 infirma
1718 5611 1812 5649 vo-

224 5678 349 5725 cata
381 5680 506 5726 sunt
534 5675 742 5740 mundi,
786 5684 844 5730 ut
884 5692 1045 5747 supra
1077 5681 1563 5754 diximus,nomen
1605 5692 1690 5739 cst
1734 5694 1813 5740 ta-

225 5759 414 5817 citum.
451 5760 586 5818 Puto
630 5766 813 5837 itaque
849 5769 972 5839 quia
1007 5773 1243 5841 quandiu
1272 5757 1392 5845 quis
1423 5775 1675 5846 parvulus
1703 5786 1807 5845 est,

1918 4605 2014 4659 bis.
2046 4604 2192 4661 Satis
2214 4622 2345 4663 vero
2386 4616 2544 4667 caute
2566 4609 2708 4667 inter
2734 4612 3118 4670 auctoritatem
3161 4613 3405 4686 Apostoli
3449 4628 3546 4704 et‘

1916 4698 2089 4752 sancti
2130 4697 2367 4756 hominis
2396 4700 2676 4759 lenitatem
2720 4706 2887 4760 verba
2929 4707 3243 4765 moderatus
3285 4718 3388 4776 est,
3422 4711 3504 4766 in-

1915 4786 2093 4843 ferens
2122 4807 2135 4842 :
2164 4788 2339 4845 Timeo
2364 4808 2454 4847 vos
2474 4833 2489 4859 ,
2538 4810 2600 4847 ne
2626 4794 2760 4864 forte
2801 4797 2915 4851 sine
2962 4815 3123 4853 causa
3155 4799 3503 4857 laboraverim

1913 4878 1969 4932 in
1997 4879 2156 4934 vobis.
2188 4880 2343 4938 Nunc
2375 4891 2555 4939 autem
2586 4884 2775 4940 videns
2807 4901 2901 4942 eos
2930 4888 3105 4942 zelum
3151 4885 3499 4957 Dei'habere,

1914 4970 2010 5025 sed
2054 4984 2162 5026 non
2217 4975 2511 5028 secundum
2563 4976 2884 5043 scientiam,
2917 4993 3019 5033 nec
3063 4980 3280 5049 penitus
3309 4997 3500 5037 eorum

1915 5059 2224 5129 desperavit
2254 5063 2505 5131 salutem,
2549 5066 2641 5136 qui
2671 5068 2761 5139 pio
2788 5068 3002 5124 fuerant
3029 5086 3217 5127 errore
3264 5075 3499 5144 decepti,

1914 5164 2015 5205 nec
2044 5168 2256 5207 rursum
2284 5154 2693 5224 irreprehensos
2725 5159 2969 5229 reliquit,
3019 5176 3089 5215 ne
3126 5170 3181 5216 et
3210 5162 3341 5231 ipsis
3370 5178 3490 5233 per-

1914 5243 2194 5297 severandi
2237 5244 2289 5297 in
2321 5259 2543 5313 errore,
2588 5256 2643 5303 et
2692 5250 2905 5305 caeteris
2933 5251 3272 5307 occasionem
3309 5254 3500 5310 simili-

1914 5343 1999 5390 ter
2037 5336 2300 5391 tribueret
2356 5341 2668 5395 enarrandi.
2721 5340 2897 5396 Timeo
2951 5351 3132 5398 autem
3179 5362 3269 5400 vos
3318 5348 3501 5415 posuit

1912 5439 2011 5493 pro
2030 5441 2094 5480 eo
2122 5426 2265 5495 quod
2291 5437 2398 5493 est,
2428 5430 2591 5485 timeo
2619 5430 2685 5484 de
2714 5431 2887 5485 vobis.
2928 5431 3057 5487 Sine
3093 5450 3257 5490 causa
3284 5436 3497 5493 laborat

1913 5516 2189 5584 magister,
2222 5532 2346 5571 cum
2392 5519 2507 5589 ipse
2533 5529 2793 5589 provocat
2822 5522 2891 5575 ad
2928 5522 3133 5591 majora
3179 5526 3494 5597 discipulos,

1910 5612 1966 5659 et
2008 5605 2084 5659 illi
2128 5614 2276 5662 retro
2326 5608 2462 5679 lapsi
2503 5610 2571 5665 ad
2622 5610 2833 5665 minora
2875 5621 2932 5666 et
2982 5613 3269 5670 humiliora
3319 5619 3497 5672 revol—

1911 5703 2127 5749 vuntur.

1984 5786 2161 5843 Estvtc
2206 5788 2341 5845 sicut
2370 5801 2415 5847 ct
2464 5810 2576 5864 ego,
2607 5795 2730 5865 quia
2761 5804 2808 5851 et
2838 5812 2927 5869 ego
2974 5796 3107 5851 sicut
3144 5814 3226 5853 vos
3248 5835 3261 5853 .
3297 5797 3355 5854 ld
3405 5809 3491 5862 cst
