3906 6324
382 292 391 297 ’
430 306 537 365 883

1500 305 1778 381 CLAUDII
1822 308 2178 364 TAURINEN
2187 311 2291 366 SlS
2334 313 2642 372 EPlSCOPl
3616 328 3713 382 884

427 427 656 481 obsecro
676 435 791 483 vos,
823 418 1042 479 fratres.
1079 427 1141 473 ut
1166 417 1419 474 Judaicas
1447 420 1858 475 observationes
1888 434 2017 474 con—
2044 419 2096 479 A
2121 420 2293 490 gelum
2322 423 2420 478 Dei
2448 426 2722 495 excepistis
2750 443 2852 493 me,
2903 430 2969 483 sic
2982 438 3038 481 ut
3080 428 3350 483 Christum
3380 431 3589 495 Iesum,
3619 435 3715 490 hoc

429 512 689 571 temnatis
718 511 933 570 dierum
952 551 966 575 ,
998 509 1301 575 mensium,
1347 517 1650 579 temporum
1671 550 1687 576 ,
1736 518 1900 580 atque
1930 526 2021 563 an-

428 609 644 670 norum,
667 619 788 673 quae
823 611 950 657 sunt
977 602 1184 657 umbra:
1211 600 1554 667 futurorum;
1595 617 1682 657 me
1704 602 2016 667 imitemini,

427 697 520 767 qui
549 695 666 751 sine
703 693 923 765 querela
956 694 1010 747 in
1038 692 1158 763 lege
1197 700 1449 748 versatus
1494 694 1677 747 omnia
1727 694 2020 749 arbitratus

426 802 548 843 sum
571 786 730 855 quasi
756 793 1134 857 purgamenta,
1172 792 1335 853 atque
1381 782 1705 853 quisquilias
1727 824 1741 850 ,
1767 790 1828 837 ut
1856 783 2018 838 Chri-

425 889 573 937 stum
595 879 995 935 lucrifacerem.
1015 878 1116 933 Fui
1150 879 1351 948 quippe
1372 886 1427 932 et
1456 892 1557 949 ego
1586 878 1728 933 sicut
1755 893 1850 934 vos
1876 893 2022 932 nunc

420 972 578 1036 estis,
603 986 729 1037 cum
773 970 983 1025 eisdem
1012 969 1487 1025 observationibus
1514 971 1739 1024 strictus
1772 971 2016 1033 tenebar,

420 1070 476 1117 et
504 1062 807 1119 Ecclesiam
854 1059 1079 1126 Christi,
1105 1060 1233 1131 quia
1262 1060 1366 1116 ista
1394 1075 1503 1116 non
1545 1058 1786 1126 faceret,
1829 1074 2019 1130 perse-

419 1167 597 1221 quens
641 1152 1014 1207 devastabam.
1055 1150 1159 1217 Qui
1214 1152 1404 1221 utique
1449 1168 1573 1207 cum
1611 1150 1831 1207 Iudaeus
1859 1161 2020 1207 natus

419 1244 524 1298 sim
578 1242 696 1312 jam
752 1242 857 1298 ista
924 1242 1169 1299 carnalia
1233 1241 1465 1311 spiritali
1519 1242 1586 1297 de
1629 1240 2019 1311 dijudicatione

420 1348 640 1404 respuo.
664 1334 868 1388 Deinde
906 1341 1211 1403 opportune
1256 1348 1321 1388 ac
1358 1332 1613 1388 decenter
1635 1332 1766 1387 facit
1804 1348 1899 1388 eos
1935 1347 2022 1387 re-

421 1426 602 1481 colere
630 1425 953 1481 charitatem
1001 1440 1178 1491 suam,
1224 1441 1292 1480 ne
1327 1433 1586 1495 tanquam
1628 1424 1909 1480 inimicum
1955 1424 2021 1478 il—

418 1517 534 1571 lum
556 1518 835 1586 deputent.
871 1515 985 1572 Hoc
1025 1516 1326 1583 dicit,dent
1348 1532 1573 1588 operam
1602 1517 1912 1588 corrigendi
1938 1532 2015 1581 sc,

419 1610 550 1677 quia
575 1624 681 1664 non
708 1616 793 1663 est
822 1608 1172 1678 impossibile,
1198 1618 1258 1664 ut
1301 1608 1411 1663 sint
1436 1608 1578 1664 sicut
1607 1610 1724 1679 ipse
1743 1650 1758 1675 ,
1790 1611 1919 1679 quia
1964 1618 2022 1665 et

420 1701 539 1770 ipse
588 1702 696 1757 hoc
737 1709 879 1767 erat,
910 1701 965 1756 id
992 1713 1102 1768 est,
1146 1703 1309 1758 homo
1331 1744 1345 1769 ,
1373 1704 1520 1771 quod
1557 1705 1713 1759 etilli
1749 1724 1761 1759 :
1804 1714 1861 1761 et
1894 1721 2019 1761 cum

2122 514 2296 583 magis
2327 513 2507 571 laudat
2534 516 2596 572 in
2640 517 2720 572 eis
2765 519 2891 587 quia
2922 520 3195 588 pressuris
3238 537 3348 575 non
3381 522 3718 581 deformatus

2122 612 2206 660 est
2239 608 2381 676 apud
2407 623 2525 673 eos,
2556 610 2650 664 sed
2685 613 3119 668 commendatus.
3150 614 3468 670 Scientibus
3496 630 3598 685 pro
3632 617 3716 671 his

2123 699 2351 752 credunt
2390 699 2504 768 pati
2546 699 2697 754 illum
2725 703 2910 757 exitia.
2954 702 3107 757 Sicut
3152 718 3283 775 ergo
3332 704 3589 775 angelum
3623 707 3717 762 Dei

2121 799 2453 859 exceperunt
2480 790 2819 861 Apostolum,
2867 796 3152 850 credentes
3201 795 3301 850 Dei
3350 796 3565 864 donum
3599 814 3721 854 esse

2122 879 2266 947 quod
2300 880 2591 949 praedicat,
2639 882 2721 938 sic
2744 884 2796 938 ei
2823 882 3127 940 deferentes
3172 886 3333 955 quasi
3374 888 3587 941 auctori
3616 888 3720 942 Do-

2122 969 2270 1024 mino
2295 969 2423 1025 Jesu
2448 971 2686 1027 Christo.
2707 972 2956 1029 Ostendit
2984 984 3037 1029 et
3067 976 3260 1045 angelo
3289 976 3573 1031 Christum
3600 992 3722 1033 esse

2122 1059 2410 1128 majorem,
2441 1076 2605 1129 quem
2641 1063 2936 1116 secundum
2967 1063 3431 1132 dispensationem
3475 1066 3722 1133 corporis

2122 1151 2386 1206 minorem
2436 1151 2727 1207 Psalmista
2784 1162 3102 1209 cantaverat
3139 1155 3375 1209 dicens:
3430 1154 3721 1209 Minorasti

2120 1259 2239 1296 eum
2261 1244 2421 1314 paulo
2443 1245 2618 1299 minus
2642 1246 2706 1299 ab
2740 1244 2975 1316 angelis;
3012 1255 3067 1301 et
3092 1254 3303 1300 tantum
3337 1262 3435 1301 sua
3466 1250 3631 1302 verba
3666 1249 3719 1301 in

2114 1333 2385 1403 principio
2408 1333 2641 1390 valuisse
2670 1336 3011 1390 demonstrat
3028 1344 3087 1389 ut
3109 1336 3287 1407 angeli
3311 1346 3641 1406 putarentur
3669 1345 3725 1391 et

2120 1422 2343 1477 Christi.
2384 1423 2444 1477 In
2482 1426 2805 1480 memoriam
2838 1434 3056 1481 revocat
3086 1426 3193 1482 illis
3230 1435 3445 1497 tempus
3500 1429 3727 1497 quando

2120 1518 2354 1590 primum
2384 1515 2694 1584 praedicavit
2729 1516 2835 1571 illis
2878 1517 3223 1587 Evangelium
3270 1516 3387 1571 Dei.
3417 1518 3541 1586 Ipso
3573 1518 3723 1571 enim

2122 1620 2361 1681 tempore
2386 1609 2600 1679 injuriis
2628 1612 2890 1680 agebatur
2922 1612 3237 1683 Apostolus,
3274 1621 3330 1667 et
3356 1614 3602 1669 caedibus
3638 1615 3724 1668 in.

2121 1701 2439 1757 ﬁrmabatur
2478 1719 2490 1755 :
2518 1701 2765 1756 inﬁrmus
2793 1702 2937 1756 enim
2971 1704 3209 1768 videtur,
3244 1703 3337 1772 qui
3371 1704 3718 1764 humiliatur.

418 1789 613 1845 fuisset
659 1790 715 1845 in
750 1804 939 1845 errore
966 1806 1303 1862 persequens
1350 1792 1673 1862 Ecclesiam,
1730 1804 2018 1865 correptus
2044 1773 2095 1834 Β
2122 1802 2177 1849 et
2211 1809 2320 1848 non
2350 1794 2559 1849 resistit
2607 1803 2831 1863 propter
2868 1796 3210 1866 evangelium
3259 1797 3378 1851 Dei.
3423 1796 3492 1849 Et
3523 1797 3576 1849 in
3615 1797 3719 1850 hoc

419 1881 690 1937 convertit
716 1895 793 1946 se,
827 1888 884 1935 et
916 1880 1050 1936 dicit
1080 1900 1093 1936 :

490 1971 737 2038 Fratres,
767 1976 980 2027 obsecro
1008 1990 1121 2039 vos,
1150 1972 1284 2027 nihil
1325 1990 1407 2028 me
1436 1974 1669 2030 ltesistis.
1721 1976 1883 2032 Scitis
1919 1994 2016 2036 au-

419 2074 521 2119 tem
545 2064 672 2137 quia
717 2080 811 2134 per
855 2063 1217 2132 inﬁrmitatem
1255 2066 1431 2119 carnis
1475 2067 1829 2139 euangelizavi
1874 2069 2014 2124 vobis

408 2153 761 2223 jampridem,
781 2162 829 2208 et
852 2156 1193 2209 tentationem
1217 2166 1464 2222 vestram,
1491 2174 1609 2227 qua:
1636 2168 1750 2212 erat
1774 2159 1831 2212 in
1856 2176 2015 2213 carne

418 2260 559 2309 mea,
592 2262 696 2299 non
718 2245 1008 2315 sprevistis,
1039 2262 1201 2316 neque
1232 2247 1502 2317 respuistis
1529 2263 1547 2301 :
1578 2248 1671 2301 sed
1700 2249 1833 2302 sicut
1862 2265 2017 2319 ange-

418 2336 529 2390 lum
564 2335 661 2389 Dei
692 2336 966 2405 excepistis
999 2352 1100 2403 me,
1138 2338 1275 2392 sicut
1304 2336 1574 2394 Christum
1617 2339 1820 2396 Jesum.
1859 2341 2016 2398 Nunc

419 2424 607 2478 mitius
625 2424 737 2494 agit
756 2440 881 2479 cum
895 2425 995 2490 eis,
1020 2432 1077 2479 et
1096 2427 1238 2481 bona
1262 2443 1450 2481 eorum
1471 2428 1661 2499 incipit
1682 2444 2012 2497 memorare,

415 2523 479 2569 ut
501 2522 626 2585 post
651 2529 876 2585 magnas
898 2515 1269 2585 correptiones
1296 2516 1439 2571 bona
1465 2533 1633 2588 opera
1658 2535 1756 2574 sua
1790 2521 2015 2576 audien-

417 2615 502 2661 tes
533 2614 935 2673 recrearentur,
979 2614 1035 2661 et
1078 2605 1206 2661 data
1250 2622 1415 2678 opera
1460 2606 1912 2677 relortharentur,
1944 2629 2014 2668 ne

415 2696 886 2769 objurgationibus
939 2698 1143 2754 diutius
1197 2701 1371 2770 pressi
1438 2704 1748 2772 asperiores
1813 2704 2014 2759 ﬁerent

415 2788 746 2844 exacerbati.
786 2787 854 2842 Et
899 2795 983 2843 est
1009 2803 1202 2844 sensus
1245 2808 1257 2843 :
1305 2789 1535 2857 Quando
1562 2792 1716 2847 vobis
1769 2793 2010 2863 primum

416 2880 754 2951 evangelium
794 2880 1134 2947 annuntiavi,
1152 2888 1207 2935 et
1229 2890 1453 2951 propter
1478 2881 1855 2937 inﬁrmitatem
1891 2900 2013 2939 car—

414 2970 502 3029 nis
531 2977 746 3035 vestrm,
784 2970 911 3039 quia
937 2985 1043 3025 non
1072 2971 1333 3039 poteratis
1359 2980 1702 3027 sacramenta
1731 2974 2009 3043 suscipere

414 3057 643 3128 majora,
674 3060 965 3131 praedicavi
990 3062 1147 3117 vobis
1170 3063 1325 3131 quasi
1354 3063 1615 3133 parvulis,
1646 3071 1701 3118 et
1741 3065 2006 3135 meipsum

415 3152 691 3208 infirmum
718 3168 836 3208 esse
881 3153 1157 3218 simulavi,
1189 3164 1249 3208 ut
1282 3170 1379 3210 vos
1422 3155 1669 3212 inﬁrmos
1718 3156 2006 3215 lucriface-

413 3258 531 3299 rem
565 3258 579 3296 :
607 3242 795 3298 Nonne
818 3244 971 3314 quasi
995 3244 1239 3316 angelum
1265 3246 1364 3300 Dei
1388 3249 1690 3317 suscepistis
1724 3266 1827 3314 me,
1855 3252 2009 3321 quasi

413 3332 681 3388 Christum
713 3334 942 3389 Iesum?
985 3332 1120 3389 Cum
1171 3337 1337 3409 igitur
1364 3338 1419 3392 in
1449 3339 1596 3394 nullo
1634 3355 1723 3394 me
1751 3340 1841 3396 illo
1872 3351 2008 3396 tem-

411 3435 546 3491 pore
573 3422 856 3487 laeseritis,
903 3430 959 3477 et
1007 3438 1095 3479 me
1123 3426 1292 3479 vestri
1324 3441 1490 3481 causa
1531 3428 1793 3483 humilem
1844 3438 2008 3500 atque

414 3510 685 3579 dejectum
708 3511 941 3566 similem
968 3511 1062 3565 Dei
1088 3511 1228 3567 Filio
1252 3516 1592 3582 putaveritis,
1623 3518 1895 3586 quomodo
1940 3520 2007 3575 ad

411 3604 622 3674 majora
653 3620 749 3659 vos
776 3620 1079 3685 provocans
1104 3606 1273 3663 laedor
1300 3625 1331 3663 a
1355 3610 1509 3665 vobis
1537 3583 1813 3681 perdendo
1848 3583 2035 3667 labos

414 3709 529 3749 rem
571 3710 772 3759 meum,
799 3705 853 3750 et
880 3698 1345 3766 dispensationem
1384 3701 1530 3756 illam
1554 3742 1569 3767 ,
1602 3717 1709 3771 qua
1731 3716 1827 3757 me
1878 3718 2007 3773 par-

410 3785 596 3839 vulum
627 3801 747 3842 esse
773 3787 1198 3852 simulaveram?
1221 3791 1282 3845 In
1309 3806 1375 3846 eo
1399 3794 1546 3855 enim
1574 3794 1718 3848 laedit
1764 3795 2005 3865 discipu-

410 3873 496 3927 lus
529 3875 869 3945 magistrum,
914 3877 959 3931 si
990 3892 1088 3947 per
1129 3879 1515 3951 negligentiam
1554 3896 1707 3935 suam
1734 3894 2003 3953 praecepta

409 3963 758 4033 laboremque
783 3967 899 4036 ejus
930 3968 1158 4037 spernit.

482 4055 554 4108 Et
592 4058 933 4111 tentationem
982 4068 1208 4114 vestram
1244 4059 1305 4117 in
1330 4079 1489 4116 carne
1533 4081 1649 4121 mea
1704 4082 1807 4119 non
1850 4082 1999 4135 spre-

408 4150 576 4213 ristis,
615 4167 781 4220 neque
814 4153 1103 4222 respuistis.
1140 4154 1358 4210 Tentati
1387 4164 1513 4210 sunt
1552 4157 1697 4211 enim
1728 4173 1852 4212 cum
1880 4172 2001 4227 per-

409 4240 747 4294 secutionem
778 4249 1058 4311 pateretur
1084 4241 1396 4311 Apostolus,
1426 4253 1610 4300 utrum
1658 4247 1856 4303 timore
1909 4249 2001 4303 de-

410 4338 656 4385 sererent
678 4344 826 4393 cum,
848 4345 915 4383 an
944 4331 1211 4387 charitate
1233 4332 1704 4401 amplecterentur.
1738 4336 1803 4389 Et
1824 4353 2000 4406 neque

2035 3118 2079 3182 C

2120 1884 2303 1939 laudat
2333 1885 2721 1939 conscientiam
2750 1900 2960 1950 eorum,
2991 1887 3117 1957 quia
3153 1902 3261 1941 non
3292 1895 3421 1943 sunt
3450 1888 3718 1941 abstracti

2118 1990 2148 2029 a
2190 1973 2314 2029 ﬁde.
2356 1973 2558 2042 Injuria
2587 1974 2730 2028 enim
2775 1973 3019 2045 Apostoli
3067 1976 3295 2030 tentatio
3340 1984 3463 2030 erat
3496 1974 3717 2030 Galata-

2117 2080 2260 2130 rum,
2290 2064 2345 2119 iu
2378 2079 2483 2134 qua
2514 2063 2657 2118 ﬁrmi
2708 2065 2912 2118 inventi
2960 2072 3119 2129 sunt,
3164 2080 3272 2118 non
3304 2064 3621 2118 dubitantes
3649 2065 3717 2118 de

2117 2155 2242 2222 ﬁde,
2276 2163 2497 2225 possent
2524 2155 2669 2209 enim
2700 2155 3014 2210 scandalum
3038 2157 3183 2225 passi
3217 2156 3399 2211 dicere
3436 2174 3448 2208 :
3475 2154 3610 2221 Quae
3633 2165 3716 2209 est

2116 2246 2310 2306 virtus,
2359 2236 2453 2299 aut
2482 2261 2605 2315 spes
2634 2246 2688 2299 in
2728 2247 2835 2301 hac
2882 2245 3017 2312 ﬁde,
3049 2247 3262 2317 quando
3310 2247 3567 2301 minister
3597 2248 3713 2316 ejus

2116 2335 2194 2389 sic
2225 2336 2575 2389 humiliatur?
2601 2335 2708 2390 Sed
2745 2336 2873 2404 quia
2894 2336 3008 2403 jam
3059 2338 3299 2391 animum
3343 2335 3547 2391 futuris
3592 2352 3710 2407 spe-

2115 2428 2217 2481 bus
2270 2426 2625 2481 infercierant
2654 2434 2951 2497 praesentes
2979 2428 3157 2481 exitus
3198 2442 3299 2496 pro
3348 2426 3559 2482 Christi
3610 2442 3708 2481 no-

2115 2516 2260 2570 mine
2292 2530 2401 2570 non
2426 2517 2906 2586 pertimescebant,
2939 2518 3071 2572 certi
3102 2516 3262 2572 ﬁdem
3299 2525 3546 2572 nostram
3602 2534 3708 2573 non

2116 2605 2168 2659 in
2192 2605 2375 2669 terris,
2403 2605 2496 2660 sed
2532 2607 2584 2658 in
2611 2605 2766 2661 C(elis
2794 2606 2995 2661 habere
3028 2606 3366 2677 dignitatem,
3410 2616 3468 2660 et
3498 2622 3599 2676 pro
3624 2607 3708 2661 his

2116 2697 2557 2752 tribulationibus
2594 2712 2786 2768 magna
2815 2698 3035 2769 rependi
3060 2698 3300 2768 praemia.
3333 2697 3426 2753 Sic
3454 2701 3707 2755 ruborem

2114 2787 2220 2842 illis
2261 2786 2470 2851 incutit,
2506 2787 2631 2856 quia
2681 2796 2806 2858 post
2852 2789 2970 2843 hzec
3018 2787 3308 2843 laudabilia
3343 2790 3702 2843 circumventi

2112 2875 2350 2942 fuerant,
2376 2885 2437 2930 ut
2458 2876 2843 2947 vituperabiles
2872 2878 3207 2933 viderentur.

2188 2968 2287 3024 Ubi
2336 2979 2556 3039 estergo
2591 2969 2859 3024 beatitudo
2902 2971 3113 3024 vestra?
3156 2969 3537 3023 Testimonium
3566 2972 3701 3023 enim

2111 3060 2354 3131 perhibeo
2394 3060 2534 3114 vobis
2561 3100 2575 3124 ,
2623 3060 2749 3129 quia
2801 3061 2847 3113 si
2887 3060 3002 3128 ﬁeri
3044 3070 3235 3130 posset,
3286 3058 3472 3112 oculos
3512 3068 3701 3113 rastros

2112 3152 2402 3216 eruissetis,
2428 3160 2477 3204 et
2520 3150 2794 3204 dedissetis
2843 3150 2992 3203 mihi.
3045 3140 3291 3205 Ostendit
3323 3158 3531 3220 quanta
3580 3163 3700 3201 eum

2110 3242 2377 3295 charitate
2401 3240 2763 3310 susceperint,
2792 3250 2846 3295 ct
2868 3240 3138 3309 quomodo
3169 3248 3315 3294 totos
3356 3254 3415 3293 se
3458 3235 3580 3308 ejus
3610 3237 3700 3291 do-

2107 3333 2294 3386 ctrina:
2338 3329 2658 3385 tradiderint
2696 3346 2707 3381 :
2749 3338 2808 3383 ut
2837 3344 2957 3398 qum
3003 3329 3326 3384 charissima
3354 3338 3483 3383 sunt
3511 3342 3699 3396 corpo—

2108 3421 2185 3475 ris
2216 3421 2298 3475 sui
2326 3419 2568 3475 membra
2600 3419 2778 3473 eidem
2828 3420 2957 3475 dare
2981 3427 3241 3489 cuperent
3279 3432 3291 3471 :
3323 3419 3473 3487 quod
3504 3416 3587 3471 vel
3624 3418 3697 3471 sic

2107 3512 2419 3581 evangelico
2450 3511 2640 3565 lumini
2689 3510 2865 3565 vicem
2924 3510 3235 3573 redderent,
3268 3508 3311 3563 si
3341 3523 3441 3561 sua
3497 3506 3694 3560 lumina

2109 3604 2480 3659 tradidissent.
2510 3601 2789 3669 Quamvis,
2824 3601 3019 3669 inquit,
3050 3615 3148 3654 vos
3195 3614 3259 3653 eo
3288 3608 3562 3667 tempore,
3591 3612 3693 3666 quo

2106 3695 2440 3765 evangelium
2472 3692 2628 3762 juxta
2667 3707 2889 3747 carnem
2917 3690 3278 3759 susceperatis
3318 3690 3513 3743 beatos
3548 3688 3690 3741 dice-

2106 3802 2242 3851 rem,
2272 3785 2497 3854 quodin
2543 3784 2712 3839 initiis
2763 3784 3088 3847 fervebatis;
3143 3790 3324 3836 tamen
3374 3797 3521 3836 nunc
3572 3795 3690 3848 qnia

2104 3894 2211 3933 non
2249 3877 2406 3932 video
2434 3876 2662 3931 aediﬁcio
2711 3875 2923 3930 culmen
2969 3876 3304 3944 impositum,
3350 3882 3405 3928 et
3432 3888 3574 3943 pene
3605 3888 3690 3925 ne-

2103 3970 2396 4039 quidquam
2437 3968 2585 4038 jacta
2613 3967 2952 4033 fundamina,
2989 3984 3154 4039 cogor
3191 3968 3374 4023 dicere
3408 3984 3423 4022 :
3484 3966 3584 4023 Ubi
3612 3976 3687 4019 est

2103 4076 2231 4130 ergo
2275 4061 2549 4115 beatitudo
2603 4069 2826 4125 vestra,
2877 4075 2981 4129 qua
3023 4074 3121 4114 vos
3169 4060 3360 4113 beatos
3416 4058 3681 4112 arbitrans

2102 4157 2227 4204 ante
2254 4148 2573 4203 laudabam?
2598 4148 2737 4202 Vere
2767 4150 2912 4203 enim
2930 4149 3113 4218 etipse
3138 4148 3331 4210 fateor,
3349 4148 3479 4216 quia
3510 4149 3587 4201 sic
3605 4162 3682 4200 mc

2100 4241 2253 4297 vobis
2278 4240 2505 4295 humilia
2540 4239 2950 4310 prmdicantem,
2980 4239 3065 4295 vel
3110 4239 3583 4309 persecutionihus
3607 4236 3678 4291 af-

2100 4330 2361 4385 ﬁictatum
2402 4331 2455 4383 in
2504 4330 2770 4399 principio
2802 4328 3091 4394 dilexistis,
3138 4336 3197 4382 ut
3242 4329 3286 4383 si
3342 4328 3462 4383 ﬁeri
3510 4338 3679 4398 posset

409 4421 713 4490 sprevistis,
744 4422 934 4492 inquit,
971 4431 1227 4493 tanquam
1255 4425 1500 4480 inutilem
1546 4427 1705 4481 istam
1744 4429 1999 4483 tentatio-
2024 4448 2076 4507 D
2103 4422 2472 4494 (hyperbolice
2520 4431 2701 4477 autem
2745 4431 2873 4476 sunt
2911 4422 3223 4492 accipienda
3271 4439 3395 4493 qua:
3424 4422 3673 4493 loquitur)

411 4527 558 4577 nem,
586 4526 762 4581 neque
798 4513 1102 4582 respuistis,
1143 4523 1199 4569 ut
1240 4529 1346 4572 non
1378 4516 1731 4585 susciperetis
1756 4533 1997 4572 commu-

411 4603 626 4657 nionem
671 4602 897 4671 periculi
950 4604 1077 4657 mei.
1119 4604 1305 4659 Potest
1332 4605 1483 4660 locus
1521 4607 1624 4661 iste
1653 4615 1706 4663 et
1741 4608 1813 4661 ita
1856 4609 1998 4663 edis-

410 4692 513 4746 seri
550 4709 562 4745 :
597 4691 823 4758 Quando
847 4694 971 4748 veni
1003 4694 1071 4748 ad
1098 4709 1214 4759 vos,
1254 4711 1363 4749 non
1390 4696 1514 4750 veni
1546 4696 1598 4750 in
1638 4713 1890 4753 sermone
1912 4714 1999 4753 sa-

405 4783 647 4853 pientiae,
676 4783 770 4837 sed
809 4784 972 4838 homo
1000 4785 1221 4839 humilis
1250 4794 1412 4854 atque
1448 4796 1812 4857 contemptus,
1859 4788 1997 4847 nihil

410 4888 664 4943 nmgnum
703 4874 951 4931 deferens
995 4876 1099 4931 nisi
1143 4877 1483 4935 cruciﬁxum.
1539 4878 1674 4934 Cum
1705 4880 1871 4951 igitur
1910 4896 1997 4936 me

407 4966 669 5021 videretis
700 4968 753 5020 in
783 4982 1012 5035 corpore
1040 4967 1448 5024 inﬁrmitatibus
1471 4970 1705 5025 obnoxio
1732 4972 1995 5025 constitu-

409 5065 525 5109 tum
558 5070 725 5125 regna
769 5056 1013 5110 coelestia
1038 5055 1406 5125 pollicentem,
1435 5071 1543 5114 non
1589 5059 1863 5126 irrisistis,
1894 5076 1997 5116 nec

407 5146 720 5200 aestimastis
773 5146 997 5216 dignum
1047 5160 1167 5201 esse
1222 5154 1553 5217 contemptu.
1610 5149 1996 5220 lntelligehatis

409 5237 607 5307 quippe
644 5239 1005 5293 humilitatem
1053 5239 1235 5293 carnis
1275 5254 1432 5305 mem,
1475 5250 1531 5296 et
1578 5241 1747 5312 ipsius
1777 5243 1995 5298 habitus

406 5327 690 5393 vilitatem,
715 5328 783 5383 ad
812 5340 1047 5383 vestram
1096 5329 1447 5384 tentationem
1478 5331 1615 5386 ﬁeri.
1639 5332 1722 5385 An
1747 5333 1996 5389 videlicet

408 5420 832 5474 contemneretis
877 5433 1032 5485 eum,
1092 5421 1183 5491 qui
1219 5421 1288 5475 ab
1327 5422 1620 5477 incredulis
1670 5424 1994 5479 miserabilis

409 5510 735 5579 putabatur?
783 5509 889 5565 Sed
934 5526 965 5566 e
1010 5520 1201 5567 contra
1250 5511 1401 5565 illum
1458 5514 1750 5579 humilem,
1798 5515 1989 5579 vilem,

410 5610 573 5671 atque
601 5610 991 5671 contemptum,
1044 5604 1117 5657 ita
1170 5609 1228 5655 ut
1277 5603 1548 5671 angelum,
1584 5613 1639 5658 et
1679 5604 1801 5673 plus
1828 5620 1992 5673 quam

410 5692 658 5759 angelum
690 5693 1019 5763 suscepistis.
1060 5693 1210 5759 Quod
1239 5699 1417 5746 autem
1444 5694 1518 5747 ait
1557 5712 1581 5751 ε,
1602 5694 1707 5749 Sed
1736 5696 1867 5748 sicut
1898 5712 1993 5748 (m—

2102 4515 2383 4569 eruissetis
2412 4513 2565 4568 vobis
2596 4514 2803 4579 oculos,
2830 4524 2884 4569 et
2916 4516 3069 4580 mihi,
3096 4525 3157 4572 ut
3179 4516 3420 4571 omnium
3451 4526 3678 4572 vestrum

2100 4604 2394 4665 luminibus
2409 4604 2530 4674 plus
2544 4618 2845 4668 cernerem,
2865 4606 3168 4660 dedissetis.
3185 4606 3470 4675 Optabatis
3496 4609 3679 4677 quippe

2100 4710 2197 4750 vos
2227 4710 2401 4750 caecos
2447 4710 2568 4749 esse
2598 4710 2695 4765 per
2744 4694 3067 4750 ineffabilem
3103 4697 3156 4749 in
3206 4712 3292 4749 me
3322 4696 3638 4751 charitatcm
3660 4736 3672 4759 .

2100 4795 2161 4839 ut
2184 4785 2305 4855 plus
2339 4786 2392 4839 in
2419 4800 2541 4839 meo
2567 4784 2729 4838 corde
2757 4785 3023 4855 evangelii
3051 4785 3227 4838 lumen
3256 4786 3515 4840 oriretur.
3532 4788 3676 4841 Emo-

2098 4874 2401 4928 Iumentum
2432 4889 2611 4928 meum
2647 4875 2843 4929 vestris
2873 4875 3087 4929 damnis
3119 4890 3367 4930 crescere
3398 4876 3672 4939 volebatis,

2098 4971 2153 5017 et
2176 4963 2280 5017 hoc
2304 4962 2395 5017 illo
2423 4971 2685 5030 tempore,
2713 4978 2821 5031 quo
2860 4963 3013 5017 vobis
3059 4963 3215 5032 quasi
3244 4964 3489 5033 parvulis
3526 4974 3675 5033 atque

2096 5054 2436 5117 lactentibus,
2469 5054 2580 5108 sive
2610 5062 2832 5122 propter
2859 5053 3227 5107 inﬁrmitatem
3258 5055 3443 5108 carnis
3470 5065 3673 5118 νοω-κ,

2096 5161 2264 5215 parva
2307 5154 2363 5200 ct
2414 5144 2640 5198 humilia
2691 5145 3101 5207 annuntiabam,
3138 5145 3251 5200 sive
3290 5155 3525 5221 propter
3551 5158 3673 5199 mea:

2096 5238 2276 5292 carnis
2329 5236 2556 5305 injurias
2608 5237 2862 5306 indignus
2913 5236 3138 5291 videbar
3184 5234 3307 5290 ﬁde.
3356 5235 3513 5291 Nunc
3554 5249 3673 5289 vero

2096 5328 2221 5397 quia
2256 5326 2324 5381 ab
2373 5327 2655 5382 elementis
2704 5336 2759 5381 et
2798 5325 3040 5397 syllabis,
3098 5332 3153 5379 et
3202 5325 3433 5380 lectione
3488 5325 3667 5395 puerili

2095 5419 2235 5487 οωρὶ
2265 5433 2361 5471 vos
2390 5420 2456 5471 ad
2500 5415 2709 5484 majora
2740 5415 2914 5470 studia
2948 5430 3263 5483 provocare,
3297 5423 3355 5467 ut
3395 5414 3563 5468 libros
3593 5423 3665 5467 tc-

2096 5510 2270 5563 neatis
2292 5510 2347 5561 in
2376 5508 2647 5572 manibus,
2675 5514 2730 5560 et
2760 5516 2818 5560 ut
2844 5506 3001 5576 plena
3025 5503 3343 5560 eruditionis
3369 5513 3424 5557 el.
3459 5519 3663 5557 sensum

2096 5603 2261 5656 verba
2292 5601 2532 5665 discatis,
2563 5600 2939 5664 recalcitratis,
2965 5597 3284 5661 irascimini,
3308 5597 3493 5665 gravis
3526 5594 3663 5647 voLis

2095 5691 2306 5747 videtur
2336 5706 2454 5745 esse
2478 5688 2738 5758 perfectio
2780 5688 3168 5752 doctrinarum,
3200 5695 3251 5740 ct
3292 5686 3345 5740 in
3378 5695 3587 5741 tantum
3612 5683 3659 5735 in
