3906 6310
143 349 253 408 885

1098 336 1351 394 ENARR.
1393 331 1459 388 1N
1499 326 1715 386 ED'ST.
1755 326 1817 380 1).
1860 323 2064 379 PAULI
2093 322 2184 376 AD
2222 319 2465 377 GALAT.

3286 305 3391 366 886

136 467 283 521 alios
305 462 497 519 mutati
521 459 653 516 estis
678 458 921 523 allectus,
952 464 1013 511 ut
1038 469 1149 518 me,
1178 465 1339 521 quem
1365 445 1519 517 quasi
1545 455 1711 511 ange-
1740 438 1795 499 A
1818 442 1877 491 ut
1901 435 2179 503 utriusque
2228 431 2557 490 anxietatem
2605 433 2661 480 el
2688 423 2946 493 Ρίειίιιθω
2980 421 3034 475 in
3070 436 3126 476 se
3151 420 3394 488 ρπθιιιῑε

143 555 260 610 lum
290 564 346 610 et
368 552 645 609 Christum
691 548 1085 620 susceperatis,
1117 544 1205 599 cui
1243 538 1509 597 volebatis
1535 533 1721 589 oculos

145 646 384 711 tradere,
413 658 558 697 nunc
584 641 830 697 habeatis
850 637 1154 702 inimicum,
1176 633 1303 703 quia
1322 629 1478 685 vobis
1506 624 1719 697 plenam

1821 532 2135 597 agnoscant.

1892 616 2068 671 Donec
2098 616 2351 685 formetur
2385 611 2619 667 Christus
2651 609 2707 663 in
2736 607 2894 661 vobis.
2928 604 3216 659 Formatur
3251 601 3395 655 enim

146 690 411 789 annuntio
457 732 764 788 veritatem.
819 728 1107 798 Eleganter
1141 690 1343 780 fautem
1397 714 1720 775 sententiam
1820 707 2069 765 Christus
2095 706 2151 760 in
2176 719 2260 771 eo,
2287 702 2378 773 qui
2407 701 2636 756 formam
2660 697 2867 767 accepit
2887 693 3109 750 Christi.
3143 690 3400 747 Formam

148 825 481 890 terminavit,
510 824 694 879 dicens
722 840 736 876 :

219 917 363 987 Ergo
385 916 627 970 inimicus
658 914 798 969 vobis
820 912 993 983 factus
1014 925 1130 965 sum
1152 907 1421 961 veritatem
1446 901 1623 956 dicens
1638 914 1724 953 vo—

149 1009 228 1063 bis
248 1010 273 1062 .9
290 1007 413 1063 Haec
435 1016 520 1061 est
541 1014 734 1061 natura
755 1004 1001 1059 veritatis
1020 1044 1034 1069 ,
1053 1013 1113 1057 ut
1135 1014 1256 1056 eam
1276 994 1574 1053 inimicitia:
1593 1006 1721 1063 pro-

148 1104 465 1167 sequantur,
498 1095 638 1151 sicut
670 1109 769 1164 per
798 1092 1165 1148 adulationem
1193 1087 1513 1159 perniciosa:
1542 1081 1727 1137 amici—

148 1188 240 1242 tiae
266 1193 695 1254 consequuntur;
737 1182 966 1237 libenter
988 1180 1133 1235 enim
1152 1176 1296 1249 quod
1324 1174 1553 1230 deleCtat
1575 1169 1728 1225 audi-

148 1288 241 1330 tur
266 1294 279 1329 :
310 1273 531 1330 oll‘endit
573 1288 730 1329 omne
759 1271 902 1341 quod
948 1268 1218 1324 nolumus.
1265 1264 1417 1320 Sicut
1444 1270 1502 1317 et
1524 1260 1579 1315 hi
1604 1258 1728 1314 dili-

147 1381 278 1437 gere
304 1372 579 1435 cmperant
603 1362 811 1418 sabbati
843 1361 1036 1424 otium,
1068 1367 1124 1413 et
1148 1357 1265 1412 dies
1295 1354 1577 1415 festorum,
1602 1363 1731 1417 epu-

148 1456 235 1511 las
260 1457 616 1527 praedicantes
641 1461 830 1507 contra
858 1448 1198 1519 Apostolum,
1229 1444 1321 1515 qui
1352 1454 1568 1497 omnem
1595 1453 1728 1494 con-

147 1548 436 1603 tinentiam
472 1562 569 1601 suo
595 1544 826 1600 docebat
856 1540 1123 1611 exemplo.

222 1636 295 1691 ,ΑΕ
301 1635 572 1690 mulcatur
614 1652 702 1689 vos
734 1649 838 1687 non
882 1632 1023 1686 bene.
1057 1629 1117 1685 Id
1148 1634 1234 1684 est
1272 1622 1516 1681 invident
1541 1620 1694 1678 vobis
1714 1660 1729 1685 ,

1823 811 2003 857 autem
2049 798 2243 868 accipit
2286 794 2510 859 Christi,
2549 792 2640 861 qui
2687 790 2926 844 adhaeret
2969 785 3207 850 Christo,
3261 782 3398 837 dile-

1823 895 2004 947 ctione
2035 888 2284 959 spiritali.
2332 886 2413 941 Ex
2438 885 2544 939 hoc
2572 881 2719 935 enim
2748 879 2831 944 lit,
2860 884 2919 932 ut
2953 875 3069 945 ejus
3098 873 3401 929 imitatione

1825 982 1897 1037 sit
1925 980 2070 1051 quod
2101 978 2211 1044 ille,
2240 990 2501 1047 quantum
2531 972 2702 1044 gradu
2738 984 2836 1025 suo
2874 968 3088 1023 sinitur.
3122 966 3223 1033 Qui
3254 964 3401 1020 enim

1825 1072 1958 1128 dicit
1986 1086 2044 1127 se
2074 1071 2125 1125 in
2151 1068 2369 1125 Christo
2397 1067 2494 1139 (ait
2520 1064 2779 1132 Joannes)
2810 1076 3051 1125 manere,
3079 1060 3237 1114 debet
3266 1072 3403 1128 quo-

1826 1161 1989 1218 modo
2012 1160 2102 1216 ille
2128 1158 2443 1224 ambulavit,
2475 1163 2529 1211 et
2556 1156 2670 1225 ipse
2696 1151 2993 1209 ambulare.
3027 1148 3133 1204 Sed
3161 1163 3285 1203 cum
3312 1148 3406 1202 ho-

1827 1251 2001 1306 mines
2047 1265 2079 1304 a
2117 1249 2383 1304 matribus
2417 1245 2808 1315 concipiuntur,
2852 1248 2913 1296 ut
2945 1238 3270 1304 formentur,
3291 1236 3404 1305 jam

1828 1344 2045 1400 formati
2096 1350 2277 1399 autem
2322 1340 2718 1412 parturiantur,
2763 1344 2823 1390 ut
2866 1338 3179 1397 nascantur,
3228 1335 3409 1400 potest

1830 1452 2050 1493 movere
2087 1436 2231 1506 quod
2266 1434 2468 1489 dictum
2513 1438 2617 1496 est,
2647 1444 2784 1499 quos
2812 1428 3009 1481 iterum
3041 1422 3285 1495 parturio
3314 1422 3409 1477 do-

1830 1542 1930 1583 nec
1966 1525 2210 1581 Christus
2248 1523 2510 1588 formetur
2551 1522 2607 1576 in
2636 1518 2808 1581 vobis,
2848 1516 2953 1571 nisi
2991 1513 3407 1586 parturitionem

1832 1619 1976 1673 hanc
2002 1630 2102 1685 pro
2132 1628 2388 1669 curarum
2426 1610 2718 1684 angoribus
2756 1608 2989 1677 positam
3025 1602 3409 1673 intelligamus,

148 1726 248 1797 qui
290 1740 385 1779 vos
426 1725 673 1779 carnales
703 1722 769 1777 de
800 1719 1132 1790 spiritalibus
1163 1716 1349 1773 volunt
1376 1715 1576 1769 facere.
1616 1710 1731 1764 Hoc
1758 1778 1803 1797 ἢ
1831 1704 2026 1774 quibus
2068 1717 2163 1758 eos
2206 1700 2518 1772 parturivit,
2573 1706 2635 1753 ut
2680 1701 3037 1752 nascerentur
3089 1693 3145 1745 in
3169 1691 3409 1747 Christo.

147 1778 239 1871 est
261 1778 582 1870 azmulantnr
611 1829 719 1868 non
740 1778 899 1876 bene,
938 1809 1139 1863 invidia
1165 1806 1472 1862 Iudaeorum
1510 1801 1733 1856 subver-
1758 1778 1806 1837 Β
1834 1795 1903 1849 Et
1927 1794 2124 1848 iterum
2154 1791 2387 1863 parturit
2415 1796 2635 1860 propter
2664 1786 2905 1858 pericula
2940 1780 3415 1863 seductionisqui-

148 1919 243 1959 sos
268 1918 363 1957 eos
389 1902 674 1973 signiﬁcat.
710 1900 961 1955 Videntes
984 1898 1130 1952 enim
1154 1896 1234 1951 sic
1253 1896 1371 1950 illos
1391 1892 1656 1965 proﬁcere
1678 1892 1734 1946 in

146 1993 469 2064 Evangelio,
513 1999 567 2046 et
592 2000 796 2045 tantam
841 1990 1045 2044 habere
1068 1988 1391 2043 charitatem
1428 1986 1480 2039 in
1504 1984 1735 2052 Aposto-

148 2082 267 2137 lum
314 2082 368 2136 id
406 2088 655 2153 egerunt,
703 2086 973 2149 quatenus
1018 2076 1138 2132 illos
1181 2076 1513 2144 deciperent.
1566 2072 1737 2126 Erant

148 2173 298 2228 enim
330 2170 463 2240 legis
502 2184 665 2224 causa
699 2166 957 2236 Apostolo
996 2165 1219 2230 inimici,
1268 2172 1329 2217 ut
1356 2170 1611 2216 manente
1637 2175 1734 2213 no-

148 2262 299 2318 mine
331 2260 651 2323 Salvatoris,
684 2257 927 2313 facerent
955 2271 1051 2311 eos
1076 2254 1317 2320 Iudaeos,
1351 2253 1647 2324 gaudentes
1681 2252 1736 2306 in

145 2353 434 2409 eversione
463 2366 671 2406 eorum.
701 2348 817 2404 Non
852 2349 996 2403 enim
1022 2347 1389 2417 patiebantur,
1418 2350 1477 2396 ut
1505 2342 1737 2413 gratiam

147 2442 477 2511 promissam
508 2438 759 2492 audirent
803 2435 1199 2491 incircumcisis
1244 2432 1495 2498 gentibus
1530 2430 1735 2485 datam.

148 2534 279 2589 Ideo
328 2534 625 2587 imitatores
656 2546 782 2585 suos
824 2529 943 2586 illos
972 2528 1259 2583 voluerunt
1300 2525 1414 2580 ﬁeri
1487 2531 1548 2579 ut
1587 2538 1739 2579 more

148 2637 342 2679 eorum
373 2621 911 2677 circumciderentur.

223 2712 331 2768 Sed
352 2710 645 2775 excludere,
678 2710 867 2780 inquit,
898 2724 987 2763 vos
1028 2705 1206 2763 volunt
1233 2722 1251 2760 :
1280 2714 1337 2760 ut
1368 2704 1489 2758 illos
1527 2701 1742 2758 (vinule-

148 2803 302 2857 mini.
335 2801 448 2857 Hoc
470 2810 575 2867 est,
624 2801 928 2855 imitemini.
959 2798 1259 2866 Quomodo,
1292 2797 1393 2852 nisi
1424 2802 1482 2850 ut
1511 2794 1741 2850 servitu-

150 2898 228 2953 tis
252 2895 384 2967 jugo
408 2895 777 2959 detineamiui,
805 2894 946 2949 sicut
974 2892 1077 2963 ipsi
1103 2889 1447 2947 detinentur?
1475 2886 1742 2957 Loquitur

150 2988 340 3057 itaque
368 2985 593 3051 Calatis,
620 2986 712 3055 qui
740 2984 810 3039 ab
837 2983 1199 3039 assertoribus
1224 2980 1357 3050 legis
1394 2977 1603 3032 inducti
1627 2975 1744 3031 fue-

150 3084 300 3140 rant,
330 3084 387 3129 ut
407 3091 504 3131 eos
530 3075 893 3138 imitarentur,
922 3088 1047 3127 cum
1079 3071 1153 3125 illi
1183 3069 1364 3139 potius
1396 3066 1617 3121 Galatas
1641 3065 1737 3119 de-

150 3169 374 3225 buerint
403 3167 605 3221 imitari
633 3184 645 3219 :
680 3166 806 3234 quia
836 3163 1081 3218 naturale
1108 3171 1211 3227 est,
1244 3158 1509 3228 majorem
1538 3157 1603 3212 de
1633 3156 1738 3210 mi-

148 3263 295 3327 nori,
326 3276 432 3315 non
463 3260 725 3314 minorem
756 3258 873 3313 ﬁeri
905 3258 972 3312 de
1006 3254 1230 3325 majore.

226 3353 434 3407 Bonum
480 3350 804 3406 wntulemini-
839 3352 895 3404 in
928 3350 1061 3403 bono
1105 3364 1325 3419 semper.
1374 3346 1432 3400 id
1462 3354 1546 3401 est
1574 3345 1740 3399 nolite

153 3453 462 3500 assertores
510 3440 747 3496 Iudaicae
800 3440 1195 3495 observationis
1257 3436 1481 3501 imitari,
1534 3435 1627 3491 sed
1675 3449 1741 3488 ea

150 3552 276 3607 quae
307 3536 449 3589 bona
477 3542 604 3588 sunt
634 3530 943 3587 imitemini.
977 3529 1255 3597 Quomodo
1298 3527 1446 3581 enim
1486 3525 1580 3595 qui
1607 3524 1743 3579 divi-

150 3627 283 3689 tias,
319 3624 638 3693 potentiam,
687 3621 1025 3691 dignitatem,
1071 3616 1299 3685 alicujus
1328 3615 1591 3679 imitatur,
1635 3629 1743 3668 non

150 3727 270 3772 tam
312 3717 484 3780 bona,
519 3728 682 3784 quam
718 3726 784 3767 ea
821 3724 941 3780 quae
982 3708 1233 3779 fugienda
1259 3714 1402 3769 sunt,
1427 3702 1738 3759 aemulatur:

152 3810 233 3863 ita
262 3819 318 3863 et
344 3822 442 3862 vos
489 3821 520 3860 e
568 3804 844 3860 contrario
883 3803 1083 3857 bonum
1114 3797 1439 3855 aemulemini
1470 3796 1524 3849 in
1563 3795 1738 3859 bono,

154 3900 335 3970 magis
368 3903 676 3967 quaerentes
702 3892 990 3965 spiritalia,
1021 3906 1180 3960 quam
1210 3886 1452 3943 carnalia
1498 3902 1509 3938 :
1546 3891 1603 3938 ut
1634 3897 1741 3937 non

152 3989 234 4045 illi
269 4003 367 4042 vos
388 3985 625 4051 Judaeos,
656 3986 750 4039 sed
774 3999 869 4038 vos
900 3983 1021 4036 illos
1047 3980 1386 4036 Christianos
1408 3990 1530 4030 esse
1550 3975 1743 4029 docea-

153 4082 249 4136 tis.
287 4078 403 4134 Hoc
433 4086 611 4131 autem
639 4075 802 4130 facite
830 4089 1073 4143 semper,
1097 4080 1159 4127 ut
1182 4068 1549 4141 perseveranti
1574 4066 1744 4138 gradu

150 4169 225 4223 ad
263 4168 422 4221 ﬁnem
450 4166 575 4222 boni
604 4165 786 4235 operis
809 4165 1093 4233 pervenire
1122 4162 1363 4233 possitis.
1394 4157 1744 4213 [Emulemini

152 4259 426 4329 siquidem
451 4265 649 4311 bonum
678 4257 731 4310 in
760 4255 920 4317 bono,
954 4262 1013 4308 ut
1042 4255 1192 4324 prius
1222 4268 1343 4307 cum
1376 4251 1516 4320 apud
1541 4265 1637 4303 vos
1658 4264 1743 4303 es-

151 4361 301 4412 sem,
321 4347 411 4415 qui
424 4354 707 4414 postquam
735 4359 765 4397 a
793 4343 945 4397 vobis
972 4341 1191 4405 recessi,
1210 4340 1391 4394 omnia
1423 4354 1542 4408 qua:
1569 4338 1744 4393 credi-

153 4438 348 4493 deram
391 4434 724 4505 perdidistis,
778 4432 844 4485 de
890 4430 1126 4485 statione
1153 4436 1303 4483 certa
1353 4438 1407 4482 et
1450 4427 1558 4482 ﬁdo
1584 4434 1743 4496 portu
1770 4453 1831 4513 Β

152 4542 379 4583 rursum
410 4526 463 4579 in
495 4525 660 4579 altum
693 4524 834 4577 unda
875 4522 1151 4576 relabente
1181 4519 1466 4575 subtracti.
1496 4518 1608 4573 Nec
1648 4518 1747 4572 mi-

157 4630 313 4680 rum,
347 4614 393 4668 si
445 4613 730 4669 recedente
757 4609 1048 4681 Apostolo,
1080 4623 1209 4663 vase
1255 4608 1552 4672 electionis,
1601 4615 1656 4662 et
1694 4607 1749 4660 in

153 4720 272 4776 quo
300 4705 550 4759 Christus
580 4702 837 4757 Dominus
866 4700 1209 4769 loquebatur,
1238 4698 1444 4754 Galatae
1474 4705 1601 4752 sunt
1625 4712 1745 4751 mu-

156 4794 263 4848 tati
300 4806 422 4846 cum
452 4792 615 4845 etiam
642 4806 783 4844 nunc
809 4803 1095 4844 cernamus
1120 4790 1174 4842 in
1203 4788 1460 4843 Ecclesiis
1487 4788 1539 4841 id
1572 4787 1746 4855 ipsum

154 4889 305 4944 ﬁeri.
344 4886 538 4941 Volens
581 4887 746 4955 igitur
791 4884 988 4939 Paulus
1033 4884 1320 4938 ostendere
1366 4882 1742 4952 magistrorum

154 4992 265 5048 pro
314 4973 589 5043 discipulis
636 4974 1079 5038 sollicitudinem,
1120 4989 1257 5043 quos
1296 4972 1572 5043 patiantur
1616 4971 1744 5027 alie-

157 5078 321 5132 ctus,
352 5082 420 5121 ne
460 5073 757 5121 sectatores
781 5066 861 5120 sui
888 5065 1141 5119 excidant
1164 5080 1194 5118 a
1218 5064 1410 5129 salute,
1442 5064 1519 5117 ait
1544 5081 1556 5116 :

233 5155 420 5211 Filioli
447 5154 570 5219 mei,
596 5171 724 5224 quos
751 5156 939 5209 iterum
965 5156 1225 5225 parturio.
1254 5153 1358 5207 Per
1392 5152 1742 5222 Evangelium

157 5254 227 5309 in
258 5248 435 5303 lucem
469 5245 745 5315 producti,
784 5251 839 5299 et
864 5259 960 5314 per
996 5244 1296 5299 doctrinam
1329 5242 1519 5311 geniti,
1546 5242 1743 5296 iterum

162 5355 258 5396 uie
297 5337 538 5392 dolorem
575 5335 842 5390 sustinere
884 5333 1109 5397 fecistis,
1149 5333 1387 5388 ostendit
1432 5347 1531 5402 per
1571 5332 1747 5401 pmni-

161 5427 398 5486 tentiam
439 5440 533 5481 eos
574 5440 734 5495 posse
769 5424 1000 5479 renasci.
1053 5423 1155 5489 Qui
1184 5424 1326 5477 enim
1366 5424 1418 5477 in
1465 5423 1570 5476 alio
1605 5421 1743 5486 loco,

160 5518 327 5591 quasi
353 5527 510 5587 pater
542 5517 749 5571 dixerat
781 5534 794 5569 :
838 5516 899 5571 Si
926 5515 1097 5570 decem
1136 5513 1304 5567 millia
1342 5514 1747 5583 paedagogorum

162 5610 405 5668 babealis
429 5610 487 5662 in
505 5605 732 5672 Christo,
762 5609 851 5662 sed
876 5625 978 5663 non
1007 5605 1196 5660 multos
1219 5615 1390 5677 patres
1431 5605 1480 5677 (Ι
1504 5605 1625 5659 Cor.
1652 5620 1703 5659 1v
1709 5618 1747 5675 ),

158 5702 279 5774 jam
308 5715 415 5755 non
437 5700 590 5770 quasi
614 5706 784 5769 pater,
810 5700 902 5755 sed
924 5705 1162 5754 utmater
1186 5696 1420 5766 loquitur
1446 5698 1499 5751 in
1516 5697 1747 5762 Christo,

1834 1884 1937 1940 bus
1962 1898 2058 1938 eos
2096 1881 2408 1938 conturbari
2437 1881 2604 1945 videt,
2653 1877 2956 1933 sollicitudo
2985 1883 3167 1932 autem
3211 1872 3322 1937 illa,
3360 1880 3415 1927 et

1835 1990 1965 2031 cura
2002 1972 2070 2029 de
2098 1973 2223 2039 illis,
2256 1972 2383 2042 quia
2424 1986 2483 2026 se
2520 1966 2915 2039 quodammodo
2954 1966 3228 2036 parturire
3260 1964 3409 2027 dicit,

1835 2072 1947 2118 tam
1971 2062 2064 2118 diu
2085 2076 2205 2116 esse
2231 2059 2451 2131 poterit,
2481 2058 2652 2114 donec
2676 2057 2994 2128 perveniant
3021 2055 3075 2109 in
3103 2068 3413 2109 mensuram

1834 2152 2011 2207 aetatis
2050 2149 2398 2221 plenitudinis
2425 2148 2649 2213 Christi,
2692 2154 2754 2201 ut
2787 2145 2901 2216 jam
2941 2160 3049 2205 non
3093 2153 3414 2207 moveantur

1836 2241 1985 2297 omni
2023 2249 2189 2297 vento
2223 2240 2504 2296 doctrinae.
2543 2237 2662 2294 Non
2698 2252 2827 2308 ergo
2856 2244 3077 2307 propter
3112 2234 3326 2289 initium
3360 2236 3415 2286 li-

1838 2332 1944 2399 dei,
1972 2331 2229 2401 quoniam
2261 2331 2376 2385 nati
2414 2336 2593 2395 erant,
2615 2328 2711 2384 sed
2743 2335 2963 2399 propter
3000 2326 3186 2390 robur,
3209 2332 3264 2379 et
3286 2339 3415 2394 per-

1838 2422 2131 2479 fectionem
2168 2422 2370 2477 dictum
2408 2428 2524 2487 est,
2567 2421 2739 2475 donec
2776 2416 3041 2472 formetur
3074 2414 3321 2469 Christus
3361 2415 3418 2468 in

1838 2512 2013 2569 vobis.
2057 2510 2184 2567 Sive
2219 2511 2396 2576 aliter,
2428 2508 2698 2566 formatur
2725 2506 2976 2562 Christus
3012 2506 3068 2559 in
3096 2504 3259 2560 corde
3301 2518 3420 2559 cre-

1839 2602 2116 2668 dentium,
2158 2616 2282 2656 cum
2323 2600 2507 2655 omnia
2558 2596 2667 2653 illis
2706 2603 3049 2653 sacramenta
3091 2594 3420 2664 panduntur,

1842 2703 1897 2748 et
1920 2707 1984 2748 ea
2010 2707 2131 2762 quae
2164 2691 2397 2747 obseura
2420 2689 2767 2754 videbantur,
2796 2686 3084 2757 perspicua
3119 2683 3274 2738 ﬁunt.

1927 2783 2120 2839 Vellem
2165 2791 2339 2837 autem
2384 2798 2495 2837 esse
2534 2780 2676 2851 apud
2723 2794 2844 2845 vos,
2905 2786 2954 2831 et
2996 2785 3202 2830 mutare
3248 2789 3421 2828 vocem

1844 2896 2035 2946 meam,
2063 2878 2311 2949 quoniam
2347 2872 2645 2943 confundor
2682 2871 2739 2926 in
2776 2869 2941 2924 vobis.
2986 2867 3129 2935 Quid
3157 2865 3304 2921 aliud
3339 2865 3421 2919 in-

1844 2969 2136 3040 telligatur,
2174 2966 2278 3021 nisi
2315 2966 2440 3035 quia
2482 2962 2677 3018 ﬁliolos
2720 2974 2846 3016 suos
2883 2973 3003 3014 esse
3042 2957 3272 3021 dixerat,
3297 2971 3421 3026 par-

1849 3075 1979 3115 cens
2017 3057 2118 3123 eis,
2162 3057 2394 3112 fortasse
2434 3070 2503 3109 ne
2547 3051 2820 3109 severiore
2863 3047 3235 3119 objurgatione
3276 3061 3422 3101 com-

1846 3149 1980 3204 moti
2017 3146 2176 3203 facile
2209 3146 2264 3200 in
2292 3145 2373 3200 eis
2412 3143 2597 3198 odium
2635 3140 3016 3196 traduceretur
3064 3152 3094 3191 a
3122 3134 3422 3207 deceptori-

1839 3241 1943 3295 bus
1981 3238 2106 3303 illis,
2153 3236 2352 3307 quibus
2384 3234 2587 3289 absens
2630 3246 2737 3287 non
2777 3236 2961 3300 ροεεεῑ
3001 3228 3277 3293 resistere,
3310 3241 3420 3281 non

1838 3332 2017 3387 video.
2070 3328 2263 3384 Vellem
2288 3342 2431 3397 ergo,
2460 3340 2598 3380 nunc
2626 3321 2809 3377 adesse
2830 3320 2971 3391 apud
3000 3336 3110 3386 vos,
3141 3328 3189 3373 et
3215 3327 3420 3371 mutare

1840 3438 2013 3477 vocem
2045 3436 2239 3485 meam,
2272 3418 2325 3472 id
2358 3425 2459 3481 est,
2492 3428 2693 3485 negare
2726 3428 2821 3468 vos
2854 3410 3011 3477 ﬁlios,
3034 3410 3162 3480 quia
3198 3408 3422 3464 confun-

1842 3514 1941 3567 dor
1978 3512 2034 3566 in
2071 3510 2240 3566 vobis.
2289 3508 2456 3564 Malos
2487 3508 2633 3563 enim
2680 3505 2838 3569 ﬁlios,
2875 3518 2944 3559 ne
2994 3502 3062 3558 de
3097 3501 3183 3557 his
3227 3502 3424 3557 erube-

1842 3612 2015 3671 scant,
2039 3604 2202 3657 etiam
2232 3609 2487 3672 parentes
2518 3599 2774 3653 abdicare
2804 3596 2999 3662 solent,
3032 3595 3157 3665 quia
3187 3593 3425 3649 scribere

1843 3702 1995 3749 tanta
2032 3710 2139 3749 non
2192 3707 2435 3761 possum,
2481 3697 2683 3759 quanta
2734 3702 2828 3743 vos
2874 3685 3061 3742 audire
3105 3684 3419 3748 meremini;

1842 3786 2098 3856 quoniam
2130 3782 2357 3853 epistola
2391 3797 2499 3837 non
2536 3788 2715 3851 potest
2744 3794 2934 3834 vocem
2960 3776 3294 3849 objurgantis
3330 3791 3424 3830 ex-

1843 3876 2097 3945 primere.
2149 3872 2267 3929 Non
2301 3872 2446 3926 valet
2482 3871 2771 3925 irascentis
2811 3884 3068 3925 resonare
3109 3868 3422 3934 clamorem,

1845 3974 1902 4021 et
1932 3964 2170 4020 dolorem
2202 3963 2439 4034 pectoris
2472 3961 2716 4033 apicibus
2758 3961 3031 4031 explicare
3064 3978 3075 4013 :
3103 3960 3225 4029 quia
3255 3959 3422 4013 detri-

1846 4064 2087 4109 mentum
2146 4054 2534 4124 discipulorum
2583 4051 2828 4108 confusio
2865 4059 2918 4106 et
2954 4051 3300 4120 opprobrium
3344 4058 3427 4105 est

1846 4145 2112 4215 magistri,
2158 4144 2298 4198 sicut
2336 4141 2613 4212 profectus
2653 4157 2842 4197 eorum
2885 4141 3056 4212 gloria
3095 4148 3178 4196 est
3218 4154 3425 4209 praece-

1844 4235 2036 4304 ptoris.
2070 4232 2430 4289 Coufunditur
2467 4246 2595 4303 ergo
2635 4232 2692 4285 in
2730 4232 2831 4296 eis,
2858 4232 2981 4301 quia
3004 4229 3121 4299 jam
3150 4228 3242 4283 ﬁlii
3272 4229 3423 4294 facti,

1847 4326 1991 4380 servi
2019 4340 2142 4380 esse
2166 4324 2463 4380 desierant.

1919 4415 2089 4470 Dicite
2126 4416 2285 4481 mihi,
2328 4417 2419 4486 qui
2462 4415 2557 4469 sub
2598 4414 2707 4483 lege
2747 4412 2900 4467 vultis
2940 4429 3077 4476 esse,
3119 4410 3281 4481 legem
3323 4426 3427 4465 non

1849 4509 2114 4562 audistis?
2144 4507 2447 4563 Notandum
2478 4506 2651 4577 legem
2677 4506 2766 4560 hic
2794 4505 2994 4560 dictam
3018 4518 3137 4559 esse
3152 4504 3426 4559 Geneseos

1849 4600 2152 4665 historiam,
2182 4615 2291 4653 non
2317 4608 2377 4654 ut
2399 4598 2559 4669 vulgo
2582 4598 2852 4653 mstimant
2877 4613 2995 4667 qua:
3023 4596 3267 4652 facienda
3295 4598 3423 4662 sint,

1848 4705 2034 4760 quasve
2058 4691 2300 4756 vitanda,
2332 4691 2426 4746 sed
2458 4698 2633 4745 totum
2668 4690 2811 4759 quod
2842 4691 2907 4745 de
2930 4690 3203 4744 Abraham
3229 4698 3284 4743 et
3312 4688 3427 4757 ejus

1848 4782 2111 4837 uxoribus
2160 4782 2454 4852 liberisque
2501 4783 2827 4845 contexitur,
2878 4782 3049 4853 legem
3080 4782 3421 4852 appellatam.

1850 4872 2105 4944 Legimus
2138 4882 2193 4926 et
2240 4874 2294 4926 in
2338 4873 2445 4927 alio
2488 4872 2608 4928 loco
2655 4874 2947 4941 prophetas
2994 4887 3207 4940 quoque
3250 4872 3422 4942 legem

1851 4963 2055 5017 vocari.
2102 4963 2269 5017 Audit
2315 4976 2446 5033 ergo
2494 4962 2686 5032 legem,
2738 4961 2829 5030 qui
2864 4962 3017 5032 juxta
3052 4961 3275 5016 Paulum
3320 4978 3425 5017 non

1850 5055 2214 5125 superﬁciem,
2258 5054 2355 5110 sed
2394 5054 2450 5107 in
2487 5052 2773 5107 medullam
2807 5053 2924 5121 ejus
2952 5052 3273 5122 introspicit.
3309 5052 3424 5107 Non

1852 5147 2001 5201 audit
2037 5146 2232 5217 legem,
2268 5145 2360 5215 qui
2396 5143 2590 5199 similis
2617 5142 2826 5198 G:.atis
2860 5143 3186 5197 exteriorem
3214 5152 3423 5197 tantum

1851 5239 2109 5294 corticem
2138 5237 2400 5306 sequitur.

1919 5331 2184 5401 Scriptum
2226 5340 2301 5383 est
2334 5329 2492 5396 enim,
2518 5330 2769 5399 quoniam
2811 5328 3077 5382 Abraham
3119 5328 3251 5381 duos
3284 5324 3426 5396 ﬁlios

1850 5421 2030 5475 [tabuit
2054 5433 2071 5471 .'
2095 5436 2256 5473 unum
2281 5421 2345 5473 de
2375 5417 2591 5485 ancilla,
2620 5428 2669 5472 et
2695 5433 2857 5471 unum
2884 5418 2949 5471 de
2978 5416 3160 5471 libera.
3188 5418 3263 5471 De
3288 5417 3427 5471 duo-

1850 5515 1951 5570 bus
1998 5513 2122 5567 ﬁliis
2168 5512 2403 5567 Abrahae
2453 5510 2597 5582 quod
2649 5510 2816 5574 dicit,
2871 5507 3029 5563 facile
3089 5507 3421 5575 intelligitur.

1852 5606 1987 5660 Nam
2033 5616 2085 5660 et
2126 5605 2240 5675 ipse
2272 5604 2559 5675 Apostolus
2607 5603 2995 5672 interpretatur
3040 5603 3179 5655 hanc
3226 5600 3427 5670 allego--

1853 5696 2008 5751 riam.
2046 5695 2148 5751 Per
2180 5698 2277 5751 hos
2305 5695 2447 5749 enim
2476 5693 2611 5750 duos
2639 5692 2773 5749 ﬁlios
2801 5694 3073 5749 Abraham
3104 5692 3209 5747 duo
3248 5700 3417 5747 testa-
