  <div class='ocr_page' id='page_1' title='image "/cluster/home/n/w/nwhite01/storage/ocr_20150623/104/uva.x000827061/451.png"; bbox 0 0 3906 6326; ppageno 0'>
   <div class='ocr_carea' id='block_1_1' title="bbox 506 324 608 381">
    <p class='ocr_par' dir='ltr' id='par_1_1' title="bbox 506 324 608 381">
     <span class='ocr_line' id='line_1_1' title="bbox 506 324 608 381; baseline 0.02 -2"><span class='ocrx_word' id='word_1_1' title='bbox 506 324 608 381; x_wconf 80' lang='lat'><strong>887</strong></span> 
     </span>
    </p>
   </div>
   <div class='ocr_carea' id='block_1_2' title="bbox 1570 325 3751 403">
    <p class='ocr_par' dir='ltr' id='par_1_2' title="bbox 1570 325 3751 403">
     <span class='ocr_line' id='line_1_2' title="bbox 1570 325 3751 403; baseline 0.006 -21"><span class='ocrx_word' id='word_1_2' title='bbox 1570 326 1843 382; x_wconf 76' lang='lat' dir='ltr'><strong>CLAUDII</strong></span> <span class='ocrx_word' id='word_1_3' title='bbox 1887 325 2345 383; x_wconf 65' lang='lat' dir='ltr'><strong>TAURINENSIS</strong></span> <span class='ocrx_word' id='word_1_4' title='bbox 2383 331 2687 388; x_wconf 59' lang='lat' dir='ltr'><strong>EPISL‘UH</strong></span> <span class='ocrx_word' id='word_1_5' title='bbox 3663 359 3751 403; x_wconf 67' lang='grc' dir='ltr'><strong>δυο</strong></span> 
     </span>
    </p>
   </div>
   <div class='ocr_carea' id='block_1_3' title="bbox 504 437 3750 518">
    <p class='ocr_par' dir='ltr' id='par_1_3' title="bbox 504 437 3750 518">
     <span class='ocr_line' id='line_1_3' title="bbox 504 437 3750 518; baseline 0.005 -23"><span class='ocrx_word' id='word_1_6' title='bbox 504 447 685 495; x_wconf 83' lang='lat' dir='ltr'><strong>menta</strong></span> <span class='ocrx_word' id='word_1_7' title='bbox 725 437 1026 507; x_wconf 83' lang='lat' dir='ltr'><strong>signiﬁcata</strong></span> <span class='ocrx_word' id='word_1_8' title='bbox 1063 448 1206 518; x_wconf 83' lang='lat' dir='ltr'><strong>sunt.</strong></span> <span class='ocrx_word' id='word_1_9' title='bbox 1264 438 1389 492; x_wconf 83' lang='lat' dir='ltr'><strong>Post</strong></span> <span class='ocrx_word' id='word_1_10' title='bbox 1430 448 1657 493; x_wconf 82' lang='lat' dir='ltr'><strong>mortem</strong></span> <span class='ocrx_word' id='word_1_11' title='bbox 1698 449 1879 494; x_wconf 86' lang='lat' dir='ltr'><strong>autem</strong></span> <span class='ocrx_word' id='word_1_12' title='bbox 1908 438 2077 504; x_wconf 71' lang='lat' dir='ltr'><strong>Sarte,</strong></span> <span class='ocrx_word' id='word_1_13' title='bbox 2109 441 2159 498; x_wconf 85' lang='lat' dir='ltr'><strong>A</strong></span> <span class='ocrx_word' id='word_1_14' title='bbox 2184 441 2611 509; x_wconf 71' lang='lat' dir='ltr'><strong>expositionibus</strong></span> <span class='ocrx_word' id='word_1_15' title='bbox 2662 445 2981 501; x_wconf 72' lang='lat' dir='ltr'><strong>delectatur.</strong></span> <span class='ocrx_word' id='word_1_16' title='bbox 3028 448 3255 515; x_wconf 84' lang='lat' dir='ltr'><strong>Quando</strong></span> <span class='ocrx_word' id='word_1_17' title='bbox 3302 466 3434 507; x_wconf 79' lang='lat' dir='ltr'><strong>vero</strong></span> <span class='ocrx_word' id='word_1_18' title='bbox 3484 456 3553 508; x_wconf 89' lang='lat' dir='ltr'><strong>ad</strong></span> <span class='ocrx_word' id='word_1_19' title='bbox 3605 458 3750 513; x_wconf 80' lang='lat' dir='ltr'><strong>subli-</strong></span> 
     </span>
    </p>
   </div>
   <div class='ocr_carea' id='block_1_4' title="bbox 502 530 2081 602">
    <p class='ocr_par' dir='ltr' id='par_1_4' title="bbox 502 530 2081 602">
     <span class='ocr_line' id='line_1_4' title="bbox 502 530 2081 602; baseline 0.001 -16"><span class='ocrx_word' id='word_1_20' title='bbox 502 548 641 602; x_wconf 88' lang='lat' dir='ltr'><strong>quos</strong></span> <span class='ocrx_word' id='word_1_21' title='bbox 668 532 735 587; x_wconf 92' lang='lat' dir='ltr'><strong>de</strong></span> <span class='ocrx_word' id='word_1_22' title='bbox 762 530 866 586; x_wconf 88' lang='lat' dir='ltr'><strong>alia</strong></span> <span class='ocrx_word' id='word_1_23' title='bbox 913 545 1080 585; x_wconf 80' lang='lat' dir='ltr'><strong>uxore</strong></span> <span class='ocrx_word' id='word_1_24' title='bbox 1124 532 1326 601; x_wconf 84' lang='lat' dir='ltr'><strong>genuit,</strong></span> <span class='ocrx_word' id='word_1_25' title='bbox 1375 547 1479 585; x_wconf 91' lang='lat' dir='ltr'><strong>non</strong></span> <span class='ocrx_word' id='word_1_26' title='bbox 1527 534 1799 601; x_wconf 87' lang='lat' dir='ltr'><strong>pertinent</strong></span> <span class='ocrx_word' id='word_1_27' title='bbox 1832 534 1899 587; x_wconf 89' lang='lat' dir='ltr'><strong>ad</strong></span> <span class='ocrx_word' id='word_1_28' title='bbox 1940 535 2081 587; x_wconf 87' lang='lat' dir='ltr'><strong>hanc</strong></span> 
     </span>
    </p>
   </div>
   <div class='ocr_carea' id='block_1_5' title="bbox 504 620 2074 693">
    <p class='ocr_par' dir='ltr' id='par_1_5' title="bbox 504 620 2074 693">
     <span class='ocr_line' id='line_1_5' title="bbox 504 620 2074 693; baseline 0.001 -18"><span class='ocrx_word' id='word_1_29' title='bbox 504 620 969 693; x_wconf 86' lang='lat' dir='ltr'><strong>significationem.</strong></span> <span class='ocrx_word' id='word_1_30' title='bbox 1008 621 1076 675; x_wconf 83' lang='lat' dir='ltr'><strong>Et</strong></span> <span class='ocrx_word' id='word_1_31' title='bbox 1109 621 1230 677; x_wconf 91' lang='lat' dir='ltr'><strong>ideo</strong></span> <span class='ocrx_word' id='word_1_32' title='bbox 1270 622 1423 676; x_wconf 92' lang='lat' dir='ltr'><strong>multi</strong></span> <span class='ocrx_word' id='word_1_33' title='bbox 1467 621 1707 691; x_wconf 73' lang='lat' dir='ltr'><strong>legentes</strong></span> <span class='ocrx_word' id='word_1_34' title='bbox 1741 623 2074 692; x_wconf 84' lang='lat' dir='ltr'><strong>Apostolum,</strong></span> 
     </span>
    </p>
   </div>
   <div class='ocr_carea' id='block_1_6' title="bbox 504 711 2079 783">
    <p class='ocr_par' dir='ltr' id='par_1_6' title="bbox 504 711 2079 783">
     <span class='ocr_line' id='line_1_6' title="bbox 504 711 2079 783; baseline 0.003 -18"><span class='ocrx_word' id='word_1_35' title='bbox 504 712 699 767; x_wconf 86' lang='lat' dir='ltr'><strong>librum</strong></span> <span class='ocrx_word' id='word_1_36' title='bbox 747 719 927 766; x_wconf 89' lang='lat' dir='ltr'><strong>autem</strong></span> <span class='ocrx_word' id='word_1_37' title='bbox 974 711 1247 767; x_wconf 87' lang='lat' dir='ltr'><strong>Geneseos</strong></span> <span class='ocrx_word' id='word_1_38' title='bbox 1302 713 1643 780; x_wconf 84' lang='lat' dir='ltr'><strong>ignorantes.</strong></span> <span class='ocrx_word' id='word_1_39' title='bbox 1693 722 1887 783; x_wconf 90' lang='lat' dir='ltr'><strong>putant</strong></span> <span class='ocrx_word' id='word_1_40' title='bbox 1936 713 2079 769; x_wconf 91' lang='lat' dir='ltr'><strong>solos</strong></span> 
     </span>
    </p>
   </div>
   <div class='ocr_carea' id='block_1_7' title="bbox 502 799 2080 876">
    <p class='ocr_par' dir='ltr' id='par_1_7' title="bbox 502 799 2080 876">
     <span class='ocr_line' id='line_1_7' title="bbox 502 799 2080 876; baseline 0.002 -19"><span class='ocrx_word' id='word_1_41' title='bbox 502 803 638 858; x_wconf 88' lang='lat' dir='ltr'><strong>duos</strong></span> <span class='ocrx_word' id='word_1_42' title='bbox 668 799 809 858; x_wconf 86' lang='lat' dir='ltr'><strong>ﬁlios</strong></span> <span class='ocrx_word' id='word_1_43' title='bbox 840 802 1094 857; x_wconf 92' lang='lat' dir='ltr'><strong>habuisse</strong></span> <span class='ocrx_word' id='word_1_44' title='bbox 1122 802 1418 856; x_wconf 80' lang='lat' dir='ltr'><strong>Abraham.</strong></span> <span class='ocrx_word' id='word_1_45' title='bbox 1459 802 1568 858; x_wconf 83' lang='lat' dir='ltr'><strong>Hos</strong></span> <span class='ocrx_word' id='word_1_46' title='bbox 1597 819 1727 876; x_wconf 90' lang='lat' dir='ltr'><strong>ergo</strong></span> <span class='ocrx_word' id='word_1_47' title='bbox 1753 804 1896 859; x_wconf 88' lang='lat' dir='ltr'><strong>solos</strong></span> <span class='ocrx_word' id='word_1_48' title='bbox 1931 821 2080 860; x_wconf 83' lang='lat' dir='ltr'><strong>com-</strong></span> 
     </span>
    </p>
   </div>
   <div class='ocr_carea' id='block_1_8' title="bbox 503 894 2078 965">
    <p class='ocr_par' dir='ltr' id='par_1_8' title="bbox 503 894 2078 965">
     <span class='ocr_line' id='line_1_8' title="bbox 503 894 2078 965; baseline 0.004 -17"><span class='ocrx_word' id='word_1_49' title='bbox 503 902 770 949; x_wconf 78' lang='lat' dir='ltr'><strong>memorat</strong></span> <span class='ocrx_word' id='word_1_50' title='bbox 792 894 1102 963; x_wconf 84' lang='lat' dir='ltr'><strong>Apostolus,</strong></span> <span class='ocrx_word' id='word_1_51' title='bbox 1134 896 1258 965; x_wconf 87' lang='lat' dir='ltr'><strong>quia</strong></span> <span class='ocrx_word' id='word_1_52' title='bbox 1294 897 1437 951; x_wconf 92' lang='lat' dir='ltr'><strong>solos</strong></span> <span class='ocrx_word' id='word_1_53' title='bbox 1465 897 1640 951; x_wconf 90' lang='lat' dir='ltr'><strong>adhuc</strong></span> <span class='ocrx_word' id='word_1_54' title='bbox 1669 898 1923 963; x_wconf 83' lang='lat' dir='ltr'><strong>habebat,</strong></span> <span class='ocrx_word' id='word_1_55' title='bbox 1953 914 2078 954; x_wconf 92' lang='lat' dir='ltr'><strong>cum</strong></span> 
     </span>
    </p>
   </div>
   <div class='ocr_carea' id='block_1_9' title="bbox 502 984 2075 1058">
    <p class='ocr_par' dir='ltr' id='par_1_9' title="bbox 502 984 2075 1058">
     <span class='ocr_line' id='line_1_9' title="bbox 502 984 2075 1058; baseline 0.003 -20"><span class='ocrx_word' id='word_1_56' title='bbox 502 985 617 1039; x_wconf 65' lang='lat' dir='ltr'><strong>haec</strong></span> <span class='ocrx_word' id='word_1_57' title='bbox 668 984 1144 1054; x_wconf 87' lang='lat' dir='ltr'><strong>signiﬁcarentur,</strong></span> <span class='ocrx_word' id='word_1_58' title='bbox 1199 1001 1321 1056; x_wconf 67' lang='lat' dir='ltr'><strong>qua:</strong></span> <span class='ocrx_word' id='word_1_59' title='bbox 1386 996 1781 1056; x_wconf 84' lang='lat' dir='ltr'><strong>consequenter</strong></span> <span class='ocrx_word' id='word_1_60' title='bbox 1836 990 2075 1058; x_wconf 84' lang='lat' dir='ltr'><strong>exponit.</strong></span> 
     </span>
    </p>
   </div>
   <div class='ocr_carea' id='block_1_10' title="bbox 500 1073 2079 1147">
    <p class='ocr_par' dir='ltr' id='par_1_10' title="bbox 500 1073 2079 1147">
     <span class='ocr_line' id='line_1_10' title="bbox 500 1073 2079 1147; baseline 0.004 -20"><span class='ocrx_word' id='word_1_61' title='bbox 500 1074 653 1140; x_wconf 79' lang='lat' dir='ltr'><strong>Quod</strong></span> <span class='ocrx_word' id='word_1_62' title='bbox 688 1073 775 1128; x_wconf 92' lang='lat' dir='ltr'><strong>ille</strong></span> <span class='ocrx_word' id='word_1_63' title='bbox 807 1073 874 1129; x_wconf 90' lang='lat' dir='ltr'><strong>de</strong></span> <span class='ocrx_word' id='word_1_64' title='bbox 901 1074 1115 1139; x_wconf 87' lang='lat' dir='ltr'><strong>ancilla,</strong></span> <span class='ocrx_word' id='word_1_65' title='bbox 1146 1091 1265 1145; x_wconf 80' lang='lat' dir='ltr'><strong>quae</strong></span> <span class='ocrx_word' id='word_1_66' title='bbox 1295 1075 1441 1147; x_wconf 89' lang='lat' dir='ltr'><strong>Agar</strong></span> <span class='ocrx_word' id='word_1_67' title='bbox 1465 1078 1780 1142; x_wconf 86' lang='lat' dir='ltr'><strong>vocabatur,</strong></span> <span class='ocrx_word' id='word_1_68' title='bbox 1808 1086 1966 1133; x_wconf 90' lang='lat' dir='ltr'><strong>vetus</strong></span> <span class='ocrx_word' id='word_1_69' title='bbox 2001 1087 2079 1134; x_wconf 88' lang='lat' dir='ltr'><strong>te-</strong></span> 
     </span>
    </p>
   </div>
   <div class='ocr_carea' id='block_1_11' title="bbox 498 1164 2079 1236">
    <p class='ocr_par' dir='ltr' id='par_1_11' title="bbox 498 1164 2079 1236">
     <span class='ocr_line' id='line_1_11' title="bbox 498 1164 2079 1236; baseline 0.004 -19"><span class='ocrx_word' id='word_1_70' title='bbox 498 1172 827 1218; x_wconf 83' lang='lat' dir='ltr'><strong>stamentum</strong></span> <span class='ocrx_word' id='word_1_71' title='bbox 865 1164 1153 1235; x_wconf 85' lang='lat' dir='ltr'><strong>significat,</strong></span> <span class='ocrx_word' id='word_1_72' title='bbox 1186 1165 1241 1221; x_wconf 90' lang='lat' dir='ltr'><strong>id</strong></span> <span class='ocrx_word' id='word_1_73' title='bbox 1268 1174 1352 1220; x_wconf 89' lang='lat' dir='ltr'><strong>est</strong></span> <span class='ocrx_word' id='word_1_74' title='bbox 1388 1166 1644 1236; x_wconf 87' lang='lat' dir='ltr'><strong>populum</strong></span> <span class='ocrx_word' id='word_1_75' title='bbox 1686 1168 1884 1223; x_wconf 85' lang='lat' dir='ltr'><strong>veteris</strong></span> <span class='ocrx_word' id='word_1_76' title='bbox 1914 1177 2079 1225; x_wconf 90' lang='lat' dir='ltr'><strong>testa-</strong></span> 
     </span>
    </p>
   </div>
   <div class='ocr_carea' id='block_1_12' title="bbox 499 1254 2078 1326">
    <p class='ocr_par' dir='ltr' id='par_1_12' title="bbox 499 1254 2078 1326">
     <span class='ocr_line' id='line_1_12' title="bbox 499 1254 2078 1326; baseline 0.004 -18"><span class='ocrx_word' id='word_1_77' title='bbox 499 1255 690 1320; x_wconf 84' lang='lat' dir='ltr'><strong>menti,</strong></span> <span class='ocrx_word' id='word_1_78' title='bbox 715 1262 935 1325; x_wconf 85' lang='lat' dir='ltr'><strong>propter</strong></span> <span class='ocrx_word' id='word_1_79' title='bbox 956 1254 1145 1326; x_wconf 89' lang='lat' dir='ltr'><strong>jugum</strong></span> <span class='ocrx_word' id='word_1_80' title='bbox 1179 1257 1375 1311; x_wconf 82' lang='lat' dir='ltr'><strong>servile</strong></span> <span class='ocrx_word' id='word_1_81' title='bbox 1417 1258 1713 1311; x_wconf 89' lang='lat' dir='ltr'><strong>carnalium</strong></span> <span class='ocrx_word' id='word_1_82' title='bbox 1744 1258 2078 1314; x_wconf 88' lang='lat' dir='ltr'><strong>observatio-</strong></span> 
     </span>
    </p>
   </div>
   <div class='ocr_carea' id='block_1_13' title="bbox 498 1348 2078 1420">
    <p class='ocr_par' dir='ltr' id='par_1_13' title="bbox 498 1348 2078 1420">
     <span class='ocr_line' id='line_1_13' title="bbox 498 1348 2078 1420; baseline 0.005 -21"><span class='ocrx_word' id='word_1_83' title='bbox 498 1361 647 1412; x_wconf 91' lang='lat' dir='ltr'><strong>num,</strong></span> <span class='ocrx_word' id='word_1_84' title='bbox 679 1354 733 1403; x_wconf 90' lang='lat' dir='ltr'><strong>et</strong></span> <span class='ocrx_word' id='word_1_85' title='bbox 759 1348 1026 1416; x_wconf 88' lang='lat' dir='ltr'><strong>promissa</strong></span> <span class='ocrx_word' id='word_1_86' title='bbox 1079 1356 1311 1413; x_wconf 87' lang='lat' dir='ltr'><strong>terrena,</strong></span> <span class='ocrx_word' id='word_1_87' title='bbox 1366 1349 1563 1418; x_wconf 88' lang='lat' dir='ltr'><strong>quibus</strong></span> <span class='ocrx_word' id='word_1_88' title='bbox 1610 1350 1825 1413; x_wconf 88' lang='lat' dir='ltr'><strong>irretiti,</strong></span> <span class='ocrx_word' id='word_1_89' title='bbox 1856 1358 1913 1406; x_wconf 88' lang='lat' dir='ltr'><strong>et</strong></span> <span class='ocrx_word' id='word_1_90' title='bbox 1957 1366 2078 1420; x_wconf 69' lang='lat' dir='ltr'><strong>qua:</strong></span> 
     </span>
    </p>
   </div>
   <div class='ocr_carea' id='block_1_14' title="bbox 498 1440 2078 1509">
    <p class='ocr_par' dir='ltr' id='par_1_14' title="bbox 498 1440 2078 1509">
     <span class='ocr_line' id='line_1_14' title="bbox 498 1440 2078 1509; baseline 0.004 -16"><span class='ocrx_word' id='word_1_91' title='bbox 498 1440 867 1496; x_wconf 84' lang='lat' dir='ltr'><strong>tantummodo</strong></span> <span class='ocrx_word' id='word_1_92' title='bbox 904 1449 1186 1509; x_wconf 88' lang='lat' dir='ltr'><strong>sperantes</strong></span> <span class='ocrx_word' id='word_1_93' title='bbox 1216 1441 1283 1496; x_wconf 90' lang='lat' dir='ltr'><strong>de</strong></span> <span class='ocrx_word' id='word_1_94' title='bbox 1309 1441 1441 1507; x_wconf 91' lang='lat' dir='ltr'><strong>Deo,</strong></span> <span class='ocrx_word' id='word_1_95' title='bbox 1478 1458 1586 1497; x_wconf 93' lang='lat' dir='ltr'><strong>non</strong></span> <span class='ocrx_word' id='word_1_96' title='bbox 1625 1442 1983 1498; x_wconf 82' lang='lat' dir='ltr'><strong>admittuntur</strong></span> <span class='ocrx_word' id='word_1_97' title='bbox 2009 1446 2078 1500; x_wconf 88' lang='lat' dir='ltr'><strong>ad</strong></span> 
     </span>
    </p>
   </div>
   <div class='ocr_carea' id='block_1_15' title="bbox 497 1531 2075 1603">
    <p class='ocr_par' dir='ltr' id='par_1_15' title="bbox 497 1531 2075 1603">
     <span class='ocr_line' id='line_1_15' title="bbox 497 1531 2075 1603; baseline 0.003 -18"><span class='ocrx_word' id='word_1_98' title='bbox 497 1532 867 1587; x_wconf 73' lang='lat' dir='ltr'><strong>luereditatem</strong></span> <span class='ocrx_word' id='word_1_99' title='bbox 920 1531 1219 1602; x_wconf 87' lang='lat' dir='ltr'><strong>spiritalem</strong></span> <span class='ocrx_word' id='word_1_100' title='bbox 1274 1532 1512 1588; x_wconf 64' lang='lat' dir='ltr'><strong>caelestis</strong></span> <span class='ocrx_word' id='word_1_101' title='bbox 1566 1534 1899 1603; x_wconf 87' lang='lat' dir='ltr'><strong>patrimonii.</strong></span> <span class='ocrx_word' id='word_1_102' title='bbox 1956 1534 2075 1590; x_wconf 87' lang='lat' dir='ltr'><strong>Non</strong></span> 
     </span>
    </p>
   </div>
   <div class='ocr_carea' id='block_1_16' title="bbox 496 1621 2075 1693">
    <p class='ocr_par' dir='ltr' id='par_1_16' title="bbox 496 1621 2075 1693">
     <span class='ocr_line' id='line_1_16' title="bbox 496 1621 2075 1693; baseline 0.002 -16"><span class='ocrx_word' id='word_1_103' title='bbox 496 1632 678 1677; x_wconf 82' lang='lat' dir='ltr'><strong>autem</strong></span> <span class='ocrx_word' id='word_1_104' title='bbox 714 1621 909 1678; x_wconf 79' lang='lat' dir='ltr'><strong>sufficit</strong></span> <span class='ocrx_word' id='word_1_105' title='bbox 944 1624 1089 1693; x_wconf 91' lang='lat' dir='ltr'><strong>quod</strong></span> <span class='ocrx_word' id='word_1_106' title='bbox 1125 1623 1191 1679; x_wconf 90' lang='lat' dir='ltr'><strong>de</strong></span> <span class='ocrx_word' id='word_1_107' title='bbox 1224 1623 1394 1679; x_wconf 84' lang='lat' dir='ltr'><strong>libera</strong></span> <span class='ocrx_word' id='word_1_108' title='bbox 1420 1639 1591 1679; x_wconf 84' lang='lat' dir='ltr'><strong>uxore</strong></span> <span class='ocrx_word' id='word_1_109' title='bbox 1622 1633 1780 1680; x_wconf 91' lang='lat' dir='ltr'><strong>natus</strong></span> <span class='ocrx_word' id='word_1_110' title='bbox 1809 1634 1893 1681; x_wconf 90' lang='lat' dir='ltr'><strong>est</strong></span> <span class='ocrx_word' id='word_1_111' title='bbox 1923 1624 2075 1681; x_wconf 91' lang='lat' dir='ltr'><strong>Isaac</strong></span> 
     </span>
    </p>
   </div>
   <div class='ocr_carea' id='block_1_17' title="bbox 496 1713 2073 1785">
    <p class='ocr_par' dir='ltr' id='par_1_17' title="bbox 496 1713 2073 1785">
     <span class='ocr_line' id='line_1_17' title="bbox 496 1713 2073 1785; baseline 0.003 -17"><span class='ocrx_word' id='word_1_112' title='bbox 496 1715 565 1769; x_wconf 87' lang='lat' dir='ltr'><strong>ad</strong></span> <span class='ocrx_word' id='word_1_113' title='bbox 628 1713 1039 1785; x_wconf 88' lang='lat' dir='ltr'><strong>significandum</strong></span> <span class='ocrx_word' id='word_1_114' title='bbox 1084 1715 1338 1785; x_wconf 91' lang='lat' dir='ltr'><strong>populum</strong></span> <span class='ocrx_word' id='word_1_115' title='bbox 1394 1716 1663 1781; x_wconf 67' lang='lat' dir='ltr'><strong>haeredem</strong></span> <span class='ocrx_word' id='word_1_116' title='bbox 1713 1718 1839 1771; x_wconf 89' lang='lat' dir='ltr'><strong>novi</strong></span> <span class='ocrx_word' id='word_1_117' title='bbox 1906 1726 2073 1772; x_wconf 88' lang='lat' dir='ltr'><strong>testa-</strong></span> 
     </span>
    </p>
   </div>
   <div class='ocr_carea' id='block_1_18' title="bbox 494 1805 2064 1893">
    <p class='ocr_par' dir='ltr' id='par_1_18' title="bbox 494 1805 2064 1893">
     <span class='ocr_line' id='line_1_18' title="bbox 494 1805 2064 1893; baseline 0.001 -32"><span class='ocrx_word' id='word_1_118' title='bbox 494 1807 704 1861; x_wconf 89' lang='lat' dir='ltr'><strong>menti:</strong></span> <span class='ocrx_word' id='word_1_119' title='bbox 743 1805 838 1861; x_wconf 87' lang='lat' dir='ltr'><strong>sed</strong></span> <span class='ocrx_word' id='word_1_120' title='bbox 866 1806 987 1876; x_wconf 87' lang='lat' dir='ltr'><strong>plus</strong></span> <span class='ocrx_word' id='word_1_121' title='bbox 1020 1807 1111 1861; x_wconf 91' lang='lat' dir='ltr'><strong>hic</strong></span> <span class='ocrx_word' id='word_1_122' title='bbox 1138 1808 1278 1861; x_wconf 90' lang='lat' dir='ltr'><strong>valet</strong></span> <span class='ocrx_word' id='word_1_123' title='bbox 1314 1808 1459 1877; x_wconf 89' lang='lat' dir='ltr'><strong>quod</strong></span> <span class='ocrx_word' id='word_1_124' title='bbox 1504 1808 1801 1893; x_wconf 66' lang='lat' dir='ltr'><strong>segundum</strong></span> <span class='ocrx_word' id='word_1_125' title='bbox 1842 1810 2064 1877; x_wconf 84' lang='lat' dir='ltr'><strong>promis-</strong></span> 
     </span>
    </p>
   </div>
   <div class='ocr_carea' id='block_1_19' title="bbox 495 1897 2075 1965">
    <p class='ocr_par' dir='ltr' id='par_1_19' title="bbox 495 1897 2075 1965">
     <span class='ocr_line' id='line_1_19' title="bbox 495 1897 2075 1965; baseline 0.002 -14"><span class='ocrx_word' id='word_1_126' title='bbox 495 1898 703 1952; x_wconf 87' lang='lat' dir='ltr'><strong>sionem</strong></span> <span class='ocrx_word' id='word_1_127' title='bbox 731 1905 891 1951; x_wconf 89' lang='lat' dir='ltr'><strong>natus</strong></span> <span class='ocrx_word' id='word_1_128' title='bbox 914 1905 1018 1952; x_wconf 89' lang='lat' dir='ltr'><strong>est.</strong></span> <span class='ocrx_word' id='word_1_129' title='bbox 1049 1897 1143 1952; x_wconf 91' lang='lat' dir='ltr'><strong>llle</strong></span> <span class='ocrx_word' id='word_1_130' title='bbox 1169 1907 1350 1953; x_wconf 91' lang='lat' dir='ltr'><strong>autem</strong></span> <span class='ocrx_word' id='word_1_131' title='bbox 1374 1907 1430 1953; x_wconf 92' lang='lat' dir='ltr'><strong>et</strong></span> <span class='ocrx_word' id='word_1_132' title='bbox 1459 1899 1525 1953; x_wconf 91' lang='lat' dir='ltr'><strong>de</strong></span> <span class='ocrx_word' id='word_1_133' title='bbox 1544 1899 1770 1965; x_wconf 81' lang='lat' dir='ltr'><strong>ancilla,</strong></span> <span class='ocrx_word' id='word_1_134' title='bbox 1797 1908 1852 1954; x_wconf 94' lang='lat' dir='ltr'><strong>et</strong></span> <span class='ocrx_word' id='word_1_135' title='bbox 1878 1915 2075 1955; x_wconf 91' lang='lat' dir='ltr'><strong>secun-</strong></span> 
     </span>
    </p>
   </div>
   <div class='ocr_carea' id='block_1_20' title="bbox 496 1986 2075 2059">
    <p class='ocr_par' dir='ltr' id='par_1_20' title="bbox 496 1986 2075 2059">
     <span class='ocr_line' id='line_1_20' title="bbox 496 1986 2075 2059; baseline 0.003 -19"><span class='ocrx_word' id='word_1_136' title='bbox 496 1988 622 2042; x_wconf 86' lang='lat' dir='ltr'><strong>dum</strong></span> <span class='ocrx_word' id='word_1_137' title='bbox 658 2002 877 2043; x_wconf 87' lang='lat' dir='ltr'><strong>carnem</strong></span> <span class='ocrx_word' id='word_1_138' title='bbox 907 2006 919 2040; x_wconf 92' lang='lat'><strong>:</strong></span> <span class='ocrx_word' id='word_1_139' title='bbox 951 1986 1103 2042; x_wconf 89' lang='lat' dir='ltr'><strong>Sicut</strong></span> <span class='ocrx_word' id='word_1_140' title='bbox 1143 1995 1197 2041; x_wconf 91' lang='lat' dir='ltr'><strong>et</strong></span> <span class='ocrx_word' id='word_1_141' title='bbox 1222 1987 1479 2053; x_wconf 89' lang='lat' dir='ltr'><strong>Cethura,</strong></span> <span class='ocrx_word' id='word_1_142' title='bbox 1507 2003 1674 2053; x_wconf 86' lang='lat' dir='ltr'><strong>quam</strong></span> <span class='ocrx_word' id='word_1_143' title='bbox 1704 1991 1889 2059; x_wconf 79' lang='lat' dir='ltr'><strong>postea</strong></span> <span class='ocrx_word' id='word_1_144' title='bbox 1921 1990 2075 2045; x_wconf 80' lang='lat' dir='ltr'><strong>duxit</strong></span> 
     </span>
    </p>
   </div>
   <div class='ocr_carea' id='block_1_21' title="bbox 494 2079 2076 2150">
    <p class='ocr_par' dir='ltr' id='par_1_21' title="bbox 494 2079 2076 2150">
     <span class='ocr_line' id='line_1_21' title="bbox 494 2079 2076 2150; baseline 0.002 -19"><span class='ocrx_word' id='word_1_145' title='bbox 494 2079 792 2141; x_wconf 81' lang='lat' dir='ltr'><strong>Abraham,</strong></span> <span class='ocrx_word' id='word_1_146' title='bbox 821 2094 929 2134; x_wconf 90' lang='lat' dir='ltr'><strong>non</strong></span> <span class='ocrx_word' id='word_1_147' title='bbox 960 2080 1254 2133; x_wconf 88' lang='lat' dir='ltr'><strong>secundum</strong></span> <span class='ocrx_word' id='word_1_148' title='bbox 1281 2079 1719 2150; x_wconf 88' lang='lat' dir='ltr'><strong>promissionem,</strong></span> <span class='ocrx_word' id='word_1_149' title='bbox 1752 2080 1846 2135; x_wconf 90' lang='lat' dir='ltr'><strong>sed</strong></span> <span class='ocrx_word' id='word_1_150' title='bbox 1884 2094 2076 2134; x_wconf 88' lang='lat' dir='ltr'><strong>secun-</strong></span> 
     </span>
    </p>
   </div>
   <div class='ocr_carea' id='block_1_22' title="bbox 496 2169 2077 2239">
    <p class='ocr_par' dir='ltr' id='par_1_22' title="bbox 496 2169 2077 2239">
     <span class='ocr_line' id='line_1_22' title="bbox 496 2169 2077 2239; baseline -0.001 -15"><span class='ocrx_word' id='word_1_151' title='bbox 496 2172 623 2225; x_wconf 88' lang='lat' dir='ltr'><strong>dum</strong></span> <span class='ocrx_word' id='word_1_152' title='bbox 652 2185 873 2225; x_wconf 90' lang='lat' dir='ltr'><strong>carnem</strong></span> <span class='ocrx_word' id='word_1_153' title='bbox 908 2171 1146 2239; x_wconf 87' lang='lat' dir='ltr'><strong>suscepit</strong></span> <span class='ocrx_word' id='word_1_154' title='bbox 1174 2169 1333 2224; x_wconf 87' lang='lat' dir='ltr'><strong>ﬁlios.</strong></span> <span class='ocrx_word' id='word_1_155' title='bbox 1383 2169 1535 2224; x_wconf 88' lang='lat' dir='ltr'><strong>Isaac</strong></span> <span class='ocrx_word' id='word_1_156' title='bbox 1562 2169 1708 2224; x_wconf 90' lang='lat' dir='ltr'><strong>enim</strong></span> <span class='ocrx_word' id='word_1_157' title='bbox 1752 2170 2077 2225; x_wconf 85' lang='lat' dir='ltr'><strong>mirabiliter</strong></span> 
     </span>
    </p>
   </div>
   <div class='ocr_carea' id='block_1_23' title="bbox 497 2260 2075 2332">
    <p class='ocr_par' dir='ltr' id='par_1_23' title="bbox 497 2260 2075 2332">
     <span class='ocr_line' id='line_1_23' title="bbox 497 2260 2075 2332; baseline -0.001 -18"><span class='ocrx_word' id='word_1_158' title='bbox 497 2270 657 2315; x_wconf 86' lang='lat' dir='ltr'><strong>natus</strong></span> <span class='ocrx_word' id='word_1_159' title='bbox 694 2269 778 2315; x_wconf 91' lang='lat' dir='ltr'><strong>est</strong></span> <span class='ocrx_word' id='word_1_160' title='bbox 800 2276 899 2332; x_wconf 90' lang='lat' dir='ltr'><strong>per</strong></span> <span class='ocrx_word' id='word_1_161' title='bbox 934 2260 1431 2331; x_wconf 89' lang='lat' dir='ltr'><strong>repromissionem,</strong></span> <span class='ocrx_word' id='word_1_162' title='bbox 1475 2275 1597 2315; x_wconf 87' lang='lat' dir='ltr'><strong>cum</strong></span> <span class='ocrx_word' id='word_1_163' title='bbox 1636 2261 1796 2315; x_wconf 91' lang='lat' dir='ltr'><strong>ambo</strong></span> <span class='ocrx_word' id='word_1_164' title='bbox 1820 2262 2075 2331; x_wconf 86' lang='lat' dir='ltr'><strong>parentes</strong></span> 
     </span>
    </p>
   </div>
   <div class='ocr_carea' id='block_1_24' title="bbox 495 2348 2070 2420">
    <p class='ocr_par' dir='ltr' id='par_1_24' title="bbox 495 2348 2070 2420">
     <span class='ocr_line' id='line_1_24' title="bbox 495 2348 2070 2420; baseline -0.002 -15"><span class='ocrx_word' id='word_1_165' title='bbox 495 2352 819 2406; x_wconf 89' lang='lat' dir='ltr'><strong>senuissent.</strong></span> <span class='ocrx_word' id='word_1_166' title='bbox 883 2351 1034 2417; x_wconf 85' lang='lat' dir='ltr'><strong>Quod</strong></span> <span class='ocrx_word' id='word_1_167' title='bbox 1082 2351 1129 2405; x_wconf 87' lang='lat' dir='ltr'><strong>si</strong></span> <span class='ocrx_word' id='word_1_168' title='bbox 1172 2350 1297 2404; x_wconf 85' lang='lat' dir='ltr'><strong>data</strong></span> <span class='ocrx_word' id='word_1_169' title='bbox 1343 2365 1440 2419; x_wconf 92' lang='lat' dir='ltr'><strong>per</strong></span> <span class='ocrx_word' id='word_1_170' title='bbox 1491 2348 1808 2420; x_wconf 77' lang='lat' dir='ltr'><strong>Apostdlum</strong></span> <span class='ocrx_word' id='word_1_171' title='bbox 1853 2350 2070 2414; x_wconf 89' lang='lat' dir='ltr'><strong>ﬁducia,</strong></span> 
     </span>
    </p>
   </div>
   <div class='ocr_carea' id='block_1_25' title="bbox 494 2439 2077 2509">
    <p class='ocr_par' dir='ltr' id='par_1_25' title="bbox 494 2439 2077 2509">
     <span class='ocr_line' id='line_1_25' title="bbox 494 2439 2077 2509; baseline 0.001 -16"><span class='ocrx_word' id='word_1_172' title='bbox 494 2455 599 2508; x_wconf 90' lang='lat' dir='ltr'><strong>qua</strong></span> <span class='ocrx_word' id='word_1_173' title='bbox 648 2440 785 2494; x_wconf 90' lang='lat' dir='ltr'><strong>duos</strong></span> <span class='ocrx_word' id='word_1_174' title='bbox 826 2439 946 2494; x_wconf 91' lang='lat' dir='ltr'><strong>illos</strong></span> <span class='ocrx_word' id='word_1_175' title='bbox 998 2439 1283 2509; x_wconf 79' lang='lat' dir='ltr'><strong>allegorice</strong></span> <span class='ocrx_word' id='word_1_176' title='bbox 1345 2439 1687 2507; x_wconf 84' lang='lat' dir='ltr'><strong>accipiendos</strong></span> <span class='ocrx_word' id='word_1_177' title='bbox 1733 2439 2077 2509; x_wconf 85' lang='lat' dir='ltr'><strong>apertissime</strong></span> 
     </span>
    </p>
   </div>
   <div class='ocr_carea' id='block_1_26' title="bbox 492 2526 2076 2595">
    <p class='ocr_par' dir='ltr' id='par_1_26' title="bbox 492 2526 2076 2595">
     <span class='ocr_line' id='line_1_26' title="bbox 492 2526 2076 2595; baseline 0.002 -17"><span class='ocrx_word' id='word_1_178' title='bbox 492 2528 750 2592; x_wconf 89' lang='lat' dir='ltr'><strong>ostendit,</strong></span> <span class='ocrx_word' id='word_1_179' title='bbox 780 2526 1011 2581; x_wconf 88' lang='lat' dir='ltr'><strong>voluerit</strong></span> <span class='ocrx_word' id='word_1_180' title='bbox 1038 2526 1233 2595; x_wconf 86' lang='lat' dir='ltr'><strong>aliquis</strong></span> <span class='ocrx_word' id='word_1_181' title='bbox 1255 2527 1419 2581; x_wconf 90' lang='lat' dir='ltr'><strong>etiam</strong></span> <span class='ocrx_word' id='word_1_182' title='bbox 1446 2526 1695 2581; x_wconf 72' lang='lat' dir='ltr'><strong>Cethurae</strong></span> <span class='ocrx_word' id='word_1_183' title='bbox 1721 2526 1861 2582; x_wconf 84' lang='lat' dir='ltr'><strong>ﬁlios</strong></span> <span class='ocrx_word' id='word_1_184' title='bbox 1891 2529 1946 2582; x_wconf 92' lang='lat' dir='ltr'><strong>in</strong></span> <span class='ocrx_word' id='word_1_185' title='bbox 1977 2528 2076 2581; x_wconf 90' lang='lat' dir='ltr'><strong>ali-</strong></span> 
     </span>
    </p>
   </div>
   <div class='ocr_carea' id='block_1_27' title="bbox 490 2616 2072 2689">
    <p class='ocr_par' dir='ltr' id='par_1_27' title="bbox 490 2616 2072 2689">
     <span class='ocr_line' id='line_1_27' title="bbox 490 2616 2072 2689; baseline 0.001 -17"><span class='ocrx_word' id='word_1_186' title='bbox 490 2633 596 2688; x_wconf 91' lang='lat' dir='ltr'><strong>qua</strong></span> <span class='ocrx_word' id='word_1_187' title='bbox 634 2634 819 2675; x_wconf 89' lang='lat' dir='ltr'><strong>rerum</strong></span> <span class='ocrx_word' id='word_1_188' title='bbox 847 2618 1018 2688; x_wconf 86' lang='lat' dir='ltr'><strong>ﬁgura</strong></span> <span class='ocrx_word' id='word_1_189' title='bbox 1058 2616 1364 2672; x_wconf 88' lang='lat' dir='ltr'><strong>futurarum</strong></span> <span class='ocrx_word' id='word_1_190' title='bbox 1402 2618 1671 2686; x_wconf 79' lang='lat' dir='ltr'><strong>inSpicere</strong></span> <span class='ocrx_word' id='word_1_191' title='bbox 1706 2616 1842 2689; x_wconf 88' lang='lat' dir='ltr'><strong>(Non</strong></span> <span class='ocrx_word' id='word_1_192' title='bbox 1870 2616 2072 2673; x_wconf 79' lang='lat' dir='ltr'><strong>frustra</strong></span> 
     </span>
    </p>
   </div>
   <div class='ocr_carea' id='block_1_28' title="bbox 493 2707 2069 2778">
    <p class='ocr_par' dir='ltr' id='par_1_28' title="bbox 493 2707 2069 2778">
     <span class='ocr_line' id='line_1_28' title="bbox 493 2707 2069 2778; baseline -0.001 -14"><span class='ocrx_word' id='word_1_193' title='bbox 493 2712 559 2764; x_wconf 92' lang='lat' dir='ltr'><strong>de</strong></span> <span class='ocrx_word' id='word_1_194' title='bbox 589 2708 789 2763; x_wconf 89' lang='lat' dir='ltr'><strong>talibus</strong></span> <span class='ocrx_word' id='word_1_195' title='bbox 816 2708 1082 2778; x_wconf 89' lang='lat' dir='ltr'><strong>personis,</strong></span> <span class='ocrx_word' id='word_1_196' title='bbox 1112 2708 1581 2763; x_wconf 90' lang='lat' dir='ltr'><strong>administratione</strong></span> <span class='ocrx_word' id='word_1_197' title='bbox 1613 2707 1844 2777; x_wconf 88' lang='lat' dir='ltr'><strong>Spiritus</strong></span> <span class='ocrx_word' id='word_1_198' title='bbox 1875 2709 2069 2774; x_wconf 87' lang='lat' dir='ltr'><strong>sancti,</strong></span> 
     </span>
    </p>
   </div>
   <div class='ocr_carea' id='block_1_29' title="bbox 492 2798 2075 2869">
    <p class='ocr_par' dir='ltr' id='par_1_29' title="bbox 492 2798 2075 2869">
     <span class='ocr_line' id='line_1_29' title="bbox 492 2798 2075 2869; baseline 0.001 -16"><span class='ocrx_word' id='word_1_199' title='bbox 492 2802 607 2854; x_wconf 72' lang='lat' dir='ltr'><strong>tunc</strong></span> <span class='ocrx_word' id='word_1_200' title='bbox 633 2806 785 2869; x_wconf 82' lang='lat' dir='ltr'><strong>gesta</strong></span> <span class='ocrx_word' id='word_1_201' title='bbox 820 2798 1125 2869; x_wconf 88' lang='lat' dir='ltr'><strong>conscripta</strong></span> <span class='ocrx_word' id='word_1_202' title='bbox 1168 2800 1313 2868; x_wconf 90' lang='lat' dir='ltr'><strong>sunt)</strong></span> <span class='ocrx_word' id='word_1_203' title='bbox 1354 2799 1593 2854; x_wconf 88' lang='lat' dir='ltr'><strong>inveniet</strong></span> <span class='ocrx_word' id='word_1_204' title='bbox 1634 2798 1866 2868; x_wconf 78' lang='lat' dir='ltr'><strong>fortasse</strong></span> <span class='ocrx_word' id='word_1_205' title='bbox 1901 2800 2075 2854; x_wconf 72' lang='lat' dir='ltr'><strong>haere-</strong></span> 
     </span>
    </p>
   </div>
   <div class='ocr_carea' id='block_1_30' title="bbox 490 2886 2073 2957">
    <p class='ocr_par' dir='ltr' id='par_1_30' title="bbox 490 2886 2073 2957">
     <span class='ocr_line' id='line_1_30' title="bbox 490 2886 2073 2957; baseline 0 -14"><span class='ocrx_word' id='word_1_206' title='bbox 490 2904 581 2943; x_wconf 91' lang='lat' dir='ltr'><strong>ses</strong></span> <span class='ocrx_word' id='word_1_207' title='bbox 618 2897 674 2942; x_wconf 87' lang='lat' dir='ltr'><strong>et</strong></span> <span class='ocrx_word' id='word_1_208' title='bbox 712 2888 1003 2943; x_wconf 88' lang='lat' dir='ltr'><strong>schismata</strong></span> <span class='ocrx_word' id='word_1_209' title='bbox 1037 2886 1367 2957; x_wconf 89' lang='lat' dir='ltr'><strong>signiﬁcari:</strong></span> <span class='ocrx_word' id='word_1_210' title='bbox 1408 2888 1533 2957; x_wconf 90' lang='lat' dir='ltr'><strong>quia</strong></span> <span class='ocrx_word' id='word_1_211' title='bbox 1591 2889 1629 2941; x_wconf 91' lang='lat' dir='ltr'><strong>ii</strong></span> <span class='ocrx_word' id='word_1_212' title='bbox 1668 2887 1761 2941; x_wconf 81' lang='lat' dir='ltr'><strong>lilii</strong></span> <span class='ocrx_word' id='word_1_213' title='bbox 1794 2887 1862 2941; x_wconf 91' lang='lat' dir='ltr'><strong>de</strong></span> <span class='ocrx_word' id='word_1_214' title='bbox 1901 2887 2073 2943; x_wconf 88' lang='lat' dir='ltr'><strong>libera</strong></span> 
     </span>
    </p>
   </div>
   <div class='ocr_carea' id='block_1_31' title="bbox 491 2979 2072 3049">
    <p class='ocr_par' dir='ltr' id='par_1_31' title="bbox 491 2979 2072 3049">
     <span class='ocr_line' id='line_1_31' title="bbox 491 2979 2072 3049; baseline 0 -16"><span class='ocrx_word' id='word_1_215' title='bbox 491 2979 729 3049; x_wconf 77' lang='lat' dir='ltr'><strong>quidem,</strong></span> <span class='ocrx_word' id='word_1_216' title='bbox 755 2980 895 3034; x_wconf 89' lang='lat' dir='ltr'><strong>sicut</strong></span> <span class='ocrx_word' id='word_1_217' title='bbox 932 2979 1021 3039; x_wconf 88' lang='lat' dir='ltr'><strong>isti</strong></span> <span class='ocrx_word' id='word_1_218' title='bbox 1052 2979 1119 3033; x_wconf 90' lang='lat' dir='ltr'><strong>de</strong></span> <span class='ocrx_word' id='word_1_219' title='bbox 1144 2979 1387 3033; x_wconf 85' lang='lat' dir='ltr'><strong>Ecclesia</strong></span> <span class='ocrx_word' id='word_1_220' title='bbox 1435 2980 1531 3035; x_wconf 89' lang='lat' dir='ltr'><strong>sed</strong></span> <span class='ocrx_word' id='word_1_221' title='bbox 1557 2988 1735 3034; x_wconf 91' lang='lat' dir='ltr'><strong>tamen</strong></span> <span class='ocrx_word' id='word_1_222' title='bbox 1774 2980 2072 3035; x_wconf 88' lang='lat' dir='ltr'><strong>secundum</strong></span> 
     </span>
    </p>
   </div>
   <div class='ocr_carea' id='block_1_32' title="bbox 492 3070 1024 3126">
    <p class='ocr_par' dir='ltr' id='par_1_32' title="bbox 492 3070 1024 3126">
     <span class='ocr_line' id='line_1_32' title="bbox 492 3070 1024 3126; baseline -0.008 -1"><span class='ocrx_word' id='word_1_223' title='bbox 492 3084 714 3125; x_wconf 72' lang='lat' dir='ltr'><strong>carnem</strong></span> <span class='ocrx_word' id='word_1_224' title='bbox 740 3070 853 3126; x_wconf 91' lang='lat' dir='ltr'><strong>nati</strong></span> <span class='ocrx_word' id='word_1_225' title='bbox 881 3078 1024 3125; x_wconf 91' lang='lat' dir='ltr'><strong>sunt.</strong></span> 
     </span>
    </p>
   </div>
   <div class='ocr_carea' id='block_1_33' title="bbox 564 3157 2067 3230">
    <p class='ocr_par' dir='ltr' id='par_1_33' title="bbox 564 3157 2067 3230">
     <span class='ocr_line' id='line_1_33' title="bbox 564 3157 2067 3230; baseline 0.001 -16"><span class='ocrx_word' id='word_1_226' title='bbox 564 3160 667 3214; x_wconf 83' lang='lat' dir='ltr'><strong>Sed</strong></span> <span class='ocrx_word' id='word_1_227' title='bbox 705 3160 793 3230; x_wconf 89' lang='lat' dir='ltr'><strong>qui</strong></span> <span class='ocrx_word' id='word_1_228' title='bbox 834 3160 898 3213; x_wconf 87' lang='lat' dir='ltr'><strong>de</strong></span> <span class='ocrx_word' id='word_1_229' title='bbox 932 3157 1156 3224; x_wconf 81' lang='lat' dir='ltr'><strong>ancilla,</strong></span> <span class='ocrx_word' id='word_1_230' title='bbox 1198 3160 1485 3213; x_wconf 85' lang='lat' dir='ltr'><strong>secundum</strong></span> <span class='ocrx_word' id='word_1_231' title='bbox 1526 3178 1736 3215; x_wconf 82' lang='lat' dir='ltr'><strong>carnem</strong></span> <span class='ocrx_word' id='word_1_232' title='bbox 1774 3171 1927 3216; x_wconf 84' lang='lat' dir='ltr'><strong>natus</strong></span> <span class='ocrx_word' id='word_1_233' title='bbox 1958 3170 2067 3215; x_wconf 85' lang='lat' dir='ltr'><strong>est:</strong></span> 
     </span>
    </p>
   </div>
   <div class='ocr_carea' id='block_1_34' title="bbox 495 3250 2072 3321">
    <p class='ocr_par' dir='ltr' id='par_1_34' title="bbox 495 3250 2072 3321">
     <span class='ocr_line' id='line_1_34' title="bbox 495 3250 2072 3321; baseline 0 -14"><span class='ocrx_word' id='word_1_234' title='bbox 495 3252 601 3318; x_wconf 83' lang='lat' dir='ltr'><strong>Qui</strong></span> <span class='ocrx_word' id='word_1_235' title='bbox 628 3262 803 3306; x_wconf 86' lang='lat' dir='ltr'><strong>autem</strong></span> <span class='ocrx_word' id='word_1_236' title='bbox 828 3250 892 3305; x_wconf 83' lang='lat' dir='ltr'><strong>de</strong></span> <span class='ocrx_word' id='word_1_237' title='bbox 918 3250 1080 3303; x_wconf 88' lang='lat' dir='ltr'><strong>libera</strong></span> <span class='ocrx_word' id='word_1_238' title='bbox 1100 3267 1192 3319; x_wconf 83' lang='lat' dir='ltr'><strong>per</strong></span> <span class='ocrx_word' id='word_1_239' title='bbox 1216 3250 1689 3321; x_wconf 82' lang='lat' dir='ltr'><strong>repromissionem.</strong></span> <span class='ocrx_word' id='word_1_240' title='bbox 1716 3251 1906 3307; x_wconf 72' lang='lat' dir='ltr'><strong>Nimia:</strong></span> <span class='ocrx_word' id='word_1_241' title='bbox 1935 3253 2072 3308; x_wconf 76' lang='lat' dir='ltr'><strong>difﬁ-</strong></span> 
     </span>
    </p>
   </div>
   <div class='ocr_carea' id='block_1_35' title="bbox 490 3340 2069 3411">
    <p class='ocr_par' dir='ltr' id='par_1_35' title="bbox 490 3340 2069 3411">
     <span class='ocr_line' id='line_1_35' title="bbox 490 3340 2069 3411; baseline 0 -13"><span class='ocrx_word' id='word_1_242' title='bbox 490 3342 709 3398; x_wconf 90' lang='lat' dir='ltr'><strong>cultatis</strong></span> <span class='ocrx_word' id='word_1_243' title='bbox 741 3350 825 3396; x_wconf 90' lang='lat' dir='ltr'><strong>est</strong></span> <span class='ocrx_word' id='word_1_244' title='bbox 862 3343 1233 3396; x_wconf 83' lang='lat' dir='ltr'><strong>demonstrare</strong></span> <span class='ocrx_word' id='word_1_245' title='bbox 1269 3340 1419 3395; x_wconf 88' lang='lat' dir='ltr'><strong>Isaac</strong></span> <span class='ocrx_word' id='word_1_246' title='bbox 1457 3349 1685 3407; x_wconf 89' lang='lat' dir='ltr'><strong>tantum,</strong></span> <span class='ocrx_word' id='word_1_247' title='bbox 1716 3344 1805 3411; x_wconf 89' lang='lat' dir='ltr'><strong>qui</strong></span> <span class='ocrx_word' id='word_1_248' title='bbox 1836 3342 1905 3398; x_wconf 90' lang='lat' dir='ltr'><strong>de</strong></span> <span class='ocrx_word' id='word_1_249' title='bbox 1932 3342 2069 3398; x_wconf 87' lang='lat' dir='ltr'><strong>Sara</strong></span> 
     </span>
    </p>
   </div>
   <div class='ocr_carea' id='block_1_36' title="bbox 491 3430 2071 3504">
    <p class='ocr_par' dir='ltr' id='par_1_36' title="bbox 491 3430 2071 3504">
     <span class='ocr_line' id='line_1_36' title="bbox 491 3430 2071 3504; baseline 0.002 -18"><span class='ocrx_word' id='word_1_250' title='bbox 491 3441 649 3487; x_wconf 91' lang='lat' dir='ltr'><strong>natus</strong></span> <span class='ocrx_word' id='word_1_251' title='bbox 688 3440 791 3497; x_wconf 91' lang='lat' dir='ltr'><strong>est,</strong></span> <span class='ocrx_word' id='word_1_252' title='bbox 831 3430 999 3487; x_wconf 90' lang='lat' dir='ltr'><strong>fuisse</strong></span> <span class='ocrx_word' id='word_1_253' title='bbox 1039 3433 1106 3487; x_wconf 93' lang='lat' dir='ltr'><strong>de</strong></span> <span class='ocrx_word' id='word_1_254' title='bbox 1152 3434 1573 3501; x_wconf 86' lang='lat' dir='ltr'><strong>repromissione</strong></span> <span class='ocrx_word' id='word_1_255' title='bbox 1614 3442 1926 3504; x_wconf 88' lang='lat' dir='ltr'><strong>generatum</strong></span> <span class='ocrx_word' id='word_1_256' title='bbox 1960 3453 1973 3490; x_wconf 88' lang='lat'><strong>:</strong></span> <span class='ocrx_word' id='word_1_257' title='bbox 2014 3444 2071 3489; x_wconf 91' lang='lat' dir='ltr'><strong>et</strong></span> 
     </span>
    </p>
   </div>
   <div class='ocr_carea' id='block_1_37' title="bbox 492 3522 2067 3593">
    <p class='ocr_par' dir='ltr' id='par_1_37' title="bbox 492 3522 2067 3593">
     <span class='ocr_line' id='line_1_37' title="bbox 492 3522 2067 3593; baseline 0.002 -17"><span class='ocrx_word' id='word_1_258' title='bbox 492 3540 597 3580; x_wconf 91' lang='lat' dir='ltr'><strong>non</strong></span> <span class='ocrx_word' id='word_1_259' title='bbox 647 3524 810 3577; x_wconf 90' lang='lat' dir='ltr'><strong>etiam</strong></span> <span class='ocrx_word' id='word_1_260' title='bbox 867 3522 1081 3587; x_wconf 89' lang='lat' dir='ltr'><strong>lsmael,</strong></span> <span class='ocrx_word' id='word_1_261' title='bbox 1129 3523 1221 3592; x_wconf 86' lang='lat' dir='ltr'><strong>qui</strong></span> <span class='ocrx_word' id='word_1_262' title='bbox 1265 3522 1331 3577; x_wconf 91' lang='lat' dir='ltr'><strong>de</strong></span> <span class='ocrx_word' id='word_1_263' title='bbox 1376 3522 1520 3593; x_wconf 86' lang='lat' dir='ltr'><strong>Agar</strong></span> <span class='ocrx_word' id='word_1_264' title='bbox 1569 3524 1760 3578; x_wconf 86' lang='lat' dir='ltr'><strong>ancilla</strong></span> <span class='ocrx_word' id='word_1_265' title='bbox 1788 3533 1871 3579; x_wconf 89' lang='lat' dir='ltr'><strong>est</strong></span> <span class='ocrx_word' id='word_1_266' title='bbox 1915 3532 2067 3579; x_wconf 87' lang='lat' dir='ltr'><strong>ortus</strong></span> 
     </span>
    </p>
   </div>
   <div class='ocr_carea' id='block_1_38' title="bbox 493 3611 2068 3684">
    <p class='ocr_par' dir='ltr' id='par_1_38' title="bbox 493 3611 2068 3684">
     <span class='ocr_line' id='line_1_38' title="bbox 493 3611 2068 3684; baseline 0.002 -17"><span class='ocrx_word' id='word_1_267' title='bbox 493 3613 768 3684; x_wconf 64' lang='lat' dir='ltr'><strong>ngyptia.</strong></span> <span class='ocrx_word' id='word_1_268' title='bbox 801 3611 1081 3681; x_wconf 88' lang='lat' dir='ltr'><strong>Scriptura</strong></span> <span class='ocrx_word' id='word_1_269' title='bbox 1107 3612 1303 3681; x_wconf 88' lang='lat' dir='ltr'><strong>quippe</strong></span> <span class='ocrx_word' id='word_1_270' title='bbox 1334 3613 1518 3678; x_wconf 85' lang='lat' dir='ltr'><strong>refert,</strong></span> <span class='ocrx_word' id='word_1_271' title='bbox 1552 3612 1695 3683; x_wconf 92' lang='lat' dir='ltr'><strong>quod</strong></span> <span class='ocrx_word' id='word_1_272' title='bbox 1729 3630 1850 3669; x_wconf 92' lang='lat' dir='ltr'><strong>cum</strong></span> <span class='ocrx_word' id='word_1_273' title='bbox 1883 3629 2068 3683; x_wconf 87' lang='lat' dir='ltr'><strong>perse-</strong></span> 
     </span>
    </p>
   </div>
   <div class='ocr_carea' id='block_1_39' title="bbox 492 3702 2067 3774">
    <p class='ocr_par' dir='ltr' id='par_1_39' title="bbox 492 3702 2067 3774">
     <span class='ocr_line' id='line_1_39' title="bbox 492 3702 2067 3774; baseline 0.001 -17"><span class='ocrx_word' id='word_1_274' title='bbox 492 3713 691 3774; x_wconf 88' lang='lat' dir='ltr'><strong>quente</strong></span> <span class='ocrx_word' id='word_1_275' title='bbox 718 3702 873 3770; x_wconf 90' lang='lat' dir='ltr'><strong>Sara,</strong></span> <span class='ocrx_word' id='word_1_276' title='bbox 901 3703 1045 3773; x_wconf 87' lang='lat' dir='ltr'><strong>Agar</strong></span> <span class='ocrx_word' id='word_1_277' title='bbox 1088 3702 1195 3757; x_wconf 88' lang='lat' dir='ltr'><strong>feta</strong></span> <span class='ocrx_word' id='word_1_278' title='bbox 1236 3702 1479 3773; x_wconf 80' lang='lat' dir='ltr'><strong>fugisset,</strong></span> <span class='ocrx_word' id='word_1_279' title='bbox 1509 3712 1563 3758; x_wconf 89' lang='lat' dir='ltr'><strong>et</strong></span> <span class='ocrx_word' id='word_1_280' title='bbox 1590 3705 1825 3759; x_wconf 87' lang='lat' dir='ltr'><strong>venisset</strong></span> <span class='ocrx_word' id='word_1_281' title='bbox 1850 3706 1917 3759; x_wconf 89' lang='lat' dir='ltr'><strong>ad</strong></span> <span class='ocrx_word' id='word_1_282' title='bbox 1945 3720 2067 3759; x_wconf 90' lang='lat' dir='ltr'><strong>eam</strong></span> 
     </span>
    </p>
   </div>
   <div class='ocr_carea' id='block_1_40' title="bbox 492 3794 2067 3869">
    <p class='ocr_par' dir='ltr' id='par_1_40' title="bbox 492 3794 2067 3869">
     <span class='ocr_line' id='line_1_40' title="bbox 492 3794 2067 3869; baseline -0.001 -16"><span class='ocrx_word' id='word_1_283' title='bbox 492 3798 713 3869; x_wconf 88' lang='lat' dir='ltr'><strong>angelus</strong></span> <span class='ocrx_word' id='word_1_284' title='bbox 751 3798 805 3851; x_wconf 88' lang='lat' dir='ltr'><strong>in</strong></span> <span class='ocrx_word' id='word_1_285' title='bbox 847 3796 1063 3851; x_wconf 87' lang='lat' dir='ltr'><strong>deserto</strong></span> <span class='ocrx_word' id='word_1_286' title='bbox 1082 3837 1096 3861; x_wconf 94' lang='lat'><strong>,</strong></span> <span class='ocrx_word' id='word_1_287' title='bbox 1124 3804 1472 3866; x_wconf 89' lang='lat' dir='ltr'><strong>moneretqne</strong></span> <span class='ocrx_word' id='word_1_288' title='bbox 1506 3805 1565 3850; x_wconf 91' lang='lat' dir='ltr'><strong>ut</strong></span> <span class='ocrx_word' id='word_1_289' title='bbox 1594 3794 1949 3864; x_wconf 87' lang='lat' dir='ltr'><strong>subjiceretur</strong></span> <span class='ocrx_word' id='word_1_290' title='bbox 1972 3795 2067 3851; x_wconf 87' lang='lat' dir='ltr'><strong>do-</strong></span> 
     </span>
    </p>
   </div>
   <div class='ocr_carea' id='block_1_41' title="bbox 493 3887 2064 3959">
    <p class='ocr_par' dir='ltr' id='par_1_41' title="bbox 493 3887 2064 3959">
     <span class='ocr_line' id='line_1_41' title="bbox 493 3887 2064 3959; baseline -0.003 -14"><span class='ocrx_word' id='word_1_291' title='bbox 493 3891 650 3945; x_wconf 65' lang='lat' dir='ltr'><strong>mina:</strong></span> <span class='ocrx_word' id='word_1_292' title='bbox 677 3888 966 3959; x_wconf 84' lang='lat' dir='ltr'><strong>potestati,</strong></span> <span class='ocrx_word' id='word_1_293' title='bbox 997 3888 1137 3943; x_wconf 91' lang='lat' dir='ltr'><strong>idem</strong></span> <span class='ocrx_word' id='word_1_294' title='bbox 1184 3888 1299 3957; x_wconf 91' lang='lat' dir='ltr'><strong>ipse</strong></span> <span class='ocrx_word' id='word_1_295' title='bbox 1327 3887 1547 3957; x_wconf 87' lang='lat' dir='ltr'><strong>angelus</strong></span> <span class='ocrx_word' id='word_1_296' title='bbox 1583 3888 1746 3941; x_wconf 90' lang='lat' dir='ltr'><strong>etiam</strong></span> <span class='ocrx_word' id='word_1_297' title='bbox 1777 3888 1893 3942; x_wconf 73' lang='lat' dir='ltr'><strong>hmc</strong></span> <span class='ocrx_word' id='word_1_298' title='bbox 1919 3888 2064 3943; x_wconf 84' lang='lat' dir='ltr'><strong>locu-</strong></span> 
     </span>
    </p>
   </div>
   <div class='ocr_carea' id='block_1_42' title="bbox 493 3978 2069 4051">
    <p class='ocr_par' dir='ltr' id='par_1_42' title="bbox 493 3978 2069 4051">
     <span class='ocr_line' id='line_1_42' title="bbox 493 3978 2069 4051; baseline -0.004 -14"><span class='ocrx_word' id='word_1_299' title='bbox 493 3993 577 4037; x_wconf 88' lang='lat' dir='ltr'><strong>tus</strong></span> <span class='ocrx_word' id='word_1_300' title='bbox 603 3982 673 4037; x_wconf 88' lang='lat' dir='ltr'><strong>sit</strong></span> <span class='ocrx_word' id='word_1_301' title='bbox 698 4024 708 4034; x_wconf 92' lang='lat'><strong>.</strong></span> <span class='ocrx_word' id='word_1_302' title='bbox 737 3979 1097 4051; x_wconf 74' lang='lat' dir='ltr'><strong>Multiplicans</strong></span> <span class='ocrx_word' id='word_1_303' title='bbox 1125 3978 1482 4047; x_wconf 78' lang='lat' dir='ltr'><strong>multiplicabo</strong></span> <span class='ocrx_word' id='word_1_304' title='bbox 1502 3995 1674 4032; x_wconf 86' lang='lat' dir='ltr'><strong>semen</strong></span> <span class='ocrx_word' id='word_1_305' title='bbox 1700 3988 1869 4042; x_wconf 86' lang='lat' dir='ltr'><strong>tuum,</strong></span> <span class='ocrx_word' id='word_1_306' title='bbox 1896 3986 1944 4031; x_wconf 83' lang='lat' dir='ltr'><strong>et</strong></span> <span class='ocrx_word' id='word_1_307' title='bbox 1966 3994 2069 4031; x_wconf 85' lang='lat' dir='ltr'><strong>non</strong></span> 
     </span>
    </p>
   </div>
   <div class='ocr_carea' id='block_1_43' title="bbox 394 4068 2067 4142">
    <p class='ocr_par' dir='ltr' id='par_1_43' title="bbox 394 4068 2067 4142">
     <span class='ocr_line' id='line_1_43' title="bbox 394 4068 2067 4142; baseline -0.006 -13"><span class='ocrx_word' id='word_1_308' title='bbox 394 4138 395 4141; x_wconf 23' lang='grc' dir='ltr'><strong>η</strong></span> <span class='ocrx_word' id='word_1_309' title='bbox 492 4072 853 4128; x_wconf 78' lang='lat' dir='ltr'><strong>numerabitur</strong></span> <span class='ocrx_word' id='word_1_310' title='bbox 884 4088 992 4142; x_wconf 73' lang='lat' dir='ltr'><strong>pra:</strong></span> <span class='ocrx_word' id='word_1_311' title='bbox 1024 4070 1375 4123; x_wconf 78' lang='lat' dir='ltr'><strong>multitudine.</strong></span> <span class='ocrx_word' id='word_1_312' title='bbox 1422 4069 1489 4121; x_wconf 92' lang='lat' dir='ltr'><strong>Et</strong></span> <span class='ocrx_word' id='word_1_313' title='bbox 1521 4078 1705 4138; x_wconf 91' lang='lat' dir='ltr'><strong>postea</strong></span> <span class='ocrx_word' id='word_1_314' title='bbox 1746 4069 1812 4122; x_wconf 93' lang='lat' dir='ltr'><strong>de</strong></span> <span class='ocrx_word' id='word_1_315' title='bbox 1855 4068 2067 4121; x_wconf 88' lang='lat' dir='ltr'><strong>lsmaeli</strong></span> 
     </span>
    </p>
   </div>
   <div class='ocr_carea' id='block_1_44' title="bbox 493 4156 2087 4236">
    <p class='ocr_par' dir='ltr' id='par_1_44' title="bbox 493 4156 2087 4236">
     <span class='ocr_line' id='line_1_44' title="bbox 493 4156 2087 4236; baseline -0.008 -16"><span class='ocrx_word' id='word_1_316' title='bbox 493 4168 634 4236; x_wconf 71' lang='lat' dir='ltr'><strong>(qua:</strong></span> <span class='ocrx_word' id='word_1_317' title='bbox 684 4165 869 4232; x_wconf 88' lang='lat' dir='ltr'><strong>utique</strong></span> <span class='ocrx_word' id='word_1_318' title='bbox 917 4160 1353 4231; x_wconf 86' lang='lat' dir='ltr'><strong>repromissionis</strong></span> <span class='ocrx_word' id='word_1_319' title='bbox 1390 4158 1556 4213; x_wconf 86' lang='lat' dir='ltr'><strong>verba</strong></span> <span class='ocrx_word' id='word_1_320' title='bbox 1590 4174 1749 4213; x_wconf 90' lang='lat' dir='ltr'><strong>nemo</strong></span> <span class='ocrx_word' id='word_1_321' title='bbox 1774 4156 2087 4227; x_wconf 88' lang='lat' dir='ltr'><strong>dubitaret):</strong></span> 
     </span>
    </p>
   </div>
   <div class='ocr_carea' id='block_1_45' title="bbox 493 4252 2069 4319">
    <p class='ocr_par' dir='ltr' id='par_1_45' title="bbox 493 4252 2069 4319">
     <span class='ocr_line' id='line_1_45' title="bbox 493 4252 2069 4319; baseline -0.006 -7"><span class='ocrx_word' id='word_1_322' title='bbox 493 4260 599 4313; x_wconf 88' lang='lat' dir='ltr'><strong>Iste</strong></span> <span class='ocrx_word' id='word_1_323' title='bbox 622 4258 720 4311; x_wconf 85' lang='lat' dir='ltr'><strong>erit</strong></span> <span class='ocrx_word' id='word_1_324' title='bbox 751 4256 1048 4309; x_wconf 73' lang='lat' dir='ltr'><strong>rusticanus</strong></span> <span class='ocrx_word' id='word_1_325' title='bbox 1074 4254 1227 4306; x_wconf 85' lang='lat' dir='ltr'><strong>homo</strong></span> <span class='ocrx_word' id='word_1_326' title='bbox 1253 4270 1270 4305; x_wconf 88' lang='lat'><strong><em>:</em></strong></span> <span class='ocrx_word' id='word_1_327' title='bbox 1301 4268 1487 4305; x_wconf 84' lang='lat' dir='ltr'><strong>manus</strong></span> <span class='ocrx_word' id='word_1_328' title='bbox 1529 4252 1642 4319; x_wconf 83' lang='lat' dir='ltr'><strong>ejus</strong></span> <span class='ocrx_word' id='word_1_329' title='bbox 1684 4267 1839 4319; x_wconf 85' lang='lat' dir='ltr'><strong>super</strong></span> <span class='ocrx_word' id='word_1_330' title='bbox 1872 4267 2069 4315; x_wconf 85' lang='lat' dir='ltr'><strong>omnes,</strong></span> 
     </span>
    </p>
   </div>
   <div class='ocr_carea' id='block_1_46' title="bbox 492 4342 2071 4415">
    <p class='ocr_par' dir='ltr' id='par_1_46' title="bbox 492 4342 2071 4415">
     <span class='ocr_line' id='line_1_46' title="bbox 492 4342 2071 4415; baseline -0.006 -11"><span class='ocrx_word' id='word_1_331' title='bbox 492 4360 537 4404; x_wconf 86' lang='lat' dir='ltr'><strong>et</strong></span> <span class='ocrx_word' id='word_1_332' title='bbox 566 4365 754 4403; x_wconf 81' lang='lat' dir='ltr'><strong>manus</strong></span> <span class='ocrx_word' id='word_1_333' title='bbox 775 4347 1005 4399; x_wconf 85' lang='lat' dir='ltr'><strong>omnium</strong></span> <span class='ocrx_word' id='word_1_334' title='bbox 1032 4362 1186 4415; x_wconf 86' lang='lat' dir='ltr'><strong>super</strong></span> <span class='ocrx_word' id='word_1_335' title='bbox 1207 4360 1325 4398; x_wconf 91' lang='lat' dir='ltr'><strong>eum</strong></span> <span class='ocrx_word' id='word_1_336' title='bbox 1355 4353 1401 4396; x_wconf 89' lang='lat' dir='ltr'><strong>et</strong></span> <span class='ocrx_word' id='word_1_337' title='bbox 1424 4352 1604 4395; x_wconf 85' lang='lat' dir='ltr'><strong>contra</strong></span> <span class='ocrx_word' id='word_1_338' title='bbox 1630 4342 1817 4410; x_wconf 79' lang='lat' dir='ltr'><strong>faciem</strong></span> <span class='ocrx_word' id='word_1_339' title='bbox 1841 4342 2071 4395; x_wconf 87' lang='lat' dir='ltr'><strong>omnium</strong></span> 
     </span>
    </p>
   </div>
   <div class='ocr_carea' id='block_1_47' title="bbox 490 4434 2149 4513">
    <p class='ocr_par' dir='ltr' id='par_1_47' title="bbox 490 4434 2149 4513">
     <span class='ocr_line' id='line_1_47' title="bbox 490 4434 2149 4513; baseline -0.007 -18"><span class='ocrx_word' id='word_1_340' title='bbox 490 4444 719 4513; x_wconf 77' lang='lat' dir='ltr'><strong>fratrum</strong></span> <span class='ocrx_word' id='word_1_341' title='bbox 762 4455 979 4494; x_wconf 87' lang='lat' dir='ltr'><strong>suorum</strong></span> <span class='ocrx_word' id='word_1_342' title='bbox 1020 4436 1291 4490; x_wconf 83' lang='lat' dir='ltr'><strong>habitabit.</strong></span> <span class='ocrx_word' id='word_1_343' title='bbox 1347 4435 1452 4489; x_wconf 91' lang='lat' dir='ltr'><strong>Sed</strong></span> <span class='ocrx_word' id='word_1_344' title='bbox 1494 4442 1548 4487; x_wconf 90' lang='lat' dir='ltr'><strong>et</strong></span> <span class='ocrx_word' id='word_1_345' title='bbox 1582 4436 1686 4488; x_wconf 89' lang='lat' dir='ltr'><strong>hoc</strong></span> <span class='ocrx_word' id='word_1_346' title='bbox 1720 4434 1823 4488; x_wconf 92' lang='lat' dir='ltr'><strong>dici</strong></span> <span class='ocrx_word' id='word_1_347' title='bbox 1867 4440 2065 4502; x_wconf 87' lang='lat' dir='ltr'><strong>potest,</strong></span> <span class='ocrx_word' id='word_1_348' title='bbox 2093 4450 2149 4510; x_wconf 72' lang='grc' dir='ltr'><strong>ι)</strong></span> 
     </span>
    </p>
   </div>
   <div class='ocr_carea' id='block_1_48' title="bbox 491 4522 2069 4597">
    <p class='ocr_par' dir='ltr' id='par_1_48' title="bbox 491 4522 2069 4597">
     <span class='ocr_line' id='line_1_48' title="bbox 491 4522 2069 4597; baseline -0.004 -16"><span class='ocrx_word' id='word_1_349' title='bbox 491 4530 558 4584; x_wconf 84' lang='lat' dir='ltr'><strong>de</strong></span> <span class='ocrx_word' id='word_1_350' title='bbox 592 4528 816 4585; x_wconf 86' lang='lat' dir='ltr'><strong>lsmaele</strong></span> <span class='ocrx_word' id='word_1_351' title='bbox 855 4535 977 4597; x_wconf 91' lang='lat' dir='ltr'><strong>post</strong></span> <span class='ocrx_word' id='word_1_352' title='bbox 1020 4535 1338 4595; x_wconf 86' lang='lat' dir='ltr'><strong>conceptum</strong></span> <span class='ocrx_word' id='word_1_353' title='bbox 1382 4526 1500 4594; x_wconf 84' lang='lat' dir='ltr'><strong>ejus</strong></span> <span class='ocrx_word' id='word_1_354' title='bbox 1538 4524 1621 4577; x_wconf 88' lang='lat' dir='ltr'><strong>vel</strong></span> <span class='ocrx_word' id='word_1_355' title='bbox 1668 4524 1942 4594; x_wconf 87' lang='lat' dir='ltr'><strong>angelum,</strong></span> <span class='ocrx_word' id='word_1_356' title='bbox 1986 4522 2069 4576; x_wconf 89' lang='lat' dir='ltr'><strong>vel</strong></span> 
     </span>
    </p>
   </div>
   <div class='ocr_carea' id='block_1_49' title="bbox 494 4613 2071 4684">
    <p class='ocr_par' dir='ltr' id='par_1_49' title="bbox 494 4613 2071 4684">
     <span class='ocr_line' id='line_1_49' title="bbox 494 4613 2071 4684; baseline -0.007 -7"><span class='ocrx_word' id='word_1_357' title='bbox 494 4622 664 4677; x_wconf 86' lang='lat' dir='ltr'><strong>Deum</strong></span> <span class='ocrx_word' id='word_1_358' title='bbox 710 4620 967 4675; x_wconf 83' lang='lat' dir='ltr'><strong>locutum.</strong></span> <span class='ocrx_word' id='word_1_359' title='bbox 1019 4617 1095 4670; x_wconf 85' lang='lat' dir='ltr'><strong>De</strong></span> <span class='ocrx_word' id='word_1_360' title='bbox 1132 4615 1283 4670; x_wconf 90' lang='lat' dir='ltr'><strong>Isaac</strong></span> <span class='ocrx_word' id='word_1_361' title='bbox 1319 4630 1448 4669; x_wconf 85' lang='lat' dir='ltr'><strong>vero</strong></span> <span class='ocrx_word' id='word_1_362' title='bbox 1490 4624 1779 4684; x_wconf 85' lang='lat' dir='ltr'><strong>antequam</strong></span> <span class='ocrx_word' id='word_1_363' title='bbox 1826 4615 1880 4667; x_wconf 90' lang='lat' dir='ltr'><strong>iu</strong></span> <span class='ocrx_word' id='word_1_364' title='bbox 1921 4613 2071 4667; x_wconf 58' lang='lat' dir='ltr'><strong>Sara:</strong></span> 
     </span>
    </p>
   </div>
   <div class='ocr_carea' id='block_1_50' title="bbox 494 4705 2064 4781">
    <p class='ocr_par' dir='ltr' id='par_1_50' title="bbox 494 4705 2064 4781">
     <span class='ocr_line' id='line_1_50' title="bbox 494 4705 2064 4781; baseline -0.007 -13"><span class='ocrx_word' id='word_1_365' title='bbox 494 4722 649 4768; x_wconf 88' lang='lat' dir='ltr'><strong>utero</strong></span> <span class='ocrx_word' id='word_1_366' title='bbox 679 4712 1079 4781; x_wconf 87' lang='lat' dir='ltr'><strong>conciperetur,</strong></span> <span class='ocrx_word' id='word_1_367' title='bbox 1110 4709 1280 4763; x_wconf 90' lang='lat' dir='ltr'><strong>Deum</strong></span> <span class='ocrx_word' id='word_1_368' title='bbox 1315 4707 1479 4762; x_wconf 84' lang='lat' dir='ltr'><strong>fuisse</strong></span> <span class='ocrx_word' id='word_1_369' title='bbox 1504 4708 1822 4777; x_wconf 88' lang='lat' dir='ltr'><strong>pollicitum.</strong></span> <span class='ocrx_word' id='word_1_370' title='bbox 1854 4705 2064 4768; x_wconf 90' lang='lat' dir='ltr'><strong>lsmael,</strong></span> 
     </span>
    </p>
   </div>
   <div class='ocr_carea' id='block_1_51' title="bbox 493 4795 2068 4857">
    <p class='ocr_par' dir='ltr' id='par_1_51' title="bbox 493 4795 2068 4857">
     <span class='ocr_line' id='line_1_51' title="bbox 493 4795 2068 4857; baseline -0.007 0"><span class='ocrx_word' id='word_1_371' title='bbox 493 4803 676 4857; x_wconf 87' lang='lat' dir='ltr'><strong>carnis</strong></span> <span class='ocrx_word' id='word_1_372' title='bbox 704 4800 844 4855; x_wconf 91' lang='lat' dir='ltr'><strong>ﬁlius</strong></span> <span class='ocrx_word' id='word_1_373' title='bbox 870 4817 883 4851; x_wconf 90' lang='lat'>:</span> <span class='ocrx_word' id='word_1_374' title='bbox 914 4798 1066 4853; x_wconf 88' lang='lat' dir='ltr'><strong>Isaac</strong></span> <span class='ocrx_word' id='word_1_375' title='bbox 1108 4797 1233 4851; x_wconf 87' lang='lat' dir='ltr'><strong>ﬁdei</strong></span> <span class='ocrx_word' id='word_1_376' title='bbox 1275 4795 1392 4849; x_wconf 88' lang='lat' dir='ltr'><strong>fuit.</strong></span> <span class='ocrx_word' id='word_1_377' title='bbox 1441 4796 1595 4850; x_wconf 87' lang='lat' dir='ltr'><strong>Illum</strong></span> <span class='ocrx_word' id='word_1_378' title='bbox 1625 4797 1769 4850; x_wconf 91' lang='lat' dir='ltr'><strong>enim</strong></span> <span class='ocrx_word' id='word_1_379' title='bbox 1795 4795 2068 4849; x_wconf 81' lang='lat' dir='ltr'><strong>Abraham</strong></span> 
     </span>
    </p>
   </div>
   <div class='ocr_carea' id='block_1_52' title="bbox 494 4885 2070 4955">
    <p class='ocr_par' dir='ltr' id='par_1_52' title="bbox 494 4885 2070 4955">
     <span class='ocr_line' id='line_1_52' title="bbox 494 4885 2070 4955; baseline -0.007 -8"><span class='ocrx_word' id='word_1_380' title='bbox 494 4892 788 4947; x_wconf 86' lang='lat' dir='ltr'><strong>secundum</strong></span> <span class='ocrx_word' id='word_1_381' title='bbox 835 4888 1108 4944; x_wconf 86' lang='lat' dir='ltr'><strong>carnalem</strong></span> <span class='ocrx_word' id='word_1_382' title='bbox 1160 4887 1604 4941; x_wconf 84' lang='lat' dir='ltr'><strong>consuetudinem</strong></span> <span class='ocrx_word' id='word_1_383' title='bbox 1639 4886 1866 4955; x_wconf 88' lang='lat' dir='ltr'><strong>genuit:</strong></span> <span class='ocrx_word' id='word_1_384' title='bbox 1909 4885 2070 4937; x_wconf 91' lang='lat' dir='ltr'><strong>istum</strong></span> 
     </span>
    </p>
   </div>
   <div class='ocr_carea' id='block_1_53' title="bbox 492 4977 2070 5047">
    <p class='ocr_par' dir='ltr' id='par_1_53' title="bbox 492 4977 2070 5047">
     <span class='ocr_line' id='line_1_53' title="bbox 492 4977 2070 5047; baseline -0.006 -10"><span class='ocrx_word' id='word_1_385' title='bbox 492 4990 683 5047; x_wconf 85' lang='lat' dir='ltr'><strong>contra</strong></span> <span class='ocrx_word' id='word_1_386' title='bbox 718 4987 969 5034; x_wconf 89' lang='lat' dir='ltr'><strong>naturam</strong></span> <span class='ocrx_word' id='word_1_387' title='bbox 1010 4978 1268 5042; x_wconf 86' lang='lat' dir='ltr'><strong>senilem,</strong></span> <span class='ocrx_word' id='word_1_388' title='bbox 1306 4992 1403 5046; x_wconf 90' lang='lat' dir='ltr'><strong>per</strong></span> <span class='ocrx_word' id='word_1_389' title='bbox 1436 4977 1913 5047; x_wconf 90' lang='lat' dir='ltr'><strong>repromissionem</strong></span> <span class='ocrx_word' id='word_1_390' title='bbox 1953 4990 2070 5029; x_wconf 88' lang='lat' dir='ltr'><strong>cre-</strong></span> 
     </span>
    </p>
   </div>
   <div class='ocr_carea' id='block_1_54' title="bbox 495 5066 2067 5139">
    <p class='ocr_par' dir='ltr' id='par_1_54' title="bbox 495 5066 2067 5139">
     <span class='ocr_line' id='line_1_54' title="bbox 495 5066 2067 5139; baseline -0.006 -12"><span class='ocrx_word' id='word_1_391' title='bbox 495 5072 668 5127; x_wconf 84' lang='lat' dir='ltr'><strong>dendo</strong></span> <span class='ocrx_word' id='word_1_392' title='bbox 710 5069 965 5139; x_wconf 88' lang='lat' dir='ltr'><strong>suscepit.</strong></span> <span class='ocrx_word' id='word_1_393' title='bbox 1013 5066 1115 5133; x_wconf 85' lang='lat' dir='ltr'><strong>Qui</strong></span> <span class='ocrx_word' id='word_1_394' title='bbox 1159 5074 1284 5122; x_wconf 88' lang='lat' dir='ltr'><strong>sunt</strong></span> <span class='ocrx_word' id='word_1_395' title='bbox 1330 5067 1623 5121; x_wconf 83' lang='lat' dir='ltr'><strong>secundum</strong></span> <span class='ocrx_word' id='word_1_396' title='bbox 1672 5080 1893 5120; x_wconf 89' lang='lat' dir='ltr'><strong>carnem</strong></span> <span class='ocrx_word' id='word_1_397' title='bbox 1932 5066 2067 5127; x_wconf 86' lang='lat' dir='ltr'><strong>nati,</strong></span> 
     </span>
    </p>
   </div>
   <div class='ocr_carea' id='block_1_55' title="bbox 497 5157 2069 5227">
    <p class='ocr_par' dir='ltr' id='par_1_55' title="bbox 497 5157 2069 5227">
     <span class='ocr_line' id='line_1_55' title="bbox 497 5157 2069 5227; baseline -0.006 -8"><span class='ocrx_word' id='word_1_398' title='bbox 497 5163 599 5219; x_wconf 78' lang='lat' dir='ltr'><strong>nisi</strong></span> <span class='ocrx_word' id='word_1_399' title='bbox 625 5161 912 5216; x_wconf 83' lang='lat' dir='ltr'><strong>dilectores</strong></span> <span class='ocrx_word' id='word_1_400' title='bbox 937 5158 1162 5213; x_wconf 89' lang='lat' dir='ltr'><strong>mundi?</strong></span> <span class='ocrx_word' id='word_1_401' title='bbox 1190 5158 1291 5225; x_wconf 85' lang='lat' dir='ltr'><strong>Qui</strong></span> <span class='ocrx_word' id='word_1_402' title='bbox 1320 5166 1444 5212; x_wconf 87' lang='lat' dir='ltr'><strong>sunt</strong></span> <span class='ocrx_word' id='word_1_403' title='bbox 1471 5172 1568 5226; x_wconf 91' lang='lat' dir='ltr'><strong>per</strong></span> <span class='ocrx_word' id='word_1_404' title='bbox 1595 5157 2069 5227; x_wconf 82' lang='lat' dir='ltr'><strong>repromissionem</strong></span> 
     </span>
    </p>
   </div>
   <div class='ocr_carea' id='block_1_56' title="bbox 496 5251 2071 5329">
    <p class='ocr_par' dir='ltr' id='par_1_56' title="bbox 496 5251 2071 5329">
     <span class='ocr_line' id='line_1_56' title="bbox 496 5251 2071 5329; baseline -0.002 -20"><span class='ocrx_word' id='word_1_405' title='bbox 496 5255 627 5318; x_wconf 86' lang='lat' dir='ltr'><strong>uati,</strong></span> <span class='ocrx_word' id='word_1_406' title='bbox 663 5254 768 5307; x_wconf 88' lang='lat' dir='ltr'><strong>nisi</strong></span> <span class='ocrx_word' id='word_1_407' title='bbox 812 5259 1085 5306; x_wconf 85' lang='lat' dir='ltr'><strong>amatores</strong></span> <span class='ocrx_word' id='word_1_408' title='bbox 1128 5251 1279 5321; x_wconf 89' lang='lat' dir='ltr'><strong>regni</strong></span> <span class='ocrx_word' id='word_1_409' title='bbox 1326 5251 1610 5315; x_wconf 67' lang='lat' dir='ltr'><strong>caelorum,</strong></span> <span class='ocrx_word' id='word_1_410' title='bbox 1653 5252 1780 5320; x_wconf 91' lang='lat' dir='ltr'><strong>quia</strong></span> <span class='ocrx_word' id='word_1_411' title='bbox 1830 5258 1885 5306; x_wconf 92' lang='lat' dir='ltr'><strong>et</strong></span> <span class='ocrx_word' id='word_1_412' title='bbox 1936 5252 2071 5329; x_wconf 84' lang='lat' dir='ltr'><strong>ipsis</strong></span> 
     </span>
    </p>
   </div>
   <div class='ocr_carea' id='block_1_57' title="bbox 494 5341 2070 5416">
    <p class='ocr_par' dir='ltr' id='par_1_57' title="bbox 494 5341 2070 5416">
     <span class='ocr_line' id='line_1_57' title="bbox 494 5341 2070 5416; baseline -0.002 -17"><span class='ocrx_word' id='word_1_413' title='bbox 494 5345 819 5416; x_wconf 87' lang='lat' dir='ltr'><strong>promissum</strong></span> <span class='ocrx_word' id='word_1_414' title='bbox 845 5351 950 5407; x_wconf 90' lang='lat' dir='ltr'><strong>est,</strong></span> <span class='ocrx_word' id='word_1_415' title='bbox 982 5341 1350 5396; x_wconf 85' lang='lat' dir='ltr'><strong>desiderantes</strong></span> <span class='ocrx_word' id='word_1_416' title='bbox 1393 5342 1559 5395; x_wconf 90' lang='lat' dir='ltr'><strong>vitam</strong></span> <span class='ocrx_word' id='word_1_417' title='bbox 1592 5350 1870 5407; x_wconf 61' lang='lat' dir='ltr'><strong>aeternam,</strong></span> <span class='ocrx_word' id='word_1_418' title='bbox 1901 5344 2070 5410; x_wconf 78' lang='lat' dir='ltr'><strong>gratis</strong></span> 
     </span>
    </p>
   </div>
   <div class='ocr_carea' id='block_1_58' title="bbox 495 5431 2069 5491">
    <p class='ocr_par' dir='ltr' id='par_1_58' title="bbox 495 5431 2069 5491">
     <span class='ocr_line' id='line_1_58' title="bbox 495 5431 2069 5491; baseline -0.003 -1"><span class='ocrx_word' id='word_1_419' title='bbox 495 5434 732 5491; x_wconf 82' lang='lat' dir='ltr'><strong>colentes</strong></span> <span class='ocrx_word' id='word_1_420' title='bbox 774 5433 980 5487; x_wconf 87' lang='lat' dir='ltr'><strong>Deum?</strong></span> <span class='ocrx_word' id='word_1_421' title='bbox 1029 5431 1182 5486; x_wconf 84' lang='lat' dir='ltr'><strong>Nunc</strong></span> <span class='ocrx_word' id='word_1_422' title='bbox 1234 5431 1447 5484; x_wconf 87' lang='lat' dir='ltr'><strong>interim</strong></span> <span class='ocrx_word' id='word_1_423' title='bbox 1488 5432 1725 5485; x_wconf 88' lang='lat' dir='ltr'><strong>breviter</strong></span> <span class='ocrx_word' id='word_1_424' title='bbox 1763 5433 1829 5487; x_wconf 91' lang='lat' dir='ltr'><strong>ad</strong></span> <span class='ocrx_word' id='word_1_425' title='bbox 1877 5432 2069 5485; x_wconf 88' lang='lat' dir='ltr'><strong>altiora</strong></span> 
     </span>
    </p>
   </div>
   <div class='ocr_carea' id='block_1_59' title="bbox 499 5522 2067 5592">
    <p class='ocr_par' dir='ltr' id='par_1_59' title="bbox 499 5522 2067 5592">
     <span class='ocr_line' id='line_1_59' title="bbox 499 5522 2067 5592; baseline -0.002 -12"><span class='ocrx_word' id='word_1_426' title='bbox 499 5527 821 5582; x_wconf 90' lang='lat' dir='ltr'><strong>tendendum</strong></span> <span class='ocrx_word' id='word_1_427' title='bbox 860 5531 962 5589; x_wconf 91' lang='lat' dir='ltr'><strong>est,</strong></span> <span class='ocrx_word' id='word_1_428' title='bbox 993 5530 1053 5577; x_wconf 91' lang='lat' dir='ltr'><strong>ut</strong></span> <span class='ocrx_word' id='word_1_429' title='bbox 1079 5522 1321 5579; x_wconf 89' lang='lat' dir='ltr'><strong>dicamus</strong></span> <span class='ocrx_word' id='word_1_430' title='bbox 1357 5537 1793 5592; x_wconf 87' lang='lat' dir='ltr'><strong>unumquemque</strong></span> <span class='ocrx_word' id='word_1_431' title='bbox 1824 5532 2067 5579; x_wconf 90' lang='lat' dir='ltr'><strong>nostrum</strong></span> 
     </span>
    </p>
   </div>
   <div class='ocr_carea' id='block_1_60' title="bbox 499 5613 2066 5689">
    <p class='ocr_par' dir='ltr' id='par_1_60' title="bbox 499 5613 2066 5689">
     <span class='ocr_line' id='line_1_60' title="bbox 499 5613 2066 5689; baseline -0.002 -17"><span class='ocrx_word' id='word_1_432' title='bbox 499 5619 731 5689; x_wconf 88' lang='lat' dir='ltr'><strong>primum</strong></span> <span class='ocrx_word' id='word_1_433' title='bbox 783 5632 887 5672; x_wconf 92' lang='lat' dir='ltr'><strong>non</strong></span> <span class='ocrx_word' id='word_1_434' title='bbox 936 5615 1092 5684; x_wconf 83' lang='lat' dir='ltr'><strong>juxta</strong></span> <span class='ocrx_word' id='word_1_435' title='bbox 1139 5613 1609 5684; x_wconf 83' lang='lat' dir='ltr'><strong>repromissionem</strong></span> <span class='ocrx_word' id='word_1_436' title='bbox 1670 5615 1853 5677; x_wconf 88' lang='lat' dir='ltr'><strong>nasci,</strong></span> <span class='ocrx_word' id='word_1_437' title='bbox 1907 5630 2066 5685; x_wconf 91' lang='lat' dir='ltr'><strong>quam</strong></span> 
     </span>
    </p>
   </div>
   <div class='ocr_carea' id='block_1_61' title="bbox 500 5709 2068 5783">
    <p class='ocr_par' dir='ltr' id='par_1_61' title="bbox 500 5709 2068 5783">
     <span class='ocr_line' id='line_1_61' title="bbox 500 5709 2068 5783; baseline -0.003 -17"><span class='ocrx_word' id='word_1_438' title='bbox 500 5715 897 5783; x_wconf 70' lang='lat' dir='ltr'><strong>scripturarum</strong></span> <span class='ocrx_word' id='word_1_439' title='bbox 946 5712 1122 5768; x_wconf 86' lang='lat' dir='ltr'><strong>verbis</strong></span> <span class='ocrx_word' id='word_1_440' title='bbox 1169 5709 1501 5781; x_wconf 71' lang='lat' dir='ltr'><strong>simplicibus</strong></span> <span class='ocrx_word' id='word_1_441' title='bbox 1549 5710 1853 5773; x_wconf 82' lang='lat' dir='ltr'><strong>instruitur,</strong></span> <span class='ocrx_word' id='word_1_442' title='bbox 1894 5709 2068 5761; x_wconf 79' lang='lat' dir='ltr'><strong>adhuc</strong></span> 
     </span>
    </p>
   </div>
   <div class='ocr_carea' id='block_1_62' title="bbox 2100 1776 2147 1834">
    <p class='ocr_par' dir='ltr' id='par_1_62' title="bbox 2100 1776 2147 1834">
     <span class='ocr_line' id='line_1_62' title="bbox 2100 1776 2147 1834; baseline 0 0"><span class='ocrx_word' id='word_1_443' title='bbox 2100 1776 2147 1834; x_wconf 93' lang='lat' dir='ltr'><strong>B</strong></span> 
     </span>
    </p>
   </div>
   <div class='ocr_carea' id='block_1_63' title="bbox 2095 3106 2147 3175">
    <p class='ocr_par' dir='ltr' id='par_1_63' title="bbox 2095 3106 2147 3175">
     <span class='ocr_line' id='line_1_63' title="bbox 2095 3106 2147 3175; baseline 0 -2"><span class='ocrx_word' id='word_1_444' title='bbox 2095 3106 2147 3175; x_wconf 73' lang='grc' dir='ltr'><strong>ο</strong></span> 
     </span>
    </p>
   </div>
   <div class='ocr_carea' id='block_1_64' title="bbox 2185 534 3756 617">
    <p class='ocr_par' dir='ltr' id='par_1_64' title="bbox 2185 534 3756 617">
     <span class='ocr_line' id='line_1_64' title="bbox 2185 534 3756 617; baseline 0.011 -32"><span class='ocrx_word' id='word_1_445' title='bbox 2185 534 2354 587; x_wconf 89' lang='lat' dir='ltr'><strong>miora</strong></span> <span class='ocrx_word' id='word_1_446' title='bbox 2402 538 2816 603; x_wconf 88' lang='lat' dir='ltr'><strong>transcenderit,</strong></span> <span class='ocrx_word' id='word_1_447' title='bbox 2866 548 2923 594; x_wconf 91' lang='lat' dir='ltr'><strong>et</strong></span> <span class='ocrx_word' id='word_1_448' title='bbox 2965 540 3137 611; x_wconf 84' lang='lat' dir='ltr'><strong>legem</strong></span> <span class='ocrx_word' id='word_1_449' title='bbox 3182 542 3513 599; x_wconf 80' lang='lat' dir='ltr'><strong>intellexerit</strong></span> <span class='ocrx_word' id='word_1_450' title='bbox 3555 550 3756 617; x_wconf 76' lang='lat' dir='ltr'><strong>spirita-</strong></span> 
     </span>
    </p>
   </div>
   <div class='ocr_carea' id='block_1_65' title="bbox 2183 621 3761 705">
    <p class='ocr_par' dir='ltr' id='par_1_65' title="bbox 2183 621 3761 705">
     <span class='ocr_line' id='line_1_65' title="bbox 2183 621 3761 705; baseline 0.014 -31"><span class='ocrx_word' id='word_1_451' title='bbox 2183 621 2309 687; x_wconf 91' lang='lat' dir='ltr'><strong>lem,</strong></span> <span class='ocrx_word' id='word_1_452' title='bbox 2358 635 2483 681; x_wconf 92' lang='lat' dir='ltr'><strong>tunc</strong></span> <span class='ocrx_word' id='word_1_453' title='bbox 2532 642 2657 681; x_wconf 90' lang='lat' dir='ltr'><strong>eum</strong></span> <span class='ocrx_word' id='word_1_454' title='bbox 2707 629 2775 685; x_wconf 86' lang='lat' dir='ltr'><strong>de</strong></span> <span class='ocrx_word' id='word_1_455' title='bbox 2824 632 3244 698; x_wconf 82' lang='lat' dir='ltr'><strong>repromissione</strong></span> <span class='ocrx_word' id='word_1_456' title='bbox 3292 638 3591 705; x_wconf 84' lang='lat' dir='ltr'><strong>generari:</strong></span> <span class='ocrx_word' id='word_1_457' title='bbox 3625 648 3679 693; x_wconf 89' lang='lat' dir='ltr'><strong>et</strong></span> <span class='ocrx_word' id='word_1_458' title='bbox 3703 650 3761 696; x_wconf 86' lang='lat' dir='ltr'><strong>ut</strong></span> 
     </span>
    </p>
   </div>
   <div class='ocr_carea' id='block_1_66' title="bbox 2183 713 3758 797">
    <p class='ocr_par' dir='ltr' id='par_1_66' title="bbox 2183 713 3758 797">
     <span class='ocr_line' id='line_1_66' title="bbox 2183 713 3758 797; baseline 0.013 -33"><span class='ocrx_word' id='word_1_459' title='bbox 2183 713 2423 780; x_wconf 90' lang='lat' dir='ltr'><strong>apertius</strong></span> <span class='ocrx_word' id='word_1_460' title='bbox 2472 715 2678 786; x_wconf 87' lang='lat' dir='ltr'><strong>loquar,</strong></span> <span class='ocrx_word' id='word_1_461' title='bbox 2736 720 2977 787; x_wconf 90' lang='lat' dir='ltr'><strong>quotidie</strong></span> <span class='ocrx_word' id='word_1_462' title='bbox 3025 736 3148 787; x_wconf 87' lang='lat' dir='ltr'><strong>eos,</strong></span> <span class='ocrx_word' id='word_1_463' title='bbox 3195 723 3288 791; x_wconf 91' lang='lat' dir='ltr'><strong>qui</strong></span> <span class='ocrx_word' id='word_1_464' title='bbox 3340 722 3550 779; x_wconf 82' lang='lat' dir='ltr'><strong>faciunt</strong></span> <span class='ocrx_word' id='word_1_465' title='bbox 3602 743 3758 797; x_wconf 81' lang='lat' dir='ltr'><strong>opera</strong></span> 
     </span>
    </p>
   </div>
   <div class='ocr_carea' id='block_1_67' title="bbox 2180 801 3758 884">
    <p class='ocr_par' dir='ltr' id='par_1_67' title="bbox 2180 801 3758 884">
     <span class='ocr_line' id='line_1_67' title="bbox 2180 801 3758 884; baseline 0.014 -31"><span class='ocrx_word' id='word_1_466' title='bbox 2180 801 2435 869; x_wconf 68' lang='lat' dir='ltr'><strong>Abrahae,</strong></span> <span class='ocrx_word' id='word_1_467' title='bbox 2463 806 2530 860; x_wconf 92' lang='lat' dir='ltr'><strong>de</strong></span> <span class='ocrx_word' id='word_1_468' title='bbox 2558 807 2827 862; x_wconf 85' lang='lat' dir='ltr'><strong>Abraham</strong></span> <span class='ocrx_word' id='word_1_469' title='bbox 2857 812 3037 865; x_wconf 89' lang='lat' dir='ltr'><strong>nasci:</strong></span> <span class='ocrx_word' id='word_1_470' title='bbox 3069 805 3255 866; x_wconf 87' lang='lat' dir='ltr'><strong>verum</strong></span> <span class='ocrx_word' id='word_1_471' title='bbox 3288 813 3409 869; x_wconf 89' lang='lat' dir='ltr'><strong>illos</strong></span> <span class='ocrx_word' id='word_1_472' title='bbox 3434 818 3529 884; x_wconf 93' lang='lat' dir='ltr'><strong>qui</strong></span> <span class='ocrx_word' id='word_1_473' title='bbox 3562 818 3758 875; x_wconf 81' lang='lat' dir='ltr'><strong>habent</strong></span> 
     </span>
    </p>
   </div>
   <div class='ocr_carea' id='block_1_68' title="bbox 2182 886 3760 980">
    <p class='ocr_par' dir='ltr' id='par_1_68' title="bbox 2182 886 3760 980">
     <span class='ocr_line' id='line_1_68' title="bbox 2182 886 3760 980; baseline 0.013 -36"><span class='ocrx_word' id='word_1_474' title='bbox 2182 886 2430 961; x_wconf 79' lang='lat' dir='ltr'><strong>spiritum</strong></span> <span class='ocrx_word' id='word_1_475' title='bbox 2468 898 2746 954; x_wconf 85' lang='lat' dir='ltr'><strong>servitutis</strong></span> <span class='ocrx_word' id='word_1_476' title='bbox 2784 900 2979 955; x_wconf 90' lang='lat' dir='ltr'><strong>iterum</strong></span> <span class='ocrx_word' id='word_1_477' title='bbox 3013 903 3068 956; x_wconf 90' lang='lat' dir='ltr'><strong>in</strong></span> <span class='ocrx_word' id='word_1_478' title='bbox 3104 903 3318 969; x_wconf 89' lang='lat' dir='ltr'><strong>timore,</strong></span> <span class='ocrx_word' id='word_1_479' title='bbox 3352 920 3418 959; x_wconf 77' lang='lat' dir='ltr'><strong>ex</strong></span> <span class='ocrx_word' id='word_1_480' title='bbox 3450 909 3649 962; x_wconf 88' lang='lat' dir='ltr'><strong>ancilla</strong></span> <span class='ocrx_word' id='word_1_481' title='bbox 3677 926 3760 980; x_wconf 85' lang='lat' dir='ltr'><strong>ge-</strong></span> 
     </span>
    </p>
   </div>
   <div class='ocr_carea' id='block_1_69' title="bbox 2182 983 2669 1055">
    <p class='ocr_par' dir='ltr' id='par_1_69' title="bbox 2182 983 2669 1055">
     <span class='ocr_line' id='line_1_69' title="bbox 2182 983 2669 1055; baseline 0.014 -21"><span class='ocrx_word' id='word_1_482' title='bbox 2182 984 2363 1037; x_wconf 91' lang='lat' dir='ltr'><strong>nerari</strong></span> <span class='ocrx_word' id='word_1_483' title='bbox 2392 983 2669 1055; x_wconf 64' lang='lat' dir='ltr'><strong>Egyptia.</strong></span> 
     </span>
    </p>
   </div>
   <div class='ocr_carea' id='block_1_70' title="bbox 2252 1073 3761 1160">
    <p class='ocr_par' dir='ltr' id='par_1_70' title="bbox 2252 1073 3761 1160">
     <span class='ocr_line' id='line_1_70' title="bbox 2252 1073 3761 1160; baseline 0.015 -35"><span class='ocrx_word' id='word_1_484' title='bbox 2252 1073 2383 1138; x_wconf 79' lang='lat' dir='ltr'><strong>Qua:</strong></span> <span class='ocrx_word' id='word_1_485' title='bbox 2413 1087 2534 1129; x_wconf 84' lang='lat' dir='ltr'><strong>sunt</strong></span> <span class='ocrx_word' id='word_1_486' title='bbox 2568 1096 2661 1148; x_wconf 88' lang='lat' dir='ltr'><strong>per</strong></span> <span class='ocrx_word' id='word_1_487' title='bbox 2687 1078 2991 1150; x_wconf 83' lang='lat' dir='ltr'><strong>allegoriam</strong></span> <span class='ocrx_word' id='word_1_488' title='bbox 3024 1084 3185 1138; x_wconf 83' lang='lat' dir='ltr'><strong>dicta.</strong></span> <span class='ocrx_word' id='word_1_489' title='bbox 3232 1086 3503 1158; x_wconf 87' lang='lat' dir='ltr'><strong>Allegoria</strong></span> <span class='ocrx_word' id='word_1_490' title='bbox 3548 1096 3761 1160; x_wconf 84' lang='lat' dir='ltr'><strong>proprie</strong></span> 
     </span>
    </p>
   </div>
   <div class='ocr_carea' id='block_1_71' title="bbox 2181 1161 3759 1251">
    <p class='ocr_par' dir='ltr' id='par_1_71' title="bbox 2181 1161 3759 1251">
     <span class='ocr_line' id='line_1_71' title="bbox 2181 1161 3759 1251; baseline 0.013 -37"><span class='ocrx_word' id='word_1_491' title='bbox 2181 1161 2247 1215; x_wconf 92' lang='lat' dir='ltr'><strong>de</strong></span> <span class='ocrx_word' id='word_1_492' title='bbox 2282 1171 2398 1217; x_wconf 91' lang='lat' dir='ltr'><strong>arte</strong></span> <span class='ocrx_word' id='word_1_493' title='bbox 2424 1169 2777 1233; x_wconf 85' lang='lat' dir='ltr'><strong>grammatica</strong></span> <span class='ocrx_word' id='word_1_494' title='bbox 2807 1179 2921 1237; x_wconf 91' lang='lat' dir='ltr'><strong>est,</strong></span> <span class='ocrx_word' id='word_1_495' title='bbox 2961 1172 3066 1228; x_wconf 92' lang='lat' dir='ltr'><strong>hoc</strong></span> <span class='ocrx_word' id='word_1_496' title='bbox 3095 1183 3178 1229; x_wconf 84' lang='lat' dir='ltr'><strong>est</strong></span> <span class='ocrx_word' id='word_1_497' title='bbox 3207 1176 3350 1231; x_wconf 88' lang='lat' dir='ltr'><strong>aliud</strong></span> <span class='ocrx_word' id='word_1_498' title='bbox 3397 1194 3462 1232; x_wconf 81' lang='lat' dir='ltr'><strong>ex</strong></span> <span class='ocrx_word' id='word_1_499' title='bbox 3497 1180 3606 1234; x_wconf 90' lang='lat' dir='ltr'><strong>alio</strong></span> <span class='ocrx_word' id='word_1_500' title='bbox 3632 1180 3759 1251; x_wconf 83' lang='lat' dir='ltr'><strong>ﬁgu-</strong></span> 
     </span>
    </p>
   </div>
   <div class='ocr_carea' id='block_1_72' title="bbox 2180 1255 3760 1339">
    <p class='ocr_par' dir='ltr' id='par_1_72' title="bbox 2180 1255 3760 1339">
     <span class='ocr_line' id='line_1_72' title="bbox 2180 1255 3760 1339; baseline 0.011 -33"><span class='ocrx_word' id='word_1_501' title='bbox 2180 1260 2377 1306; x_wconf 88' lang='lat' dir='ltr'><strong>ratum.</strong></span> <span class='ocrx_word' id='word_1_502' title='bbox 2425 1255 2583 1311; x_wconf 89' lang='lat' dir='ltr'><strong>Dedit</strong></span> <span class='ocrx_word' id='word_1_503' title='bbox 2623 1260 2863 1328; x_wconf 88' lang='lat' dir='ltr'><strong>regulam</strong></span> <span class='ocrx_word' id='word_1_504' title='bbox 2891 1260 3182 1331; x_wconf 83' lang='lat' dir='ltr'><strong>Apostolus</strong></span> <span class='ocrx_word' id='word_1_505' title='bbox 3211 1268 3483 1333; x_wconf 88' lang='lat' dir='ltr'><strong>quomodo</strong></span> <span class='ocrx_word' id='word_1_506' title='bbox 3514 1269 3760 1339; x_wconf 82' lang='lat' dir='ltr'><strong>allegori-</strong></span> 
     </span>
    </p>
   </div>
   <div class='ocr_carea' id='block_1_73' title="bbox 2180 1343 3759 1421">
    <p class='ocr_par' dir='ltr' id='par_1_73' title="bbox 2180 1343 3759 1421">
     <span class='ocr_line' id='line_1_73' title="bbox 2180 1343 3759 1421; baseline 0.011 -26"><span class='ocrx_word' id='word_1_507' title='bbox 2180 1358 2306 1396; x_wconf 85' lang='lat' dir='ltr'><strong>zare</strong></span> <span class='ocrx_word' id='word_1_508' title='bbox 2332 1343 2609 1401; x_wconf 90' lang='lat' dir='ltr'><strong>debemus.</strong></span> <span class='ocrx_word' id='word_1_509' title='bbox 2639 1347 2860 1405; x_wconf 86' lang='lat' dir='ltr'><strong>Scilicet</strong></span> <span class='ocrx_word' id='word_1_510' title='bbox 2885 1360 2947 1419; x_wconf 74' lang='lat' dir='ltr'><strong>ut</strong></span> <span class='ocrx_word' id='word_1_511' title='bbox 2970 1362 3223 1408; x_wconf 86' lang='lat' dir='ltr'><strong>manente</strong></span> <span class='ocrx_word' id='word_1_512' title='bbox 3242 1356 3473 1410; x_wconf 85' lang='lat' dir='ltr'><strong>veritate</strong></span> <span class='ocrx_word' id='word_1_513' title='bbox 3496 1357 3759 1421; x_wconf 66' lang='lat' dir='ltr'><strong>historia,</strong></span> 
     </span>
    </p>
   </div>
   <div class='ocr_carea' id='block_1_74' title="bbox 2179 1432 3759 1507">
    <p class='ocr_par' dir='ltr' id='par_1_74' title="bbox 2179 1432 3759 1507">
     <span class='ocr_line' id='line_1_74' title="bbox 2179 1432 3759 1507; baseline 0.011 -22"><span class='ocrx_word' id='word_1_514' title='bbox 2179 1432 2382 1501; x_wconf 89' lang='lat' dir='ltr'><strong>ﬁguras</strong></span> <span class='ocrx_word' id='word_1_515' title='bbox 2426 1435 2809 1507; x_wconf 82' lang='lat' dir='ltr'><strong>intelligamus.</strong></span> <span class='ocrx_word' id='word_1_516' title='bbox 2858 1439 2995 1495; x_wconf 90' lang='lat' dir='ltr'><strong>Nam</strong></span> <span class='ocrx_word' id='word_1_517' title='bbox 3040 1458 3163 1497; x_wconf 90' lang='lat' dir='ltr'><strong>cum</strong></span> <span class='ocrx_word' id='word_1_518' title='bbox 3214 1443 3443 1499; x_wconf 74' lang='lat' dir='ltr'><strong>dixisset</strong></span> <span class='ocrx_word' id='word_1_519' title='bbox 3484 1446 3759 1501; x_wconf 74' lang='lat' dir='ltr'><strong>Abraham</strong></span> 
     </span>
    </p>
   </div>
   <div class='ocr_carea' id='block_1_75' title="bbox 2176 1529 3771 1607">
    <p class='ocr_par' dir='ltr' id='par_1_75' title="bbox 2176 1529 3771 1607">
     <span class='ocr_line' id='line_1_75' title="bbox 2176 1529 3771 1607; baseline 0.008 -27"><span class='ocrx_word' id='word_1_520' title='bbox 2176 1541 2303 1581; x_wconf 90' lang='lat' dir='ltr'><strong>vere</strong></span> <span class='ocrx_word' id='word_1_521' title='bbox 2353 1529 2487 1583; x_wconf 89' lang='lat' dir='ltr'><strong>duas</strong></span> <span class='ocrx_word' id='word_1_522' title='bbox 2532 1545 2732 1586; x_wconf 79' lang='lat' dir='ltr'><strong>uxores</strong></span> <span class='ocrx_word' id='word_1_523' title='bbox 2774 1532 3065 1600; x_wconf 87' lang='lat' dir='ltr'><strong>banuisse,</strong></span> <span class='ocrx_word' id='word_1_524' title='bbox 3102 1544 3292 1603; x_wconf 77' lang='lat' dir='ltr'><strong>postea</strong></span> <span class='ocrx_word' id='word_1_525' title='bbox 3327 1537 3456 1605; x_wconf 90' lang='lat' dir='ltr'><strong>quid</strong></span> <span class='ocrx_word' id='word_1_526' title='bbox 3502 1537 3588 1591; x_wconf 70' lang='lat' dir='ltr'><strong>ha:</strong></span> <span class='ocrx_word' id='word_1_527' title='bbox 3636 1540 3771 1607; x_wconf 37' lang='lat' dir='ltr'><strong>ipsa,</strong></span> 
     </span>
    </p>
   </div>
   <div class='ocr_carea' id='block_1_76' title="bbox 2176 1616 3758 1696">
    <p class='ocr_par' dir='ltr' id='par_1_76' title="bbox 2176 1616 3758 1696">
     <span class='ocr_line' id='line_1_76' title="bbox 2176 1616 3758 1696; baseline 0.007 -26"><span class='ocrx_word' id='word_1_528' title='bbox 2176 1616 2476 1687; x_wconf 87' lang='lat' dir='ltr'><strong>ﬁgurarent</strong></span> <span class='ocrx_word' id='word_1_529' title='bbox 2506 1622 2760 1677; x_wconf 89' lang='lat' dir='ltr'><strong>ostendit.</strong></span> <span class='ocrx_word' id='word_1_530' title='bbox 2802 1623 2869 1676; x_wconf 87' lang='lat' dir='ltr'><strong>Et</strong></span> <span class='ocrx_word' id='word_1_531' title='bbox 2907 1624 3011 1679; x_wconf 91' lang='lat' dir='ltr'><strong>hoc</strong></span> <span class='ocrx_word' id='word_1_532' title='bbox 3050 1625 3227 1693; x_wconf 88' lang='lat' dir='ltr'><strong>ipsum</strong></span> <span class='ocrx_word' id='word_1_533' title='bbox 3266 1625 3419 1690; x_wconf 83' lang='lat' dir='ltr'><strong>facit,</strong></span> <span class='ocrx_word' id='word_1_534' title='bbox 3448 1627 3544 1681; x_wconf 89' lang='lat' dir='ltr'><strong>ubi</strong></span> <span class='ocrx_word' id='word_1_535' title='bbox 3583 1627 3758 1696; x_wconf 82' lang='lat' dir='ltr'><strong>aliqua</strong></span> 
     </span>
    </p>
   </div>
   <div class='ocr_carea' id='block_1_77' title="bbox 2176 1712 3757 1787">
    <p class='ocr_par' dir='ltr' id='par_1_77' title="bbox 2176 1712 3757 1787">
     <span class='ocr_line' id='line_1_77' title="bbox 2176 1712 3757 1787; baseline 0.007 -26"><span class='ocrx_word' id='word_1_536' title='bbox 2176 1717 2487 1763; x_wconf 88' lang='lat' dir='ltr'><strong>sanctorum</strong></span> <span class='ocrx_word' id='word_1_537' title='bbox 2529 1712 2759 1766; x_wconf 88' lang='lat' dir='ltr'><strong>honesta</strong></span> <span class='ocrx_word' id='word_1_538' title='bbox 2802 1712 2945 1768; x_wconf 86' lang='lat' dir='ltr'><strong>facta</strong></span> <span class='ocrx_word' id='word_1_539' title='bbox 2993 1714 3322 1779; x_wconf 86' lang='lat' dir='ltr'><strong>referuntur,</strong></span> <span class='ocrx_word' id='word_1_540' title='bbox 3367 1732 3477 1771; x_wconf 91' lang='lat' dir='ltr'><strong>non</strong></span> <span class='ocrx_word' id='word_1_541' title='bbox 3517 1718 3610 1771; x_wconf 91' lang='lat' dir='ltr'><strong>ubi</strong></span> <span class='ocrx_word' id='word_1_542' title='bbox 3637 1734 3757 1787; x_wconf 82' lang='lat' dir='ltr'><strong>pec-</strong></span> 
     </span>
    </p>
   </div>
   <div class='ocr_carea' id='block_1_78' title="bbox 2177 1800 3757 1877">
    <p class='ocr_par' dir='ltr' id='par_1_78' title="bbox 2177 1800 3757 1877">
     <span class='ocr_line' id='line_1_78' title="bbox 2177 1800 3757 1877; baseline 0.006 -25"><span class='ocrx_word' id='word_1_543' title='bbox 2177 1805 2299 1853; x_wconf 89' lang='lat' dir='ltr'><strong>cata</strong></span> <span class='ocrx_word' id='word_1_544' title='bbox 2321 1800 2670 1857; x_wconf 89' lang='lat' dir='ltr'><strong>damnantur.</strong></span> <span class='ocrx_word' id='word_1_545' title='bbox 2695 1802 2963 1859; x_wconf 71' lang='lat' dir='ltr'><strong>Caeterum</strong></span> <span class='ocrx_word' id='word_1_546' title='bbox 2992 1806 3246 1860; x_wconf 85' lang='lat' dir='ltr'><strong>derelicta</strong></span> <span class='ocrx_word' id='word_1_547' title='bbox 3276 1808 3536 1877; x_wconf 81' lang='lat' dir='ltr'><strong>mysteria</strong></span> <span class='ocrx_word' id='word_1_548' title='bbox 3560 1807 3757 1873; x_wconf 84' lang='lat' dir='ltr'><strong>dicere,</strong></span> 
     </span>
    </p>
   </div>
   <div class='ocr_carea' id='block_1_79' title="bbox 2176 1888 3754 1964">
    <p class='ocr_par' dir='ltr' id='par_1_79' title="bbox 2176 1888 3754 1964">
     <span class='ocr_line' id='line_1_79' title="bbox 2176 1888 3754 1964; baseline 0.005 -20"><span class='ocrx_word' id='word_1_549' title='bbox 2176 1888 2345 1944; x_wconf 89' lang='lat' dir='ltr'><strong>Deum</strong></span> <span class='ocrx_word' id='word_1_550' title='bbox 2373 1898 2468 1944; x_wconf 90' lang='lat' dir='ltr'><strong>aut</strong></span> <span class='ocrx_word' id='word_1_551' title='bbox 2495 1891 2945 1961; x_wconf 85' lang='lat' dir='ltr'><strong>impossibilitatis</strong></span> <span class='ocrx_word' id='word_1_552' title='bbox 2970 1902 3064 1948; x_wconf 89' lang='lat' dir='ltr'><strong>aut</strong></span> <span class='ocrx_word' id='word_1_553' title='bbox 3086 1895 3408 1964; x_wconf 71' lang='lat' dir='ltr'><strong>ignorantia:</strong></span> <span class='ocrx_word' id='word_1_554' title='bbox 3432 1906 3627 1951; x_wconf 85' lang='lat' dir='ltr'><strong>notare</strong></span> <span class='ocrx_word' id='word_1_555' title='bbox 3652 1906 3754 1961; x_wconf 79' lang='lat' dir='ltr'><strong>est,</strong></span> 
     </span>
    </p>
   </div>
   <div class='ocr_carea' id='block_1_80' title="bbox 2176 1978 3758 2055">
    <p class='ocr_par' dir='ltr' id='par_1_80' title="bbox 2176 1978 3758 2055">
     <span class='ocr_line' id='line_1_80' title="bbox 2176 1978 3758 2055; baseline 0.006 -25"><span class='ocrx_word' id='word_1_556' title='bbox 2176 1978 2304 2047; x_wconf 89' lang='lat' dir='ltr'><strong>quia</strong></span> <span class='ocrx_word' id='word_1_557' title='bbox 2345 1986 2437 2032; x_wconf 91' lang='lat' dir='ltr'><strong>aut</strong></span> <span class='ocrx_word' id='word_1_558' title='bbox 2476 1979 2635 2034; x_wconf 89' lang='lat' dir='ltr'><strong>aliter</strong></span> <span class='ocrx_word' id='word_1_559' title='bbox 2673 1991 3015 2037; x_wconf 87' lang='lat' dir='ltr'><strong>sacramenta</strong></span> <span class='ocrx_word' id='word_1_560' title='bbox 3054 1999 3153 2037; x_wconf 90' lang='lat' dir='ltr'><strong>sua</strong></span> <span class='ocrx_word' id='word_1_561' title='bbox 3184 1992 3488 2038; x_wconf 85' lang='lat' dir='ltr'><strong>monstrare</strong></span> <span class='ocrx_word' id='word_1_562' title='bbox 3530 2000 3639 2039; x_wconf 92' lang='lat' dir='ltr'><strong>non</strong></span> <span class='ocrx_word' id='word_1_563' title='bbox 3667 2000 3758 2055; x_wconf 84' lang='lat' dir='ltr'><strong>po-</strong></span> 
     </span>
    </p>
   </div>
   <div class='ocr_carea' id='block_1_81' title="bbox 2177 2068 3759 2146">
    <p class='ocr_par' dir='ltr' id='par_1_81' title="bbox 2177 2068 3759 2146">
     <span class='ocr_line' id='line_1_81' title="bbox 2177 2068 3759 2146; baseline 0.006 -26"><span class='ocrx_word' id='word_1_564' title='bbox 2177 2068 2360 2132; x_wconf 90' lang='lat' dir='ltr'><strong>tuerit,</strong></span> <span class='ocrx_word' id='word_1_565' title='bbox 2408 2076 2503 2123; x_wconf 89' lang='lat' dir='ltr'><strong>aut</strong></span> <span class='ocrx_word' id='word_1_566' title='bbox 2544 2070 2791 2126; x_wconf 90' lang='lat' dir='ltr'><strong>nesciens</strong></span> <span class='ocrx_word' id='word_1_567' title='bbox 2830 2072 2937 2126; x_wconf 91' lang='lat' dir='ltr'><strong>sibi</strong></span> <span class='ocrx_word' id='word_1_568' title='bbox 2984 2074 3316 2138; x_wconf 87' lang='lat' dir='ltr'><strong>necessaria,</strong></span> <span class='ocrx_word' id='word_1_569' title='bbox 3355 2084 3587 2143; x_wconf 83' lang='lat' dir='ltr'><strong>peccata</strong></span> <span class='ocrx_word' id='word_1_570' title='bbox 3631 2092 3759 2146; x_wconf 79' lang='lat' dir='ltr'><strong>quo-</strong></span> 
     </span>
    </p>
   </div>
   <div class='ocr_carea' id='block_1_82' title="bbox 2180 2158 3759 2231">
    <p class='ocr_par' dir='ltr' id='par_1_82' title="bbox 2180 2158 3759 2231">
     <span class='ocr_line' id='line_1_82' title="bbox 2180 2158 3759 2231; baseline 0.006 -20"><span class='ocrx_word' id='word_1_571' title='bbox 2180 2158 2424 2212; x_wconf 88' lang='lat' dir='ltr'><strong>rumdam</strong></span> <span class='ocrx_word' id='word_1_572' title='bbox 2477 2168 2637 2214; x_wconf 87' lang='lat' dir='ltr'><strong>antea</strong></span> <span class='ocrx_word' id='word_1_573' title='bbox 2666 2161 2989 2231; x_wconf 86' lang='lat' dir='ltr'><strong>generaliter</strong></span> <span class='ocrx_word' id='word_1_574' title='bbox 3043 2164 3507 2218; x_wconf 88' lang='lat' dir='ltr'><strong>condemnaverit.</strong></span> <span class='ocrx_word' id='word_1_575' title='bbox 3560 2165 3759 2220; x_wconf 84' lang='lat' dir='ltr'><strong>Deinde</strong></span> 
     </span>
    </p>
   </div>
   <div class='ocr_carea' id='block_1_83' title="bbox 2177 2248 3753 2319">
    <p class='ocr_par' dir='ltr' id='par_1_83' title="bbox 2177 2248 3753 2319">
     <span class='ocr_line' id='line_1_83' title="bbox 2177 2248 3753 2319; baseline 0.006 -18"><span class='ocrx_word' id='word_1_576' title='bbox 2177 2248 2262 2302; x_wconf 85' lang='lat' dir='ltr'><strong>vel</strong></span> <span class='ocrx_word' id='word_1_577' title='bbox 2291 2256 2481 2318; x_wconf 90' lang='lat' dir='ltr'><strong>postea</strong></span> <span class='ocrx_word' id='word_1_578' title='bbox 2515 2264 2578 2303; x_wconf 91' lang='lat' dir='ltr'><strong>ea</strong></span> <span class='ocrx_word' id='word_1_579' title='bbox 2608 2264 2716 2304; x_wconf 91' lang='lat' dir='ltr'><strong>non</strong></span> <span class='ocrx_word' id='word_1_580' title='bbox 2762 2251 3219 2319; x_wconf 88' lang='lat' dir='ltr'><strong>reprehendisset,</strong></span> <span class='ocrx_word' id='word_1_581' title='bbox 3248 2261 3303 2306; x_wconf 90' lang='lat' dir='ltr'><strong>et</strong></span> <span class='ocrx_word' id='word_1_582' title='bbox 3331 2253 3686 2317; x_wconf 81' lang='lat' dir='ltr'><strong>vindicasset,</strong></span> <span class='ocrx_word' id='word_1_583' title='bbox 3714 2255 3753 2309; x_wconf 77' lang='lat' dir='ltr'><strong>si</strong></span> 
     </span>
    </p>
   </div>
   <div class='ocr_carea' id='block_1_84' title="bbox 2176 2337 3757 2411">
    <p class='ocr_par' dir='ltr' id='par_1_84' title="bbox 2176 2337 3757 2411">
     <span class='ocr_line' id='line_1_84' title="bbox 2176 2337 3757 2411; baseline 0.004 -20"><span class='ocrx_word' id='word_1_584' title='bbox 2176 2337 2263 2391; x_wconf 89' lang='lat' dir='ltr'><strong>illa</strong></span> <span class='ocrx_word' id='word_1_585' title='bbox 2294 2348 2517 2411; x_wconf 86' lang='lat' dir='ltr'><strong>propter</strong></span> <span class='ocrx_word' id='word_1_586' title='bbox 2555 2341 2812 2408; x_wconf 85' lang='lat' dir='ltr'><strong>mysteria</strong></span> <span class='ocrx_word' id='word_1_587' title='bbox 2855 2341 3094 2395; x_wconf 86' lang='lat' dir='ltr'><strong>sua-ﬁeri</strong></span> <span class='ocrx_word' id='word_1_588' title='bbox 3126 2342 3241 2411; x_wconf 89' lang='lat' dir='ltr'><strong>ipse</strong></span> <span class='ocrx_word' id='word_1_589' title='bbox 3267 2341 3553 2397; x_wconf 84' lang='lat' dir='ltr'><strong>voluisset.</strong></span> <span class='ocrx_word' id='word_1_590' title='bbox 3612 2342 3757 2399; x_wconf 69' lang='lat' dir='ltr'><strong>Pra-</strong></span> 
     </span>
    </p>
   </div>
   <div class='ocr_carea' id='block_1_85' title="bbox 2177 2429 3757 2503">
    <p class='ocr_par' dir='ltr' id='par_1_85' title="bbox 2177 2429 3757 2503">
     <span class='ocr_line' id='line_1_85' title="bbox 2177 2429 3757 2503; baseline 0.004 -20"><span class='ocrx_word' id='word_1_591' title='bbox 2177 2436 2331 2497; x_wconf 88' lang='lat' dir='ltr'><strong>cepta</strong></span> <span class='ocrx_word' id='word_1_592' title='bbox 2368 2443 2497 2483; x_wconf 89' lang='lat' dir='ltr'><strong>vero</strong></span> <span class='ocrx_word' id='word_1_593' title='bbox 2526 2429 2743 2484; x_wconf 86' lang='lat' dir='ltr'><strong>dilIicile</strong></span> <span class='ocrx_word' id='word_1_594' title='bbox 2774 2431 3017 2485; x_wconf 88' lang='lat' dir='ltr'><strong>invenies</strong></span> <span class='ocrx_word' id='word_1_595' title='bbox 3052 2432 3126 2486; x_wconf 87' lang='lat' dir='ltr'><strong>ita</strong></span> <span class='ocrx_word' id='word_1_596' title='bbox 3158 2434 3537 2503; x_wconf 88' lang='lat' dir='ltr'><strong>interpretata,</strong></span> <span class='ocrx_word' id='word_1_597' title='bbox 3572 2450 3643 2490; x_wconf 91' lang='lat' dir='ltr'><strong>ne</strong></span> <span class='ocrx_word' id='word_1_598' title='bbox 3671 2444 3757 2490; x_wconf 80' lang='lat' dir='ltr'><strong>eo-</strong></span> 
     </span>
    </p>
   </div>
   <div class='ocr_carea' id='block_1_86' title="bbox 2176 2520 3184 2578">
    <p class='ocr_par' dir='ltr' id='par_1_86' title="bbox 2176 2520 3184 2578">
     <span class='ocr_line' id='line_1_86' title="bbox 2176 2520 3184 2578; baseline 0.004 -7"><span class='ocrx_word' id='word_1_599' title='bbox 2176 2533 2297 2577; x_wconf 88' lang='lat' dir='ltr'><strong>rum</strong></span> <span class='ocrx_word' id='word_1_600' title='bbox 2321 2520 2573 2574; x_wconf 89' lang='lat' dir='ltr'><strong>virtutem</strong></span> <span class='ocrx_word' id='word_1_601' title='bbox 2602 2535 2865 2575; x_wconf 90' lang='lat' dir='ltr'><strong>evacuare</strong></span> <span class='ocrx_word' id='word_1_602' title='bbox 2890 2521 3184 2578; x_wconf 76' lang='lat' dir='ltr'><strong>videretur.</strong></span> 
     </span>
    </p>
   </div>
   <div class='ocr_carea' id='block_1_87' title="bbox 2248 2608 3755 2683">
    <p class='ocr_par' dir='ltr' id='par_1_87' title="bbox 2248 2608 3755 2683">
     <span class='ocr_line' id='line_1_87' title="bbox 2248 2608 3755 2683; baseline 0.004 -22"><span class='ocrx_word' id='word_1_603' title='bbox 2248 2608 2380 2662; x_wconf 75' lang='lat' dir='ltr'><strong>Ilwc</strong></span> <span class='ocrx_word' id='word_1_604' title='bbox 2416 2610 2554 2663; x_wconf 86' lang='lat' dir='ltr'><strong>enim</strong></span> <span class='ocrx_word' id='word_1_605' title='bbox 2594 2620 2714 2665; x_wconf 85' lang='lat' dir='ltr'><strong>sunt</strong></span> <span class='ocrx_word' id='word_1_606' title='bbox 2751 2610 2855 2664; x_wconf 88' lang='lat' dir='ltr'><strong>duo</strong></span> <span class='ocrx_word' id='word_1_607' title='bbox 2893 2620 3222 2665; x_wconf 80' lang='lat' dir='ltr'><strong>testamenta.</strong></span> <span class='ocrx_word' id='word_1_608' title='bbox 3255 2610 3668 2683; x_wconf 66' lang='lat' dir='ltr'><strong>Unum&#39;quidem</strong></span> <span class='ocrx_word' id='word_1_609' title='bbox 3705 2616 3755 2667; x_wconf 70' lang='lat' dir='ltr'><strong>in</strong></span> 
     </span>
    </p>
   </div>
   <div class='ocr_carea' id='block_1_88' title="bbox 2175 2701 3752 2779">
    <p class='ocr_par' dir='ltr' id='par_1_88' title="bbox 2175 2701 3752 2779">
     <span class='ocr_line' id='line_1_88' title="bbox 2175 2701 3752 2779; baseline 0.006 -26"><span class='ocrx_word' id='word_1_610' title='bbox 2175 2710 2350 2755; x_wconf 85' lang='lat' dir='ltr'><strong>monte</strong></span> <span class='ocrx_word' id='word_1_611' title='bbox 2378 2701 2533 2766; x_wconf 85' lang='lat' dir='ltr'><strong>Sina,</strong></span> <span class='ocrx_word' id='word_1_612' title='bbox 2579 2702 2634 2755; x_wconf 87' lang='lat' dir='ltr'><strong>in</strong></span> <span class='ocrx_word' id='word_1_613' title='bbox 2664 2704 2963 2764; x_wconf 80' lang='lat' dir='ltr'><strong>seruitutem</strong></span> <span class='ocrx_word' id='word_1_614' title='bbox 3002 2721 3272 2774; x_wconf 80' lang='lat' dir='ltr'><strong>generum,</strong></span> <span class='ocrx_word' id='word_1_615' title='bbox 3322 2724 3442 2777; x_wconf 67' lang='lat' dir='ltr'><strong>qua</strong></span> <span class='ocrx_word' id='word_1_616' title='bbox 3484 2717 3564 2761; x_wconf 78' lang='lat' dir='ltr'><strong>est</strong></span> <span class='ocrx_word' id='word_1_617' title='bbox 3598 2709 3752 2779; x_wconf 72' lang='lat' dir='ltr'><strong>Agar.</strong></span> 
     </span>
    </p>
   </div>
   <div class='ocr_carea' id='block_1_89' title="bbox 2178 2786 3747 2863">
    <p class='ocr_par' dir='ltr' id='par_1_89' title="bbox 2178 2786 3747 2863">
     <span class='ocr_line' id='line_1_89' title="bbox 2178 2786 3747 2863; baseline 0.004 -21"><span class='ocrx_word' id='word_1_618' title='bbox 2178 2786 2309 2843; x_wconf 82' lang='lat' dir='ltr'><strong>Sina</strong></span> <span class='ocrx_word' id='word_1_619' title='bbox 2333 2791 2471 2844; x_wconf 87' lang='lat' dir='ltr'><strong>enim</strong></span> <span class='ocrx_word' id='word_1_620' title='bbox 2494 2808 2639 2845; x_wconf 82' lang='lat' dir='ltr'><strong>mons</strong></span> <span class='ocrx_word' id='word_1_621' title='bbox 2668 2802 2743 2844; x_wconf 84' lang='lat' dir='ltr'><strong>est</strong></span> <span class='ocrx_word' id='word_1_622' title='bbox 2770 2793 2825 2845; x_wconf 86' lang='lat' dir='ltr'><strong>in</strong></span> <span class='ocrx_word' id='word_1_623' title='bbox 2849 2792 3065 2857; x_wconf 81' lang='lat' dir='ltr'><strong>Arabia,</strong></span> <span class='ocrx_word' id='word_1_624' title='bbox 3092 2795 3181 2863; x_wconf 88' lang='lat' dir='ltr'><strong>qui</strong></span> <span class='ocrx_word' id='word_1_625' title='bbox 3206 2796 3567 2850; x_wconf 70' lang='lat' dir='ltr'><strong>conterminus</strong></span> <span class='ocrx_word' id='word_1_626' title='bbox 3588 2806 3662 2849; x_wconf 78' lang='lat' dir='ltr'><strong>est</strong></span> <span class='ocrx_word' id='word_1_627' title='bbox 3688 2800 3747 2861; x_wconf 44' lang='lat' dir='ltr'><strong>ei,</strong></span> 
     </span>
    </p>
   </div>
   <div class='ocr_carea' id='block_1_90' title="bbox 2175 2880 3755 2952">
    <p class='ocr_par' dir='ltr' id='par_1_90' title="bbox 2175 2880 3755 2952">
     <span class='ocr_line' id='line_1_90' title="bbox 2175 2880 3755 2952; baseline 0.006 -20"><span class='ocrx_word' id='word_1_628' title='bbox 2175 2896 2292 2949; x_wconf 73' lang='lat' dir='ltr'><strong>qua:</strong></span> <span class='ocrx_word' id='word_1_629' title='bbox 2318 2896 2455 2933; x_wconf 84' lang='lat' dir='ltr'><strong>nunc</strong></span> <span class='ocrx_word' id='word_1_630' title='bbox 2480 2890 2555 2933; x_wconf 89' lang='lat' dir='ltr'><strong>est</strong></span> <span class='ocrx_word' id='word_1_631' title='bbox 2576 2880 2894 2946; x_wconf 85' lang='lat' dir='ltr'><strong>Jerusalem,</strong></span> <span class='ocrx_word' id='word_1_632' title='bbox 2919 2891 2967 2935; x_wconf 87' lang='lat' dir='ltr'><strong>et</strong></span> <span class='ocrx_word' id='word_1_633' title='bbox 2989 2888 3145 2941; x_wconf 72' lang='lat' dir='ltr'><strong>seni!</strong></span> <span class='ocrx_word' id='word_1_634' title='bbox 3169 2900 3285 2938; x_wconf 82' lang='lat' dir='ltr'><strong>cum</strong></span> <span class='ocrx_word' id='word_1_635' title='bbox 3304 2883 3432 2952; x_wconf 79' lang='lat' dir='ltr'><strong>ﬁliis</strong></span> <span class='ocrx_word' id='word_1_636' title='bbox 3458 2886 3592 2939; x_wconf 87' lang='lat' dir='ltr'><strong>suis.</strong></span> <span class='ocrx_word' id='word_1_637' title='bbox 3620 2885 3755 2941; x_wconf 83' lang='lat' dir='ltr'><strong>Pene</strong></span> 
     </span>
    </p>
   </div>
   <div class='ocr_carea' id='block_1_91' title="bbox 2177 2970 3752 3042">
    <p class='ocr_par' dir='ltr' id='par_1_91' title="bbox 2177 2970 3752 3042">
     <span class='ocr_line' id='line_1_91' title="bbox 2177 2970 3752 3042; baseline 0.004 -19"><span class='ocrx_word' id='word_1_638' title='bbox 2177 2976 2498 3023; x_wconf 88' lang='lat' dir='ltr'><strong>cunctorum</strong></span> <span class='ocrx_word' id='word_1_639' title='bbox 2533 2984 2695 3039; x_wconf 91' lang='lat' dir='ltr'><strong>super</strong></span> <span class='ocrx_word' id='word_1_640' title='bbox 2735 2970 2838 3025; x_wconf 92' lang='lat' dir='ltr'><strong>hoc</strong></span> <span class='ocrx_word' id='word_1_641' title='bbox 2879 2971 2997 3025; x_wconf 89' lang='lat' dir='ltr'><strong>loco</strong></span> <span class='ocrx_word' id='word_1_642' title='bbox 3036 2972 3140 3025; x_wconf 87' lang='lat' dir='ltr'><strong>ista</strong></span> <span class='ocrx_word' id='word_1_643' title='bbox 3187 2981 3271 3026; x_wconf 94' lang='lat' dir='ltr'><strong>est</strong></span> <span class='ocrx_word' id='word_1_644' title='bbox 3312 2972 3652 3042; x_wconf 74' lang='lat' dir='ltr'><strong>explanatio,</strong></span> <span class='ocrx_word' id='word_1_645' title='bbox 3699 2986 3752 3030; x_wconf 92' lang='lat' dir='ltr'><strong>ut</strong></span> 
     </span>
    </p>
   </div>
   <div class='ocr_carea' id='block_1_92' title="bbox 2178 3059 3755 3135">
    <p class='ocr_par' dir='ltr' id='par_1_92' title="bbox 2178 3059 3755 3135">
     <span class='ocr_line' id='line_1_92' title="bbox 2178 3059 3755 3135; baseline 0.006 -24"><span class='ocrx_word' id='word_1_646' title='bbox 2178 3059 2321 3129; x_wconf 83' lang='lat' dir='ltr'><strong>Agar</strong></span> <span class='ocrx_word' id='word_1_647' title='bbox 2355 3059 2605 3114; x_wconf 90' lang='lat' dir='ltr'><strong>ancillam</strong></span> <span class='ocrx_word' id='word_1_648' title='bbox 2645 3060 3078 3130; x_wconf 90' lang='lat' dir='ltr'><strong>interpretentur</strong></span> <span class='ocrx_word' id='word_1_649' title='bbox 3114 3064 3167 3116; x_wconf 88' lang='lat' dir='ltr'><strong>in</strong></span> <span class='ocrx_word' id='word_1_650' title='bbox 3220 3063 3337 3133; x_wconf 90' lang='lat' dir='ltr'><strong>lege</strong></span> <span class='ocrx_word' id='word_1_651' title='bbox 3378 3072 3438 3118; x_wconf 92' lang='lat' dir='ltr'><strong>et</strong></span> <span class='ocrx_word' id='word_1_652' title='bbox 3481 3065 3538 3118; x_wconf 90' lang='lat' dir='ltr'><strong>in</strong></span> <span class='ocrx_word' id='word_1_653' title='bbox 3568 3065 3755 3135; x_wconf 86' lang='lat' dir='ltr'><strong>populo</strong></span> 
     </span>
    </p>
   </div>
   <div class='ocr_carea' id='block_1_93' title="bbox 2175 3146 3757 3225">
    <p class='ocr_par' dir='ltr' id='par_1_93' title="bbox 2175 3146 3757 3225">
     <span class='ocr_line' id='line_1_93' title="bbox 2175 3146 3757 3225; baseline 0.005 -24"><span class='ocrx_word' id='word_1_654' title='bbox 2175 3146 2483 3203; x_wconf 72' lang='lat' dir='ltr'><strong>Judaeorum</strong></span> <span class='ocrx_word' id='word_1_655' title='bbox 2513 3168 2525 3201; x_wconf 92' lang='lat'><strong>:</strong></span> <span class='ocrx_word' id='word_1_656' title='bbox 2566 3148 2757 3204; x_wconf 88' lang='lat' dir='ltr'><strong>Saram</strong></span> <span class='ocrx_word' id='word_1_657' title='bbox 2804 3159 2984 3206; x_wconf 91' lang='lat' dir='ltr'><strong>autem</strong></span> <span class='ocrx_word' id='word_1_658' title='bbox 3019 3151 3244 3206; x_wconf 82' lang='lat' dir='ltr'><strong>liberam</strong></span> <span class='ocrx_word' id='word_1_659' title='bbox 3281 3153 3336 3207; x_wconf 93' lang='lat' dir='ltr'><strong>in</strong></span> <span class='ocrx_word' id='word_1_660' title='bbox 3366 3153 3617 3208; x_wconf 83' lang='lat' dir='ltr'><strong>Ecclesia</strong></span> <span class='ocrx_word' id='word_1_661' title='bbox 3645 3171 3757 3225; x_wconf 64' lang='lat' dir='ltr'><strong>quae</strong></span> 
     </span>
    </p>
   </div>
   <div class='ocr_carea' id='block_1_94' title="bbox 2175 3238 3757 3310">
    <p class='ocr_par' dir='ltr' id='par_1_94' title="bbox 2175 3238 3757 3310">
     <span class='ocr_line' id='line_1_94' title="bbox 2175 3238 3757 3310; baseline 0.003 -18"><span class='ocrx_word' id='word_1_662' title='bbox 2175 3238 2241 3293; x_wconf 92' lang='lat' dir='ltr'><strong>de</strong></span> <span class='ocrx_word' id='word_1_663' title='bbox 2279 3238 2527 3308; x_wconf 88' lang='lat' dir='ltr'><strong>gentibus</strong></span> <span class='ocrx_word' id='word_1_664' title='bbox 2568 3247 2895 3309; x_wconf 81' lang='lat' dir='ltr'><strong>congregata</strong></span> <span class='ocrx_word' id='word_1_665' title='bbox 2934 3249 3038 3304; x_wconf 89' lang='lat' dir='ltr'><strong>est,</strong></span> <span class='ocrx_word' id='word_1_666' title='bbox 3074 3256 3195 3310; x_wconf 76' lang='lat' dir='ltr'><strong>quze</strong></span> <span class='ocrx_word' id='word_1_667' title='bbox 3232 3249 3407 3295; x_wconf 87' lang='lat' dir='ltr'><strong>mater</strong></span> <span class='ocrx_word' id='word_1_668' title='bbox 3447 3253 3757 3298; x_wconf 80' lang='lat' dir='ltr'><strong>sanctorum</strong></span> 
     </span>
    </p>
   </div>
   <div class='ocr_carea' id='block_1_95' title="bbox 2175 3329 3753 3395">
    <p class='ocr_par' dir='ltr' id='par_1_95' title="bbox 2175 3329 3753 3395">
     <span class='ocr_line' id='line_1_95' title="bbox 2175 3329 3753 3395; baseline 0.001 -12"><span class='ocrx_word' id='word_1_669' title='bbox 2175 3330 2266 3395; x_wconf 86' lang='lat' dir='ltr'><strong>sit,</strong></span> <span class='ocrx_word' id='word_1_670' title='bbox 2296 3329 2461 3384; x_wconf 89' lang='lat' dir='ltr'><strong>Paulo</strong></span> <span class='ocrx_word' id='word_1_671' title='bbox 2492 3330 2723 3393; x_wconf 88' lang='lat' dir='ltr'><strong>dicente,</strong></span> <span class='ocrx_word' id='word_1_672' title='bbox 2762 3330 2892 3395; x_wconf 70' lang='lat' dir='ltr'><strong>Quae</strong></span> <span class='ocrx_word' id='word_1_673' title='bbox 2921 3342 2997 3385; x_wconf 87' lang='lat' dir='ltr'><strong>est</strong></span> <span class='ocrx_word' id='word_1_674' title='bbox 3041 3342 3208 3384; x_wconf 85' lang='lat' dir='ltr'><strong>mater</strong></span> <span class='ocrx_word' id='word_1_675' title='bbox 3232 3332 3470 3385; x_wconf 74' lang='lat' dir='ltr'><strong>omnium</strong></span> <span class='ocrx_word' id='word_1_676' title='bbox 3503 3344 3753 3385; x_wconf 71' lang='lat' dir='ltr'><strong>nostrum.</strong></span> 
     </span>
    </p>
   </div>
   <div class='ocr_carea' id='block_1_96' title="bbox 2175 3422 3757 3495">
    <p class='ocr_par' dir='ltr' id='par_1_96' title="bbox 2175 3422 3757 3495">
     <span class='ocr_line' id='line_1_96' title="bbox 2175 3422 3757 3495; baseline 0.001 -18"><span class='ocrx_word' id='word_1_677' title='bbox 2175 3422 2300 3477; x_wconf 69' lang='lat' dir='ltr'><strong>llaec</strong></span> <span class='ocrx_word' id='word_1_678' title='bbox 2329 3423 2420 3475; x_wconf 93' lang='lat' dir='ltr'><strong>diu</strong></span> <span class='ocrx_word' id='word_1_679' title='bbox 2448 3437 2555 3475; x_wconf 88' lang='lat' dir='ltr'><strong>non</strong></span> <span class='ocrx_word' id='word_1_680' title='bbox 2594 3423 2825 3490; x_wconf 89' lang='lat' dir='ltr'><strong>peperit,</strong></span> <span class='ocrx_word' id='word_1_681' title='bbox 2865 3434 3155 3492; x_wconf 86' lang='lat' dir='ltr'><strong>antequam</strong></span> <span class='ocrx_word' id='word_1_682' title='bbox 3182 3424 3433 3478; x_wconf 87' lang='lat' dir='ltr'><strong>Christus</strong></span> <span class='ocrx_word' id='word_1_683' title='bbox 3463 3424 3532 3478; x_wconf 91' lang='lat' dir='ltr'><strong>de</strong></span> <span class='ocrx_word' id='word_1_684' title='bbox 3558 3427 3757 3495; x_wconf 74' lang='lat' dir='ltr'><strong>virgine</strong></span> 
     </span>
    </p>
   </div>
   <div class='ocr_carea' id='block_1_97' title="bbox 2174 3512 3757 3578">
    <p class='ocr_par' dir='ltr' id='par_1_97' title="bbox 2174 3512 3757 3578">
     <span class='ocr_line' id='line_1_97' title="bbox 2174 3512 3757 3578; baseline 0.002 -10"><span class='ocrx_word' id='word_1_685' title='bbox 2174 3523 2489 3568; x_wconf 90' lang='lat' dir='ltr'><strong>nasceretur</strong></span> <span class='ocrx_word' id='word_1_686' title='bbox 2509 3522 2563 3567; x_wconf 91' lang='lat' dir='ltr'><strong>et</strong></span> <span class='ocrx_word' id='word_1_687' title='bbox 2592 3514 2793 3569; x_wconf 88' lang='lat' dir='ltr'><strong>sterilis</strong></span> <span class='ocrx_word' id='word_1_688' title='bbox 2825 3512 2943 3578; x_wconf 83' lang='lat' dir='ltr'><strong>fuit,</strong></span> <span class='ocrx_word' id='word_1_689' title='bbox 2969 3515 3195 3569; x_wconf 89' lang='lat' dir='ltr'><strong>necdum</strong></span> <span class='ocrx_word' id='word_1_690' title='bbox 3226 3516 3369 3569; x_wconf 89' lang='lat' dir='ltr'><strong>risus</strong></span> <span class='ocrx_word' id='word_1_691' title='bbox 3396 3517 3589 3570; x_wconf 88' lang='lat' dir='ltr'><strong>mundi</strong></span> <span class='ocrx_word' id='word_1_692' title='bbox 3615 3516 3757 3571; x_wconf 82' lang='lat' dir='ltr'><strong>Isaae</strong></span> 
     </span>
    </p>
   </div>
   <div class='ocr_carea' id='block_1_98' title="bbox 2172 3603 3755 3676">
    <p class='ocr_par' dir='ltr' id='par_1_98' title="bbox 2172 3603 3755 3676">
     <span class='ocr_line' id='line_1_98' title="bbox 2172 3603 3755 3676; baseline 0.001 -19"><span class='ocrx_word' id='word_1_693' title='bbox 2172 3603 2241 3658; x_wconf 91' lang='lat' dir='ltr'><strong>de</strong></span> <span class='ocrx_word' id='word_1_694' title='bbox 2289 3604 2462 3658; x_wconf 91' lang='lat' dir='ltr'><strong>electo</strong></span> <span class='ocrx_word' id='word_1_695' title='bbox 2509 3612 2663 3672; x_wconf 90' lang='lat' dir='ltr'><strong>patre</strong></span> <span class='ocrx_word' id='word_1_696' title='bbox 2724 3619 2846 3657; x_wconf 91' lang='lat' dir='ltr'><strong>cum</strong></span> <span class='ocrx_word' id='word_1_697' title='bbox 2902 3618 3033 3658; x_wconf 78' lang='lat' dir='ltr'><strong>voce</strong></span> <span class='ocrx_word' id='word_1_698' title='bbox 3084 3605 3393 3660; x_wconf 89' lang='lat' dir='ltr'><strong>sublimium</strong></span> <span class='ocrx_word' id='word_1_699' title='bbox 3448 3607 3755 3676; x_wconf 87' lang='lat' dir='ltr'><strong>dogmatam</strong></span> 
     </span>
    </p>
   </div>
   <div class='ocr_carea' id='block_1_99' title="bbox 2175 3693 3755 3763">
    <p class='ocr_par' dir='ltr' id='par_1_99' title="bbox 2175 3693 3755 3763">
     <span class='ocr_line' id='line_1_99' title="bbox 2175 3693 3755 3763; baseline 0.001 -17"><span class='ocrx_word' id='word_1_700' title='bbox 2175 3694 2388 3763; x_wconf 89' lang='lat' dir='ltr'><strong>agnitus</strong></span> <span class='ocrx_word' id='word_1_701' title='bbox 2412 3700 2549 3746; x_wconf 90' lang='lat' dir='ltr'><strong>erat.</strong></span> <span class='ocrx_word' id='word_1_702' title='bbox 2582 3693 2857 3747; x_wconf 79' lang='lat' dir='ltr'><strong>Resonare</strong></span> <span class='ocrx_word' id='word_1_703' title='bbox 2879 3694 2923 3748; x_wconf 91' lang='lat' dir='ltr'><strong>si</strong></span> <span class='ocrx_word' id='word_1_704' title='bbox 2948 3694 3165 3762; x_wconf 86' lang='lat' dir='ltr'><strong>quidem</strong></span> <span class='ocrx_word' id='word_1_705' title='bbox 3180 3694 3463 3747; x_wconf 78' lang='lat' dir='ltr'><strong>Abraham</strong></span> <span class='ocrx_word' id='word_1_706' title='bbox 3494 3696 3551 3747; x_wconf 91' lang='lat' dir='ltr'><strong>in</strong></span> <span class='ocrx_word' id='word_1_707' title='bbox 3580 3706 3755 3748; x_wconf 78' lang='lat' dir='ltr'><strong>nostra</strong></span> 
     </span>
    </p>
   </div>
   <div class='ocr_carea' id='block_1_100' title="bbox 2172 3782 3754 3853">
    <p class='ocr_par' dir='ltr' id='par_1_100' title="bbox 2172 3782 3754 3853">
     <span class='ocr_line' id='line_1_100' title="bbox 2172 3782 3754 3853; baseline 0.002 -18"><span class='ocrx_word' id='word_1_708' title='bbox 2172 3782 2352 3853; x_wconf 89' lang='lat' dir='ltr'><strong>lingua</strong></span> <span class='ocrx_word' id='word_1_709' title='bbox 2376 3791 2530 3851; x_wconf 88' lang='lat' dir='ltr'><strong>pater</strong></span> <span class='ocrx_word' id='word_1_710' title='bbox 2559 3782 2764 3835; x_wconf 90' lang='lat' dir='ltr'><strong>electus</strong></span> <span class='ocrx_word' id='word_1_711' title='bbox 2793 3798 2914 3836; x_wconf 90' lang='lat' dir='ltr'><strong>cum</strong></span> <span class='ocrx_word' id='word_1_712' title='bbox 2954 3783 3130 3836; x_wconf 91' lang='lat' dir='ltr'><strong>sonitu</strong></span> <span class='ocrx_word' id='word_1_713' title='bbox 3168 3783 3428 3838; x_wconf 81' lang='lat' dir='ltr'><strong>refertur.</strong></span> <span class='ocrx_word' id='word_1_714' title='bbox 3469 3787 3623 3853; x_wconf 86' lang='lat' dir='ltr'><strong>Agar</strong></span> <span class='ocrx_word' id='word_1_715' title='bbox 3660 3800 3754 3838; x_wconf 82' lang='lat' dir='ltr'><strong>au-</strong></span> 
     </span>
    </p>
   </div>
   <div class='ocr_carea' id='block_1_101' title="bbox 2176 3872 3751 3943">
    <p class='ocr_par' dir='ltr' id='par_1_101' title="bbox 2176 3872 3751 3943">
     <span class='ocr_line' id='line_1_101' title="bbox 2176 3872 3751 3943; baseline 0 -17"><span class='ocrx_word' id='word_1_716' title='bbox 2176 3881 2283 3927; x_wconf 91' lang='lat' dir='ltr'><strong>tem</strong></span> <span class='ocrx_word' id='word_1_717' title='bbox 2312 3889 2432 3941; x_wconf 76' lang='lat' dir='ltr'><strong>qua:</strong></span> <span class='ocrx_word' id='word_1_718' title='bbox 2464 3873 2851 3939; x_wconf 88' lang='lat' dir='ltr'><strong>interpretatur</strong></span> <span class='ocrx_word' id='word_1_719' title='bbox 2888 3872 3152 3925; x_wconf 77' lang='lat' dir='ltr'><strong>iaculatus</strong></span> <span class='ocrx_word' id='word_1_720' title='bbox 3172 3912 3186 3937; x_wconf 89' lang='lat'><strong>,</strong></span> <span class='ocrx_word' id='word_1_721' title='bbox 3228 3874 3343 3927; x_wconf 84' lang='lat' dir='ltr'><strong>sive</strong></span> <span class='ocrx_word' id='word_1_722' title='bbox 3368 3874 3751 3943; x_wconf 82' lang='lat' dir='ltr'><strong>peregrinatio,</strong></span> 
     </span>
    </p>
   </div>
   <div class='ocr_carea' id='block_1_102' title="bbox 2174 3961 3755 4032">
    <p class='ocr_par' dir='ltr' id='par_1_102' title="bbox 2174 3961 3755 4032">
     <span class='ocr_line' id='line_1_102' title="bbox 2174 3961 3755 4032; baseline -0.002 -14"><span class='ocrx_word' id='word_1_723' title='bbox 2174 3965 2287 4018; x_wconf 87' lang='lat' dir='ltr'><strong>sive</strong></span> <span class='ocrx_word' id='word_1_724' title='bbox 2335 3977 2504 4026; x_wconf 91' lang='lat' dir='ltr'><strong>mora,</strong></span> <span class='ocrx_word' id='word_1_725' title='bbox 2532 3970 2754 4032; x_wconf 85' lang='lat' dir='ltr'><strong>generat</strong></span> <span class='ocrx_word' id='word_1_726' title='bbox 2801 3961 3113 4026; x_wconf 90' lang='lat' dir='ltr'><strong>lsmaelem,</strong></span> <span class='ocrx_word' id='word_1_727' title='bbox 3160 3963 3251 4031; x_wconf 90' lang='lat' dir='ltr'><strong>qui</strong></span> <span class='ocrx_word' id='word_1_728' title='bbox 3307 3970 3526 4015; x_wconf 87' lang='lat' dir='ltr'><strong>tantum</strong></span> <span class='ocrx_word' id='word_1_729' title='bbox 3577 3962 3755 4016; x_wconf 78' lang='lat' dir='ltr'><strong>audiat</strong></span> 
     </span>
    </p>
   </div>
   <div class='ocr_carea' id='block_1_103' title="bbox 2174 4052 3755 4122">
    <p class='ocr_par' dir='ltr' id='par_1_103' title="bbox 2174 4052 3755 4122">
     <span class='ocr_line' id='line_1_103' title="bbox 2174 4052 3755 4122; baseline 0 -17"><span class='ocrx_word' id='word_1_730' title='bbox 2174 4061 2465 4122; x_wconf 69' lang='lat' dir='ltr'><strong>prtecepta,</strong></span> <span class='ocrx_word' id='word_1_731' title='bbox 2500 4066 2601 4105; x_wconf 85' lang='lat' dir='ltr'><strong>nec</strong></span> <span class='ocrx_word' id='word_1_732' title='bbox 2636 4052 2800 4105; x_wconf 85' lang='lat' dir='ltr'><strong>faciat</strong></span> <span class='ocrx_word' id='word_1_733' title='bbox 2843 4069 2854 4101; x_wconf 90' lang='lat'><strong>:</strong></span> <span class='ocrx_word' id='word_1_734' title='bbox 2897 4052 3169 4105; x_wconf 88' lang='lat' dir='ltr'><strong>hominem</strong></span> <span class='ocrx_word' id='word_1_735' title='bbox 3211 4052 3505 4117; x_wconf 89' lang='lat' dir='ltr'><strong>rusticum,</strong></span> <span class='ocrx_word' id='word_1_736' title='bbox 3548 4056 3755 4122; x_wconf 79' lang='lat' dir='ltr'><strong>sangui-</strong></span> 
     </span>
    </p>
   </div>
   <div class='ocr_carea' id='block_1_104' title="bbox 2174 4142 3755 4211">
    <p class='ocr_par' dir='ltr' id='par_1_104' title="bbox 2174 4142 3755 4211">
     <span class='ocr_line' id='line_1_104' title="bbox 2174 4142 3755 4211; baseline 0 -13"><span class='ocrx_word' id='word_1_737' title='bbox 2174 4144 2407 4207; x_wconf 88' lang='lat' dir='ltr'><strong>narium,</strong></span> <span class='ocrx_word' id='word_1_738' title='bbox 2436 4144 2651 4197; x_wconf 87' lang='lat' dir='ltr'><strong>deserta</strong></span> <span class='ocrx_word' id='word_1_739' title='bbox 2694 4150 3015 4207; x_wconf 90' lang='lat' dir='ltr'><strong>sectantem,</strong></span> <span class='ocrx_word' id='word_1_740' title='bbox 3045 4158 3165 4211; x_wconf 67' lang='lat' dir='ltr'><strong>quas</strong></span> <span class='ocrx_word' id='word_1_741' title='bbox 3192 4143 3468 4196; x_wconf 86' lang='lat' dir='ltr'><strong>universis</strong></span> <span class='ocrx_word' id='word_1_742' title='bbox 3502 4142 3755 4198; x_wconf 77' lang='lat' dir='ltr'><strong>fratribus</strong></span> 
     </span>
    </p>
   </div>
   <div class='ocr_carea' id='block_1_105' title="bbox 2174 4232 3751 4301">
    <p class='ocr_par' dir='ltr' id='par_1_105' title="bbox 2174 4232 3751 4301">
     <span class='ocr_line' id='line_1_105' title="bbox 2174 4232 3751 4301; baseline 0 -13"><span class='ocrx_word' id='word_1_743' title='bbox 2174 4234 2289 4288; x_wconf 89' lang='lat' dir='ltr'><strong>suis</strong></span> <span class='ocrx_word' id='word_1_744' title='bbox 2334 4234 2399 4287; x_wconf 92' lang='lat' dir='ltr'><strong>de</strong></span> <span class='ocrx_word' id='word_1_745' title='bbox 2446 4232 2615 4287; x_wconf 88' lang='lat' dir='ltr'><strong>libera</strong></span> <span class='ocrx_word' id='word_1_746' title='bbox 2664 4233 2966 4301; x_wconf 89' lang='lat' dir='ltr'><strong>procreatis</strong></span> <span class='ocrx_word' id='word_1_747' title='bbox 3016 4232 3269 4285; x_wconf 89' lang='lat' dir='ltr'><strong>inimicus</strong></span> <span class='ocrx_word' id='word_1_748' title='bbox 3315 4232 3409 4296; x_wconf 90' lang='lat' dir='ltr'><strong>sit,</strong></span> <span class='ocrx_word' id='word_1_749' title='bbox 3439 4243 3498 4287; x_wconf 89' lang='lat' dir='ltr'><strong>et</strong></span> <span class='ocrx_word' id='word_1_750' title='bbox 3538 4235 3751 4288; x_wconf 83' lang='lat' dir='ltr'><strong>adversa</strong></span> 
     </span>
    </p>
   </div>
   <div class='ocr_carea' id='block_1_106' title="bbox 2175 4327 3751 4383">
    <p class='ocr_par' dir='ltr' id='par_1_106' title="bbox 2175 4327 3751 4383">
     <span class='ocr_line' id='line_1_106' title="bbox 2175 4327 3751 4383; baseline -0.001 -2"><span class='ocrx_word' id='word_1_751' title='bbox 2175 4328 2265 4381; x_wconf 27' lang='lat' dir='ltr'><strong>eis.</strong></span> <span class='ocrx_word' id='word_1_752' title='bbox 2292 4327 2468 4383; x_wconf 82' lang='lat' dir='ltr'><strong>fronte</strong></span> <span class='ocrx_word' id='word_1_753' title='bbox 2500 4328 2780 4381; x_wconf 89' lang='lat' dir='ltr'><strong>consistat.</strong></span> <span class='ocrx_word' id='word_1_754' title='bbox 2814 4327 2925 4381; x_wconf 89' lang='lat' dir='ltr'><strong>Nec</strong></span> <span class='ocrx_word' id='word_1_755' title='bbox 2954 4328 3153 4382; x_wconf 89' lang='lat' dir='ltr'><strong>mirum</strong></span> <span class='ocrx_word' id='word_1_756' title='bbox 3178 4334 3333 4380; x_wconf 86' lang='lat' dir='ltr'><strong>vetus</strong></span> <span class='ocrx_word' id='word_1_757' title='bbox 3373 4334 3751 4380; x_wconf 81' lang='lat' dir='ltr'><strong>testamentum</strong></span> 
     </span>
    </p>
   </div>
   <div class='ocr_carea' id='block_1_107' title="bbox 2177 4415 3752 4486">
    <p class='ocr_par' dir='ltr' id='par_1_107' title="bbox 2177 4415 3752 4486">
     <span class='ocr_line' id='line_1_107' title="bbox 2177 4415 3752 4486; baseline -0.001 -16"><span class='ocrx_word' id='word_1_758' title='bbox 2177 4419 2319 4485; x_wconf 89' lang='lat' dir='ltr'><strong>quod</strong></span> <span class='ocrx_word' id='word_1_759' title='bbox 2369 4419 2422 4471; x_wconf 92' lang='lat' dir='ltr'><strong>in</strong></span> <span class='ocrx_word' id='word_1_760' title='bbox 2466 4427 2646 4472; x_wconf 89' lang='lat' dir='ltr'><strong>monte</strong></span> <span class='ocrx_word' id='word_1_761' title='bbox 2676 4416 2829 4482; x_wconf 91' lang='lat' dir='ltr'><strong>Sina,</strong></span> <span class='ocrx_word' id='word_1_762' title='bbox 2860 4418 2953 4486; x_wconf 92' lang='lat' dir='ltr'><strong>qui</strong></span> <span class='ocrx_word' id='word_1_763' title='bbox 2994 4426 3078 4469; x_wconf 92' lang='lat' dir='ltr'><strong>est</strong></span> <span class='ocrx_word' id='word_1_764' title='bbox 3112 4416 3168 4469; x_wconf 91' lang='lat' dir='ltr'><strong>in</strong></span> <span class='ocrx_word' id='word_1_765' title='bbox 3190 4416 3412 4479; x_wconf 89' lang='lat' dir='ltr'><strong>Arabia,</strong></span> <span class='ocrx_word' id='word_1_766' title='bbox 3447 4425 3506 4469; x_wconf 88' lang='lat' dir='ltr'><strong>et</strong></span> <span class='ocrx_word' id='word_1_767' title='bbox 3534 4415 3752 4470; x_wconf 88' lang='lat' dir='ltr'><strong>confinis</strong></span> 
     </span>
    </p>
   </div>
   <div class='ocr_carea' id='block_1_108' title="bbox 2174 4506 3751 4577">
    <p class='ocr_par' dir='ltr' id='par_1_108' title="bbox 2174 4506 3751 4577">
     <span class='ocr_line' id='line_1_108' title="bbox 2174 4506 3751 4577; baseline -0.003 -15"><span class='ocrx_word' id='word_1_768' title='bbox 2174 4517 2256 4562; x_wconf 90' lang='lat' dir='ltr'><strong>est</strong></span> <span class='ocrx_word' id='word_1_769' title='bbox 2284 4509 2331 4561; x_wconf 93' lang='lat' dir='ltr'><strong>ei</strong></span> <span class='ocrx_word' id='word_1_770' title='bbox 2363 4523 2479 4577; x_wconf 69' lang='lat' dir='ltr'><strong>qua:</strong></span> <span class='ocrx_word' id='word_1_771' title='bbox 2512 4524 2655 4562; x_wconf 90' lang='lat' dir='ltr'><strong>nunc</strong></span> <span class='ocrx_word' id='word_1_772' title='bbox 2694 4518 2777 4562; x_wconf 90' lang='lat' dir='ltr'><strong>est</strong></span> <span class='ocrx_word' id='word_1_773' title='bbox 2814 4506 3133 4571; x_wconf 83' lang='lat' dir='ltr'><strong>Jerusalem,</strong></span> <span class='ocrx_word' id='word_1_774' title='bbox 3162 4506 3523 4561; x_wconf 88' lang='lat' dir='ltr'><strong>constitutum</strong></span> <span class='ocrx_word' id='word_1_775' title='bbox 3552 4516 3635 4561; x_wconf 90' lang='lat' dir='ltr'><strong>est</strong></span> <span class='ocrx_word' id='word_1_776' title='bbox 3676 4516 3751 4559; x_wconf 82' lang='lat' dir='ltr'><strong>at-</strong></span> 
     </span>
    </p>
   </div>
   <div class='ocr_carea' id='block_1_109' title="bbox 2174 4595 3747 4665">
    <p class='ocr_par' dir='ltr' id='par_1_109' title="bbox 2174 4595 3747 4665">
     <span class='ocr_line' id='line_1_109' title="bbox 2174 4595 3747 4665; baseline -0.001 -16"><span class='ocrx_word' id='word_1_777' title='bbox 2174 4611 2279 4665; x_wconf 91' lang='lat' dir='ltr'><strong>que</strong></span> <span class='ocrx_word' id='word_1_778' title='bbox 2317 4598 2703 4664; x_wconf 88' lang='lat' dir='ltr'><strong>conscriptum,</strong></span> <span class='ocrx_word' id='word_1_779' title='bbox 2738 4612 2843 4650; x_wconf 90' lang='lat' dir='ltr'><strong>non</strong></span> <span class='ocrx_word' id='word_1_780' title='bbox 2882 4610 3004 4651; x_wconf 90' lang='lat' dir='ltr'><strong>esse</strong></span> <span class='ocrx_word' id='word_1_781' title='bbox 3044 4602 3387 4665; x_wconf 90' lang='lat' dir='ltr'><strong>perpetuum,</strong></span> <span class='ocrx_word' id='word_1_782' title='bbox 3421 4610 3549 4649; x_wconf 81' lang='lat' dir='ltr'><strong>cum</strong></span> <span class='ocrx_word' id='word_1_783' title='bbox 3580 4603 3635 4648; x_wconf 87' lang='lat' dir='ltr'><strong>et</strong></span> <span class='ocrx_word' id='word_1_784' title='bbox 3673 4595 3747 4647; x_wconf 56' lang='lat' dir='ltr'><strong>in.</strong></span> 
     </span>
    </p>
   </div>
   <div class='ocr_carea' id='block_1_110' title="bbox 2174 4685 3749 4757">
    <p class='ocr_par' dir='ltr' id='par_1_110' title="bbox 2174 4685 3749 4757">
     <span class='ocr_line' id='line_1_110' title="bbox 2174 4685 3749 4757; baseline -0.003 -14"><span class='ocrx_word' id='word_1_785' title='bbox 2174 4689 2380 4743; x_wconf 83' lang='lat' dir='ltr'><strong>colatus</strong></span> <span class='ocrx_word' id='word_1_786' title='bbox 2413 4704 2440 4741; x_wconf 91' lang='lat' dir='ltr'><strong>a</strong></span> <span class='ocrx_word' id='word_1_787' title='bbox 2473 4697 2726 4757; x_wconf 89' lang='lat' dir='ltr'><strong>perpetua</strong></span> <span class='ocrx_word' id='word_1_788' title='bbox 2754 4688 3096 4756; x_wconf 88' lang='lat' dir='ltr'><strong>possessione</strong></span> <span class='ocrx_word' id='word_1_789' title='bbox 3124 4687 3371 4741; x_wconf 83' lang='lat' dir='ltr'><strong>diversus</strong></span> <span class='ocrx_word' id='word_1_790' title='bbox 3398 4687 3493 4751; x_wconf 88' lang='lat' dir='ltr'><strong>sit,</strong></span> <span class='ocrx_word' id='word_1_791' title='bbox 3527 4696 3581 4741; x_wconf 93' lang='lat' dir='ltr'><strong>et</strong></span> <span class='ocrx_word' id='word_1_792' title='bbox 3608 4685 3749 4741; x_wconf 84' lang='lat' dir='ltr'><strong>Sinai</strong></span> 
     </span>
    </p>
   </div>
   <div class='ocr_carea' id='block_1_111' title="bbox 2174 4774 3748 4844">
    <p class='ocr_par' dir='ltr' id='par_1_111' title="bbox 2174 4774 3748 4844">
     <span class='ocr_line' id='line_1_111' title="bbox 2174 4774 3748 4844; baseline -0.002 -13"><span class='ocrx_word' id='word_1_793' title='bbox 2174 4778 2373 4831; x_wconf 87' lang='lat' dir='ltr'><strong>montis</strong></span> <span class='ocrx_word' id='word_1_794' title='bbox 2410 4793 2605 4830; x_wconf 90' lang='lat' dir='ltr'><strong>nomen</strong></span> <span class='ocrx_word' id='word_1_795' title='bbox 2654 4777 3009 4831; x_wconf 89' lang='lat' dir='ltr'><strong>tentationem</strong></span> <span class='ocrx_word' id='word_1_796' title='bbox 3050 4783 3223 4839; x_wconf 90' lang='lat' dir='ltr'><strong>sonet,</strong></span> <span class='ocrx_word' id='word_1_797' title='bbox 3263 4783 3317 4829; x_wconf 90' lang='lat' dir='ltr'><strong>et</strong></span> <span class='ocrx_word' id='word_1_798' title='bbox 3345 4774 3553 4829; x_wconf 83' lang='lat' dir='ltr'><strong>Arabia</strong></span> <span class='ocrx_word' id='word_1_799' title='bbox 3589 4775 3748 4844; x_wconf 81' lang='lat' dir='ltr'><strong>signi-</strong></span> 
     </span>
    </p>
   </div>
   <div class='ocr_carea' id='block_1_112' title="bbox 2174 4867 2612 4921">
    <p class='ocr_par' dir='ltr' id='par_1_112' title="bbox 2174 4867 2612 4921">
     <span class='ocr_line' id='line_1_112' title="bbox 2174 4867 2612 4921; baseline -0.005 -1"><span class='ocrx_word' id='word_1_800' title='bbox 2174 4867 2300 4921; x_wconf 89' lang='lat' dir='ltr'><strong>ficet</strong></span> <span class='ocrx_word' id='word_1_801' title='bbox 2339 4882 2612 4921; x_wconf 86' lang='lat' dir='ltr'><strong>occasum.</strong></span> 
     </span>
    </p>
   </div>
   <div class='ocr_carea' id='block_1_113' title="bbox 2244 4978 3749 5049">
    <p class='ocr_par' dir='ltr' id='par_1_113' title="bbox 2244 4978 3749 5049">
     <span class='ocr_line' id='line_1_113' title="bbox 2244 4978 3749 5049; baseline -0.003 -16"><span class='ocrx_word' id='word_1_802' title='bbox 2244 4980 2349 5033; x_wconf 90' lang='lat' dir='ltr'><strong>Illa</strong></span> <span class='ocrx_word' id='word_1_803' title='bbox 2380 4989 2577 5043; x_wconf 84' lang='lat' dir='ltr'><strong>autem,</strong></span> <span class='ocrx_word' id='word_1_804' title='bbox 2602 4995 2717 5049; x_wconf 64' lang='lat' dir='ltr'><strong>quae</strong></span> <span class='ocrx_word' id='word_1_805' title='bbox 2747 4995 2954 5032; x_wconf 79' lang='lat' dir='ltr'><strong>sursum</strong></span> <span class='ocrx_word' id='word_1_806' title='bbox 2982 4988 3057 5031; x_wconf 88' lang='lat' dir='ltr'><strong>est</strong></span> <span class='ocrx_word' id='word_1_807' title='bbox 3084 4978 3246 5030; x_wconf 87' lang='lat' dir='ltr'><strong>libera</strong></span> <span class='ocrx_word' id='word_1_808' title='bbox 3268 4984 3365 5040; x_wconf 80' lang='lat' dir='ltr'><strong>est,</strong></span> <span class='ocrx_word' id='word_1_809' title='bbox 3388 4992 3511 5043; x_wconf 65' lang='lat' dir='ltr'><strong>quia</strong></span> <span class='ocrx_word' id='word_1_810' title='bbox 3540 4984 3616 5029; x_wconf 78' lang='lat' dir='ltr'><strong>est</strong></span> <span class='ocrx_word' id='word_1_811' title='bbox 3642 4992 3749 5028; x_wconf 76' lang='lat' dir='ltr'><strong>tu-</strong></span> 
     </span>
    </p>
   </div>
   <div class='ocr_carea' id='block_1_114' title="bbox 2172 5066 3749 5134">
    <p class='ocr_par' dir='ltr' id='par_1_114' title="bbox 2172 5066 3749 5134">
     <span class='ocr_line' id='line_1_114' title="bbox 2172 5066 3749 5134; baseline -0.004 -8"><span class='ocrx_word' id='word_1_812' title='bbox 2172 5081 2250 5126; x_wconf 86' lang='lat' dir='ltr'><strong>ter</strong></span> <span class='ocrx_word' id='word_1_813' title='bbox 2277 5082 2473 5124; x_wconf 80' lang='lat' dir='ltr'><strong>nostra.</strong></span> <span class='ocrx_word' id='word_1_814' title='bbox 2508 5071 2631 5125; x_wconf 88' lang='lat' dir='ltr'><strong>Ideo</strong></span> <span class='ocrx_word' id='word_1_815' title='bbox 2662 5070 2935 5125; x_wconf 80' lang='lat' dir='ltr'><strong>caelestem</strong></span> <span class='ocrx_word' id='word_1_816' title='bbox 2962 5066 3261 5123; x_wconf 83' lang='lat' dir='ltr'><strong>Jerusalem</strong></span> <span class='ocrx_word' id='word_1_817' title='bbox 3290 5067 3427 5120; x_wconf 89' lang='lat' dir='ltr'><strong>Sara</strong></span> <span class='ocrx_word' id='word_1_818' title='bbox 3462 5066 3749 5134; x_wconf 76' lang='lat' dir='ltr'><strong>signiﬁcat.</strong></span> 
     </span>
    </p>
   </div>
   <div class='ocr_carea' id='block_1_115' title="bbox 2173 5158 3750 5237">
    <p class='ocr_par' dir='ltr' id='par_1_115' title="bbox 2173 5158 3750 5237">
     <span class='ocr_line' id='line_1_115' title="bbox 2173 5158 3750 5237; baseline -0.004 -18"><span class='ocrx_word' id='word_1_819' title='bbox 2173 5183 2292 5237; x_wconf 70' lang='lat' dir='ltr'><strong>quae</strong></span> <span class='ocrx_word' id='word_1_820' title='bbox 2319 5168 2409 5221; x_wconf 92' lang='lat' dir='ltr'><strong>diu</strong></span> <span class='ocrx_word' id='word_1_821' title='bbox 2436 5168 2647 5221; x_wconf 90' lang='lat' dir='ltr'><strong>deserta</strong></span> <span class='ocrx_word' id='word_1_822' title='bbox 2672 5172 2755 5219; x_wconf 90' lang='lat' dir='ltr'><strong>est</strong></span> <span class='ocrx_word' id='word_1_823' title='bbox 2794 5181 2823 5217; x_wconf 92' lang='lat' dir='ltr'><strong>a</strong></span> <span class='ocrx_word' id='word_1_824' title='bbox 2868 5163 3154 5218; x_wconf 88' lang='lat' dir='ltr'><strong>concubitu</strong></span> <span class='ocrx_word' id='word_1_825' title='bbox 3191 5161 3297 5215; x_wconf 86' lang='lat' dir='ltr'><strong>viri</strong></span> <span class='ocrx_word' id='word_1_826' title='bbox 3321 5170 3546 5229; x_wconf 87' lang='lat' dir='ltr'><strong>propter</strong></span> <span class='ocrx_word' id='word_1_827' title='bbox 3572 5158 3750 5229; x_wconf 71' lang='lat' dir='ltr'><strong>cogni—</strong></span> 
     </span>
    </p>
   </div>
   <div class='ocr_carea' id='block_1_116' title="bbox 2172 5250 3746 5324">
    <p class='ocr_par' dir='ltr' id='par_1_116' title="bbox 2172 5250 3746 5324">
     <span class='ocr_line' id='line_1_116' title="bbox 2172 5250 3746 5324; baseline -0.005 -13"><span class='ocrx_word' id='word_1_828' title='bbox 2172 5265 2283 5310; x_wconf 87' lang='lat' dir='ltr'><strong>tam</strong></span> <span class='ocrx_word' id='word_1_829' title='bbox 2326 5256 2686 5320; x_wconf 88' lang='lat' dir='ltr'><strong>sterilitatem,</strong></span> <span class='ocrx_word' id='word_1_830' title='bbox 2715 5256 2969 5324; x_wconf 87' lang='lat' dir='ltr'><strong>quoniam</strong></span> <span class='ocrx_word' id='word_1_831' title='bbox 3002 5253 3125 5307; x_wconf 90' lang='lat' dir='ltr'><strong>novi</strong></span> <span class='ocrx_word' id='word_1_832' title='bbox 3161 5252 3472 5306; x_wconf 88' lang='lat' dir='ltr'><strong>testamenti</strong></span> <span class='ocrx_word' id='word_1_833' title='bbox 3503 5250 3746 5321; x_wconf 80' lang='lat' dir='ltr'><strong>populus,</strong></span> 
     </span>
    </p>
   </div>
   <div class='ocr_carea' id='block_1_117' title="bbox 2172 5340 3747 5418">
    <p class='ocr_par' dir='ltr' id='par_1_117' title="bbox 2172 5340 3747 5418">
     <span class='ocr_line' id='line_1_117' title="bbox 2172 5340 3747 5418; baseline -0.006 -15"><span class='ocrx_word' id='word_1_834' title='bbox 2172 5350 2418 5418; x_wconf 85' lang='lat' dir='ltr'><strong>quamvis</strong></span> <span class='ocrx_word' id='word_1_835' title='bbox 2460 5350 2529 5403; x_wconf 90' lang='lat' dir='ltr'><strong>sit</strong></span> <span class='ocrx_word' id='word_1_836' title='bbox 2559 5364 2751 5412; x_wconf 90' lang='lat' dir='ltr'><strong>novus,</strong></span> <span class='ocrx_word' id='word_1_837' title='bbox 2788 5345 3189 5417; x_wconf 65' lang='lat' dir='ltr'><strong>praedestinatio</strong></span> <span class='ocrx_word' id='word_1_838' title='bbox 3229 5351 3410 5397; x_wconf 89' lang='lat' dir='ltr'><strong>tamen</strong></span> <span class='ocrx_word' id='word_1_839' title='bbox 3447 5340 3568 5408; x_wconf 88' lang='lat' dir='ltr'><strong>ejus</strong></span> <span class='ocrx_word' id='word_1_840' title='bbox 3610 5341 3747 5411; x_wconf 83' lang='lat' dir='ltr'><strong>apud</strong></span> 
     </span>
    </p>
   </div>
   <div class='ocr_carea' id='block_1_118' title="bbox 2176 5430 3747 5507">
    <p class='ocr_par' dir='ltr' id='par_1_118' title="bbox 2176 5430 3747 5507">
     <span class='ocr_line' id='line_1_118' title="bbox 2176 5430 3747 5507; baseline -0.005 -14"><span class='ocrx_word' id='word_1_841' title='bbox 2176 5441 2360 5502; x_wconf 88' lang='lat' dir='ltr'><strong>Deum,</strong></span> <span class='ocrx_word' id='word_1_842' title='bbox 2388 5446 2443 5493; x_wconf 85' lang='lat' dir='ltr'><strong>et</strong></span> <span class='ocrx_word' id='word_1_843' title='bbox 2482 5440 2595 5507; x_wconf 88' lang='lat' dir='ltr'><strong>ipsa</strong></span> <span class='ocrx_word' id='word_1_844' title='bbox 2624 5434 2920 5491; x_wconf 88' lang='lat' dir='ltr'><strong>Jerusalem</strong></span> <span class='ocrx_word' id='word_1_845' title='bbox 2950 5435 3185 5490; x_wconf 70' lang='lat' dir='ltr'><strong>caelestis</strong></span> <span class='ocrx_word' id='word_1_846' title='bbox 3213 5434 3433 5501; x_wconf 90' lang='lat' dir='ltr'><strong>antiqua</strong></span> <span class='ocrx_word' id='word_1_847' title='bbox 3462 5440 3564 5485; x_wconf 86' lang='lat' dir='ltr'><strong>est.</strong></span> <span class='ocrx_word' id='word_1_848' title='bbox 3600 5430 3747 5485; x_wconf 76' lang='lat' dir='ltr'><strong>Hanc</strong></span> 
     </span>
    </p>
   </div>
   <div class='ocr_carea' id='block_1_119' title="bbox 2172 5521 3743 5590">
    <p class='ocr_par' dir='ltr' id='par_1_119' title="bbox 2172 5521 3743 5590">
     <span class='ocr_line' id='line_1_119' title="bbox 2172 5521 3743 5590; baseline -0.006 -6"><span class='ocrx_word' id='word_1_849' title='bbox 2172 5540 2443 5584; x_wconf 89' lang='lat' dir='ltr'><strong>terrenam</strong></span> <span class='ocrx_word' id='word_1_850' title='bbox 2468 5527 2765 5583; x_wconf 86' lang='lat' dir='ltr'><strong>Jerusalem</strong></span> <span class='ocrx_word' id='word_1_851' title='bbox 2792 5528 2968 5580; x_wconf 89' lang='lat' dir='ltr'><strong>virum</strong></span> <span class='ocrx_word' id='word_1_852' title='bbox 2996 5525 3193 5579; x_wconf 87' lang='lat' dir='ltr'><strong>habere</strong></span> <span class='ocrx_word' id='word_1_853' title='bbox 3218 5523 3369 5586; x_wconf 88' lang='lat' dir='ltr'><strong>dicit,</strong></span> <span class='ocrx_word' id='word_1_854' title='bbox 3396 5521 3525 5590; x_wconf 85' lang='lat' dir='ltr'><strong>quia</strong></span> <span class='ocrx_word' id='word_1_855' title='bbox 3551 5535 3743 5575; x_wconf 81' lang='lat' dir='ltr'><strong>secun-</strong></span> 
     </span>
    </p>
   </div>
   <div class='ocr_carea' id='block_1_120' title="bbox 2172 5610 3747 5687">
    <p class='ocr_par' dir='ltr' id='par_1_120' title="bbox 2172 5610 3747 5687">
     <span class='ocr_line' id='line_1_120' title="bbox 2172 5610 3747 5687; baseline -0.007 -12"><span class='ocrx_word' id='word_1_856' title='bbox 2172 5622 2294 5675; x_wconf 91' lang='lat' dir='ltr'><strong>dum</strong></span> <span class='ocrx_word' id='word_1_857' title='bbox 2326 5630 2542 5673; x_wconf 73' lang='lat' dir='ltr'><strong>carnem</strong></span> <span class='ocrx_word' id='word_1_858' title='bbox 2585 5625 2826 5687; x_wconf 84' lang='lat' dir='ltr'><strong>generat.</strong></span> <span class='ocrx_word' id='word_1_859' title='bbox 2865 5616 3014 5670; x_wconf 89' lang='lat' dir='ltr'><strong>Illam</strong></span> <span class='ocrx_word' id='word_1_860' title='bbox 3058 5623 3238 5668; x_wconf 85' lang='lat' dir='ltr'><strong>autem</strong></span> <span class='ocrx_word' id='word_1_861' title='bbox 3282 5612 3560 5665; x_wconf 60' lang='lat' dir='ltr'><strong>caelestem</strong></span> <span class='ocrx_word' id='word_1_862' title='bbox 3587 5610 3747 5665; x_wconf 83' lang='lat' dir='ltr'><strong>Jeru-</strong></span> 
     </span>
    </p>
   </div>
   <div class='ocr_carea' id='block_1_121' title="bbox 2171 5700 3745 5777">
    <p class='ocr_par' dir='ltr' id='par_1_121' title="bbox 2171 5700 3745 5777">
     <span class='ocr_line' id='line_1_121' title="bbox 2171 5700 3745 5777; baseline -0.008 -14"><span class='ocrx_word' id='word_1_863' title='bbox 2171 5708 2362 5774; x_wconf 71' lang='lat' dir='ltr'><strong>salem,</strong></span> <span class='ocrx_word' id='word_1_864' title='bbox 2402 5724 2558 5777; x_wconf 80' lang='lat' dir='ltr'><strong>quam</strong></span> <span class='ocrx_word' id='word_1_865' title='bbox 2596 5706 2723 5759; x_wconf 70' lang='lat' dir='ltr'><strong>dicit</strong></span> <span class='ocrx_word' id='word_1_866' title='bbox 2774 5715 2999 5759; x_wconf 73' lang='lat' dir='ltr'><strong>matrem</strong></span> <span class='ocrx_word' id='word_1_867' title='bbox 3046 5713 3308 5765; x_wconf 78' lang='lat' dir='ltr'><strong>nostram,</strong></span> <span class='ocrx_word' id='word_1_868' title='bbox 3359 5700 3599 5755; x_wconf 72' lang='lat' dir='ltr'><strong>sterilem</strong></span> <span class='ocrx_word' id='word_1_869' title='bbox 3646 5714 3745 5769; x_wconf 85' lang='lat' dir='ltr'><strong>ap-</strong></span> 
     </span>
    </p>
   </div>
  </div>
