3906 6350
234 404 351 459 889

1196 403 1450 459 ENARR.
1491 402 1557 458 1N
1598 402 1818 457 EPIST.
1859 403 1924 459 D.
1963 405 2167 461 PACL.
2206 429 2295 464 nu
2334 417 2582 474 CALAT.

3399 426 3505 484 890

233 512 431 581 pellat,
459 510 584 580 quia
624 526 730 566 non
759 514 902 583 parit
935 514 1228 569 secundum
1266 529 1505 580 carnem,
1541 528 1642 569 nec
1671 512 1822 567 dolo-
1848 510 1900 572 Α
1925 515 2113 571 ditabit
2142 519 2288 588 ﬁlius
2321 527 2528 582 ancillae
2556 545 2674 584 cum
2696 531 2809 600 ﬁlio
2850 550 2964 589 meo
2984 534 3164 592 Isaac.
3197 536 3350 606 Quod
3379 557 3501 598 cum

234 618 335 659 res
375 604 600 673 patitur,
638 603 742 659 hoc
789 613 871 659 est
906 620 1012 661 non
1056 605 1292 675 parturit
1324 623 1337 659 :
1365 615 1593 675 generat
1640 614 1823 660 autem

232 696 363 750 sine
386 695 635 765 passione
648 695 963 765 spiritaliter
981 695 1290 750 exclamans
1320 697 1374 750 in
1401 696 1662 750 laetitiam.
1695 696 1822 750 llzec

234 794 427 840 autem
451 783 772 852 Jerusalem,
803 802 923 856 qua:
960 786 1018 838 in
1055 786 1309 853 prtesenti
1351 794 1458 852 est,
1489 784 1740 841 deorsum
1768 794 1824 841 et

232 877 457 943 humili,
490 878 783 949 inﬁmoque
808 879 927 934 loco
956 878 1192 933 dimersa
1218 890 1320 934 est.

314 968 577 1039 Scriptum
600 979 675 1024 est
696 980 868 1025 autem
883 989 901 1026 :
916 967 1140 1035 Laetare,
1156 970 1369 1037 sterilis,
1386 987 1502 1042 qua:
1525 987 1628 1025 non
1651 972 1820 1041 paris;

230 1074 450 1129 erumpe
494 1069 543 1113 et
590 1060 760 1114 clama
796 1077 914 1131 quae
951 1078 1053 1115 non
1085 1064 1338 1133 parturis,
1373 1064 1497 1133 quia
1535 1064 1687 1119 multi
1719 1063 1819 1131 ﬁlii

231 1150 456 1204 desertis
490 1153 657 1222 magis
690 1169 844 1222 quam
882 1154 996 1224 ejus
1031 1171 1149 1224 qua:
1190 1155 1343 1209 habet
1388 1157 1577 1211 virum.
1630 1158 1819 1214 Virum

230 1241 428 1296 habuit
455 1257 723 1314 synagoga
752 1242 949 1314 legem,
979 1253 1034 1300 et
1068 1246 1227 1317 juxta
1252 1246 1420 1303 Annae
1447 1263 1661 1319 quoque
1690 1266 1818 1319 pro-

229 1330 477 1399 phetiam
507 1371 522 1397 ,
568 1331 741 1388 fetosa
782 1336 1055 1403 quondam
1107 1338 1161 1391 in
1209 1337 1394 1393 liberis
1438 1339 1540 1395 fuit
1571 1343 1818 1399 :Asterilis

230 1434 368 1476 vero
412 1422 653 1478 Ecclesia
707 1425 825 1480 sine
866 1429 985 1480 viro
1026 1426 1263 1495 Christo,
1315 1430 1432 1485 sine
1477 1430 1588 1486 ullo
1631 1434 1815 1501 sponsi

228 1514 503 1568 sermonis
535 1514 769 1583 alloquio
800 1516 892 1571 diu
919 1516 1093 1587 jacuit
1141 1520 1197 1573 in
1247 1520 1484 1575 deserto.
1536 1519 1641 1576 Sed
1670 1532 1817 1592 post-

227 1616 401 1671 quam
429 1602 638 1671 accepit
675 1603 766 1657 illa
800 1603 998 1662 librum
1034 1609 1241 1677 repudii
1282 1610 1337 1664 in
1364 1626 1558 1666 manus
1583 1628 1729 1681 suas,
1761 1625 1817 1670 et

224 1692 415 1746 omnia
448 1702 767 1749 ornamenta
796 1684 898 1750 viri
928 1697 985 1751 in
1018 1697 1146 1753 idoli
1182 1701 1342 1755 vertit
1370 1710 1621 1757 ornatum
1649 1723 1661 1757 :
1688 1712 1815 1760 tunc

224 1784 462 1839 maritus
508 1786 677 1855 priori
722 1787 934 1857 singulo
982 1797 1349 1859 putrescente,
1398 1793 1565 1847 alium
1618 1794 1815 1850 lumbis

224 1873 346 1927 suis
387 1873 647 1941 balteum,
691 1876 838 1931 aliud
874 1878 941 1934 de
968 1881 1216 1950 gentibus
1261 1883 1507 1939 lumbare
1551 1890 1821 1952 contexit.

224 1961 389 2019 Unde
416 1964 533 2020 haec
560 1967 746 2021 statim
772 1976 834 2023 ut
858 1969 975 2024 viro
998 1971 1187 2040 juncta
1216 1976 1464 2045 concepit
1492 1983 1546 2030 et
1573 1978 1809 2047 peperit;

222 2060 287 2108 et
319 2052 374 2106 in
398 2052 535 2108 Isaia
558 2056 828 2111 exclamat
856 2058 1118 2117 Dominus
1143 2078 1242 2132 per
1265 2065 1586 2134 prophetam
1613 2084 1625 2120 :
1671 2068 1716 2121 si
1737 2079 1811 2122 est

220 2156 353 2209 gens
379 2151 505 2195 nata
536 2143 715 2211 simul,
732 2148 947 2215 quando
974 2164 1078 2203 una
1097 2151 1185 2205 die
1212 2152 1265 2204 in
1291 2152 1516 2209 Actibus
1542 2156 1811 2224 apostolo-

224 2247 375 2297 rum,
414 2235 521 2288 tria
564 2234 741 2291 millia
773 2245 828 2293 et
864 2240 1102 2311 quinque
1127 2243 1294 2299 millia
1319 2246 1599 2301 hominum
1629 2251 1807 2305 credi-

223 2321 427 2377 derunt
456 2323 595 2395 (Act.
625 2326 723 2398 vi).
759 2327 871 2384 Nec
898 2338 1028 2401 puto
1057 2346 1279 2389 necesse
1306 2350 1441 2401 esse,
1473 2338 1539 2391 de
1568 2339 1808 2395 multitu-

221 2412 354 2468 dine
379 2413 703 2481 Christiana,
733 2428 787 2475 et
817 2420 884 2475 de
908 2420 1215 2479 Iudaeorum
1238 2429 1513 2497 paucitate
1543 2431 1803 2500 dicamus,

220 2518 353 2558 cum
387 2504 443 2559 in
472 2515 587 2562 toto
623 2510 823 2565 mundo
860 2515 1041 2569 crucis
1078 2516 1273 2571 vexilla
1323 2520 1719 2590 resplendeant,
1751 2534 1807 2580 et

217 2595 317 2649 vix
364 2604 516 2651 ratus
542 2605 706 2668 atque
735 2603 991 2659 notabilis
1024 2605 1080 2659 in
1118 2607 1345 2664 urbibus
1380 2609 1598 2667 Judaeus
1646 2629 1807 2685 appa-

218 2693 360 2739 rest.

307 2774 423 2830 Nos
467 2788 641 2833 autem
687 2781 876 2851 fratres
920 2788 1207 2842 secundum
1247 2789 1408 2845 Isaac
1440 2795 1802 2863 promissionis

213 2868 324 2961 ﬁlii
360 2887 561 2927 sumus.
600 2874 838 2934 Dicimus
879 2880 1063 2950 itaque
1088 2884 1405 2954 Apostolum
1437 2888 1560 2944 ideo
1588 2904 1682 2946 eos
1708 2907 1802 2961 ap-

212 2959 421 3029 pellare
450 2966 743 3021 secundum
772 2968 921 3025 Isaac
950 2971 1089 3028 ﬁlios
1117 2978 1514 3047 promissionis,
1539 2983 1663 3051 quia
1692 2998 1799 3038 non

210 3053 435 3120 penitus
476 3069 673 3110 eorum
691 3060 939 3129 desperet
973 3064 1233 3133 salutem;
1273 3076 1329 3123 et
1358 3085 1575 3126 rursum
1602 3087 1697 3127 eos
1730 3073 1798 3128 ad

1923 607 2118 663 durum
2166 612 2343 667 visum
2381 614 2568 673 fuisset
2595 619 2824 678 Abraha:
2854 624 3093 695 (semper
3121 629 3265 684 enim
3295 631 3502 701 primo-

1922 697 2120 767 genitis
2157 702 2361 771 majora
2385 705 2671 780 dabantur)
2700 726 2806 765 non
2828 714 3016 769 solum
3042 697 3320 773 lsmaelem
3356 722 3503 791 prio-

1922 798 2039 839 rem
2078 801 2200 844 esse
2239 790 2509 861 desinere,
2556 798 2650 851 sed
2699 814 2768 854 ne
2810 803 3071 871 aequalem
3109 806 3327 877 quidem
3374 824 3499 866 cum

1918 878 2131 933 minore
2177 880 2345 938 fratre
2390 885 2639 956 accipere
2677 890 2978 959 portionem
3022 911 3034 942 :
3070 894 3212 951 Deus
3240 899 3333 967 qui
3356 886 3501 956 libe-

1918 981 2037 1020 ram
2081 967 2227 1025 intus
2271 985 2391 1027 esse
2436 981 2491 1028 et
2538 974 2671 1030 foris
2721 979 2915 1047 expelli
2957 980 3172 1037 volebat
3219 985 3495 1056 ancillam,

1919 1054 2072 1111 Sarae
2120 1060 2283 1115 verba
2327 1062 2651 1132 .conﬁrmat,
2704 1076 2759 1122 et
2811 1068 3067 1139 loquitur
3101 1073 3169 1127 ad
3216 1054 3492 1133 Abraham

1920 1142 2073 1214 (Gen.
2104 1147 2274 1219 xxu):
2307 1150 2426 1205 Non
2470 1153 2663 1208 durum
2700 1154 2771 1210 sit
2804 1171 2988 1213 coram
3036 1168 3110 1227 te,
3142 1162 3208 1217 de
3236 1173 3403 1233 pu‘ero
3442 1175 3499 1222 et

1917 1235 2157 1290 ancilla:
2203 1236 2395 1294 Omnia
2438 1258 2555 1310 quia
2597 1244 2790 1299 dixerit
2834 1248 2927 1301 tibi
2954 1247 3113 1317 Sara,
3154 1253 3283 1306 audi
3322 1271 3495 1311 vocem

1915 1326 2053 1395 ejus,
2095 1330 2344 1398 quoniam
2380 1331 2436 1387 in
2461 1332 2621 1388 Isaac
2645 1337 2921 1391 vocabitur
2954 1340 3049 1394 tibi
3091 1346 3285 1397 semen.
3343 1342 3497 1400 Sicut

1915 1428 2043 1485 ergo
2086 1425 2215 1473 tunc
2257 1421 2429 1490 major
2471 1422 2854 1483 fraterlsmacl
2899 1429 3189 1487 laetantem
3235 1435 3412 1491 adhuc
3440 1448 3497 1492 et

1914 1508 2195 1577 parvulum
2223 1516 2649 1585 persequebatur
2692 1519 2863 1585 Isaac,
2896 1522 3329 1580 circumcisionls
3357 1542 3493 1596 prte-

1914 1602 2160 1671 rogativa
2204 1605 2308 1660 sibi
2354 1609 2713 1680 primogenita
2758 1615 3053 1671 vendicans
3088 1635 3099 1671 :
3139 1617 3211 1671 ita
3248 1627 3304 1674 et
3349 1636 3491 1676 nunc

1915 1691 2210 1755 secundum
2254 1709 2474 1752 carnem
2516 1698 2707 1755 Ismael
2757 1702 3043 1759 adversum
3080 1706 3347 1763 minorem
3385 1708 3494 1764 fra-

1918 1787 2057 1865 trem
2085 1784 2153 1838 de
2186 1787 2435 1856 gentibus
2468 1791 2721 1861 populum
2755 1792 3123 1851 Christianum
3171 1801 3490 1870 sustollitur,

1918 1862 2154 1945 inﬂatur,
2186 1880 2415 1950 erigitur
2428 1923 2444 1939 .

1987 1966 2176 2039 Itaque
2203 1969 2393 2038 fratres
2428 1990 2531 2028 non
2567 1993 2749 2033 sumus
2787 1980 2996 2036 ancilla:
3022 1982 3145 2053 ﬁlii,
3173 1986 3264 2041 sed
3292 1986 3470 2044 libera:

1914 2057 2271 2125 Quantumvis
2313 2078 2372 2118 se
2420 2065 2680 2135 iniquitas
2735 2071 2977 2138 extollat,
3031 2075 3225 2129 ancilla
3279 2087 3383 2144 est,
3438 2088 3496 2133 et

1910 2149 2244 2219 subjicienda
2288 2163 2374 2210 est
2416 2159 2655 2225 sanctis,
2708 2164 3054 2231 Quantumvis
3102 2182 3161 2222 se
3203 2170 3487 2236 extollunt,

1908 2248 1964 2297 et
2007 2241 2145 2299 ﬁlios
2173 2243 2403 2303 Abrahae
2446 2264 2567 2305 esse
2610 2266 2671 2307 se
2712 2251 2988 2321 jactitent,
3022 2260 3259 2326 quandiu
3284 2262 3492 2319 ancillae

1909 2333 2003 2389 ﬁlii
2036 2334 2238 2391 fuerint
2267 2347 2322 2393 et
2349 2342 2641 2397 carnaliter
2678 2344 2850 2416 legem
2882 2346 3266 2417 intellexerint,
3298 2361 3352 2408 et
3388 2356 3489 2411 sub

1907 2426 2025 2495 ejus
2072 2434 2282 2485 terrore
2328 2433 2531 2488 redacti
2581 2436 2853 2493 serviliter
2901 2440 3156 2508 vixerint,
3208 2444 3485 2501 vobiscum

1907 2518 2280 2575 hieredilatem
2305 2522 2507 2579 habere
2535 2540 2642 2581 non
2666 2536 2939 2601 poterunt.
2974 2530 3089 2587 Non
3121 2550 3249 2605 ergo
3276 2537 3489 2593 debetis

1904 2610 2163 2666 derelicta
2208 2622 2382 2668 matre
2427 2624 2611 2672 nostra
2661 2620 2911 2675 ancillam
2957 2623 3142 2692 sequi,
3199 2640 3319 2694 quae
3362 2626 3488 2683 licet

1904 2702 2146 2771 ejusdem
2182 2704 2285 2759 viri
2329 2704 2492 2761 fuerit
2530 2724 2687 2775 uxor,
2732 2710 2936 2764 tamen’
2963 2713 3030 2767 ad
3079 2720 3313 2783 tempus,
3356 2718 3483 2787 quia

1903 2791 2139 2846 nondum
2180 2800 2393 2862 poterat
2423 2793 2559 2851 Sara
2603 2811 2863 2867 generare
2892 2816 2906 2852 :
2937 2799 2993 2855 id
3019 2809 3102 2856 est
3130 2803 3368 2858 nondum
3408 2813 3487 2861 te-

1902 2890 2228 2938 stamentum
2260 2900 2457 2939 novum
2484 2886 2781 2942 revelatum
2810 2875 2945 2944 erat.

1976 2970 2095 3035 Qua
2140 2972 2378 3028 libertate
2413 2974 2652 3031 Christus
2696 2993 2789 3032 nos
2827 2977 3081 3034 liberavit.
3134 2980 3210 3035 Ea
3237 2983 3381 3037 enim
3419 2984 3478 3038 li-

1900 3063 2087 3119 bertas
2132 3081 2277 3121 nunc
2305 3068 2543 3123 maxime
2571 3072 2886 3139 apponenda
2913 3080 2997 3126 est
3023 3074 3297 3130 servitutis
3320 3076 3478 3148 jugo,

210 3142 491 3211 spiritum,
519 3161 626 3216 quo
652 3161 930 3220 eruperant
966 3156 1200 3213 testimet
1229 3174 1562 3218 reversuros.
1612 3163 1791 3219 Fiant-

1901 3169 2007 3225 quo
2043 3156 2096 3210 in
2123 3158 2377 3226 operibus
2413 3159 2549 3230 legis
2577 3161 2919 3229 tenebantur,
2964 3163 3055 3234 qui
3099 3165 3166 3220 ad
3197 3166 3479 3223 circumci-

208 3248 323 3302 que
350 3233 445 3290 lilii
472 3236 675 3305 liberie,
703 3241 795 3311 qui
820 3243 867 3298 si
892 3260 1058 3302 carne
1080 3246 1283 3305 fuerint
1312 3256 1673 3309 consummati
1699 3255 1796 3312 lilii

208 3324 328 3379 sint
351 3328 578 3384 ancillze.

286 3414 392 3470 Sed
433 3422 693 3489 quomodo
737 3432 881 3493 tunc,
932 3431 1023 3499 qui
1060 3434 1347 3487 secundum
1386 3452 1596 3492 carnem
1641 3448 1794 3495 natus

204 3506 388 3574 fuerat
432 3511 836 3580 persequebatur
877 3533 1014 3584 eum,
1060 3522 1150 3590 qui
1197 3524 1485 3596 secundum
1516 3528 1793 3596 spiritum:

204 3598 288 3649 ita
313 3606 362 3651 et
389 3615 546 3653 nunc.
582 3599 690 3657 Sed
710 3606 837 3675 quid
862 3608 991 3663 dicit
1013 3609 1331 3682 Scriptura?
1357 3616 1509 3685 Ejice
1543 3618 1793 3683 ancillam

200 3694 261 3741 et
277 3687 447 3757 ﬁlium
476 3692 613 3761 ejus.
644 3694 769 3750 Non
795 3699 932 3751 enim
956 3701 1121 3756 haeres
1146 3706 1245 3758 erit
1264 3706 1409 3774 ﬁlius
1440 3709 1649 3764 ancilla:
1671 3728 1790 3766 cum

197 3775 321 3845 ﬁlio
348 3794 461 3833 meo
484 3779 661 3836 Isaac.
687 3782 875 3857 Itaque
894 3787 1089 3857 fratres
1111 3808 1213 3846 non
1235 3810 1415 3849 sumus
1437 3796 1645 3851 ancilla:
1665 3797 1786 3867 ﬁlii,

196 3869 299 3921 sed
325 3868 535 3925 liberas:
561 3891 665 3944 qua
694 3875 931 3933 libertate
965 3897 1058 3936 nos
1101 3881 1342 3940 Christus
1370 3886 1625 3942 liberauit.
1670 3888 1788 3943 Non

196 3967 336 4027 puto
363 3960 603 4019 invenire
634 3982 733 4021 nos
760 3984 917 4037 posse
945 3974 1035 4028 ubi
1062 3975 1252 4031 lsmael
1282 3987 1598 4046 persecutus
1622 3978 1789 4039 fuerit

191 4046 393 4101 Isaac:
440 4052 535 4105 sed
570 4063 779 4109 tantum
816 4057 967 4123 illud,
1002 4064 1144 4129 quod
1173 4079 1296 4118 cum
1324 4066 1467 4121 ﬁlius
1492 4067 1779 4139 Egyptian,

191 4139 294 4208 qui
332 4139 504 4208 major
539 4150 669 4197 natu
709 4157 857 4211 erat,
896 4148 1105 4203 luderet
1141 4167 1263 4206 cum
1300 4155 1474 4221 Isaac,
1505 4158 1780 4229 indignata

190 4229 271 4284 sit
310 4229 465 4314 Sara,
512 4241 567 4287 et
616 4234 815 4290 dixerit
854 4237 1167 4297 Abraham:
1212 4244 1359 4315 Ejice
1404 4248 1673 4312 ancillam,
1725 4258 1781 4304 et

188 4321 368 4375 ﬁlium
391 4311 524 4391 ejus,
563 4341 670 4381 non
709 4328 853 4382 enim
883 4331 1222 4387 haereditabit
1252 4334 1391 4390 ﬁlius
1417 4338 1624 4391 ancillae
1654 4354 1775 4393 cum

188 4412 309 4468 ﬁlio
344 4431 465 4479 meo
494 4416 645 4471 Isaac
686 4418 836 4488 (Gen.
871 4420 1007 4491 xxi).
1055 4421 1121 4475 Et
1147 4415 1333 4493 utique
1361 4426 1587 4496 simplex
1624 4428 1775 4483 lusus

1898 3244 2105 3299 sionem
2136 3246 2270 3301 istos
2295 3248 2605 3302 trahebant.

2468 3336 2539 3391 ΙΝ
2574 3337 2803 3395 CAPUT
2838 3340 2904 3395 ν.

1967 3423 2148 3490 State,
2214 3435 2263 3480 et
2304 3426 2463 3481 nolite
2502 3429 2693 3483 iterum
2727 3430 2859 3502 jugo
2899 3434 3159 3503 servitutis
3202 3438 3476 3492 contineri.

1895 3514 2119 3582 Quando
2158 3517 2289 3572 dicit
2331 3526 2471 3574 state
2510 3521 2778 3592 signiﬁcat
2818 3538 2911 3579 eos
2954 3527 3190 3581 nondum
3235 3525 3477 3594 funditus

1893 3605 2154 3661 cecidisse
2203 3625 2216 3660 :
2265 3607 2467 3678 alioqui
2530 3614 2865 3668 commodius
2926 3614 3169 3682 diceret,
3247 3618 3471 3688 surgite.

1893 3696 2046 3763 Quod
2070 3713 2199 3753 vero
2227 3700 2323 3763 ait,
2354 3700 2514 3754 nolite
2546 3702 2737 3756 iterum
2752 3704 2886 3775 jugo
2916 3708 3180 3760 servitutis
3224 3707 3472 3775 detineri,

1890 3787 2098 3841 nullum
2146 3788 2293 3843 aliud
2339 3790 2428 3845 hic
2469 3790 2658 3862 jugum
2706 3795 2906 3849 rectius
2939 3811 3226 3865 possumus
3271 3798 3473 3853 intelli—

1889 3894 2036 3950 gere,
2065 3895 2173 3951 quo
2203 3896 2297 3937 eos
2343 3882 2574 3938 detineri
2627 3900 2735 3940 non
2761 3886 2896 3952 vult,
2942 3888 3047 3942 nisi
3096 3888 3471 3945 circumcisio—

1888 3986 2012 4026 nem
2041 4011 2056 4036 ,
2111 3979 2165 4026 et
2210 3980 2437 4028 caeteras
2483 3975 2888 4030 observationes
2934 3975 3207 4033 Judaicas.
3260 3977 3465 4035 Galam:

1885 4060 2052 4126 enim,
2100 4062 2192 4129 qui
2244 4062 2312 4116 ad
2353 4063 2505 4118 Pauli
2552 4066 2777 4133 apostoli
2823 4068 3262 4135 praedicationem
3310 4070 3466 4125 idolis

1885 4150 2157 4206 derelictis
2204 4153 2388 4206 statim
2444 4153 2513 4207 ad
2539 4153 2815 4226 Evangelii
2865 4158 3313 4211 transcenderant
3341 4173 3463 4229 gra-

1884 4242 2034 4307 tiam,
2078 4258 2186 4297 non
2236 4246 2651 4300 revertebantur
2694 4248 2758 4302 ad
2792 4248 2924 4317 legis
2950 4246 3187 4305 Iudaicae
3234 4252 3464 4305 servitu-

1882 4339 2015 4397 tem,
2044 4347 2206 4401 quam
2239 4348 2512 4403 nunquam
2538 4337 2689 4404 prius
2718 4348 3109 4407 cognoverant;
3144 4341 3237 4395 sed
3275 4341 3460 4396 volen-

1881 4427 1960 4474 tes
1985 4422 2273 4479 observare
2312 4434 2575 4495 tempora,
2608 4426 2925 4485 circumcidi
2957 4446 3145 4498 carne,
3173 4441 3228 4486 et
3254 4434 3459 4489 hostias

186 4502 341 4555 inter
388 4503 619 4559 infantes
671 4507 986 4575 expulsione
1028 4519 1084 4564 et
1131 4511 1472 4569 abdicatione
1522 4515 1771 4586 indignus
1796 4516 1851 4576 D
1876 4512 2070 4571 oﬂ'erre
2098 4531 2406 4586 corporeas,
2435 4520 2831 4589 quodammodo
2871 4523 2925 4577 in
2959 4525 3179 4593 eosdem
3216 4536 3457 4582 reverte-

182 4596 296 4643 est.
344 4588 542 4645 Verum
581 4592 871 4661 Apostolus
912 4599 1066 4664 quasi
1098 4599 1357 4656 Hebraeus
1397 4618 1460 4657 ex
1508 4603 1769 4671 Hebraeis,

184 4686 247 4733 et
274 4678 341 4733 ad
367 4682 531 4749 pedes
568 4684 817 4754 magistri
843 4686 1152 4743 Gamalielis
1194 4691 1440 4759 edoctus,
1477 4695 1569 4763 qui
1600 4711 1771 4764 quon-

187 4767 315 4824 dam
342 4768 585 4825 furentes
611 4774 867 4829 adversus
894 4776 1179 4832 Dominum
1201 4778 1502 4835 Pharisaeos
1545 4784 1769 4837 consilio

180 4855 492 4912 refrenaret
518 4875 584 4913 ex
611 4862 789 4915 verbis
817 4862 964 4919 Sane
991 4866 1218 4922 dicentis
1243 4886 1255 4921 :
1284 4868 1406 4922 Non
1438 4871 1575 4923 enim
1602 4871 1766 4925 haere-

179 4946 374 5000 ditabit
404 4950 547 5017 ﬁlius
578 4952 785 5007 ancilla:
827 4970 946 5008 cum
982 4956 1094 5024 ﬁlio
1133 4976 1244 5012 meo
1286 4958 1464 5026 Isaac,
1497 4960 1765 5015 intellexit

179 5039 367 5093 Insunt
408 5041 559 5096 illum
597 5044 897 5115 simplicem
939 5063 1046 5102 non
1092 5049 1293 5104 fuisse:
1323 5051 1416 5119 qui
1456 5056 1759 5121 persecutio

180 5132 519 5186 nominatur.
571 5134 677 5190 Sed
726 5139 852 5206 quia
895 5138 1119 5194 forsitan
1158 5141 1347 5196 lsmael
1388 5145 1542 5212 quasi
1588 5143 1760 5212 major

179 5228 336 5286 natu,
373 5229 427 5273 et
466 5238 532 5277 eo
561 5232 799 5293 tempore
841 5228 1214 5294 circumcisus,
1251 5245 1358 5299 quo
1394 5231 1508 5300 jam
1545 5242 1757 5305 poterat

176 5315 503 5385 intelligere,
547 5326 601 5372 et
644 5320 842 5373 sentire
875 5324 1019 5391 quod
1052 5340 1241 5392 passus
1282 5336 1385 5392 est,
1416 5328 1518 5383 sibi
1550 5328 1755 5397 primo-

174 5408 364 5477 genita
410 5410 744 5475 vendicabat,
791 5411 1072 5483 Scriptura
1114 5416 1349 5487 jurgium
1405 5421 1751 5490 parvulorum

178 5498 357 5553 lusum
388 5502 617 5555 vocavit.
682 5502 828 5569 Unde
857 5514 913 5565 et
937 5506 1070 5561 Sara
1100 5510 1215 5564 haec
1243 5513 1408 5565 verba
1446 5529 1553 5567 non
1584 5515 1751 5570 susti-

174 5605 339 5654 nens,
381 5599 437 5645 et
473 5595 860 5650 consuetudine
907 5598 1007 5652 sibi
1035 5600 1389 5671 primogenita
1416 5606 1751 5661 vendicantis

173 5681 386 5735 ancilla:
415 5680 511 5736 lilii
546 5700 575 5737 a
604 5699 766 5753 parva
793 5695 949 5741 aetate
976 5704 1081 5743 non
1107 5692 1338 5759 patiens,
1369 5695 1543 5763 erupit
1573 5695 1627 5748 in
1657 5712 1749 5750 vo-

174 5785 299 5826 cent
327 5790 336 5822 :
370 5770 513 5837 Ejicc
550 5774 791 5828 micillam
829 5794 940 5830 cum
970 5778 1081 5845 filio
1116 5798 1230 5834 suo.
1274 5781 1392 5837 Non
1420 5784 1553 5837 enim
1583 5785 1744 5841 ha‘re-

1872 4604 2074 4659 bantur
2109 4606 2284 4661 cultus
2312 4608 2509 4676 quibus
2551 4608 2605 4662 in
2637 4610 2939 4665 idololatria
2977 4620 3102 4667 ante
3132 4614 3448 4669 servierant.

1941 4692 2078 4747 Ecce
2107 4710 2198 4764 ego
2229 4692 2433 4749 Paulus
2469 4696 2587 4750 dico
2626 4698 2786 4753 vobis.
2829 4701 2941 4771 Ego
2970 4702 3167 4776 Paulus
3191 4705 3452 4759 audenter

1868 4787 2021 4841 vobis
2060 4788 2201 4853 dico,
2250 4789 2521 4845 neminem
2560 4792 2964 4861 pertimescens,
3019 4809 3127 4848 non
3172 4795 3450 4851 occultans

1867 4892 2062 4932 nomen
2086 4894 2288 4944 meum,
2314 4887 2375 4933 ut
2397 4882 2674 4936 audientes
2696 4898 2801 4937 non
2829 4890 2936 4936 tam
2963 4883 3113 4937 missi
3142 4899 3302 4953 quam
3323 4886 3448 4938 mit-

1866 4969 2028 5023 tentis
2073 4970 2395 5027 auctoritate
2430 4980 2767 5027 moveantur.
2819 4973 3095 5043 Tathuam
3136 4974 3178 5028 si
3218 4975 3442 5042 diceret,

1862 5061 2001 5116 Ecce
2031 5078 2116 5117 me
2137 5064 2442 5129 imitemini,
2474 5074 2533 5119 ut
2562 5082 2668 5121 non
2700 5067 2966 5133 timentis;
2996 5076 3088 5122 aut
3116 5069 3169 5123 in
3197 5085 3284 5125 me
3308 5085 3439 5126 cau-

1860 5167 1976 5206 sam
2001 5152 2290 5219 refundite,
2318 5154 2363 5207 si
2388 5156 2606 5210 timetis.

1932 5241 2193 5306 Quoniam
2226 5244 2272 5296 si
2314 5244 2759 5305 circumcidamini
2784 5288 2796 5312 ,
2849 5245 3087 5302 Christus
3119 5249 3259 5303 vobis
3307 5250 3439 5304 nihil

1853 5334 2081 5403 prodest.
2119 5334 2397 5401 Quomodo
2425 5338 2697 5405 accepturi
2732 5353 2916 5394 sumus
2943 5341 3083 5409 quod
3109 5341 3207 5406 ait,
3237 5356 3306 5397 ne
3335 5341 3438 5397 ite-

1854 5439 1974 5477 rum
2000 5426 2279 5480 servitutis
2300 5426 2430 5496 jugo
2460 5427 2825 5491 detineamini,
2856 5444 2976 5482 cum
2997 5430 3067 5484 ad
3087 5446 3181 5485 eos
3206 5432 3431 5499 scribat,

1852 5515 1943 5584 qui
1965 5513 2131 5569 Judaei
2172 5532 2448 5587 nunquam
2477 5516 2731 5574 fuerant?
2769 5518 2903 5572 Nam
2944 5520 3050 5575 hoc
3076 5520 3187 5590 agit
3219 5521 3429 5590 utique,

1850 5620 1919 5660 ne
1946 5606 2420 5673 circumcilantur,
2471 5608 2564 5663 sed
2604 5608 2860 5662 nimirum
2892 5611 2983 5664 hic
3027 5610 3333 5665 declaratur
3373 5620 3429 5667 et

1851 5696 2204 5753 conﬁrmatur
2234 5702 2497 5755 sententia
2528 5700 2634 5763 illa,
2669 5702 2735 5755 de
2759 5716 2863 5771 qua
2897 5702 3142 5771 superius
3176 5703 3421 5772 disputa-

1847 5790 2037 5841 vimus.
2094 5787 2230 5854 Quid
2277 5790 2417 5843 enim
2467 5789 2608 5845 aliud
2651 5792 2755 5846 hoc
2801 5801 2919 5845 loco
2964 5792 3211 5861 gentibus
3252 5792 3413 5856 dicat,
