3906 6312
442 336 536 397 891

1504 332 1634 389 CLA
1649 331 1779 389 UDIl
1823 328 2298 386 TAURINENSIS
2341 330 2645 390 EPISCOPI

3618 334 3715 388 893

442 466 545 505 non
574 444 808 511 invenio,
841 445 945 500 nisi
976 453 1033 498 ut
1067 444 1241 509 prosit
1270 445 1373 499 illis
1402 446 1545 515 quod
1579 462 1610 500 a
1650 446 1909 501 servitute
1939 459 2029 499 su-
2055 445 2107 505 Λ
2130 461 2235 501 non
2257 447 2499 516 ejusdem
2521 461 2639 501 esse
2667 442 2760 499 Dei
2796 434 3068 500 custodire
3103 444 3239 499 velle
3285 444 3487 516 legem,
3530 454 3590 499 et
3628 461 3717 499 eos

442 538 777 610 perstitiouis
811 552 923 592 suae
949 553 1051 607 per
1076 538 1235 593 ﬁdem
1269 536 1471 592 Christi
1507 538 1723 593 liberati
1763 545 1930 591 sunt:
1963 552 2031 589 ne

444 632 639 686 iterum
695 629 840 684 servi
878 642 1001 684 esse
1048 628 1216 682 velint
1260 627 1361 682 sub
1413 626 1543 697 jugo
1589 626 2031 684 Observationum

442 716 764 785 carnalium,
790 718 1045 787 quamvis
1069 718 1169 771 sub
1208 715 1326 786 lege
1370 716 1486 779 Dei,
1532 723 1712 769 tamen
1755 714 2032 770 carnalem

444 808 696 878 populum
726 806 996 863 serviliter
1035 806 1389 877 alligantium.
1431 804 1705 860 Christum
1738 812 1921 857 autem
1950 802 2034 858 ni—

444 898 520 952 hil
542 899 622 953 eis
650 896 995 966 profuturum
1019 912 1139 951 esse
1167 896 1298 949 dicit
1328 896 1374 949 si
1398 895 1859 949 circumcidantur
1891 912 1903 947 :
1938 893 2036 948 sed

446 987 537 1041 illo
560 985 740 1049 modo,
769 1000 879 1055 quo
903 1000 998 1039 eos
1029 984 1121 1038 isti
1159 983 1414 1037 volebant
1457 980 1790 1047 circumcidi,
1832 980 1886 1035 id
1928 986 2032 1047 est,

447 1083 504 1128 ut
543 1075 595 1128 in
637 1076 820 1129 carnis
857 1072 1273 1128 circumcisione
1316 1078 1579 1141 ponerent
1625 1085 1775 1139 spem
1823 1068 2032 1124 salutis.

445 1162 563 1218 Non
591 1164 738 1218 enim
763 1164 1050 1219 Timotheo
1075 1177 1185 1217 non
1210 1160 1414 1232 profuit
1439 1160 1712 1223 Christus,
1740 1159 1865 1229 quia
1891 1157 2035 1213 Pau-

446 1252 534 1308 lus
553 1252 669 1323 ipse
696 1254 841 1308 illum
862 1252 974 1321 jam
1003 1252 1370 1307 Christianum
1392 1251 1645 1321 juvenem
1676 1249 2034 1321 circumcidit.

447 1340 601 1397 Fecit
630 1351 808 1396 autem
850 1342 955 1397 hoc
991 1350 1213 1411 pmpter
1248 1339 1565 1393 scandalum
1609 1353 1851 1402 suorum,
1902 1337 2039 1391 nihil

450 1430 714 1486 simulans
747 1432 989 1495 omnino,
1033 1430 1128 1484 sed
1174 1445 1241 1484 ex
1282 1428 1369 1482 illa
1410 1427 1793 1491 indifferentia,
1822 1442 1929 1496 qua
1960 1427 2040 1481 di-

451 1520 528 1574 cit
555 1520 901 1574 circumcisio
924 1518 1057 1572 nihil
1098 1526 1199 1582 est,
1239 1526 1294 1572 et
1337 1517 1659 1587 prmputium
1696 1515 1828 1569 nihil
1860 1522 1945 1569 est
1985 1513 2037 1584 (Ι

451 1605 701 1675 Conv").
723 1607 867 1660 Nihil
895 1608 1040 1661 enim
1069 1606 1224 1660 obest
1256 1606 1356 1661 ista
1388 1604 1730 1660 circumcisio
1758 1604 1809 1659 ei
1836 1605 1927 1671 qui
1954 1618 2040 1657 sa-

454 1702 623 1755 lutem
660 1701 714 1754 in
752 1700 842 1763 illa
883 1716 989 1755 non
1036 1715 1157 1755 esse
1196 1700 1387 1755 credit.
1440 1699 1593 1753 Tunc
1628 1698 1892 1768 siquidem
1931 1712 2038 1751 non

2132 536 2222 603 qui
2265 535 2437 606 legem
2478 535 2805 601 custodiant,
2856 535 3254 605 derelinquere.
3301 536 3409 589 Aut
3449 538 3718 605 quomodo

2130 633 2352 695 propter
2372 626 2734 681 intermissam
2755 625 2927 695 legem
2947 638 3069 679 reos
3090 639 3184 679 eos
3208 623 3371 689 faciet
3392 626 3513 694 qui,
3535 626 3721 680 etiam—

2133 716 2177 770 si
2207 715 2391 781 velint,
2425 715 2681 770 universa
2702 715 2972 785 complere
3005 731 3113 770 non
3151 716 3403 785 possint?
3442 715 3555 772 Nos
3592 731 3723 771 vero

2134 805 2307 877 legem
2344 805 2495 873 sequi
2544 805 2863 876 spiritalem,
2898 821 3017 875 qua:
3056 804 3220 869 dicat,
3255 806 3383 860 Non
3426 806 3724 874 infrenabis

2136 915 2193 951 os
2219 898 2331 951 bovi
2352 899 2617 951 trituranti
2642 898 2818 967 (Deut.
2843 896 3001 965 xxv);
3023 905 3078 952 et
3098 913 3219 953 cum
3243 897 3507 966 Apostolo
3526 898 3728 953 intelli-

2136 1000 2283 1056 gere,
2318 983 2569 1054 Nunquid
2600 984 2662 1037 de
2691 984 2849 1037 bobus
2888 1001 3014 1038 cura
3063 995 3138 1039 est
3178 984 3287 1039 Deo
3311 986 3339 1039 2
3378 986 3470 1039 sed
3510 995 3728 1056 prapter

2138 1089 2231 1128 nos
2249 1075 2426 1144 utique
2447 1074 2570 1126 dicit
2604 1072 2774 1144 (Rom.
2815 1074 2923 1143 Ix);
2956 1084 3009 1128 et
3038 1074 3328 1129 observare
3358 1074 3587 1129 sabbata
3632 1075 3727 1130 de-

2136 1163 2331 1228 licata;
2360 1178 2463 1217 non
2498 1171 2557 1215 ut
2581 1162 2677 1217 bos
2704 1173 2757 1217 et
2778 1164 2960 1217 asinus
2988 1172 3171 1218 noster
3196 1171 3253 1218 et
3278 1164 3405 1217 vilia
3430 1180 3635 1234 pecora
3659 1163 3728 1220 de

2139 1252 2333 1322 quibus
2369 1252 2628 1320 scriptum
2658 1258 2741 1305 est
2772 1270 2783 1304 ε
2822 1251 3070 1306 Homines
3094 1262 3142 1305 et
3164 1253 3407 1323 jumenta
3436 1254 3614 1309 salsos
3634 1253 3725 1319 fa-

2139 1343 2266 1407 cies,
2292 1341 2511 1395 Domine
2533 1339 2705 1410 (Psal.
2736 1342 2923 1411 xxxv).
2965 1341 3220 1397 Homines
3246 1344 3543 1399 rationales
3569 1359 3730 1413 quos-

2140 1445 2266 1499 que,
2295 1438 2350 1484 et
2384 1429 2651 1498 spiritales
2682 1430 2848 1486 vii‘os.
2888 1431 3156 1486 Animalia
3184 1446 3314 1487 vero
3342 1448 3436 1496 eos
3481 1435 3575 1504 qui
3613 1442 3728 1487 tar-

2141 1523 2307 1577 dioris
2332 1522 2693 1592 ingeniisunt,
2717 1532 2772 1579 et
2798 1538 2831 1577 a.
2858 1524 3191 1593 spiritalibus
3219 1525 3287 1577 ad
3310 1526 3520 1595 agenda
3546 1524 3728 1579 Domi-

2140 1613 2195 1665 ni
2221 1610 2439 1666 sabbata
2462 1612 2799 1666 erudiuntur.
2840 1611 2952 1668 Nec
2978 1614 3305 1667 contrarium
3341 1614 3464 1668 esse
3496 1614 3549 1668 id
3587 1616 3733 1683 quod

2142 1716 2304 1777 supra
2338 1702 2599 1770 scriptum
2640 1710 2745 1768 est,
2774 1703 2820 1756 si
2846 1702 3319 1769 circumcidamini,
3357 1701 3602 1759 Christus
3643 1722 3734 1758 ro-

452 1788 677 1859 prodest
722 1790 1089 1854 circumcisio,
1140 1805 1262 1844 cum
1306 1789 1512 1857 aliquid
1559 1805 1657 1859 per
1697 1788 2044 1857 semetipsam
2072 1780 2118 1838 B
2147 1790 2223 1845 bis
2252 1790 2385 1844 nihil
2408 1793 2634 1861 perest.
2670 1792 2737 1848 Et
2802 1792 2906 1847 uod
2929 1793 3194 1862 sequitur,
3225 1793 3506 1863 Testiﬁcor
3530 1812 3734 1850 omnem

451 1880 675 1953 putatur
694 1878 944 1933 utilitatis
972 1878 1185 1934 aﬁerre.
1228 1877 1336 1933 Sed
1356 1878 1475 1934 illos
1505 1879 1648 1933 solos
1673 1880 1742 1932 ab
1763 1876 2042 1945 hujusmo—

456 1968 511 2023 di
546 1969 1017 2025 observationibus
1053 1986 1159 2028 non
1196 1969 1362 2028 fuisse
1394 1971 1781 2042 prohibendos,
1815 1986 1951 2040 quos
1979 1970 2042 2024 ﬁ-

455 2056 573 2123 des,
610 2073 731 2128 qua:
767 2059 1001 2114 revelata
1043 2067 1147 2124 est,
1188 2061 1254 2115 iis
1297 2062 1410 2131 jam
1440 2062 1677 2115 imbutos
1722 2060 2037 2114 invenerat:

453 2155 515 2223 ut
536 2149 589 2203 in
616 2147 696 2203 eis
721 2151 833 2219 jam
866 2158 1338 2206 consummaretur
1374 2152 1489 2221 ipsa
1529 2151 1670 2205 actio
1698 2150 2040 2220 prophetica,

455 2252 592 2309 quos
632 2246 756 2293 ante
800 2240 867 2293 ad
914 2239 1279 2309 impletionem
1314 2241 1611 2311 prophetia:
1629 2240 1742 2311 jam
1773 2247 2039 2302 tenuerat,

454 2346 525 2385 ne
546 2329 590 2384 si
617 2337 672 2385 et
693 2331 761 2385 ab
783 2330 913 2398 ipsis
936 2340 1334 2411 removeretur,
1358 2331 1661 2400 improbata
1683 2330 1861 2399 potius
1880 2344 2043 2399 quam

456 2419 749 2473 terminata
776 2419 1069 2473 videretur.
1112 2418 1167 2473 Si
1208 2428 1389 2481 autem
1430 2426 1485 2473 et
1520 2419 1770 2488 gentibus
1798 2418 2043 2488 impone-

456 2514 629 2572 retur,
671 2512 765 2561 aut
810 2522 914 2562 non
955 2505 1158 2561 Christi
1202 2505 1552 2574 promittendi
1596 2519 1760 2559 causa
1800 2505 2047 2559 instituta

459 2612 601 2661 esse,
622 2606 715 2651 aut
736 2597 912 2651 adhuc
931 2596 1212 2652 Chi-istum
1226 2599 1541 2667 promittere
1562 2604 1864 2666 putaretur.
1886 2595 2049 2649 Prius

460 2690 645 2761 itaque
684 2689 910 2761 populus
948 2690 1065 2755 Dei,
1107 2698 1396 2759 antequam
1432 2676 1680 2743 ChriStus
1710 2688 1938 2751 veniret,
1974 2686 2049 2741 le-

463 2749 586 2852 gem
613 2749 1011 2850 prophetasque
1044 2749 1359 2849 adimplere,
1405 2778 1494 2833 illa
1531 2778 1733 2843 omnia,
1765 2792 1888 2847 quae
1923 2749 2051 2831 hinc

461 2871 872 2944 promittebant,
918 2871 1208 2924 observare
1245 2868 1575 2939 jubebantur
1616 2886 1628 2921 :
1669 2867 1807 2921 liber
1855 2867 1909 2919 in
1948 2866 2047 2930 eis,

464 2960 554 3028 qui
584 2960 697 3014 haec
716 2974 835 3028 quo
864 2960 1199 3028 pertinerent
1226 2948 1626 3027 intelligebant;
1659 2971 1847 3012 servus
1870 2965 2050 3009 autem

464 3050 519 3107 in
549 3051 650 3115 eis,
672 3052 763 3120 qui
791 3067 897 3105 non
920 3050 1308 3119 intelligebant.
1359 3049 1637 3104 Posterior
1664 3062 1793 3118 ergo
1825 3045 2051 3117 populus

464 3105 724 3194 accedens
746 3140 813 3193 ad
840 3139 1020 3203 ﬁdem,
1044 3105 1168 3209 quia
1188 3136 1300 3206 jam
1328 3136 1577 3193 Christus
1598 3105 1840 3200 venisse:
1860 3105 2049 3206 passus
2076 3105 2122 3171 (ἶ

465 3246 608 3295 esse,
646 3246 711 3285 ac
750 3230 1113 3285 resurrexisse
1148 3230 1567 3299 prtedicabatur,
1609 3228 1664 3281 in
1709 3228 1796 3282 his
1837 3225 2055 3296 quidem

468 3321 801 3386 hominibus,
832 3334 966 3389 quos
989 3320 1103 3390 jam
1147 3321 1341 3374 talibus
1385 3318 1740 3374 sacramentis
1784 3318 2058 3372 instituto.-

467 3412 655 3488 eadem
682 3411 815 3467 ﬁdes
854 3412 1131 3482 invenerat
1162 3426 1261 3466 nec
1288 3411 1584 3481 cogebatur
1613 3410 1717 3463 ista
1744 3408 2054 3469 observare,

473 3520 574 3559 nec
606 3504 1015 3574 prohibebatur.
1059 3503 1118 3557 1n
1161 3504 1247 3557 his
1288 3510 1467 3556 autem
1504 3502 1597 3570 qui
1642 3499 1839 3553 talibus
1878 3498 2057 3562 vacui,

464 3592 620 3649 nulla
664 3592 898 3663 generis,
944 3593 1091 3646 nulla
1129 3590 1569 3655 consuetudinis,
1606 3589 1693 3643 vel
1734 3589 2059 3658 congruenti

473 3682 801 3738 necessitate
828 3682 1023 3736 retenti
1050 3680 1413 3744 crediderant,
1441 3679 1606 3733 etiam
1648 3676 2055 3746 prohibebatur,

471 3781 534 3828 ut
557 3787 722 3841 super
747 3786 840 3825 eos
856 3770 970 3839 jam
996 3770 1256 3839 inciperet
1286 3782 1563 3839 apparere.
1604 3766 1693 3820 Illa
1725 3767 1905 3820 omnia
1933 3782 2059 3835 pro-

474 3872 595 3933 pter
638 3862 1062 3931 premittendum
1102 3858 1377 3915 Christum
1421 3858 1587 3912 fuisse
1632 3857 1877 3911 instituta
1909 3872 1922 3909 :
1950 3870 2059 3924 quo

475 3944 729 4009 veniente
760 3962 921 4020 atque
948 3951 1063 4005 haec
1094 3950 1360 4021 promissa
1383 3947 1728 4017 adimplente,
1754 3947 1867 4017 jam
1897 3960 2060 4014 opor-

478 4055 617 4102 teret
652 4058 871 4100 cessare

551 4156 825 4210 Contestor
859 4162 1032 4208 autem
1070 4169 1272 4207 omnem
1310 4151 1569 4205 hominem
1608 4147 2061 4201 circumridentcm

478 4263 552 4311 se,
580 4246 826 4316 quoniam
850 4244 1050 4297 debitor
1072 4253 1144 4298 est
1175 4243 1427 4296 universa:
1457 4240 1583 4311 legis
1608 4239 1903 4315 facienda.
1922 4237 2063 4291 Deus

481 4318 577 4407 qui
615 4337 1081 4393 circumcisionem
1127 4336 1303 4403 primo
1340 4333 1407 4385 ad
1444 4330 1740 4392 Abraham,
1773 4327 1965 4382 deinde
1994 4327 2061 4380 ad

2141 1880 2401 1935 hominem
2429 1881 2883 1935 circumcidentem
2907 1899 2980 1947 se,
3003 1884 3251 1953 quoniam
3280 1884 3491 1937 debitor
3516 1896 3591 1938 est
3618 1887 3729 1938 uni-

2141 1987 2299 2025 versae
2328 1970 2453 2040 legis
2482 1969 2757 2039 faciendis.
2793 1970 2946 2038 Quod
2980 1972 3101 2027 ideo
3146 1973 3246 2037 ait,
3294 1982 3352 2027 ut
3398 1973 3483 2029 vel
3530 1982 3734 2027 terrore

2146 2068 2258 2116 tam
2298 2061 2774 2118 innumerabilium
2817 2063 3279 2128 Observationum,
3320 2079 3446 2133 qua:
3495 2065 3734 2136 inJegis

2144 2150 2400 2221 operibus
2421 2151 2637 2219 scripta:
2659 2159 2804 2216 sunt,
2832 2167 2901 2206 ne
2925 2167 3113 2207 omnes
3134 2152 3358 2222 implere
3379 2164 3731 2223 cogerentur,

2145 2240 2287 2309 quod
2312 2253 2413 2292 nec
2440 2239 2539 2307 ipsi
2575 2237 2743 2294 Judaei
2766 2255 2866 2298 nec
2894 2248 3146 2310 parentes
3173 2256 3361 2295 eorum
3392 2242 3626 2311 implere
3646 2258 3737 2311 po-

2146 2334 2385 2391 tuerunt,
2430 2327 2571 2381 sicut
2604 2327 2799 2383 Petrus
2836 2327 2891 2383 in
2926 2329 3149 2384 Actibus
3179 2331 3549 2399 apostolorum
3590 2332 3736 2393 dicit,

2145 2414 2469 2470 Abstineant
2499 2430 2558 2470 se
2585 2417 2653 2471 ab
2682 2417 2768 2471 his
2803 2418 3001 2486 quibus
3039 2433 3133 2474 eos
3172 2417 3261 2474 isti
3300 2420 3600 2492 subjugare
3646 2438 3738 2477 cu-

2145 2505 2386 2574 piebant.

2225 2634 2479 2689 Evacuati
2502 2636 2624 2715 estis
2644 2653 2677 2689 a
2704 2636 2935 2704 Christo,
2962 2639 3053 2709 qui
3074 2640 3130 2693 in
3151 2640 3260 2711 lege
3280 2641 3685 2711 justiﬁcamitsi,
3710 2660 3741 2695 α

2150 2726 2322 2796 gratia
2346 2726 2634 2781 cecidistis.
2675 2726 2954 2793 Quomodo
2994 2744 3155 2784 nemo
3196 2738 3376 2799 potest
3412 2731 3629 2787 duobus
3652 2732 3743 2787 do.

2152 2816 2313 2871 minis
2340 2818 2564 2895 servire,
2596 2818 2675 2873 sic
2695 2819 2943 2873 umbram
2974 2821 3178 2889 pariter
3203 2830 3257 2876 et
3289 2823 3582 2895 veritatem
3612 2823 3740 2893 legis

2152 2906 2375 2975 implere
2402 2906 2613 2963 ditiicile
2634 2917 2737 2963 est.
2781 2909 2981 2966 Umbra
3024 2912 3076 2965 in
3110 2912 3225 2980 lege
3252 2915 3428 2969 veteri
3456 2922 3542 2968 est
3570 2916 3740 2971 donec

2154 2998 2323 3066 spiret
2346 2999 2480 3065 dies,
2509 3008 2565 3053 et
2592 3010 2943 3055 amoveantur
2963 3001 3189 3057 umbras.
3238 3004 3458 3059 Veritas
3484 3006 3545 3059 in
3572 3006 3745 3060 Evan-

2154 3088 2291 3157 gelio
2323 3088 2546 3144 Christi.
2601 3086 2786 3143 Gratia
2807 3091 2951 3146 enim
2974 3101 3022 3147 et
3049 3092 3242 3149 ueritas
3265 3110 3359 3163 per
3380 3093 3574 3149 Iesum
3599 3093 3744 3148 Chri-

2158 3189 2295 3233 stum
2317 3180 2472 3249 facta:
2502 3190 2622 3235 sunt
2646 3180 2829 3252 (Joan.
2857 3180 2920 3253 ι).
2960 3181 3146 3237 Perdit
3165 3198 3292 3253 ergo
3322 3185 3563 3254 gratiam
3598 3184 3747 3241 Chri-

2160 3271 2251 3335 sti,
2278 3278 2333 3324 et
2352 3271 2703 3340 Evangelium
2738 3272 2882 3340 quod
2922 3259 3168 3327 tenuerat
3194 3274 3395 3328 amittit
3422 3276 3517 3345 qui
3552 3277 3609 3329 in
3651 3276 3746 3330 ali-

2161 3375 2268 3428 qua
2315 3360 2694 3415 observatione
2736 3360 2869 3431 legis
2904 3376 2961 3417 se
2995 3360 3283 3431 justiﬁcari
3317 3372 3496 3432 putat,
3537 3374 3595 3418 et
3630 3380 3747 3418 cum

2162 3449 2392 3517 gratiam
2439 3449 2701 3511 amiserit,
2748 3465 2778 3502 a
2826 3449 3026 3505 Christi
3062 3448 3167 3505 ﬁde
3208 3451 3545 3516 destruitur,
3597 3462 3652 3508 et
3697 3456 3748 3509 in

2161 3537 2279 3629 ejus
2307 3551 2471 3607 opere
2493 3537 2857 3607 'conquiescit.
2890 3528 3080 3609 Magis
3106 3548 3286 3595 autem
3316 3541 3665 3625 intelligitur,
3694 3552 3750 3597 ut

2161 3614 2217 3681 id
2232 3628 2380 3696 quod
2406 3642 2568 3696 supra
2606 3628 2916 3698 specialiter
2939 3630 3006 3683 de
3028 3630 3447 3687 circumcisione

2161 3728 2247 3772 rat
2276 3719 2462 3773 dicens
2489 3736 2504 3779 ;
2533 3718 2597 3775 Si
2643 3722 3115 3799 circumcidamini,
3156 3722 3396 3778 Christus
3436 3727 3583 3780 vobis
3625 3729 3749 3781 nihil

2160 3811 2400 3881 prodest,
2442 3826 2585 3865 nunc
2625 3820 2732 3865 tota
2790 3812 2907 3883 lege
2943 3809 3265 3882 generaliter
3301 3818 3748 3886 comprehendat,

2164 3899 2299 3953 nihil
2328 3915 2422 3955 eos
2450 3900 2504 3953 in
2530 3888 2732 3955 Christi
2768 3916 2932 3971 opere
2969 3902 3253 3971 prolicere,
3296 3906 3391 3973 qui
3420 3906 3479 3959 in
3509 3923 3747 3976 quacun-

2163 4005 2267 4060 que
2296 3991 2671 4045 observatione
2707 4006 2765 4046 se
2801 3993 3129 4047 crediderint
3161 3994 3547 4063 justiﬁcandos
3576 3996 3751 4054 diceti-

2164 4083 2231 4136 do
2259 4100 2271 4134 :
2304 4081 2361 4135 Si
2391 4097 2518 4151 ergo
2547 4083 2601 4136 in
2626 4082 2743 4152 lege
2778 4097 2929 4152 spem
2970 4085 3189 4154 ponitis,
3234 4084 3513 4141 inﬁrmam
3552 4087 3749 4161 Christi

2164 4175 2391 4244 gratiam
2415 4174 2691 4244 judicatis,
2718 4186 2775 4230 et
2803 4176 2946 4245 quod
2975 4178 3142 4247 gratis
3164 4178 3279 4247 jam
3300 4180 3614 4248 accepistis,
3641 4190 3751 4235 tan-

2164 4277 2327 4331 quam
2352 4278 2459 4318 non
2489 4264 2772 4331 habentes,
2806 4266 3040 4335 propriis
3069 4266 3232 4322 vultis
3258 4266 3545 4323 laboribus
3586 4271 3751 4340 adipi-

2165 4353 2263 4406 sci.
2302 4352 2549 4408 Nondum
2587 4362 2769 4409 autem
2814 4365 2935 4410 erat
2971 4355 3194 4422 factum,
3219 4356 3315 4411 sed
3340 4358 3475 4427 quia
3505 4360 3749 4415 voluntas

482 4429 698 4499 Moysen
730 4428 785 4481 in
814 4426 928 4495 lege
955 4423 1205 4493 praecepit
1233 4438 1340 4477 non
1378 4420 1551 4475 solum
1570 4416 2059 4521 circumsisimiem,
2086 4437 2139 4498 Β
2164 4444 2368 4498 moveri
2420 4454 2677 4513 (mperat,
2719 4446 2794 4500 ua
2828 4446 3102 4516 plerisque
3137 4416 3275 4503 lo'cis
3313 4416 3563 4519 101mm“.
3603 4453 3750 4521 quasi

484 4517 577 4572 sed
602 4524 658 4570 et
684 4516 786 4570 alia
815 4514 983 4568 multa
1020 4511 1353 4567 observanda
1391 4508 1672 4565 constituit
1704 4523 1717 4558 :
1747 4506 1865 4560 dies
1896 4505 2063 4561 festos

484 4605 869 4675 Hierosolymis
917 4602 1367 4673 frequentandos,
1414 4601 1711 4654 hostiarum
1750 4598 2066 4652 holocausta

486 4710 643 4750 mane
672 4710 885 4764 semper
907 4701 961 4747 et
986 4707 1228 4763 vespere,
1258 4689 1679 4744 immolationem
1716 4688 1770 4742 in
1806 4704 1915 4742 uno
1948 4694 2069 4741 tan-

486 4792 599 4839 tum
629 4784 767 4847 loco,
806 4783 1311 4852 quinquagesimum
1358 4778 1696 4834 remissionis
1741 4792 1965 4837 annum.
2014 4784 2070 4830 et

485 4880 699 4935 caetera,
724 4885 845 4939 quin
884 4869 1036 4923 facile
1066 4875 1151 4923 est
1185 4869 1248 4923 de
1287 4866 1582 4936 Scripturis
1624 4880 1917 4934 excerpere
1966 4864 2068 4918 sibi

486 4977 919 5033 unumquemque
944 4962 1217 5017 lectorem.
1258 4962 1443 5030 Itaque
1482 4961 1885 5023 cohortabimur
1912 4959 2071 5013 Ebio—

488 5070 632 5118 nem,
660 5062 715 5109 et
734 5060 1029 5109 sectatores
1049 5051 1185 5120 ejus,
1213 5053 1303 5123 qui
1336 5060 1457 5122 post
1478 5051 1823 5120 Evangelium
1844 5051 2069 5105 creden-

488 5152 569 5199 tes
613 5144 667 5198 in
713 5143 930 5198 Christo
964 5142 1428 5198 circumcidendos
1467 5150 1679 5210 putant,
1728 5147 1785 5194 ut
1823 5148 1915 5193 aut
1960 5140 2068 5193 cir-

488 5235 873 5290 cumcisionem
900 5232 1124 5297 iaciant,
1157 5241 1211 5286 et
1236 5240 1430 5287 caetera
1455 5247 1575 5302 qua:
1602 5230 1989 5300 praecipiuntur
2016 5230 2069 5283 in

488 5328 635 5398 lege;
665 5333 758 5380 aut
778 5326 823 5379 si
852 5323 1187 5395 impossibile
1213 5332 1297 5379 est
1315 5331 1509 5377 cuncta
1530 5322 1671 5387 ﬁeri,
1693 5328 1869 5377 cesset
1888 5328 1943 5375 et
1965 5320 2071 5374 cir-

490 5416 769 5483 cumcisio,
802 5430 922 5484 qua:
964 5415 1176 5470 caeteris
1204 5414 1360 5484 quasi
1404 5414 1609 5469 inutilis
1643 5402 1922 5484 praemissa
1964 5420 2065 5467 est.

487 5500 640 5571 Quod
666 5505 713 5558 si
740 5504 1115 5574 responderint
1137 5488 1413 5573 possibilia
1442 5509 1651 5557 tantum
1677 5503 1872 5558 debere
1902 5516 1959 5557 se
1984 5501 2067 5555 fa-

488 5608 614 5649 cere
641 5593 770 5665 (non
796 5594 943 5649 enim
973 5594 1143 5649 Deum
1176 5610 1240 5649 ea
1274 5610 1304 5649 a
1346 5595 1502 5650 nobis
1543 5595 1759 5666 exigere
1798 5607 1922 5664 qua!
1961 5609 2067 5649 non

492 5698 793 5753 possumus,
818 5686 912 5741 sed
958 5701 1076 5754 quae
1106 5700 1389 5755 possumus
1418 5685 1683 5756 implere),
1716 5686 1955 5741 dicemus
1989 5686 2067 5741 eis

2163 4534 2275 4603 jam
2300 4535 2503 4591 factum
2531 4538 2620 4592 sit.

2242 4692 2354 4746 Nos
2374 4695 2511 4746 enim
2542 4693 2726 4763 spiritu
2748 4709 2813 4748 ex
2833 4693 2938 4763 ﬁde
2958 4710 3099 4765 spem
3113 4693 3340 4764 justitia:
3366 4706 3747 4765 exspectamus.

2171 4784 2431 4855 Spiritum
2455 4785 2521 4838 ad
2552 4787 2954 4841 distinctionem
2979 4786 3174 4840 litterae
3197 4786 3393 4856 posuit.
3435 4786 3576 4855 Spes
3601 4788 3752 4857 justi-

2170 4876 2258 4929 tia:
2294 4874 2539 4929 Christus
2574 4875 2976 4946 intelligendus;
3009 4875 3134 4944 quia
3155 4876 3269 4944 ipse
3289 4882 3373 4929 est
3392 4877 3633 4941 veritas,
3659 4894 3749 4947 pa—

2171 4966 2381 5045 tientia,
2406 4980 2548 5034 spes,
2569 4965 2799 5035 justitla,
2826 4980 3016 5019 omnes
3042 4965 3270 5019 virtutes
3297 4984 3308 5018 :
3333 4964 3492 5033 cujus
3534 4983 3637 5022 nos
3674 4983 3753 5023 se-

2170 5059 2403 5112 cundum
2442 5067 2819 5126 exspectamus
2857 5056 3145 5110 adventum
3175 5072 3281 5125 quo
3304 5056 3653 5125 judicaturns
3676 5069 3753 5114 est

2171 5145 2370 5209 omnia,
2395 5154 2447 5199 et
2472 5142 2587 5211 jam
2616 5160 2739 5199 ’non
2776 5146 3055 5215 patientia,
3097 5146 3191 5200 sed
3226 5146 3436 5216 justitia
3467 5146 3751 5201 adfuturus

2170 5242 2231 5288 ut
2255 5235 2441 5289 reddat
2471 5234 2761 5302 unicuique
2785 5233 3081 5289 secundum
3109 5249 3275 5304 opera
3298 5250 3415 5289 sua.
3456 5235 3628 5305 Cujus
3648 5236 3750 5291 diei

2169 5324 2510 5393 praesentiam
2536 5322 2844 5391 Apostolus,
2868 5332 2921 5377 et
2938 5324 3029 5393 qui
3060 5324 3109 5379 ei
3148 5334 3275 5378 sunt
3314 5325 3521 5379 similes
3555 5342 3754 5395 exspe-

2171 5419 2381 5467 ctantes
2422 5411 2593 5476 aiunt,
2641 5412 2895 5465 Adveniet
2940 5429 3152 5481 regnum
3203 5422 3350 5466 tuum
3394 5412 3615 5484 (Matth.
3652 5414 3729 5483 rx)

2173 5500 2244 5556 Ut
2272 5516 2396 5558 cum
2423 5500 2590 5555 Filius
2611 5500 2722 5555 Deo
2750 5511 2805 5556 et
2833 5501 2977 5555 Patri
3006 5503 3288 5557 tradiderit
3314 5519 3565 5574 regnum,
3604 5514 3663 5558 et
3697 5506 3751 5558 in

2171 5590 2428 5660 subjectis
2456 5590 2705 5646 omnibus
2745 5590 2905 5647 fuerit
2932 5600 2985 5646 et
3008 5593 3122 5662 ipse
3147 5592 3440 5661 subjectus.
3480 5592 3634 5649 Tunc
3661 5609 3751 5649 ca-

2172 5693 2267 5754 put
2296 5682 2608 5754 subjiciatur
2633 5685 3024 5754 quodammodo
3060 5694 3113 5739 et
3148 5687 3379 5756 corpori,
3412 5695 3466 5741 et
3502 5687 3572 5740 sit
3609 5686 3748 5741 Deus
