3906 6312
130 354 245 408 895

1082 354 1333 408 ENARR.
1371 354 1438 410 ΙΝ
1474 354 1692 411 EPIST.
1730 353 1796 409 D.
1838 353 2041 411 PAULI
2081 353 2171 408 AD
2209 354 2458 411 GALAT.

3294 363 3400 420 895

127 465 323 520 omnia
351 467 404 519 in
433 463 699 519 omnibus.
741 462 875 530 Quia
910 464 1001 534 qui
1041 480 1183 519 nunc
1215 473 1301 520 est
1332 480 1399 520 ex
1436 475 1591 537 parte
1626 480 1723 536 per
1748 475 1803 535 Α
1900 462 2003 529 Qui
2040 474 2213 518 autem
2250 467 2526 519 conturbat
2558 485 2662 532 ros,
2705 472 2933 539 portabit
2964 471 3247 541 judicium,
3291 477 3411 546 qui-

127 554 403 627 singulos,
428 563 555 609 tunc
577 554 793 622 incipiet
819 562 962 609 totus
988 569 1106 610 esse
1134 570 1231 625 per
1256 564 1478 611 cunctos
1512 570 1527 611 :

212 665 359 719 Nam
388 666 443 719 in
465 662 671 719 Christo
692 663 821 719 Iesu
851 681 1013 734 neque
1043 664 1371 717 circumcisio
1399 663 1599 734 aliquid
1632 681 1721 717 va-

130 756 228 823 let,
256 774 416 827 neque
442 757 773 827 prteputium,
806 756 896 809 sed
937 755 1092 822 ﬁdes,
1129 771 1246 824 qua’
1283 771 1374 823 per
1412 756 1719 808 charitatem

130 857 405 917 operatur.
446 847 540 902 His
573 848 663 915 qui
696 848 749 899 in
777 844 992 899 Christo
1018 843 1145 899 Jesu
1176 844 1364 898 volunt
1385 842 1583 906 vivere,
1611 844 1719 896 vir-

130 946 284 995 tutes
325 940 635 1010 appetenda:
674 943 828 999 sunt,
879 936 1009 989 vitia
1057 934 1327 1005 fugienda.
1373 933 1543 988 Media
1589 949 1717 989 vero

126 1045 257 1099 quae
293 1030 433 1083 inter
462 1029 689 1081 virtutes
717 1035 769 1080 et
795 1026 921 1079 vitia
965 1034 1111 1089 sunt,
1156 1040 1255 1080 nec
1300 1023 1549 1093 fugienda
1593 1030 1719 1077 sunt

126 1136 238 1174 nec
267 1118 586 1189 appetenda,
611 1125 669 1171 ut
699 1115 1056 1178 circumcisio,
1089 1122 1144 1168 et
1169 1113 1511 1183 praeputium,
1542 1120 1597 1168 et
1619 1126 1718 1166 cae-

129 1222 254 1266 tera
292 1212 376 1265 his
405 1210 620 1264 similia.
658 1206 998 1262 Circumcisio
1036 1205 1245 1275 quidem
1283 1204 1514 1274 prodest,
1557 1204 1603 1257 si
1644 1202 1714 1255 le—

123 1317 247 1371 gem
277 1302 574 1363 custodias;
597 1313 717 1368 qure
747 1298 949 1351 idcirco
976 1294 1121 1348 utilis
1151 1292 1253 1347 fuit
1279 1294 1363 1347 his
1388 1293 1480 1362 qui
1513 1292 1567 1345 in
1598 1291 1715 1362 lege

123 1394 411 1457 vixerunt,
448 1406 553 1445 non
584 1391 705 1459 quia
733 1386 1040 1443 circumcisi
1068 1394 1244 1450 erant,
1272 1384 1367 1439 sed
1388 1384 1513 1453 quia
1541 1382 1715 1438 credi-

120 1494 181 1538 ta
211 1491 338 1538 sunt
364 1483 467 1536 illis
489 1480 700 1550 eloquia
725 1480 836 1541 Dei,
861 1494 981 1547 quae
1004 1478 1059 1531 in
1087 1492 1250 1547 opera
1271 1484 1549 1532 vertentes
1572 1491 1602 1529 a
1622 1490 1712 1531 sa-

119 1572 242 1626 lute
268 1571 508 1632 extranei
535 1585 641 1624 non
672 1567 909 1621 fuerunt.
952 1567 1031 1620 Ex
1061 1581 1126 1621 eo
1155 1566 1418 1634 siquidem
1449 1573 1709 1634 tempore,

116 1678 237 1733 quo
258 1661 603 1731 Evangelium
638 1659 693 1713 in
730 1666 842 1713 toto
876 1657 1008 1712 orbe
1037 1656 1285 1722 radiavit,
1319 1653 1585 1725 superﬂua
1627 1662 1712 1709 est

115 1754 557 1811 circumcisionis
583 1749 800 1819 injuria,
834 1766 953 1819 qua:
987 1758 1135 1815 tunc,
1165 1759 1223 1803 ut
1258 1757 1453 1803 czetera
1496 1761 1708 1817 quoque

114 1845 281 1914 legis,
305 1843 489 1906 valuit,
519 1842 733 1912 quando
755 1848 811 1895 et
834 1839 1237 1894 benedictiones
1263 1837 1511 1891 carnales
1536 1837 1708 1907 legem
1736 1840 1783 1899 B

114 1935 465 1991 servantibus
502 1932 921 2001 spondebantur.
960 1930 1114 1997 Quod
1138 1930 1357 1985 scilicet
1400 1929 1446 1983 si
1490 1928 1708 1997 imples-

114 2030 247 2078 sent
289 2038 429 2087 eam,
468 2020 740 2077 benedicti
771 2028 952 2076 essent
994 2020 1047 2074 in
1085 2020 1322 2084 civitate,
1360 2017 1625 2073 benedicti
1653 2017 1706 2069 in

114 2131 276 2185 agro,
297 2114 454 2183 plena
481 2114 744 2169 haberent
768 2114 984 2177 horrea,
1009 2120 1064 2166 et
1092 2111 1256 2164 multa
1288 2110 1392 2162 alia
1412 2124 1532 2178 qua:
1556 2108 1607 2160 in
1627 2122 1709 2162 re-

111 2205 569 2275 promissionibus
611 2204 955 2258 continentur
977 2200 1181 2271 (Deut.,
1212 2198 1421 2268 xxvm).
1455 2196 1564 2250 Nos
1612 2211 1707 2249 au-

115 2282 235 2351 tem
265 2298 319 2350 in
354 2295 571 2350 Christo
607 2293 735 2348 Jesu
762 2293 943 2348 valere
981 2292 1227 2347 volumus
1249 2330 1263 2354 ,
1295 2298 1350 2344 et
1386 2289 1703 2355 confortari,

115 2386 177 2440 id
217 2395 320 2450 est,
347 2386 401 2439 in
445 2400 573 2439 vera
608 2382 1039 2445 circumcisione,
1066 2389 1119 2443 et
1144 2395 1248 2434 non
1286 2379 1704 2434 circumcisione

115 2473 368 2529 Judaica.
396 2474 575 2544 Neque
596 2473 730 2527 enim
771 2472 859 2542 qui
887 2472 942 2526 in
967 2480 1145 2541 aperto
1168 2466 1392 2523 Juda’us
1421 2479 1515 2533 est,
1543 2484 1705 2538 neque

108 2564 399 2632 manifesta
427 2565 482 2616 in
512 2578 669 2616 carne
695 2560 1043 2623 circumcisio,
1080 2557 1169 2613 sed
1192 2560 1245 2611 in
1274 2558 1575 2611 abscondito
1603 2556 1704 2610 Ju-

110 2656 294 2719 dteus,
341 2664 388 2707 et
426 2653 754 2708 circumcisio
793 2652 963 2705 cordis
1005 2652 1061 2704 in
1104 2652 1311 2720 spiritu,
1360 2667 1464 2703 non
1506 2650 1699 2704 littera.

107 2744 265 2799 Nihil
309 2744 489 2813 itaque
520 2742 741 2813 prodest
779 2742 831 2795 in
859 2740 1074 2795 Christo
1120 2740 1299 2795 carnis
1337 2739 1700 2803 circumcisio,

106 2836 215 2891 sed
254 2835 434 2890 cordis
463 2842 519 2890 et
548 2835 757 2888 aurium
800 2848 919 2902 quae
957 2831 1136 2887 aufert
1180 2830 1308 2886 illud
1351 2830 1700 2901 opprobrium

103 2927 449 2982 Iudaeorum.

181 3035 486 3089 Currebatis
510 3034 654 3098 bene,
674 3032 789 3104 quis
816 3049 903 3087 vos
931 3032 1197 3102 impedivit
1226 3030 1429 3084 ueritati
1454 3046 1568 3101 non
1588 3029 1701 3082 obe-

102 3126 265 3179 dire?
295 3124 497 3178 Sensus
523 3122 625 3176 iste
648 3130 747 3176 est.
788 3120 923 3175 Cum
947 3120 1110 3191 igitur
1140 3120 1453 3185 curreretis,
1478 3119 1697 3174 veritati

101 3214 290 3282 magis
313 3227 473 3281 quam
501 3210 825 3281 imaginibus
866 3211 1163 3264 servientes
1203 3225 1233 3263 a
1274 3224 1380 3278 quo
1418 3209 1697 3278 praepediti

103 3306 334 3360 doctore
358 3317 613 3373 perverso
633 3304 876 3358 umbram
900 3301 1036 3369 legis
1050 3299 1359 3369 sequimini,
1383 3306 1439 3353 et
1458 3298 1699 3369 Evange-

102 3394 166 3448 lii
194 3392 500 3461 relinquitis
526 3390 852 3447 veritatem?
1478 3386 1484 3393 ’

181 3499 469 3555 Persuasio
498 3500 608 3554 lucc
644 3515 746 3553 non
787 3507 952 3552 estea:
981 3514 1040 3551 eo
1077 3498 1165 3567 qui
1196 3496 1391 3551 vocavit
1428 3512 1535 3550 vos.
1567 3493 1697 3549 Per-

100 3593 424 3647 suasionem
445 3592 603 3645 istam
631 3605 737 3644 non
764 3589 899 3644 dicit
924 3589 1017 3642 Dei
1058 3602 1198 3652 esse,
1236 3587 1330 3641 sed
1371 3601 1560 3640 eorum
1603 3585 1695 3654 qui

102 3684 238 3739 talia
265 3683 598 3737 asserebant.
655 3682 783 3736 Haec
817 3681 961 3735 enim
993 3680 1173 3735 suasio
1199 3678 1434 3734 carnalis
1461 3685 1564 3742 est,
1607 3677 1694 3731 ille

98 3781 292 3827 autem
321 3771 374 3825 in
404 3769 707 3825 libertatem
734 3769 966 3825 vocavit.
1009 3768 1265 3822 Hortatur
1292 3781 1419 3837 ergo
1446 3781 1541 3820 eos
1580 3764 1696 3819 nul-

99 3864 220 3915 lum
262 3875 450 3915 eorum
496 3859 683 3913 audire
713 3859 930 3924 debere,
971 3859 1061 3927 qui
1088 3857 1154 3911 ad
1182 3856 1300 3912 illos
1324 3855 1608 3910 veniebant
1637 3862 1695 3908 ut

98 3954 212 4007 ista
248 3951 555 4006 suaderent.
600 3949 866 4003 Modicum
909 3950 1218 4019 fermentum
1267 3956 1428 4001 totam
1464 3964 1691 4000 massam

96 4042 397 4111 corrumpit
448 4039 501 4110 (Ι
527 4038 649 4093 Cor.
681 4038 757 4109 v).
813 4037 891 4093 Ne
929 4039 1050 4107 quis
1096 4039 1321 4102 diceret,
1363 4037 1472 4092 Cur
1505 4051 1693 4091 omnes

97 4131 360 4200 corripis,
391 4131 513 4185 dum
546 4145 650 4183 non
675 4144 863 4185 omnes
885 4130 1231 4183 erraverint?
1270 4128 1517 4197 praedicit
1550 4128 1692 4196 quod

98 4221 379 4276 modicum
407 4220 624 4274 malitiae
666 4219 988 4274 fermentum
1029 4229 1195 4273 totam
1228 4220 1399 4289 possit
1426 4218 1678 4281 Ecclesia:

98 4324 344 4365 massam
367 4324 733 4378 corrumpere.
787 4307 961 4362 Nolite
988 4318 1179 4377 putare
1198 4322 1490 4376 paucorum
1517 4307 1688 4361 homi-

94 4413 254 4463 num,
287 4398 378 4466 qui
413 4398 478 4452 de
501 4397 683 4451 Iudaea
711 4398 986 4451 venientes
1022 4397 1164 4451 aliud
1203 4400 1414 4462 docent,
1467 4399 1688 4453 insidias

1824 570 2023 625 cunque
2046 564 2120 609 est
2159 554 2266 609 ille.
2307 554 2549 622 Occulte,
2596 559 2864 627 inquiunt,
2916 560 3138 617 Petrum
3182 564 3405 632 lacerat,

1821 646 1908 698 cui
1934 661 2097 715 supra
2121 645 2174 699 in
2201 645 2335 701 facie
2358 647 2620 702 restitisse
2646 663 2703 703 se
2727 652 2933 717 scribit,
2958 653 3100 722 quod
3128 670 3234 709 non
3256 666 3408 712 recto

1819 735 1953 803 pede
1980 736 2255 791 incederet
2277 738 2341 791 ad
2373 738 2647 809 Evangelii
2676 742 2979 808 veritatem,
3012 744 3106 800 sed
3133 762 3233 801 nec
3267 746 3407 801 Pau-

1818 821 1901 876 lus
1930 831 2039 875 tam
2064 824 2281 892 proca-ci
2322 825 2606 882 maledicto
2644 830 2710 883 de
2750 829 3007 886 Ecclesiae
3044 835 3288 904 principe
3317 836 3401 891 lo-

1817 922 2093 981 queretur,
2120 929 2221 969 nec
2247 914 2436 971 Petrus
2456 917 2649 988 dignus
2675 921 2766 989 qui
2793 916 3126 978 conturbatus
3150 926 3403 982 Ecclesiae

1818 1021 1943 1060 reus
1974 1005 2145 1061 ﬁeret.
2185 1007 2265 1061 Ex
2295 1023 2402 1077 quo
2430 1010 2798 1065 arhitrandum
2829 1020 2912 1067 est
2936 1013 3001 1068 de
3031 1015 3136 1069 alio
3164 1018 3398 1084 quodam

1816 1096 1942 1159 dici,
1974 1096 2065 1165 qui
2093 1106 2186 1151 aut
2208 1113 2330 1152 cum
2355 1100 2607 1167 apostolis
2634 1100 2829 1167 fuerat,
2871 1111 2965 1156 aut
2997 1102 3063 1156 de
3092 1104 3274 1159 Judaea
3307 1122 3398 1161 ve-

1816 1193 1988 1249 nerat,
2035 1196 2127 1240 aut
2162 1202 2229 1241 ex
2261 1186 2548 1242 Pbarisaais
2590 1190 2913 1255 crediderat,
2964 1200 3059 1245 aut
3102 1202 3248 1248 certe
3284 1211 3399 1249 ma-

1816 1291 1953 1346 gnus
1980 1276 2051 1329 sit
2075 1277 2216 1344 apud
2239 1275 2460 1331 Galatas
2485 1279 2802 1343 testimatus,
2834 1289 2893 1335 ut
2920 1291 3099 1350 portet
3130 1283 3394 1352 judicium

1816 1364 2069 1419 Ecclesia:
2110 1366 2464 1426 conturbatus,
2518 1368 2825 1436 quicunque
2868 1378 2953 1423 est
3002 1370 3109 1425 ille.
3172 1372 3397 1428 Turbati

1813 1467 1941 1524 ergo
1969 1453 2183 1508 fuerant
2211 1454 2411 1510 Galatae
2440 1457 2583 1509 inter
2624 1458 2877 1525 spiritum
2916 1467 2970 1512 et
3005 1459 3261 1526 litteram,
3293 1462 3401 1515 cir-

1812 1544 2216 1609 cumcisionem,
2263 1553 2313 1599 et
2359 1547 2723 1601 concisionem
2760 1547 3093 1602 Judaismum
3123 1552 3393 1606 occultum

1812 1630 1875 1687 et
1892 1632 2257 1699 manifestum,
2284 1637 2411 1705 quid
2434 1646 2656 1707 agerent
2678 1639 3007 1709 ignorantes.
3051 1642 3271 1697 Brevius
3302 1660 3397 1696 au-

1811 1731 1921 1777 tem
1947 1730 2002 1776 et
2026 1724 2103 1777 sic
2132 1722 2303 1793 accipi
2329 1733 2509 1794 potest
2535 1744 2547 1778 :
2574 1725 2890 1795 Quicunque
2919 1735 3001 1781 est
3038 1728 3127 1781 ille
3167 1730 3259 1797 qui
3298 1746 3395 1785 vos

1812 1812 1878 1867 ad
1914 1812 2309 1869 Pharisazorum
2347 1815 2649 1870 doctrinam
2694 1816 2883 1879 trahit,
2929 1824 2983 1871 et
3026 1817 3301 1872 desiderat
3342 1820 3395 1873 in

1811 1917 1974 1957 carne
2011 1903 2345 1969 circumcidi,
2382 1906 2628 1972 quamvis
2671 1906 2741 1959 sit
2784 1905 3061 1974 eloquens,
3096 1915 3149 1960 et
3180 1908 3233 1960 in
3263 1907 3396 1977 legis

1808 1991 2151 2047 ordinatione
2180 2006 2237 2046 se
2257 1991 2493 2059 jactitet,
2535 1994 2668 2047 nihil
2712 1994 2940 2063 amplius
2972 1993 3116 2059 dico,
3158 1997 3260 2050 nisi
3290 1998 3395 2053 hoc

1809 2083 1951 2149 quod
1987 2083 2149 2135 etiam
2180 2098 2277 2138 vos
2306 2084 2541 2138 abnuere
2566 2101 2673 2138 non
2697 2088 2946 2154 potestis,
2988 2087 3127 2154 quod
3159 2088 3397 2155 portabit

1807 2184 1906 2237 pro
1925 2170 2027 2224 hoc
2054 2187 2216 2240 opere
2235 2172 2517 2241 judicium,
2543 2180 2597 2227 et
2621 2184 2981 2243 consequetur
2998 2191 3096 2243 pro
3123 2190 3223 2230 suo
3245 2175 3395 2229 labo—

1810 2276 1868 2315 re
1893 2264 2217 2317 mercedem.
2258 2263 2358 2330 Qui
2385 2265 2511 2319 dum
2530 2265 2729 2319 vellent
2756 2267 2913 2319 istam
2937 2266 3252 2321 servitutem
3276 2281 3397 2335 per—

1808 2353 2036 2407 suadere
2080 2362 2134 2407 et
2178 2354 2424 2409 viderent
2463 2369 2557 2409 eos
2606 2354 2755 2409 Pauli
2795 2356 3022 2425 apostoli
3070 2356 3393 2410 auctoritate

1805 2445 2071 2509 revocari,
2107 2446 2348 2500 dicerent
2387 2446 2548 2499 etiam
2585 2448 2759 2515 ipsum
2807 2447 3025 2500 Paulum
3072 2447 3124 2500 id
3167 2446 3387 2510 sentire,

1806 2532 1900 2586 sed
1928 2548 2035 2586 non
2070 2533 2150 2587 eis
2171 2532 2327 2588 facile
2356 2534 2567 2603 aperire
2594 2534 2849 2600 voluisse,
2880 2535 3204 2589 sententiam
3233 2549 3387 2588 suam

1804 2632 2104 2694 opportune
2135 2626 2382 2696 subjecit.

1874 2713 1987 2784 Ego
2023 2723 2219 2779 autem,
2253 2715 2463 2783 fratres,
2497 2716 2542 2769 si
2575 2717 3022 2771 circumcisionem
3046 2716 3217 2769 adhuc
3245 2732 3385 2786 prte-

1803 2802 1942 2867 dico,
1973 2804 2100 2873 quid
2139 2805 2311 2857 adhuc
2344 2807 2753 2873 persecutionem
2788 2806 2961 2874 patior
2983 2807 3008 2858 ?
3043 2805 3295 2875 Legimus
3335 2808 3389 2863 in

1800 2892 2026 2947 Actibus
2053 2894 2438 2962 apostolorum,
2466 2903 2521 2950 et
2548 2896 2660 2964 ipse
2683 2910 2896 2964 quoque
2932 2895 3208 2964 apostolus
3250 2895 3392 2949 Pau—

1801 2980 1885 3035 lus
1910 2981 1965 3035 in
2000 2981 2254 3050 Epistolis
2285 2982 2395 3037 suis
2427 2997 2568 3051 saepe
2605 2994 2991 3037 commemorat
3024 2998 3081 3037 se
3121 2998 3150 3036 a
3186 2983 3387 3038 Judatis

1800 3072 2205 3141 persecutiones
2264 3072 2630 3126 creberrimas
2687 3073 3050 3137 sustinuisse,
3106 3082 3387 3143 propterea

1724 3175 1767 3236 ρ
1801 3162 1940 3231 quod
1969 3162 2186 3216 doceret
2206 3177 2299 3217 eos
2319 3163 2411 3230 qui
2436 3163 2501 3216 de
2525 3162 2774 3231 gentibus
2800 3164 3139 3217 crediderant
3160 3164 3211 3216 in
3235 3164 3389 3218 (111τί-

1799 3258 1906 3314 sto,
1940 3266 2047 3304 non
2091 3250 2289 3304 debere
2334 3251 2667 3305 circumcidi.
2718 3251 2784 3305 Hi
2824 3253 3008 3321 itaque
3058 3252 3145 3322 (de
3192 3254 3387 3322 quibus

1798 3356 1957 3409 supra
1982 3342 2076 3407 ait,
2106 3340 2210 3406 Qui
2234 3351 2407 3395 autem
2434 3343 2710 3395 conturbat
2734 3360 2818 3397 vos
2847 3344 3072 3413 portabit
3091 3345 3383 3413 judicium,

1797 3433 2091 3502 quicunque
2136 3439 2211 3484 est
2255 3430 2363 3501 ille)
2395 3440 2454 3485 ut
2482 3432 2794 3501 deciperent
2825 3432 3042 3487 Galatas
3078 3436 3242 3487 etiam
3284 3436 3385 3488 hoc

1797 3519 2064 3573 addebant
2090 3536 2102 3571 :
2126 3518 2241 3573 Non
2262 3519 2434 3574 solum
2459 3518 2655 3573 Petrus
2678 3527 2733 3573 et
2757 3519 3007 3581 Iacobus.
3041 3534 3095 3575 et
3124 3521 3381 3585 Joannes,

1795 3614 1849 3659 et
1880 3607 2061 3659 caeteri
2089 3607 2143 3659 in
2174 3606 2354 3661 iudica
2384 3608 2608 3676 apostoli
2639 3608 3131 3673 circumcisionem,
3179 3619 3233 3663 et
3277 3612 3381 3664 alia

1793 3702 2059 3762 praecepta
2100 3695 2233 3767 legis
2275 3695 2585 3760 observant,
2631 3697 2725 3751 sed
2765 3697 2879 3766 ipse
2914 3712 3128 3767 quoque
3160 3698 3382 3763 Paulus,

1793 3784 1884 3853 qui
1912 3801 2007 3840 vos
2027 3786 2186 3840 aliter
2215 3787 2417 3851 docuit,
2448 3801 2611 3855 quam
2639 3803 2697 3842 se
2725 3790 2801 3843 rei
2828 3789 3027 3843 veritas
3042 3789 3237 3843 .habet.
3286 3790 3380 3843 Ti-

1793 3878 2067 3930 motheum
2105 3877 2464 3941 circumcidit,
2504 3885 2558 3931 et
2596 3876 2793 3933 Judaeis
2824 3877 3137 3947 frequenter
3165 3877 3383 3933 Judaeus

1792 3965 1969 4019 factus
1996 3974 2098 4029 est,
2126 3967 2358 4021 veritate
2381 3976 2624 4036 cogente,
2658 3983 2818 4037 quam
2852 3968 3157 4037 opinionem
3190 3969 3254 4021 de
3280 3968 3383 4023 Gao

1794 4056 2026 4109 latarum
2069 4058 2341 4111 mentibus
2375 4056 2572 4112 Paulus
2612 4073 2754 4112 nunc
2795 4058 2980 4112 volens
3022 4057 3210 4111 tollere
3254 4060 3333 4112 ait
3366 4077 3378 4113 :

1792 4147 1905 4216 Ego
1941 4158 2136 4212 autem,
2168 4148 2375 4216 fratres,
2412 4150 2458 4202 si
2498 4150 2946 4202 circumcisionem
2975 4149 3225 4219 pra'dico,
3254 4150 3381 4219 quid

1791 4238 1965 4291 adhuc
2006 4239 2413 4307 persecutionem
2443 4239 2664 4308 patior?
2712 4240 2903 4305 Omne,
2954 4239 3148 4307 inquit,
3193 4240 3246 4293 in
3294 4254 3382 4293 me

1790 4328 1973 4381 odium
2000 4326 2326 4391 Iudaeorum,
2356 4336 2412 4381 et
2439 4343 2542 4396 qua
2573 4330 2857 4383 adversum
2891 4345 2977 4384 me
3006 4329 3192 4383 furunt
3233 4331 3378 4401 insa-

1792 4417 2004 4491 υἱωνοὶ)
2032 4417 2162 4470 nihil
2187 4416 2329 4470 aliud
2365 4426 2463 4481 est,
2494 4418 2597 4471 nisi
2635 4418 2777 4485 quod
2826 4420 2992 4471 doceo
3041 4428 3228 4487 gentes
3268 4434 3373 4471 non

93 4489 544 4552 contemnendas,
573 4489 697 4557 quia
718 4488 981 4541 modicum
1019 4488 1330 4557 fermentum
1358 4498 1522 4542 totam
1550 4506 1687 4543 mas-

1803 4488 1987 4561 icbere
2014 4507 2350 4571 circumcidi,
2393 4518 2448 4561 et
2489 4507 2623 4578 legis
2652 4523 2816 4562 onera
2860 4509 3151 4578 superflua,
3184 4518 3239 4563 et
3261 4510 3375 4579 jam

92 4596 214 4633 sam
242 4579 547 4649 corrumpit.
588 4578 721 4632 Item
742 4578 898 4633 aliter
923 4580 1026 4634 hoc
1055 4580 1204 4645 dicit,
1234 4580 1360 4648 quia
1380 4580 1505 4643 licet
1526 4583 1681 4650 quip-

95 4674 249 4742 piam
302 4670 434 4742 legis
474 4671 830 4725 admiscentes
876 4670 1017 4733 ﬁdei,
1056 4673 1258 4726 violant
1296 4681 1471 4726 tamen
1502 4673 1680 4739 ﬁdem,

93 4779 164 4817 ne
204 4762 403 4816 habeat
426 4760 678 4825 fructum,
719 4770 809 4815 aut
832 4762 901 4815 sit
924 4762 1290 4830 acceptabilis,
1322 4763 1425 4817 hoc
1452 4764 1570 4818 ideo
1594 4766 1686 4818 ad-

86 4852 247 4922 jecit,
274 4865 343 4904 ne
370 4849 506 4905 forte
532 4851 852 4905 incolumem
875 4866 931 4905 se
958 4860 1209 4920 putarent
1239 4853 1436 4906 habere
1458 4854 1683 4922 gratiam

93 4941 249 5005 fidei,
278 4943 324 4995 si
353 4956 520 5011 pauca
550 4940 683 5011 legis
711 4941 1083 4995 observarent.

164 5032 288 5103 Ego
319 5031 523 5101 conﬁdo
554 5032 608 5085 in
630 5032 768 5085 vobis
789 5032 842 5085 in
868 5030 1109 5096 Domino,
1132 5032 1254 5103 quia
1278 5032 1406 5086 nihil
1429 5033 1577 5086 aliud
1599 5052 1684 5088 sa-

90 5126 273 5193 pietis.
314 5122 607 5177 Providens
634 5122 797 5191 igitur
823 5121 1013 5191 spiritu
1035 5162 1048 5186 ,
1080 5122 1204 5189 quia
1244 5122 1375 5174 nihil
1413 5123 1557 5177 aliud
1594 5138 1683 5177 es-

93 5223 222 5268 sent
248 5212 539 5275 credituri,
570 5211 673 5265 nisi
700 5211 842 5280 quod
867 5226 966 5278 per
992 5210 1283 5280 Epistolam
1324 5211 1684 5276 docebantur,

91 5310 207 5363 ait:
237 5305 355 5374 Ego
382 5304 585 5372 conﬁdo
610 5304 666 5357 in
697 5304 834 5356 vobis
857 5304 912 5357 in
934 5304 1179 5370 Domino,
1209 5303 1347 5375 quod
1375 5305 1504 5357 nihil
1534 5304 1684 5361 aliud

92 5400 337 5469 sapietis.
375 5395 508 5450 Nam
543 5406 598 5451 et
630 5380 831 5451 additio
875 5395 1139 5450 Dominici
1180 5396 1412 5450 nominis
1451 5396 1683 5465 idipsum

93 5489 394 5561 signiﬁcat.
433 5488 491 5542 Si
532 5488 672 5543 enim
712 5503 809 5557 per
844 5484 1209 5554 conjecturam
1238 5487 1339 5541 hoc
1364 5486 1682 5553 :estimabat,

94 5588 351 5652 potuerat
378 5587 587 5633 tantum
616 5580 817 5645 dicere,
848 5578 960 5649 Ego
996 5578 1199 5646 conﬁdo
1238 5579 1292 5632 in
1331 5578 1490 5632 vobis.
1530 5577 1683 5634 Nunc

94 5680 279 5725 autem
318 5684 590 5739 apponens
630 5669 684 5722 in
731 5670 977 5732 Domino,
1017 5668 1199 5723 divino
1248 5670 1477 5739 quodam
1516 5670 1684 5723 conﬁ-

96 5760 229 5817 dens
256 5761 451 5833 spiritu
482 5758 621 5831 quod
653 5759 891 5814 futurum
925 5767 1251 5830 cognoverat
1286 5761 1639 5830 prophetarit.

1788 4597 1987 4651 abolita
2018 4596 2306 4650 custodire.
2351 4595 2483 4651 Cum
2512 4605 2689 4651 autem
2715 4600 3145 4666 persecutionem
3174 4600 3373 4669 patior,

1787 4685 2133 4741 manifestum
2174 4694 2259 4741 est
2292 4702 2379 4741 me
2415 4687 2886 4742 circumcisionem
2932 4704 3038 4742 non
3080 4689 3375 4757 praedicare

1785 4789 1948 4844 quam
1980 4775 2217 4829 destruo.
2262 4773 2379 4828 Non
2419 4775 2562 4827 enim
2599 4783 2708 4828 tam
2738 4778 3170 4845 persecutionem
3198 4776 3375 4846 patior

1787 4878 1817 4915 a
1842 4862 2044 4916 Iudaeis
2071 4863 2193 4930 quia
2218 4862 2448 4932 praedico
2470 4862 2811 4925 cruciﬁxum,
2841 4871 2895 4916 et
2920 4862 3103 4917 Jcsum
3135 4879 3255 4917 esse
3284 4864 3367 4916 di-

1788 4968 1851 5006 co
1878 4951 2187 5017 Christum,
2227 4968 2387 5021 quem
2435 4953 2519 5006 lex
2565 4961 2619 5007 et
2658 4956 2934 5023 prophetas
2976 4955 3372 5024 praenuntiave-

1785 5049 1929 5105 runt,
1962 5057 2123 5111 quam
2162 5044 2284 5112 quia
2331 5044 2497 5097 doceo
2544 5043 2715 5114 legem
2762 5060 2882 5099 esse
2919 5045 3276 5114 completam:
3303 5062 3368 5116 ac

1783 5146 1882 5200 per
1910 5132 2012 5185 hoc
2046 5133 2122 5185 illi
2164 5134 2364 5186 inimici
2402 5142 2526 5188 sunt
2553 5135 2733 5188 crucis
2760 5135 2894 5203 ejus,
2929 5136 3019 5204 qui
3055 5150 3151 5204 per
3191 5136 3364 5208 legem

1784 5220 1970 5273 dicunt
1991 5235 2108 5274 esse
2128 5220 2417 5287 justitiam,
2446 5237 2552 5276 non
2584 5238 2683 5292 per
2712 5225 2944 5292 gratiam
2974 5224 3117 5279 fidei.

1858 5307 2069 5362 Utinam
2092 5320 2138 5363 et
2166 5311 2558 5376 abscinduntur,
2589 5314 2678 5383 qui
2702 5330 2790 5367 vos
2826 5315 3156 5367 conturbant.
3213 5314 3368 5381 Quae.

1768 5399 1937 5461 “ritur,
1964 5401 2231 5468 quomodo
2255 5400 2452 5454 Paulus
2478 5402 2771 5472 discipulus
2800 5405 2916 5474 ejus
2938 5404 3031 5475 qui
3071 5406 3225 5471 dicit,
3263 5405 3368 5460 Be-

1784 5489 2004 5543 nedicite
2034 5490 2455 5545 maledicentibus
2494 5492 2630 5545 vobis
2682 5492 2836 5561 (Luc.
2878 5493 2990 5565 Vt);
3042 5505 3096 5550 et
3143 5496 3257 5563 ipse
3285 5493 3368 5549 lo-

1784 5593 1975 5649 quens,
2006 5578 2303 5634 Benedicite
2330 5589 2378 5635 et
2409 5580 2567 5635 nolite
2594 5582 2905 5639 maledicere
2936 5584 3116 5655 (Rom.
3148 5585 3245 5655 xu)
3270 5600 3284 5648 ;
3312 5591 3369 5639 et

1787 5669 1839 5722 in
1869 5669 1975 5724 alio
2000 5670 2137 5737 loco,
2177 5669 2356 5741 Neque
2380 5671 2621 5727 maledici
2655 5691 2870 5744 regnum
2901 5675 2996 5728 Dei
3026 5674 3364 5744 possidebunt

1785 5759 1835 5832 (1
1864 5758 1982 5814 Cor.
2006 5762 2122 5834 in);
2158 5778 2297 5818 nunc
2318 5772 2372 5818 et
2388 5762 2727 5819 maledixerit
2753 5766 2829 5821 cis
2854 5766 2943 5835 qui
2967 5764 3236 5822 Ecclesias
3258 5763 3362 5819 Ga-
