3906 6334
547 367 655 423 895

1623 362 1900 424 CLAUDII
1941 364 2406 422 TAURINENSIS
2445 364 2752 422 EPISCOPI
3726 364 3806 420 896

543 483 688 536 latiae
722 481 1139 546 conturbabant,
1178 489 1234 536 et
1261 495 1382 536 cum
1409 483 1645 551 optantis
1681 492 1807 539 voto
1835 484 2128 538 maledixe—
2155 484 2206 542 A
2235 487 2383 535 tanta
2421 487 2524 546 est,
2566 490 2624 534 ut
2651 496 2847 535 nomen
2881 494 2945 535 eo
2985 495 3156 549 usque
3178 479 3484 535 extollatur
3533 489 3596 533 ut
3635 487 3687 532 et
3720 479 3809 549 ipse

544 571 617 625 rit
660 589 672 623 :
716 569 930 624 Utinam
987 581 1036 624 et
1093 571 1471 625 abscinduntur
1512 575 1603 643 qui
1649 591 1736 627 vos
1791 574 2123 628 conturbant.

544 663 678 718 Tam
708 664 852 718 enim
895 662 1211 718 detestanda
1241 664 1562 719 abscisionis
1605 673 1688 718 est
1729 666 1933 733 passio,
1968 673 2028 718 ut
2077 674 2132 720 et

541 754 637 823 qui
665 754 864 808 invitus
893 768 1013 807 eam
1044 753 1307 817 intulerit,
1336 754 1542 823 legibus
1568 755 1798 823 publicis
1821 756 2078 825 puniatur
2113 775 2126 809 :

540 850 595 896 et
634 842 726 911 qui
773 842 1010 910 seipsum
1058 842 1378 896 castraverit
1416 842 1640 896 insanus
1687 844 1980 906 habeatur;
2022 859 2132 898 non

541 938 771 996 tantum,
803 932 996 999 inquit,
1029 931 1508 996 circumcidantur,
1532 933 1626 987 sed
1646 941 1701 986 et
1721 933 2130 987 abscindantur.

544 1017 635 1073 Sic
673 1021 817 1072 enim
859 1020 990 1074 ﬁent
1030 1022 1298 1089 spadones
1331 1029 1550 1090 propter
1588 1037 1810 1092 regnum
1846 1023 2128 1088 cmlorum,

541 1117 599 1162 et
624 1109 858 1162 carnalia
889 1111 1163 1164 seminare
1190 1111 1494 1164 cessabunt.
1551 1109 1777 1165 Videbat
1812 1112 2011 1180 quippe
2050 1121 2134 1166 to-

545 1204 654 1248 tam
681 1198 1032 1265 provinciam,
1060 1213 1223 1266 quam
1256 1198 1370 1265 ipse
1403 1214 1501 1252 suo
1538 1200 1798 1271 sanguine
1832 1206 1888 1253 et
1917 1199 2132 1268 pericu-

543 1286 610 1338 lis
647 1285 716 1339 ab
755 1285 1060 1338 idololatria
1089 1284 1156 1338 ad
1188 1284 1387 1339 Christi
1413 1287 1722 1339 traduxerat
1746 1285 1926 1352 ﬁdem,
1955 1287 2132 1341 subita

542 1376 897 1446 persuasione
929 1376 1219 1437 turbatam,
1267 1385 1322 1429 et
1367 1376 1552 1430 dolore
1601 1377 1917 1446 apostolico,
1949 1377 2134 1432 dolore

541 1465 712 1534 patris
735 1479 792 1517 se
815 1472 999 1518 tenere
1023 1480 1127 1522 non
1150 1473 1380 1534 poterat.
1430 1465 1672 1519 Mutabat
1698 1482 1907 1532 vocem,
1938 1474 1993 1520 et
2014 1467 2133 1535 qui-

541 1554 643 1607 bus
673 1553 944 1607 blanditus
976 1552 1151 1606 fuerat
1181 1555 1536 1619 irascebatur,
1563 1563 1623 1608 ut
1649 1571 1786 1624 quos
1815 1557 2133 1624 nequiverat

542 1640 780 1705 lenitate,
813 1642 1004 1695 saltem
1041 1641 1415 1711 objurgatione
1455 1643 1734 1696 retineret.
1784 1643 2013 1709 Quidam
2053 1645 2135 1698 di-

546 1737 696 1795 cunt,
726 1731 934 1783 utinam
963 1730 1351 1785 abscindantur
1379 1732 1446 1784 ab
1483 1747 1692 1795 errore,
1729 1743 1782 1786 et
1823 1733 2131 1786 inserantur

2233 571 2376 625 Deus
2405 571 2640 626 charitas
2669 571 2984 640 appelletur.

2311 664 2495 717 Omnis
2517 665 2655 717 enim
2679 663 2764 718 lex
2789 665 2845 719 in
2868 681 2971 720 uno
2991 681 3226 719 sermone
3251 663 3580 736 completur.
3611 662 3810 720 Omne-lt

2232 766 2362 822 ergo
2391 753 2563 823 legem
2588 768 2731 808 nunc
2757 753 2888 808 dicit
2916 769 2979 807 ex
3012 754 3097 807 his
3118 754 3374 822 operibus
3397 767 3535 823 quae
3569 753 3636 805 ad
3666 753 3811 808 bonos

2223 858 2416 898 mores
2438 843 2730 912 pertinent,
2764 844 2890 912 quia
2918 852 2973 898 et
2995 843 3083 898 illa
3113 859 3233 912 qua:
3260 853 3387 898 sunt
3427 844 3489 897 in
3527 857 3811 898 sacramen-

2236 937 2322 1000 tis,
2345 952 2470 991 cum
2492 937 2628 992 bene
2658 951 2688 990 a
2718 936 2904 991 liberis
2946 937 3334 1007 intelliguntur,
3382 950 3497 989 nec
3544 934 3810 989 carnaliter

2232 1032 2589 1086 observantur
2617 1046 2648 1085 a
2677 1031 2864 1094 servis,
2894 1033 2962 1087 ad
2983 1033 3070 1085 illa
3093 1033 3199 1087 duo
3217 1040 3502 1101 praecepta
3529 1031 3813 1085 referantur

2235 1137 2455 1178 necesse
2479 1131 2584 1188 est,
2612 1123 2913 1177 dilectionis
2936 1123 3030 1177 Dei
3058 1132 3114 1178 et
3138 1124 3393 1193 proximi.
3450 1123 3628 1176 Recte
3657 1124 3812 1190 itaque

2232 1214 2497 1282 accipitur
2521 1214 2587 1268 ad
2618 1215 2720 1269 hoc
2747 1215 3035 1284 pertinere,
3061 1216 3202 1282 quod
3221 1215 3387 1269 etiam
3413 1215 3690 1268 Dominus
3713 1215 3805 1267 ait:

2238 1300 2362 1362 Non
2399 1303 2510 1355 veni
2545 1300 2706 1371 legem
2747 1302 2965 1366 solvere,
3009 1303 3098 1356 sed
3147 1284 3441 1373 adimplere
3487 1302 3709 1370 (Matth.
3741 1305 3809 1371 v);

2234 1394 2325 1461 qui
2354 1401 2473 1446 erat
2500 1394 2779 1470 ablaturus
2801 1396 3048 1450 timorem
3079 1395 3375 1460 carnalem,
3408 1394 3720 1464 spiritalem
3740 1411 3811 1446 ευρ

2235 1487 2342 1534 tem
2362 1482 2679 1536 charitatem
2709 1484 2949 1548 daturus,
2976 1500 3080 1553 qua
3117 1484 3229 1538 sola
3263 1484 3347 1539 lex
3378 1485 3609 1553 impleri
3640 1495 3807 1554 potest.

2236 1567 2520 1624 Plenitudo
2564 1574 2702 1625 enim
2747 1572 2874 1642 legis
2920 1574 3148 1628 charitas
3183 1574 3354 1644 (Rom.
3402 1573 3559 1644 xm).
3608 1575 3675 1628 Et
3709 1590 3812 1642 quo-

2236 1659 2380 1712 niam
2422 1658 2555 1714 ﬁdes
2596 1661 2848 1729 impetrat
2890 1662 3150 1731 Spiritum
3199 1655 3471 1727 sanctum,
3527 1678 3626 1733 per
3672 1679 3808 1733 quem

2235 1747 2466 1800 charitas
2516 1748 2612 1801 Dei
2650 1749 2848 1817 diﬂ'usa
2881 1760 2956 1803 est
3001 1751 3243 1805 cordibus
3283 1752 3643 1821 operantium
3681 1752 3811 1819 justi-

545 1819 783 1912 νθΐῖίειῑξ·
835 1819 939 1912 Mil
989 1820 1196 1912 ἀίευῐξῑ]
1244 1820 1289 1873 εί
1333 1829 1528 1912 Putat“
1561 1820 1662 1912 sibi
1709 1825 1813 1874 hoc
1851 1823 2127 1912 PEOfie§Sei
2160 1825 2207 1882 Β
2235 1836 2385 1900 tiam,
2418 1837 2565 1891 nullo
2594 1839 2752 1893 modo
2773 1840 3056 1910 quisquam
3087 1850 3210 1895 ante
3239 1819 3477 1912 gratiam
3504 1841 3634 1895 ﬁdei
3660 1842 3720 1896 de
3741 1841 3810 1896 bo-

546 1922 653 1961 non
688 1907 860 1960 solum
892 1907 1371 1972 circumcidantur,
1397 1908 1489 1961 sed
1528 1907 1692 1960 etiam
1729 1916 1782 1961 et
1817 1907 2133 1961 abscindan-

549 2004 654 2048 tur.
699 1995 852 2059 Quod
895 1995 1096 2050 Paulus
1140 2011 1244 2050 non
1288 2004 1400 2049 tam
1444 1997 1782 2051 maledixerit
1822 1997 1923 2062 eis,
1971 2011 2132 2065 quam

545 2083 784 2136 oraverit
813 2097 910 2152 pro
940 2083 1065 2147 illis,
1101 2091 1160 2136 ut
1195 2099 1290 2137 eas
1329 2093 1510 2152 partes
1555 2085 1796 2151 corporis
1843 2083 2134 2153 perderent

545 2187 646 2242 per
692 2187 829 2241 quas
880 2173 1194 2242 delinquere
1250 2174 1597 2241 cogebantur.
1647 2173 1715 2227 Et
1757 2175 2025 2242 quomodo
2076 2176 2132 2228 in

544 2262 838 2334 Evangelio
864 2265 1066 2323 dictum
1096 2273 1198 2330 est,
1229 2263 1419 2320 Melius
1444 2281 1564 2320 esse
1589 2266 1823 2335 aliquem
1861 2267 1977 2322 sine
2010 2283 2136 2322 ocu-

546 2352 622 2417 lo,
654 2361 708 2407 et
742 2355 858 2408 sine
888 2370 1074 2417 manu,
1113 2365 1168 2408 et
1206 2356 1323 2410 sine
1349 2354 1504 2425 pede,
1533 2364 1587 2409 et
1611 2355 1851 2426 qualibet
1882 2357 1986 2410 alia
2011 2373 2134 2426 par-

547 2448 601 2495 te
631 2442 996 2494 membrorum
1035 2443 1238 2496 intrare
1269 2445 1324 2495 in
1365 2458 1590 2512 regnum
1635 2444 1917 2509 caelorum,
1969 2460 2134 2513 quam

545 2542 721 2587 totum
749 2533 829 2587 ire
858 2534 911 2586 in
943 2534 1244 2604 gehennam
1277 2551 1290 2587 :
1323 2534 1397 2587 ita
1427 2542 1483 2587 et
1511 2549 1652 2588 nunc
1676 2543 1862 2603 optare
1899 2536 1981 2590 eis
2019 2551 2134 2589 ma-

547 2623 632 2694 gis
673 2639 836 2677 unam
866 2633 1075 2692 partem
1119 2625 1365 2693 corporis
1389 2625 1639 2693 perdere,
1669 2641 1830 2694 quant
1859 2642 1957 2696 per
1977 2642 2136 2682 occa-

543 2713 752 2766 sionem
782 2713 973 2782 integri
1013 2715 1256 2783 corporis
1287 2723 1545 2784 perpetuo
1591 2697 1726 2786 igne.
1752 2716 2020 2771 damnari.
2075 2718 2133 2773 Si

544 2796 689 2850 enim
729 2797 1044 2866 exspoliatio
1070 2800 1296 2854 membri
1322 2798 1556 2870 proﬁcit,
1603 2801 1768 2856 multo
1801 2803 1975 2873 magis
2007 2803 2134 2859 sub-

549 2883 702 2942 latio.

625 3015 729 3070 Vos
755 3025 924 3070 autem
963 3018 1016 3071 in
1057 3017 1342 3072 libertatem
1381 3020 1550 3072 vocati
1581 3021 1722 3084 estis,
1763 3020 1976 3088 fratres,
2020 3030 2134 3074 tan-

542 3114 654 3159 tum
700 3122 762 3159 ne
785 3105 1075 3160 libertatem
1121 3108 1176 3160 in
1230 3109 1551 3160 occasionem
1594 3109 1767 3162 carnis
1805 3110 1958 3162 detis.
1999 3111 2127 3174 Vos,

548 3195 745 3263 inquit,
788 3193 983 3250 fratres
1028 3197 1083 3249 in
1129 3195 1435 3251 libertatem
1473 3199 1648 3252 vocati
1698 3200 1851 3264 estis,
1903 3198 2130 3253 forsitan

546 3283 668 3337 ideo
693 3285 818 3353 quia
854 3301 960 3338 non
981 3300 1169 3340 omnes
1196 3287 1534 3340 vocationem
1564 3303 1755 3358 capere
1782 3297 2032 3357 poterant
2076 3290 2134 3343 li-

545 3372 790 3427 bertatis.
846 3373 1073 3443 Propter
1100 3375 1244 3442 quod
1282 3391 1425 3430 nunc
1465 3377 1664 3432 auditis
1699 3386 1907 3432 tantum
1957 3395 2024 3433 ne
2072 3379 2133 3432 li-

545 3463 812 3516 bertatem
840 3463 892 3514 in
922 3456 1267 3516 occasionem
1305 3463 1440 3517 detis
1483 3466 1684 3520 carnis.
1745 3467 1849 3520 Per
1891 3466 2134 3522 dilectio-

549 3565 670 3607 nem
703 3554 847 3607 enim
887 3561 1099 3621 Oportet
1126 3553 1360 3606 minores
1398 3555 1604 3608 servire
1645 3553 1972 3622 majoribus;
2006 3559 2132 3626 quia

547 3643 636 3712 qui
694 3643 805 3696 vult
845 3657 963 3697 esse
1013 3641 1204 3709 major,
1254 3643 1357 3696 erit
1399 3644 1638 3697 omnium
1684 3659 1891 3698 servus.
1948 3644 2132 3715 Neque

546 3734 688 3788 enim
720 3741 776 3785 ut
805 3733 1073 3801 spiritales
1106 3731 1308 3787 laceret
1341 3732 1542 3786 Christi
1571 3749 1785 3798 carnes,
1823 3737 2000 3803 neque
2036 3751 2130 3790 oc-

547 3824 821 3878 casionem
848 3821 953 3874 illis
978 3821 1199 3886 tribuat,
1221 3831 1279 3873 ut
1305 3836 1362 3874 se
1387 3822 1729 3875 remordeant
1752 3833 2126 3891 provocantes,

549 3932 614 3969 ne
646 3916 713 3969 ab
743 3915 972 3968 invicem
1015 3925 1418 3967 consumantur.
1464 3912 1668 3978 Quibus
1711 3929 1808 3968 nos
1846 3929 2131 3981 possumus

548 4007 766 4070 addere,
798 4014 855 4058 ut
882 4007 1124 4059 dicamus
1145 4006 1212 4060 de
1239 4006 1497 4060 servitute
1540 4005 1691 4076 legali
1742 4005 1809 4058 ad
1851 4007 2128 4075 Evangelii

550 4094 849 4152 libertatem
882 4102 1122 4158 vocatos,
1151 4094 1345 4162 quibus
1385 4094 1632 4162 superius
1661 4094 1877 4157 dicitur,
1909 4092 2054 4147 State
2081 4106 2128 4148 et

549 4184 707 4238 nolite
731 4185 1081 4253 rursumjugo
1111 4185 1372 4237 servitutis
1400 4185 1612 4245 luvrere,
1646 4185 1810 4237 etiam
1843 4200 1985 4238 nunc
2017 4202 2131 4239 mo-

552 4277 689 4338 neri,
722 4284 779 4328 ut
809 4275 924 4329 leve
949 4275 1147 4329 Christi
1170 4275 1357 4344 jugum
1388 4283 1443 4327 et
1473 4274 1808 4328 delectabilia
1851 4277 2127 4345 Evangelii

549 4376 816 4435 praecepta
862 4375 1130 4424 sectantes
1172 4381 1509 4435 nequaquam
1538 4366 1638 4420 sibi
1667 4376 1854 4436 putent
1884 4367 2046 4422 licere
2073 4378 2130 4422 ut

548 4456 649 4510 hac
678 4457 790 4524 ipsa
816 4455 1063 4510 libertate
1093 4455 1304 4509 vivendi
1327 4454 1378 4507 in
1403 4455 1740 4508 occasionem
1770 4455 1948 4508 carnis
1977 4464 2130 4509 utan-

550 4557 656 4602 tur.
705 4548 921 4602 Scilicet
948 4547 1178 4615 utjuxta
1217 4561 1433 4599 carnem
1473 4545 1676 4608 vivant,
1708 4545 1862 4614 juxta
1910 4559 2126 4600 carnem

547 4639 1000 4694 circumcidantur
1023 4657 1035 4691 :
1062 4639 1154 4693 sed
1182 4639 1374 4707 spiritu
1398 4637 1568 4707 magis
1591 4647 1752 4702 stent,
1784 4639 1973 4708 spiritu
2000 4654 2135 4708 prte-

548 4729 758 4799 putium
786 4730 962 4782 carnis
989 4730 1304 4782 abscindunt
1322 4769 1337 4793 ,
1366 4737 1420 4782 et
1448 4730 1516 4782 ad
1547 4729 1768 4799 spiritus
1795 4730 1987 4784 altiora
2017 4741 2132 4785 ten-

549 4819 738 4873 dentes
764 4818 1121 4872 humilitatem
1152 4818 1344 4872 litterte
1381 4818 1774 4888 derelinquant.

623 4949 726 5005 Sed
759 4969 849 5020 per
877 4952 1183 5005 charitatem
1210 4951 1391 5004 servite
1424 4951 1658 5004 invicem.
1710 4950 1808 5016 Qui
1853 4951 1997 5004 enim
2037 4966 2133 5019 per

551 5041 870 5095 cltaritatem
910 5031 1094 5104 servit,
1119 5039 1286 5093 libere
1316 5040 1501 5102 servit,
1538 5049 1592 5092 et
1627 5041 1744 5093 sine
1783 5041 2002 5094 miseria
2038 5042 2136 5094 ob-

552 5138 860 5199 temperans
886 5127 1016 5193 Deo,
1043 5143 1166 5182 cum
1199 5142 1379 5182 amore
1409 5128 1651 5182 faciendo
1696 5130 1840 5196 quod
1886 5131 2131 5194 docetur,

551 5233 660 5273 non
681 5234 804 5276 cum
831 5219 1024 5272 timore
1044 5218 1188 5287 quod
1211 5219 1440 5289 cogitur.
1487 5219 1638 5273 Tunc
1661 5221 1804 5273 enim
1836 5235 1934 5273 nos
1963 5221 2136 5274 chari-

553 5317 640 5363 tas
669 5325 697 5362 a
720 5307 853 5380 jugo
896 5308 1067 5378 culpa:
1105 5307 1307 5364 liberos
1352 5309 1544 5372 reddit,
1589 5324 1711 5362 cum
1748 5309 1986 5364 vicissim
2035 5326 2133 5364 nos

554 5415 742 5462 nostro
774 5422 871 5477 per
905 5423 1145 5462 amorem
1183 5407 1405 5462 servitio
1434 5405 1648 5474 subjicit
1671 5424 1684 5458 :
1710 5421 1832 5461 cum
1865 5417 1920 5462 et
1952 5409 2129 5462 aliena

553 5506 695 5562 bona
719 5513 904 5561 nostra
925 5506 1216 5568 credimus,
1248 5513 1303 5559 et
1329 5513 1514 5558 nostra
1537 5503 1676 5568 aliis,
1709 5504 1862 5572 quasi
1890 5520 1984 5559 sua
2008 5504 2132 5559 olle-

556 5614 754 5669 rentes,
788 5605 1119 5660 exhibemus.
1159 5603 1391 5658 Tantum
1413 5612 1590 5657 autem
1617 5603 1816 5657 bonum
1845 5611 1927 5657 est
1960 5603 2132 5658 chari-

557 5711 658 5772 tas,
688 5705 938 5761 utomnis
960 5705 1042 5759 lex
1080 5705 1132 5758 in
1171 5703 1257 5757 illa
1293 5704 1692 5773 recapituletur.
1745 5704 1908 5774 Cujus
1957 5706 2127 5758 virtus

2232 1927 2330 1988 nis
2366 1927 2621 1994 operibus
2668 1929 2948 1999 glorietur.
2998 1929 3336 2007 Quapropter
3379 1931 3526 1985 istos
3565 1932 3810 2000 jactantes

2232 2030 2291 2069 se
2315 2017 2380 2070 de
2404 2017 2660 2086 Operibus
2686 2019 2818 2089 legis
2839 2022 2912 2074 ita
2936 2021 3132 2074 refellit
3157 2022 3475 2090 Apostolus,
3508 2023 3641 2076 dum
3663 2032 3810 2076 osten-

2232 2105 2311 2159 dit
2333 2120 2496 2175 opera
2519 2117 2734 2164 vetusta
2754 2120 3216 2164 sacramentorum
3249 2112 3477 2166 umbras
3516 2111 3803 2166 futurorum

2234 2195 2401 2251 fuisse
2423 2214 2437 2250 :
2459 2212 2594 2267 quas
2616 2199 2728 2268 jam
2751 2208 2876 2270 post
2896 2201 3185 2256 adventum
3207 2202 3426 2256 Domini
3455 2202 3638 2257 libero
3667 2203 3807 2256 haere-

2235 2284 2289 2339 di
2332 2287 2669 2341 necessarios
2705 2303 2813 2342 non
2856 2303 2975 2343 esse
3017 2291 3368 2355 monstravit;
3409 2305 3584 2361 opera
3609 2307 3732 2345 vero
3752 2293 3805 2345 ad

2231 2374 2403 2439 bonos
2427 2390 2606 2430 mores
2631 2377 2956 2445 pertinentia
2984 2393 3088 2433 non
3116 2378 3349 2447 impleri,
3378 2381 3486 2433 nisi
3514 2381 3801 2442 dilectione,

2232 2479 2330 2533 per
2369 2480 2529 2533 quam
2579 2466 2712 2522 ﬁdes
2750 2477 3024 2536 Operatur.
3076 2468 3229 2523 Unde
3250 2469 3297 2523 si
3327 2485 3499 2540 opera
3530 2471 3666 2540 legis
3693 2487 3808 2538 qua:-

2235 2557 2356 2612 dam
2389 2566 2511 2626 post
2539 2557 2701 2613 ﬁdem
2739 2558 3027 2628 superﬂua,
3058 2561 3304 2629 qumdam
3331 2570 3462 2615 ante
3491 2561 3805 2615 ﬁnem‘hulla

2232 2654 2378 2711 sunt,
2413 2648 2558 2702 vivat
2574 2636 2755 2716 justus
2783 2664 2850 2703 ex
2880 2649 3007 2713 ﬁne,
3036 2658 3095 2703 ut
3116 2657 3170 2705 et
3195 2664 3336 2704 onus
3360 2665 3531 2721 grave
3555 2651 3804 2704 servitutis

2235 2738 2478 2808 abjiciat,
2519 2740 2622 2795 levi
2673 2742 2885 2812 sarcina
2923 2741 3123 2796 Christi
3162 2751 3447 2812 vegetatus
3479 2761 3492 2796 :
3519 2752 3578 2796 et
3609 2742 3804 2811 justiti:

2238 2838 2415 2886 metas
2437 2847 2543 2887 non
2569 2831 3016 2901 transgrediatur,
3038 2832 3137 2886 levi
3160 2831 3289 2902 jugo
3312 2834 3608 2888 ebaritatis
3633 2833 3803 2887 obtem-

2237 2935 2437 2988 perans
2467 2940 2478 2974 :
2502 2921 2636 2992 legis
2665 2923 2828 2976 etiam
2853 2922 2968 2991 ipsa
2995 2936 3159 2990 Opera
3192 2937 3311 2991 quae
3337 2933 3680 2990 quazruntur,
3714 2937 3798 2975 uno

2234 3021 2460 3080 possunt
2490 3029 2738 3068 sermone
2758 3013 3000 3067 concludi
3024 3022 3080 3067 et
3101 3029 3207 3068 uno
3237 3022 3516 3083 praecepto
3549 3014 3798 3083 compleri.

2238 3089 2352 3156 Non
2385 3118 2512 3172 ergo
2535 3102 2646 3156 sola
2675 3103 2741 3156 ad
2763 3103 2928 3156 vitam
2960 3101 3153 3156 sufﬁcit
3180 3103 3334 3167 ﬁdes,
3368 3112 3432 3155 ut
3457 3104 3713 3158 laciniosa
3742 3103 3800 3156 le-

2235 3192 2316 3262 gis
2350 3201 2617 3260 praecepta
2672 3207 2780 3246 uno
2833 3193 3138 3246 dilectionis
3170 3193 3348 3260 capite
3404 3193 3797 3247 concludantur.

2304 3281 2502 3351 Diliges
2526 3283 2820 3352 proximum
2843 3291 2990 3334 tuum
3010 3284 3144 3336 sicut
3172 3283 3411 3351 teipsum.
3440 3281 3623 3348 Queri
3650 3293 3799 3336 autem

2231 3379 2410 3440 potest
2456 3387 2554 3425 cur
2601 3370 2888 3439 Apostolus
2922 3379 2976 3424 et
3025 3371 3114 3426 hic
3158 3371 3329 3425 solam
3375 3373 3799 3427 commemoravit

2233 3463 2462 3529 proximi
2491 3463 2854 3528 dilectionem,
2887 3478 3050 3531 quam
3090 3463 3208 3532 lege
3237 3463 3372 3516 dixit
3398 3465 3646 3538 impleri,
3679 3475 3726 3518 et
3748 3466 3797 3515 ad

2222 3550 2524 3616 Romanos,
2557 3568 2678 3606 cum
2708 3553 2762 3606 in
2790 3553 2979 3606 eadem
3006 3552 3301 3622 quaestione
3327 3563 3682 3607 versaretur:
3718 3552 3797 3616 Qui

2229 3644 2365 3694 enim
2396 3642 2567 3712 diligit
2595 3643 2838 3708 alterum,
2871 3645 3062 3712 inquit,
3090 3643 3249 3714 legem
3273 3643 3526 3712 implevit.
3557 3645 3696 3697 Nam
3718 3661 3795 3694 neu

2230 3731 2582 3797 adulterabis,
2633 3749 2737 3785 non
2782 3733 3120 3785 homicidium
3151 3732 3345 3800 facies,
3386 3748 3497 3784 non
3525 3730 3792 3799 furabe'is,

2232 3834 2334 3871 non
2381 3821 2730 3892 concupisces,
2763 3831 2809 3872 et
2847 3821 2892 3873 si
2930 3822 3067 3890 quod
3115 3819 3262 3872 aliud
3301 3821 3622 3872 mandatum
3650 3822 3699 3871 in
3723 3820 3794 3870 hoc

2229 3920 2464 3960 sermone
2493 3907 2888 3977 recapitulatur.
2938 3908 3134 3977 Diliges
3161 3909 3459 3977 proximum
3510 3919 3663 3960 tuum
3689 3910 3792 3960 sicut

2230 3999 2470 4067 teipsum.
2504 3997 2726 4052 Dilectio
2751 4000 2976 4068 proximi
3016 3999 3212 4051 malum
3262 4016 3366 4052 non
3393 4010 3668 4068 Oper-dtur.
3697 3997 3793 4051 Pie-

2230 4089 2412 4140 nitudo
2437 4098 2611 4141 autem
2644 4090 2771 4159 legis
2801 4099 2875 4143 est
2899 4089 3327 4160 charitas-(Rom.
3358 4091 3505 4162 xm).
3532 4090 3671 4146 Cum
3692 4106 3793 4160 ergo

2230 4179 2285 4232 in
2313 4179 2519 4233 duobus
2543 4181 2848 4250 praeceptis,
2881 4181 3186 4235 dilectionis
3213 4181 3308 4235 Dei
3333 4191 3387 4236 et
3413 4184 3673 4251 proximi,
3696 4199 3791 4252 per-

2230 4268 2370 4322 fecta
2414 4270 2484 4322 sit
2527 4271 2785 4336 Charitas,
2825 4287 2922 4325 cur
2949 4271 3239 4340 Apostolus
3269 4282 3322 4326 et
3353 4274 3406 4326 in
3432 4274 3523 4326 illa
3551 4285 3612 4328 et
3639 4277 3686 4329 in
3712 4277 3788 4328 hac

2222 4359 2471 4429 Epistola
2516 4359 2686 4414 solam
2730 4361 2965 4430 proximi
3010 4362 3352 4417 dilectionem
3394 4374 3788 4424 commemorat,

2231 4450 2334 4503 nisi
2361 4450 2489 4518 quia
2518 4450 2584 4503 de
2612 4449 2897 4504 dilectione
2924 4450 3017 4504 Dei
3053 4461 3280 4520 possunt
3304 4454 3521 4508 mentiri
3548 4455 3788 4512 homines.

2231 4540 2355 4608 quia
2382 4541 2615 4594 rariores
2643 4541 2968 4594 tentationes
2995 4556 3115 4594 eam
3148 4543 3418 4610 probant:
3451 4543 3504 4596 in
3531 4545 3789 4599 dilectione

2233 4640 2413 4685 autem
2433 4631 2664 4701 proximi
2686 4631 2896 4685 facilius
2920 4633 3317 4697 convincuntur
3329 4647 3449 4686 eam
3465 4648 3570 4687 non
3597 4635 3785 4692 habere.

2231 4718 2360 4772 dum
2385 4719 2569 4787 inique
2597 4733 2719 4772 cum
2759 4719 3067 4773 hominibus
3103 4721 3316 4789 agunt?
3352 4720 3699 4790 Consequens
3726 4733 3788 4775 eSt

2233 4817 2411 4862 autem
2437 4815 2496 4860 ut
2525 4808 2617 4876 qui
2647 4823 2713 4862 ex
2745 4816 2858 4862 toto
2886 4809 3078 4873 corde,
3128 4823 3196 4862 ex
3226 4817 3340 4864 tota
3368 4812 3568 4876 anima,
3615 4828 3680 4867 ex
3703 4822 3785 4866 tota

2233 4908 2415 4953 mente
2456 4899 2626 4952 Deum
2671 4900 2873 4968 diligit,
2907 4901 3092 4970 diligat
3131 4909 3184 4954 et
3222 4903 3530 4970 proximum
3558 4911 3785 4974 tanquam

2234 4990 2468 5060 seipsum
2495 5005 2508 5044 :
2546 4993 2669 5061 quia
2697 4991 2800 5046 hoc
2819 4991 2968 5059 jubet
2995 4992 3082 5044 ille
3111 5007 3271 5059 quem
3299 5007 3367 5046 ex
3394 5002 3510 5047 toto
3541 4996 3717 5058 corde,
3736 5009 3783 5048 et

2234 5086 2344 5132 tota
2373 5080 2574 5144 anima,
2606 5095 2671 5134 ex
2701 5089 2810 5135 tota
2841 5089 3020 5133 mente
3053 5081 3244 5149 diligit.
3275 5079 3409 5134 Item
3438 5082 3664 5153 diligere
3691 5099 3786 5153 pro-

2232 5169 2462 5234 ximum,
2504 5170 2554 5224 id
2583 5179 2665 5225 est
2693 5183 2907 5223 omnem
2939 5169 3244 5236 hominem,
3274 5180 3536 5240 tanquam
3581 5175 3783 5243 seipstnn

2234 5260 2356 5330 quis
2383 5267 2581 5329 potest,
2623 5259 2727 5313 nisi
2778 5258 2946 5312 Deum
2991 5259 3207 5328 diligat,
3250 5259 3404 5328 cujus
3450 5273 3718 5332 praeepto
3748 5272 3787 5314 ει

2238 5348 2378 5401 dono
2404 5347 2744 5402 dilectionem
2772 5347 3004 5415 proximi
3036 5348 3208 5416 possit
3237 5347 3495 5417 implere?
3526 5348 3660 5404 Cum
3688 5366 3787 5418 ergo

2238 5445 2527 5507 utrumque
2572 5446 2897 5506 praceptum
2928 5438 3002 5490 ita
3033 5438 3103 5492 sit
3125 5447 3184 5491 ut
3213 5451 3466 5491 neutrum
3500 5441 3621 5494 sine
3651 5441 3786 5493 altera

2237 5529 2407 5598 possit
2434 5527 2626 5591 teneri,
2655 5527 2818 5580 etiam
2848 5543 3014 5581 unum
3040 5528 3230 5580 horum
3261 5541 3688 5582 commemorare
3706 5526 3784 5596 plc-

2239 5629 2464 5685 rumque
2488 5613 2702 5677 sufﬁcit,
2727 5630 2849 5668 cum
2878 5615 3050 5684 agitur
3070 5614 3137 5668 de
3163 5615 3417 5683 operibus
3438 5614 3693 5683 justitia:
3717 5613 3783 5668 sed

2240 5707 2588 5775 opportunius
2613 5706 2737 5760 illud
2761 5706 2826 5760 de
2844 5721 2949 5774 quo
2971 5707 3198 5774 quisque
3222 5703 3435 5761 facilius
3455 5707 3780 5762 convincitur.
