3906 6330
118 375 231 429 897

1086 373 1338 429 ENARR.
1378 374 1452 428 IN
1484 374 1703 430 EPIST.
1742 372 1804 429 D.
1847 374 2051 433 PAULI
2083 379 2174 433 AD
2209 378 2459 436 GA’LAT.

3282 391 3388 448 898

123 489 288 543 Unde
318 485 552 542 Joannes
597 489 770 542 dicit:
815 489 917 554 Qui
961 490 1097 542 enim
1143 506 1243 542 non
1275 489 1442 559 diligit
1489 490 1706 559 fratrem
1734 485 2088 556 Aper-ﬁcitur
2114 507 2294 548 carnis
2342 493 2808 562 concupiscentia,
2864 510 2987 551 cum
3037 502 3308 556 consentit
3339 504 3392 559 ei

116 595 308 643 suum,
339 595 490 649 quem
521 578 676 643 videt,
703 578 891 644 Deum,
919 594 1072 648 quem
1120 595 1224 631 non
1263 580 1418 644 videt,
1450 578 1712 649 quomodo

116 678 296 738 potest
324 667 539 739 diligere
566 667 618 738 (Ι
643 668 802 721 Joan.
835 666 952 736 1v)?
985 666 1385 722 Mentiebantur
1414 669 1559 722 enim
1589 669 1712 737 qui-

117 757 258 813 dam
281 756 622 811 dilectionem
647 771 706 810 se
745 755 839 810 Dei
867 757 1086 820 habere,
1129 765 1184 811 et
1213 757 1278 811 de
1317 757 1441 811 odio
1475 758 1714 811 fraterno

116 863 251 903 eam
282 863 388 903 non
419 850 618 904 habere
645 849 1125 903 convincebantur.
1158 849 1233 905 De
1261 865 1368 919 quo
1383 849 1631 918 judicare
1660 848 1716 902 in

117 937 445 1005 quotidiana
469 937 578 990 vita
607 946 662 990 et
687 937 930 992 moribus
955 936 1112 992 facile
1134 945 1234 993 est.
1258 938 1509 992 Charitas
1527 937 1611 992 vel
1634 937 1716 991 di-

121 1026 293 1081 lectio
319 1026 372 1080 in
408 1035 643 1095 quatuor
675 1027 848 1080 modis
884 1027 1218 1097 completur,
1265 1028 1371 1081 hoc
1397 1036 1510 1091 est,
1539 1028 1716 1096 primo

123 1116 277 1170 Deus
308 1115 610 1182 diligendus
643 1124 764 1180 est,
807 1116 1063 1179 secundo,
1091 1130 1189 1170 nos
1215 1115 1362 1185 ipsos
1390 1114 1710 1184 diligamus;

125 1204 316 1268 tertio,
341 1204 644 1272 proximos;
671 1211 886 1273 quarto,
911 1203 1193 1259 inimicos:
1219 1203 1390 1259 Deum
1411 1204 1531 1274 plus
1553 1219 1716 1273 quam

119 1305 250 1353 nos,
275 1290 582 1359 proximum
604 1291 746 1345 sicut
770 1292 1184 1355 nos,1nimicum
1205 1293 1359 1362 quasi
1384 1293 1713 1360 proximum.

123 1380 202 1435 Et
227 1382 329 1435 nisi
355 1381 524 1436 Deum
554 1383 787 1451 primum
827 1382 1194 1450 dilexerimus,
1236 1399 1335 1440 nos
1359 1384 1582 1457 diligere
1609 1400 1717 1438 non

119 1488 436 1542 possumus.
467 1473 579 1527 Hoc
606 1481 688 1528 est
717 1488 824 1527 non
851 1488 1110 1542 peccare:
1160 1484 1216 1529 et
1253 1476 1299 1529 si
1337 1491 1435 1530 nos
1461 1490 1569 1529 non
1598 1475 1718 1530 dili-

119 1564 329 1633 gimus,
357 1564 424 1617 ad
453 1578 616 1631 quam
642 1563 876 1617 formam
897 1565 1172 1633 proximos
1198 1566 1518 1636 diligemus?
1542 1565 1598 1620 Si
1627 1581 1717 1619 au-

125 1666 242 1710 tem
271 1655 576 1725 proximum
609 1670 715 1709 non
741 1669 1004 1720 amamus,
1034 1656 1204 1710 multo
1224 1657 1394 1727 magis
1413 1656 1711 1710 inimicum.

122 1744 190 1799 Si
239 1761 367 1815 ergo
401 1745 648 1799 volumus
684 1741 1022 1800 dilectionem
1067 1746 1299 1810 habere,
1342 1747 1517 1815 primo
1546 1748 1714 1801 Deum

1814 579 2034 646 spiritus
2062 582 2130 636 ad
2159 597 2324 650 opera
2352 583 2514 648 mala,
2543 592 2603 637 ut
2632 601 2735 639 non
2763 587 3113 657 concupiscat
3137 591 3396 648 adversus

1816 668 1981 735 illam,
2013 673 2107 727 sed
2137 687 2260 727 cum
2288 673 2415 727 illa:
2457 675 2534 730 sic
2568 683 2625 730 et
2657 677 2795 732 bona
2834 693 2998 748 opera
3040 691 3226 737 nostra
3270 693 3399 740 tunc

1814 758 2187 826 perﬁcientur,
2219 763 2429 830 quando
2459 765 2534 818 ita
2562 766 2770 834 spiritui
2801 783 2929 823 caro
2953 775 3306 839 consenserit,
3339 781 3399 828 ut

1815 847 2074 904 adversus
2104 863 2224 903 eum
2251 851 2415 905 etiam
2443 854 2559 923 ipsa
2590 869 2697 908 non
2725 860 3085 926 concupiscat.
3114 862 3226 919 Hoc
3250 866 3394 919 enim

1815 937 2062 993 volumus
2090 954 2211 994 cum
2246 941 2632 1009 perfectionem
2674 943 2896 1012 justitiae
2932 953 3395 1019 concupiscimus,

1816 1028 1918 1082 hoc
1957 1030 2256 1085 intentione
2300 1047 2405 1086 non
2451 1033 2758 1088 intermissa
2801 1037 2937 1092 velle
2974 1039 3246 1095 debemus.
3289 1042 3396 1098 Sed

1818 1116 1943 1184 quia
1967 1116 2234 1186 perﬁcere
2270 1119 2324 1172 in
2360 1120 2462 1174 ista
2503 1124 2837 1191 corruptibili
2868 1140 3030 1181 carne
3074 1145 3179 1183 non
3209 1147 3397 1199 possu-

1816 1222 1955 1272 mus,
1983 1208 2102 1262 ideo
2131 1209 2267 1263 dixit
2289 1211 2354 1264 ad
2378 1211 2682 1267 Romanos:
2716 1213 2858 1268 Velle
2879 1217 3084 1285 adjacet
3111 1221 3259 1284 milii,
3281 1239 3399 1291 per-

1815 1295 1969 1363 ﬁcere
1994 1307 2166 1351 autem
2198 1299 2386 1353 bonum
2414 1318 2517 1354 non
2547 1304 2748 1356 invenio
2779 1304 2951 1376 (Rom.
2982 1307 3100 1377 vn).
3134 1309 3229 1363 Vel
3254 1311 3396 1366 sicut

1816 1388 2016 1444 habent
2041 1392 2258 1447 codices
2298 1392 2469 1449 Grteci
2496 1414 2506 1447 :
2547 1393 2687 1448 Velle
2717 1397 2923 1464 adjacet
2968 1399 3117 1466 mihi,
3147 1404 3396 1471 perﬁcere

1818 1489 1991 1533 autem
2018 1480 2207 1534 bonum
2240 1500 2342 1536 non
2367 1502 2384 1548 ;
2409 1486 2462 1538 id
2497 1495 2581 1540 est
2606 1502 2710 1540 non
2742 1488 2874 1541 mihi
2904 1489 3111 1558 adjacet
3135 1493 3397 1559 perlicere

1817 1568 2038 1624 bonum.
2071 1571 2188 1625 Non
2233 1574 2308 1626 ait
2343 1573 2542 1640 facere,
2575 1577 2668 1632 sed
2709 1578 2971 1645 perlicere
2994 1583 3211 1636 bonum.
3263 1584 3397 1651 Quia

1817 1655 1999 1711 facere
2025 1659 2243 1724 bonum,
2275 1670 2356 1716 est
2380 1671 2499 1731 post
2522 1666 2988 1734 concupiscentias
3014 1686 3118 1725 non
3141 1674 3240 1727 ire.
3272 1674 3398 1728 Per-

1819 1747 1982 1803 ficere
2005 1759 2183 1805 autem
2208 1753 2525 1819 bonum,est
2545 1773 2649 1812 non
2673 1761 3074 1828 concupiscere.
3092 1763 3244 1830 Quod
3266 1781 3396 1837 ergo

119 1835 253 1903 plus
278 1851 435 1904 quam
463 1843 680 1890 nostras
706 1835 915 1890 animas
954 1836 1262 1906 diligamus.
1299 1835 1452 1902 Quod
1481 1838 1555 1890 ita
1589 1839 1714 1907 pro-
1740 1840 1788 1899 B
1816 1849 1899 1892 est
1914 1839 1980 1892 ad
1998 1838 2716 1915 Galatas,concupiscentias
2744 1851 2924 1905 carnis
2943 1866 3011 1905 ne
3029 1835 3395 1920 perfeceritis,

119 1927 310 1990 batur,
348 1926 396 1979 si
435 1935 656 1996 propter
698 1925 868 1980 Deum
895 1926 1059 1980 etiam
1103 1926 1330 1980 salutem
1375 1936 1614 1981 nostram
1659 1935 1715 1981 et

122 2019 279 2088 ipsas
313 2018 520 2072 animas
545 2025 971 2072 contemnamus.
1000 2017 1115 2072 Non
1156 2033 1284 2088 ergo
1312 2018 1425 2072 sola
1453 2020 1521 2073 ad
1546 2020 1714 2073 vitam

121 2107 330 2163 sullicit
356 2108 488 2162 ﬁdes
509 2154 526 2180 ,
547 2108 650 2162 nisi
683 2107 804 2177 quis
830 2109 971 2162 sicut
1000 2123 1058 2162 se
1098 2108 1289 2178 diligit,
1327 2109 1399 2162 ita
1435 2117 1490 2162 et
1533 2109 1715 2177 proxi-

122 2212 280 2250 mum
313 2213 325 2248 :
365 2203 422 2249 et
447 2211 554 2250 non
579 2195 753 2249 solum
783 2194 831 2247 ei
873 2195 1072 2249 malum
1101 2211 1207 2250 non
1249 2195 1400 2260 facit,
1441 2195 1584 2264 quod
1613 2196 1715 2250 sibi

122 2301 239 2340 non
270 2285 413 2339 vult:
448 2287 541 2340 sed
575 2285 736 2340 etiam
765 2285 964 2340 bonum
996 2285 1145 2351 facit,
1178 2286 1319 2354 quod
1362 2286 1465 2339 sibi
1497 2286 1612 2339 vult
1647 2287 1715 2341 ab

123 2375 238 2430 alio
287 2374 441 2429 ﬁeri:
483 2381 538 2429 et
571 2376 878 2430 universam
932 2375 1105 2446 legem
1144 2375 1351 2444 implet,
1397 2391 1516 2445 quae
1555 2376 1718 2431 habet

121 2461 236 2515 duo
265 2477 462 2532 genera
505 2463 918 2528 mandatorum,
964 2463 1068 2517 hoc
1111 2470 1222 2528 est,
1272 2479 1379 2517 non
1407 2463 1713 2518 faciendum

109 2546 352 2610 ‘malum,
387 2557 441 2603 et
467 2550 769 2610 iaciendum
797 2550 1018 2605 bonum.

203 2657 358 2723 Quod
385 2658 430 2710 si
460 2659 674 2711 invicem
702 2659 949 2712 mordetis
976 2668 1025 2712 et
1051 2659 1339 2722 comeditis,
1369 2659 1532 2712 videte
1560 2677 1621 2714 ne
1649 2661 1713 2714 ab

118 2749 348 2803 invicem
381 2750 783 2802 consumamini.
823 2748 935 2804 Hoc
976 2750 1119 2803 enim
1163 2750 1399 2804 maxime
1422 2751 1554 2805 vitio
1589 2767 1716 2806 con-

120 2839 389 2893 tentionis
418 2848 472 2894 et
494 2839 726 2904 invidiae,
758 2841 1074 2909 perniciosae
1103 2841 1537 2910 dispensationes
1575 2843 1716 2897 inter

119 2942 224 2981 eos
251 2927 644 2992 nutriebantur,
670 2928 808 2982 male
831 2928 896 2983 de
924 2928 1154 2983 invicem
1183 2929 1467 2999 loquendo,
1494 2940 1549 2985 et
1570 2946 1716 3000 quae—

125 3017 302 3070 rendo
327 3018 553 3084 quisque
591 3017 819 3087 gloriam
860 3033 1032 3084 suam,
1082 3035 1384 3090 vanamque
1431 3022 1711 3076 victoriam

119 3120 226 3174 per
256 3107 648 3160 contentionem
666 3147 680 3172 ,
707 3107 832 3175 quia
859 3122 956 3162 vos
994 3109 1246 3164 meliores
1283 3110 1605 3166 alterutrum
1623 3111 1711 3180 ju-

1820 1928 1922 1982 hoc
1967 1943 1998 1983 e
2047 1933 2321 1987 contrario
2351 1942 2436 1989 est
2481 1935 2549 1990 ad
2577 1936 2886 1994 Romanos:
2926 1941 3187 2010 Perﬁcere
3221 1957 3397 2000 autem

1817 2016 2007 2071 bonum
2031 2036 2135 2072 non
2158 2021 2380 2088 invenio,
2396 2024 2522 2093 quia
2540 2041 2640 2081 nec
2660 2027 2763 2081 illae
2783 2029 3135 2098 perﬁciuntur
3155 2033 3209 2087 in
3233 2035 3395 2101 malo,

1816 2109 2032 2175 quando
2055 2109 2134 2164 eis
2163 2126 2270 2165 non
2295 2114 2505 2168 accedit
2537 2125 2736 2172 nostra:
2764 2119 3053 2175 voluntatis
3102 2137 3357 2180 assensus
3380 2142 3395 2191 ;

1816 2210 1919 2250 nec
1942 2206 2127 2253 nostra
2154 2200 2404 2255 voluntas
2434 2204 2714 2272 perficitur
2737 2207 2791 2261 in
2813 2209 2976 2275 bono,
3015 2213 3252 2279 quandiu
3281 2214 3399 2269 illa-

1818 2301 1960 2351 rum,
1993 2289 2079 2341 cui
2126 2305 2233 2344 non
2272 2294 2667 2361 consentimus,
2719 2309 3002 2366 permanet
3041 2312 3240 2358 motus.
3279 2305 3400 2377 Ipse

1815 2381 1996 2427 autem
2013 2375 2314 2446 conﬂictus,
2331 2380 2383 2434 in
2405 2397 2512 2450 quo
2533 2384 2974 2456 etiam—baptizati
2988 2391 3130 2445 velut
3149 2393 3204 2447 in
3223 2375 3399 2465 agone

1815 2463 2117 2531 decertant,
2149 2484 2270 2523 cum
2308 2486 2435 2527 caro
2457 2476 2788 2544 concupiscit
2812 2479 3095 2536 adversum
3122 2463 3396 2551 spiritum,

1813 2561 1869 2606 et
1893 2555 2116 2623 spiritus
2167 2559 2426 2617 adversus
2474 2580 2737 2621 carnem:
2774 2569 2865 2623 ubi
2913 2579 2967 2625 et
3008 2574 3229 2642 spiritus
3267 2575 3399 2632 facit

1811 2643 2013 2698 bonum
2045 2659 2182 2716 opus
2212 2665 2319 2705 non
2346 2657 2730 2714 consentiendo
2753 2663 3199 2731 concupiscentia
3219 2666 3396 2734 malae,

1816 2747 1922 2786 non
1947 2735 2191 2804 perlicit;
2229 2743 2355 2809 quia
2387 2743 2500 2811 ipsa
2526 2746 2666 2801 mala
2698 2749 2965 2804 desideria
2988 2767 3093 2807 non
3121 2755 3354 2811 absumit
3380 2776 3394 2811 :

1814 2828 1870 2875 et
1891 2837 2021 2877 caro
2045 2823 2175 2880 facit
2197 2828 2397 2884 malum
2418 2832 2764 2903 desiderium,
2790 2839 2882 2893 sed
2907 2856 3007 2895 nec
3027 2842 3140 2911 ipsa
3160 2845 3395 2914 perlicit,

1814 2911 1938 2978 quia
1974 2928 2079 2967 non
2114 2916 2216 2970 sibi
2261 2922 2630 2977 consentiente
2672 2927 2862 2994 spiritu
2906 2939 2960 2983 et
2997 2931 3108 3001 ipsa
3135 2911 3204 2989 ad
3232 2952 3396 3006 opera

1813 3001 2116 3058 damnanda
2144 3022 2252 3061 non
2280 3013 2542 3077 pervenit.
2569 3013 2676 3070 Iste
2702 3032 2832 3086 ergo
2858 3020 3140 3078 conflictus
3166 3041 3271 3080 non
3295 3026 3395 3081 Ju—

1811 3089 2074 3159 daeorum,
2105 3109 2205 3150 nec
2247 3101 2609 3167 quorumlibet
2637 3105 2885 3173 aliorum,
2925 3111 3020 3166 sed
3059 3114 3214 3184 plene
3241 3117 3397 3174 Chri-

121 3196 338 3257 dicatis,
389 3197 602 3266 quando
647 3197 932 3252 detrahitis
978 3199 1246 3266 alterum;
1285 3203 1500 3270 quando
1535 3175 1709 3258 aliena
1737 3175 1780 3236 C
1813 3181 2132 3252 manorum,
2162 3187 2399 3244 ﬁdelium
2427 3200 2481 3247 ει
2507 3194 2643 3250 bene
2677 3197 2972 3256 νίνθηιίυιη
3008 3214 3110 3259 85t-
3161 3205 3168 3217 ’

120 3285 455 3353 torquemini
486 3285 774 3351 felicitate,
817 3296 872 3341 et
907 3303 975 3343 ex
1016 3289 1236 3346 alterius
1280 3291 1422 3346 bono
1468 3301 1710 3347 vestrum

121 3377 331 3430 malum
361 3376 555 3442 facitis,
581 3386 709 3432 tunc
732 3378 962 3435 invicem
991 3379 1342 3446 mordetis,et
1367 3383 1580 3450 quando
1604 3398 1713 3437 ma-

118 3463 328 3518 ledicto
353 3479 450 3519 vos
483 3467 686 3534 putatis
719 3466 906 3522 ulcisci
934 3482 949 3521 :
987 3469 1183 3538 quibus
1213 3471 1406 3526 studiis
1436 3471 1711 3525 consumi-

121 3560 218 3606 tur
249 3554 478 3608 societas
503 3555 705 3625 p0puli,
745 3557 871 3610 dum
917 3557 972 3610 in
1019 3566 1204 3626 partes
1245 3558 1528 3614 scinditur.
1569 3561 1713 3626 Quo-

121 3640 288 3695 modo
331 3651 510 3696 autem
553 3644 656 3698 ista
695 3645 870 3700 vitare
906 3647 1135 3715 possint,
1167 3649 1269 3703 nisi
1299 3650 1489 3718 spiritu
1519 3653 1708 3706 arabu-

115 3730 258 3792 lent,
289 3738 345 3783 et
365 3734 827 3800 concupiscentias
849 3737 1029 3791 carnis
1051 3753 1157 3792 non
1179 3739 1498 3808 perficiant?
1522 3741 1710 3798 Melius

119 3829 211 3874 est
247 3829 424 3875 autem
471 3837 538 3876 ne
584 3833 774 3881 contra
822 3828 1122 3894 rationem,
1171 3839 1228 3884 et
1267 3833 1432 3885 totius
1457 3832 1709 3902 Epistolas

119 3910 598 3977 consequentiam,
650 3913 827 3969 subito
863 3916 918 3969 in
969 3919 1396 3974 extraordinaria
1441 3931 1708 3992 prazcepta

117 3996 324 4051 Paulus
353 4011 615 4070 erumpat.
652 4002 755 4057 hoc
779 4004 852 4057 ita
880 4004 1198 4076 intelligere,
1241 4017 1299 4062 ut
1321 4009 1387 4064 ad
1416 4012 1704 4067 circumoi-

117 4087 335 4140 sionem
358 4089 898 4164 observationemque
925 4095 1054 4166 legis
1082 4109 1274 4154 cuncta
1302 4100 1621 4158 referamus.
1649 4105 1705 4159 Si

119 4189 242 4236 vos,
267 4176 458 4244 inquit,
482 4181 806 4236 conturbant
827 4183 940 4249 alii,
965 4200 1060 4239 vos
1086 4195 1265 4241 autem
1287 4192 1703 4258 conturbamini,

118 4264 169 4318 si
203 4271 368 4318 totam
394 4263 727 4336 Scripturam
755 4280 995 4327 veterem
1017 4273 1253 4344 legentes
1277 4277 1354 4330 sic
1379 4277 1703 4348 intelligitis,

120 4362 184 4407 ut
213 4355 414 4422 scripta
441 4369 522 4411 est
548 4377 559 4410 :
604 4357 825 4413 Oculum
862 4378 956 4430 pro
981 4363 1150 4428 oculo,
1196 4365 1397 4418 dentem
1426 4385 1521 4436 pro
1551 4369 1703 4424 dente

110 4443 304 4515 (Deut.
337 4447 473 4516 XIX),
504 4457 558 4502 et
583 4450 662 4502 ira
691 4451 961 4506 desiderat
984 4453 1260 4519 ultionem,
1284 4457 1418 4511 ultio
1444 4474 1572 4513 vero
1602 4460 1702 4513 im-

109 4534 274 4602 ponit
305 4535 576 4602 dolorem,
616 4540 757 4607 quod
787 4540 868 4593 lex
903 4557 1007 4594 non
1057 4543 1228 4597 solum
1275 4561 1379 4598 non
1431 4548 1695 4615 prohibet,

115 4637 312 4677 verum
337 4626 498 4679 etiam
522 4629 783 4698 praecipit,
795 4629 1064 4698 justitiam
1089 4633 1142 4687 in
1168 4621 1363 4690 talione
1388 4640 1696 4705 restituens,

116 4716 385 4783 sequitur,
432 4729 493 4773 ut
531 4730 586 4775 et
622 4725 854 4779 nudatus
883 4728 1067 4791 nudet,
1097 4737 1150 4782 et
1187 4731 1495 4788 vulneratus
1528 4737 1702 4790 revul-

115 4814 297 4871 neret,
328 4815 381 4860 et
403 4818 672 4865 comestus
697 4816 1020 4880 remordeat,
1046 4826 1098 4871 et
1122 4834 1240 4887 quae
1264 4821 1478 4877 videtur
1491 4825 1700 4893 justitia

114 4906 262 4956 esse,
282 4898 617 4965 consumptio
642 4900 732 4964 sit,
749 4916 853 4955 non
876 4919 1042 4959 unum
1063 4907 1363 4975 vindicans,
1379 4914 1472 4966 sed
1499 4924 1702 4969 utrum-

116 4995 228 5049 que
257 4998 598 5042 consumens.

188 5090 322 5145 Dico
350 5104 522 5150 autem
543 5110 563 5149 :
594 5097 798 5169 Spiritu
827 5104 1105 5170 ambulate,
1144 5117 1192 5160 et
1217 5109 1475 5166 desideria
1524 5118 1696 5171 carnis

117 5197 226 5234 non
245 5181 542 5251 perficietis.
568 5186 626 5242 Si
649 5203 777 5258 ergo
802 5207 906 5246 non
929 5197 1296 5252 consentiatur
1317 5204 1700 5270 concupiscen-

121 5269 214 5324 tiis
247 5273 446 5336 carnis,
480 5279 784 5343 quantisvis
828 5291 1054 5352 agantur
1083 5287 1333 5352 motibus,
1378 5269 1695 5350 nontamen

117 5358 470 5428 perficiantur
493 5366 764 5431 operibus.
792 5369 1025 5426 Proinde
1059 5389 1181 5428 cum
1209 5391 1338 5430 caro
1366 5385 1697 5451 concupiscit

117 5447 405 5502 adversum
437 5452 703 5519 spiritum,
735 5466 790 5511 et
821 5461 1040 5528 spiritus
1077 5464 1332 5520 adversus
1359 5484 1597 5537 carnem,
1640 5485 1699 5530 ut

118 5551 225 5591 non
261 5552 325 5591 ea
353 5553 472 5605 quze
503 5542 743 5600 volumus
774 5547 1051 5615 faciamus,
1077 5568 1174 5607 nec
1203 5557 1382 5611 carnis
1413 5560 1698 5626 perficiun-

121 5632 209 5678 tur
228 5629 696 5699 concupiscentiaa,
729 5641 977 5704 quamvis
1003 5641 1221 5708 faciant,
1248 5661 1345 5700 nec
1373 5658 1553 5703 nostra
1575 5668 1698 5720 pcr-

119 5713 375 5772 ﬁciuntur
399 5737 561 5790 opera
591 5723 749 5790 bona,
776 5732 1022 5797 quamvis
1052 5732 1200 5788 fiant.
1230 5735 1379 5791 Sicut
1402 5741 1542 5794 enim
1571 5752 1694 5800 tunc

1811 3497 2163 3566 concupiscit,
2186 3505 2434 3569 quamvis
2454 3522 2581 3562 caro
2606 3515 2986 3581 concupiscere
3015 3519 3245 3588 dicatur,
3265 3526 3393 3592 quia

1810 3587 2102 3641 carnaliter
2143 3592 2321 3646 anima
2367 3599 2727 3667 concupiscit,
2777 3619 2902 3660 caro
2937 3609 3081 3663 enim
3113 3613 3244 3666 nihil
3289 3616 3394 3671 nisi

1808 3689 1906 3743 per
1933 3676 2168 3732 animam
2199 3685 2560 3753 concupiscit;
2593 3693 2686 3744 sed
2724 3697 3103 3764 concupiscere
3135 3717 3262 3758 caro
3292 3707 3391 3762 ad-

1809 3777 1997 3819 versus
2028 3768 2276 3835 spiritum
2302 3773 2530 3840 dicitur,
2563 3782 2778 3846 quando
2807 3785 2985 3839 anima
3032 3793 3234 3847 carnali
3265 3810 3394 3850 con-

1809 3853 2142 3920 cupiscentia
2171 3859 2380 3927 spiritui
2411 3863 2726 3922 reluctatur.
2755 3871 2904 3927 Tunc
2925 3877 3068 3930 enim
3091 3895 3218 3935 caro
3242 3885 3392 3939 adul-

1811 3940 2022 4007 terium,
2051 3944 2278 4012 spiritus
2303 3958 2481 4004 autem
2518 3954 2791 4012 desiderat
2820 3963 3146 4020 castitatem.
3191 3970 3386 4028 Totum

1809 4027 1912 4082 hoc
1943 4044 2039 4085 nos
2077 4047 2282 4100 sumus,
2316 4046 2370 4092 et
2410 4055 2535 4095 caro
2579 4043 2692 4113 ipsa
2722 4062 2840 4116 qua:
2874 4051 3179 4112 discedente
3208 4061 3386 4118 anima

1809 4120 2054 4185 moritur,
2084 4138 2203 4190 quae
2236 4141 2363 4195 pars
2389 4140 2570 4185 nostra
2617 4134 2828 4190 infirma
2868 4149 2970 4206 est,
3008 4160 3106 4199 nec
3139 4147 3388 4219 fugienda

1806 4207 2116 4276 dimittitur,
2145 4215 2237 4268 sed
2264 4218 2568 4286 recipienda
2591 4227 2888 4293 reponitur.
2913 4231 3064 4288 Tunc
3087 4207 3390 4306 eritjtistus

1805 4298 1921 4352 sine
1950 4299 2057 4356 ullo
2093 4306 2313 4361 omnino
2351 4322 2606 4378 peccato,
2660 4308 2876 4385 quando
2906 4324 3048 4379 nulla
3085 4328 3168 4383 lex
3198 4334 3304 4388 erit
3334 4337 3386 4390 in

1806 4391 2063 4446 membris
2086 4394 2202 4462 ejus
2223 4411 2527 4469 repugnans
2545 4403 2650 4474 legi
2675 4412 2873 4466 mentis
2896 4413 3026 4481 ejus.
3046 4418 3154 4475 Nec
3171 4435 3385 4494 recepta

1806 4478 2034 4584 ulterius
2073 4484 2425 4554 relinquetur.
2477 4491 2628 4550 Unde
2667 4498 2814 4562 dicit,
2853 4478 3162 4563 seminatur
3189 4478 3385 4584 corpus

1805 4567 2053 4633 animale,
2085 4583 2270 4643 surget
2299 4593 2493 4647 corpus
2537 4584 2799 4651 spiritale.
2845 4592 2913 4645 Et
2949 4596 3072 4663 quia
3103 4615 3263 4669 supra

1804 4660 2036 4714 cundum
2072 4662 2338 4732 duplicem
2376 4670 2782 4744 intelligentiam
2813 4660 3184 4743 hunc‘locum-
3208 4707 3384 4764 caepe-

1805 4762 1987 4803 ramus
2015 4765 2302 4820 exponere,
2333 4759 2602 4816 reddenda
2633 4777 2900 4838 suntquae
2926 4776 3205 4834 omisimus
3243 4759 3383 4839 caro

1804 4839 2118 4907 concupiscit
2141 4843 2387 4900 adversus
2414 4850 2677 4918 spiritum,
2705 4855 2758 4909 id
2787 4867 2866 4911 est
2893 4861 3130 4919 historia:
3156 4876 3210 4921 et
3237 4869 3382 4926 Scri-

1800 4935 1973 4994 pturte
2002 4944 2230 4988 carneus
2258 4935 2558 4993 intellectus
2589 4953 2771 4998 contra
2798 4947 3106 5019 allegoriam
3135 4966 3190 5010 et
3225 4960 3382 5028 spiri-

1806 5015 1967 5070 talem
1996 5019 2291 5076 doctrinam
2328 5039 2609 5097 repugnat.
2645 5031 2874 5102 Spiritus
2907 5015 3086 5095 autem
3131 5015 3380 5106 adversus

1805 5123 2044 5174 carnem,
2071 5113 2123 5166 id
2151 5124 2233 5168 est
2261 5117 2572 5174 sublimiora
2602 5122 2842 5193 dejectis,
2875 5139 3073 5186 aeterna
3101 5135 3377 5208 brevibus,

1803 5202 2009 5256 umbrae
2029 5205 2227 5258 veritas
2253 5206 2572 5278 refragatur.
2596 5214 2664 5268 Et
2691 5231 2919 5275 carneus
2946 5221 3236 5293 Scriptura:
3262 5202 3378 5285 sen;

1805 5304 1916 5354 sus,
1941 5292 2062 5359 quia
2096 5294 2304 5362 impleri
2333 5313 2438 5352 non
2469 5312 2646 5371 potest
2674 5307 2808 5376 (nec
2835 5312 2977 5364 enim
3006 5292 3241 5372 valemus
3267 5337 3377 5374 om-

1803 5382 1892 5435 nia
1921 5397 2038 5450 qum
2061 5385 2257 5452 scripta
2284 5401 2408 5442 sunt
2437 5390 2657 5464 facere),
2685 5401 2918 5454 ostendit
2947 5418 3044 5457 nos
3073 5421 3176 5460 non
3202 5409 3252 5461 in
3286 5426 3376 5464 no-

1800 5483 1910 5526 stra
1945 5476 2146 5543 positos
2176 5485 2441 5543 potestate
2490 5483 2623 5553 legis
2663 5487 2957 5555 explendae,
2991 5508 3112 5546 cum
3159 5498 3375 5555 etiamsi

1798 5562 2023 5618 velimus
2051 5565 2280 5620 litteram
2312 5572 2487 5638 sequi,
2519 5573 2920 5640 impossibilitas
2962 5597 3068 5635 non
3115 5585 3370 5641 admittit.

1870 5652 1998 5706 Herc
2029 5657 2164 5708 enim
2195 5658 2407 5713 invicem
2433 5663 2796 5731 adversantur,
2833 5679 2886 5722 ut
2924 5687 3024 5723 non
3053 5689 3372 5745 qua'cunque

1798 5743 1971 5812 vultis,
2009 5746 2108 5799 ista
2145 5746 2370 5815 faciatis.
2412 5753 2533 5808 llaec
2584 5754 2711 5810 facit
2758 5759 2896 5814 ratio
2939 5769 2995 5815 ut
3041 5743 3368 5822 voluntatem
