3906 6322
1606 364 1878 422 CLAUDII
1919 368 2377 428 TAURINENSIS
2417 375 2721 433 EPlSCOPI

3679 391 3774 443 90f:

510 487 617 528 non
640 477 902 541 sequatur
929 469 1151 526 effectus
1178 488 1191 526 :
1219 473 1344 542 quia
1374 474 1426 527 in
1463 475 1564 528 hac
1588 476 1699 530 vita
1725 486 1926 549 pugnat
1958 493 2087 535 caro
2114 486 2166 545 Α
2190 485 2608 552 consentientes,
2657 505 2761 544 non
2809 491 2923 547 huic
2961 503 3126 564 agunt
3164 506 3224 552 ct
3254 498 3376 553 ideo
3409 515 3644 570 regnum
3687 501 3774 558 Dei

507 573 695 619 contra
744 564 1011 634 spiritum,
1050 575 1103 619 ct
1146 566 1367 633 spiritus
1412 567 1671 623 adversus
1717 585 1958 624 carnem.
2001 570 2088 626 Fit

505 671 636 726 ergo
677 669 775 724 per
821 655 1302 710 sanetiticationem
1331 657 1658 727 perfectam,
1691 668 1750 713 ut
1772 662 1948 715 omnis
1971 677 2090 717 ear-

504 745 645 800 nalis
688 746 958 820 appetitus
1005 746 1216 816 spiritui
1265 756 1450 802 nostro
1478 748 1776 804 illuminato
1827 758 1881 805 et
1921 750 2090 805 vivifi-

503 847 644 901 eato,
673 838 727 891 id
753 846 837 892 est
861 837 1124 892 voluntati
1151 837 1485 907 subjiciatur.
1520 839 1587 893 Et
1613 841 1753 895 sicut
1783 857 1924 896 nunc
1944 843 2089 897 vide-

503 941 624 980 mus
648 927 831 980 multis
851 927 1150 996 puerilibus
1173 928 1618 984 delectationibus
1641 947 1740 986 nos
1759 948 1947 987 carere
1971 948 2089 1003 quae

502 1031 602 1070 nos
640 1031 856 1085 pueros,
902 1017 947 1070 si
984 1017 1413 1087 denegarentur,
1460 1023 1722 1076 acerrime
1751 1022 2084 1088 eruciabant,

501 1104 577 1158 ita
607 1107 936 1160 credendum
966 1116 1050 1161 est
1071 1107 1136 1161 de
1159 1109 1306 1162 omni
1336 1111 1540 1164 carnali
1565 1111 1918 1166 delectatione
1949 1111 2089 1166 futu-

499 1211 619 1249 rum
663 1212 802 1260 esse,
843 1212 967 1251 cum
1013 1197 1253 1267 perfecta
1303 1201 1564 1253 sanctitas
1611 1210 1782 1255 totum
1815 1203 2086 1257 hominem

497 1286 871 1354 reparaverit;
909 1303 1052 1341 nunc
1092 1297 1273 1342 autem
1300 1290 1538 1356 quandiu
1569 1298 1654 1346 est
1683 1291 1737 1344 in
1765 1293 1918 1345 nobis
1946 1291 2086 1360 quod

495 1377 705 1432 resistit
731 1378 885 1432 bonae
913 1379 1196 1442 voluntati,
1237 1382 1437 1434 auxilio
1468 1382 1562 1436 Dei
1589 1399 1687 1451 per
1716 1384 1886 1438 bonos
1915 1385 2090 1438 homi-

495 1483 613 1532 nes,
645 1478 700 1522 et
742 1469 913 1523 bonos
939 1469 1157 1538 angelos
1189 1470 1513 1540 indigemus,
1565 1481 1624 1525 ut
1661 1472 1832 1527 donec
1867 1483 2089 1527 sanetur

493 1558 690 1613 vulnus
714 1567 982 1623 nostrum,
1015 1575 1120 1613 non
1145 1560 1217 1613 ita
1243 1561 1560 1615 molestetur
1583 1571 1641 1615 ut
1668 1565 1902 1632 perimat
1922 1564 2087 1617 etiam

491 1649 689 1702 bonam
717 1648 1079 1703 voluntatem:
1113 1652 1252 1704 hanc
1276 1658 1453 1705 autem
1478 1662 1706 1707 mortem
1733 1663 1960 1722 peccato
1983 1669 2090 1708 me-

493 1743 728 1806 ruimus,
758 1742 903 1811 quod
933 1750 1211 1810 peccatum
1251 1753 1369 1798 erat
1400 1745 1620 1798 omnino
1655 1746 1710 1800 in
1741 1746 1913 1801 libero
1947 1749 2088 1802 arbi—

2188 576 2553 644 possidebunt.
2586 579 2701 634 Non
2743 583 2886 636 enim
2924 585 3035 654 jam
3069 598 3260 656 regnat
3287 601 3582 659 peceatum
3614 592 3666 645 in
3694 608 3776 647 eo-

2190 680 2308 718 rum
2343 669 2555 722 mortali
2582 686 2807 739 corpore
2835 675 2901 728 ad
2937 676 3293 733 obediendum
3326 679 3622 735 desideriis
3645 679 3776 748 ejus,

2188 757 2434 824 quamvis
2459 759 2664 814 habitet
2685 763 2737 815 in
2759 764 2945 818 eodem
2969 767 3184 821 mortali
3206 784 3438 838 corpore
3465 781 3771 840 peccatum,

2187 845 2423 899 nondum
2469 851 2736 905 exstincto
2779 854 2983 922 impetu
3028 861 3430 914 consuetudinis
3479 863 3772 928 naturalis,

2188 947 2294 1000 qua
2326 939 2628 994 mortaliter
2651 942 2764 995 nati
2785 959 2990 1009 sumus,
3006 955 3060 1000 et
3075 962 3138 1000 ex
3156 950 3390 1018 propriis
3403 953 3530 1005 vita:
3551 963 3772 1012 nostrae.

2187 1037 2311 1076 cum
2337 1033 2388 1078 et
2417 1041 2514 1080 nos
2558 1029 2657 1096 ipsi
2685 1033 2959 1098 peccando
2986 1037 3234 1089 auximus
3261 1039 3404 1106 quod
3451 1040 3521 1093 ab
3567 1041 3774 1110 origine

2187 1117 2396 1180 peccati
2427 1119 2646 1172 humani
2686 1121 3049 1180 damnationis
3085 1129 3453 1184 trahebamus.
3494 1133 3658 1186 Aliud
3695 1142 3775 1186 est

2188 1201 2330 1256 enim
2359 1220 2462 1258 non
2494 1221 2737 1274 peccare,
2767 1210 2908 1266 aliud
2937 1229 3042 1268 non
3074 1216 3275 1271 habere
3303 1229 3612 1286 peccatum.
3643 1221 3774 1275 Nam

2189 1290 2241 1342 in
2270 1307 2377 1360 quo
2399 1303 2674 1362 peccatum
2704 1314 2808 1354 non
2838 1313 3048 1370 regnat,
3079 1321 3185 1358 non
3216 1317 3436 1374 peccat,
3479 1311 3531 1363 id
3563 1321 3654 1364 est
3689 1312 3771 1379 qui

2188 1393 2293 1433 non
2324 1383 2540 1436 obediat
2583 1385 2866 1443 desideriis
2903 1389 3037 1458 ejus.
3081 1393 3137 1447 ln
3175 1411 3282 1463 quo
3318 1407 3501 1451 autem
3530 1415 3640 1452 non
3667 1402 3774 1455 exi-

2187 1477 2334 1522 stunt
2359 1472 2577 1527 omnino
2618 1474 2719 1528 ista
2765 1477 3051 1543 desideria,
3083 1496 3190 1535 non
3223 1484 3393 1540 solum
3425 1502 3533 1540 non
3563 1500 3770 1556 peccat,

2187 1558 2281 1609 sed
2327 1559 2484 1613 etiam
2535 1577 2638 1616 non
2690 1564 2851 1618 habet
2881 1577 3181 1634 peccatum.
3219 1571 3373 1638 Quod
3416 1578 3586 1629 etiam
3629 1580 3674 1631 si
3709 1597 3771 1633 ex

2187 1647 2370 1701 multis
2398 1651 2644 1718 partibus
2669 1654 2720 1706 in
2745 1654 2846 1709 ista
2876 1658 2986 1711 vita
3015 1662 3185 1727 possit
3209 1662 3378 1729 edici,
3418 1681 3486 1719 ex
3519 1671 3670 1722 omni
3703 1679 3771 1723 tae

2189 1751 2311 1790 men
2357 1749 2511 1806 parte
2551 1759 2656 1797 non
2700 1745 2802 1799 nisi
2845 1748 2898 1800 in
2932 1755 3326 1808 resurrectione
3369 1760 3575 1823 carnis,
3615 1769 3771 1830 atque

491 1831 632 1884 trio:
671 1847 795 1886 eum
830 1834 884 1887 in
926 1835 1178 1903 paradiso
1205 1835 1384 1889 nullus
1414 1836 1567 1891 dolor
1603 1838 1898 1908 denegaret
1940 1837 2078 1893 dele-

2187 1832 2609 1887 commulatione
2639 1840 2999 1907 peragendum
3025 1851 3127 1896 est.
3157 1842 3266 1898 Cur
3289 1863 3418 1917 ergo
3447 1849 3566 1904 haec
3593 1855 3770 1906 omnia

490 1925 756 1980 elationes
784 1925 1050 1980 voluntati
1092 1929 1277 1992 bonae,
1315 1943 1417 1984 nec
1452 1930 1743 1998 quidquam
1788 1939 1938 1985 recte
1985 1932 2082 1984 ha-

491 2017 641 2071 benti
666 2031 724 2071 se
747 2017 952 2072 homini
987 2019 1294 2072 resistebat.
1335 2019 1488 2074 Nunc
1523 2035 1652 2074 vero
1680 2021 1939 2089 paulatim
1963 2021 2084 2076 sub-

493 2120 689 2175 repens
714 2107 1001 2162 delectatio
1023 2109 1322 2163 mortiﬁcat
1356 2101 1612 2174 animam,
1648 2120 1707 2164 ut
1738 2111 1779 2164 si
1810 2113 2082 2166 abstinere

491 2197 638 2258 velit,
667 2196 785 2250 sine
815 2198 1059 2252 molestia
1093 2206 1148 2252 et
1171 2214 1370 2268 angore
1399 2215 1504 2253 non
1534 2201 1724 2268 possit.

565 2287 720 2353 Quod
747 2290 792 2341 si
821 2289 1009 2357 spiritu
1045 2290 1323 2354 ducimini,
1353 2309 1455 2345 non
1480 2294 1600 2346 estis
1623 2293 1716 2345 sub
1747 2292 1874 2362 lege.
1911 2293 1979 2348 Ut
2008 2295 2084 2347 in-

488 2376 792 2447 telligamus
815 2392 910 2432 eos
934 2381 1032 2431 sub
1055 2378 1171 2448 lege
1197 2394 1337 2442 esse,
1361 2395 1591 2448 quorum
1616 2381 1840 2449 spiritus
1863 2382 1936 2434 ita
1960 2396 2084 2436 con-

491 2467 721 2534 cupiscit
764 2469 1022 2522 adversus
1059 2483 1299 2532 carnem,
1331 2478 1389 2520 ut
1415 2485 1518 2522 non
1561 2485 1622 2522 ea
1653 2485 1770 2538 qum
1795 2470 1981 2523 volunt
2008 2469 2084 2523 fa-

487 2557 656 2620 ciant,
690 2556 742 2610 id
771 2566 855 2611 est
893 2573 997 2611 non
1031 2573 1090 2612 se
1121 2565 1339 2611 teneant
1372 2557 1693 2626 eonjunctos
1725 2559 1778 2612 in
1813 2559 2082 2614 charitate

487 2645 731 2712 iustitiae,
759 2647 853 2700 scd
878 2662 906 2700 a
930 2647 1346 2716 concupiscente
1373 2647 1656 2702 adversum
1681 2663 1738 2702 se.
1761 2663 1943 2711 carne,
1967 2649 2083 2702 vin-

486 2745 699 2791 cantur.
731 2736 845 2791 Non
872 2738 1044 2792 solum
1074 2753 1135 2791 ca
1155 2747 1494 2808 repugnante
1523 2738 1627 2808 legi
1651 2740 1848 2794 mentis
1869 2755 2078 2804 eorum,

487 2828 582 2881 sed
613 2829 775 2882 etiam
814 2829 1120 2898 captivante
1158 2829 1277 2884 illos
1313 2831 1410 2883 sub
1438 2829 1555 2897 lege
1580 2831 1813 2898 peccati,
1843 2847 1961 2899 qua:
1998 2838 2080 2883 est

489 2919 544 2973 in
573 2919 834 2972 membris
860 2919 1196 2974 mortalibus.
1229 2920 1329 2987 Qui
1362 2921 1506 2974 enim
1534 2937 1639 2975 non
1677 2913 1948 2976 ducuntur
1971 2921 2080 2991 spi-

485 3009 612 3071 ritu,
640 3010 886 3078 sequitur
908 3018 967 3063 ut
993 3025 1156 3064 carne
1185 3011 1472 3068 ducantur.
1502 3012 1618 3084 Non
1641 3023 1827 3067 autem
1853 3014 1961 3082 pati
1987 3013 2080 3065 ad—

489 3100 801 3154 vorsitatem
833 3101 1034 3164 carnis,
1065 3103 1157 3156 sed
1187 3102 1308 3156 duci
1341 3119 1370 3156 a
1394 3119 1557 3158 carne
1586 3105 1856 3158 damnatio
1884 3113 1988 3159 est.
2011 3105 2077 3158 Et

487 3191 638 3254 ideo,
689 3190 840 3256 Quod
886 3191 931 3244 si
978 3192 1170 3260 spiritu
1212 3193 1488 3257 ducimini,
1526 3194 1720 3263 inquit,
1754 3209 1861 3248 non
1901 3190 2113 3256 adhuc:

482 3281 615 3334 estis
641 3281 738 3334 sub
763 3281 898 3351 lege.
925 3281 1056 3335 Nam
1081 3290 1134 3335 et
1154 3284 1400 3351 superius
1426 3299 1532 3338 non
1559 3285 1655 3349 ait,
1679 3286 1867 3354 spiritu
1894 3288 2076 3338 ambu-

481 3371 604 3434 late,
638 3381 684 3425 et
714 3374 1159 3442 concapiscentias
1197 3377 1372 3428 carnis
1396 3393 1504 3430 non
1536 3377 1857 3441 habueritis,
1893 3379 1984 3432 sed
2011 3396 2072 3432 ne

481 3460 818 3530 perfeceritis.
850 3461 1056 3530 Quippe
1082 3478 1174 3516 cas
1196 3465 1416 3517 omnino
1446 3481 1551 3518 non
1582 3467 1804 3529 habere,
1832 3483 1938 3520 non
1961 3467 2072 3531 jam

481 3561 778 3614 certamen,
807 3553 900 3604 sed
926 3553 1239 3606 certaminis
1269 3555 1552 3621 praemium
1578 3564 1661 3608 est
1681 3595 1694 3617 ,
1734 3555 1778 3608 si
1825 3555 2071 3609 obtinue-

481 3643 652 3696 rimus
693 3643 984 3695 victoriam‘
1001 3644 1398 3711 perseverando
1445 3645 1545 3700 sub
1586 3645 1780 3713 gratia.
1820 3644 2074 3699 Comum—

483 3735 614 3785 tatio
648 3733 792 3786 enim
824 3732 1066 3798 corporis
1092 3732 1146 3784 in
1188 3733 1548 3787 immortalem
1580 3741 1780 3788 statum
1810 3733 1922 3788 sola
1955 3749 2074 3789 car-

481 3821 567 3876 nis
599 3821 1065 3889 concupiscentias
1092 3836 1197 3873 non
1235 3821 1474 3876 habebit.
1515 3823 1579 3875 Et
1605 3824 1648 3876 si
1676 3839 1772 3877 vos
1800 3832 1942 3877 totos
1967 3824 2075 3892 spi—

482 3912 728 3965 ritalibus
749 3912 1048 3980 occupetis,
1066 3928 1172 3966 non
1201 3913 1353 3968 vobis
1378 3929 1514 3982 opus
1535 3923 1616 3968 est
1637 3913 1743 3977 lex,
1766 3913 2074 3967 carnalibus

482 4005 605 4058 data
637 4011 740 4058 est.
792 4004 854 4059 Si
885 4006 1108 4074 spiritu,
1159 4000 1349 4073 inquit,
1400 4006 1652 4058 ducimini
1693 4021 1796 4058 non
1826 4005 1946 4058 estis
1976 4004 2072 4057 sub

485 4098 616 4166 lege.
654 4096 851 4164 Utique
894 4096 1019 4166 legi,
1051 4112 1170 4165 quae
1207 4097 1455 4158 timorem
1501 4096 1713 4160 incutit,
1743 4111 1850 4151 non
1887 4096 2076 4149 tribuit

481 4185 830 4248 cbaritatcm,
861 4186 986 4253 quia
1016 4187 1245 4238 charitas
1275 4185 1371 4239 Dei
1399 4187 1597 4254 ili/fusa
1627 4197 1700 4239 est
1740 4186 1795 4239 in
1831 4187 2072 4239 cordibus

482 4275 683 4328 vestris.
714 4273 831 4328 Non
863 4289 957 4342 per
981 4274 1115 4344 legis
1155 4275 1386 4328 litteram
1406 4317 1418 4335 ,
1449 4276 1540 4329 sed
1564 4293 1653 4344 per
1677 4276 1918 4346 spiritum
1944 4293 2070 4329 san—

482 4374 645 4427 ctum,
677 4364 766 4433 qui
811 4365 966 4418 datus
998 4374 1072 4418 est
1120 4365 1267 4417 nobis
1299 4364 1470 4434 (Rom.
1510 4364 1585 4433 v).
1617 4364 1743 4419 "330
1783 4375 1868 4420 est
1893 4366 1978 4420 lex
2009 4366 2072 4418 Ιί-

482 4454 729 4518 bertatis,
761 4470 866 4509 non
895 4455 1191 4510 servitutis.
1224 4455 1282 4508 ln
1323 4462 1582 4523 quantum
1610 4455 1839 4524 quisque
1876 4455 2069 4525 spiritu

483 4542 719 4608 ducitur,
758 4560 864 4598 non
895 4551 978 4597 est
1004 4544 1106 4597 sub
1147 4543 1304 4614 lege:
1341 4544 1464 4615 quia
1513 4553 1775 4614 quantum
1822 4545 2070 4600 eondele—

483 4639 662 4685 etatur
686 4630 788 4700 legi
813 4631 930 4694 Dei,
962 4647 1067 4686 non
1095 4640 1178 4687 est
1210 4633 1308 4687 sub
1341 4632 1474 4702 legis
1509 4633 1720 4699 timore,
1752 4633 1876 4703 quia
1906 4633 2069 4687 timor

487 4730 811 4776 tormentum
839 4723 1021 4789 habet,
1050 4740 1158 4778 non
1185 4724 1593 4779 delectationem
1614 4766 1629 4781 .

557 4810 841 4880 Manifesta
874 4822 1048 4866 autem
1075 4819 1194 4867 sunt
1219 4830 1375 4882 opera
1397 4815 1571 4867 carnis
1591 4829 1707 4883 qua:
1732 4823 1872 4878 sunt,
1898 4815 2064 4883 forni-

485 4901 642 4959 catio,
670 4900 1027 4966 immunditia,
1058 4902 1406 4971 impudicitia,
1432 4903 1692 4956 idolorum
1722 4906 1961 4968 servitus,
1986 4921 2066 4958 ve-

488 4986 694 5052 neﬁcia,
722 4987 1030 5051 inimicitite,
1055 4990 1426 5052 contentiones,
1453 4991 1827 5055 animositates,
1853 4991 2044 5046 wmula

487 5073 672 5134 tiones,
692 5073 809 5137 ine,
827 5075 975 5136 νίκαν,
997 5075 1362 5140 dissensiones,
1389 5078 1632 5141 luereses,
1645 5078 1872 5143 invidias,
1885 5078 2105 5132 ebrieta-

487 5171 583 5226 tes,
619 5163 1037 5217 comessationes.
1085 5163 1263 5235 Agunt
1301 5174 1482 5220 autem
1513 5167 1648 5232 haec,
1690 5167 1781 5236 qui
1811 5170 2072 5242 cupidita-

490 5253 632 5306 tibus
663 5253 969 5307 carnalibus
1005 5256 1406 5310 consentientes
1443 5257 1688 5312 facienda
1727 5273 1845 5312 esse
1885 5259 2074 5313 decer-

490 5352 661 5407 nunt,
711 5345 919 5397 etiamsi
967 5347 1034 5398 ad
1083 5345 1411 5414 implendum
1458 5347 1687 5402 facultas
1735 5363 1842 5402 non
1893 5351 2069 5403 datur.

491 5429 754 5484 Cmtcrum
784 5433 874 5500 qui
923 5441 1215 5503 tanguntur
1255 5435 1562 5505 bujusmodi
1593 5437 1851 5501 motibus,
1890 5446 1945 5491 et
1973 5439 2072 5492 im-

491 5520 717 5574 mobiles
749 5522 799 5574 in
834 5523 1036 5593 majore
1077 5525 1345 5579 charitate
1386 5527 1706 5581 consistunt.
1753 5528 1870 5582 Non
1900 5523 2070 5584 solum

492 5624 599 5662 non
636 5611 715 5664 eis
745 5613 1060 5667 exhibentes
1100 5616 1340 5668 membra
1373 5618 1616 5685 corporis
1660 5619 1726 5671 ad
1772 5621 1909 5673 male
1949 5636 2074 5689 ope-

492 5697 738 5767 randam,
766 5702 858 5757 sed
882 5717 1056 5772 neque
1079 5714 1209 5758 nutu
1236 5708 1602 5762 consensionis
1622 5708 1688 5762 ad
1712 5711 2069 5766 exhibendum

2097 4497 2149 4555 D

2184 1926 2239 1971 et
2261 1919 2343 1972 his
2372 1921 2567 1976 similia
2590 1925 2778 1980 doctor
2805 1931 3045 1998 gentium
3067 1933 3119 1986 in
3143 1934 3245 1990 ﬁde
3267 1946 3321 1990 et
3344 1941 3581 1994 veritate
3611 1959 3768 2012 opera

2183 2013 2363 2065 carnis
2391 2015 2654 2082 appellat,
2697 2018 2797 2072 nisi
2833 2022 2957 2088 quia
3006 2037 3071 2076 eo
3110 2025 3396 2082 locutionis
3435 2032 3632 2096 modo,
3669 2049 3771 2102 quo

2184 2108 2352 2153 totum
2385 2102 2718 2172 signiﬁcatur
2752 2124 2780 2161 a
2813 2121 2989 2178 parte,
3019 2113 3194 2181 ipsum
3229 2117 3509 2173 hominem
3539 2123 3656 2175 mlt
3683 2138 3768 2178 no-

2184 2189 2328 2243 mine
2349 2194 2530 2246 carnis
2555 2195 2814 2268 intelligi?
2837 2201 2988 2265 Quod
3018 2205 3062 2257 si
3089 2206 3375 2275 quisquam
3399 2211 3533 2266 dicit
3556 2231 3767 2270 carnem

2184 2292 2400 2333 causam
2427 2297 2547 2336 esse
2584 2284 2637 2338 in
2684 2288 2840 2343 malis
2883 2294 3124 2347 moribus
3143 2311 3594 2369 quorumcumque
3620 2305 3768 2358 vitio-

2184 2385 2323 2435 rum,
2351 2388 2416 2425 eo
2443 2375 2585 2441 quod
2616 2371 2792 2431 anima
2821 2396 2985 2435 carne
3012 2385 3249 2452 perfecta
3290 2390 3368 2443 sic
3396 2392 3565 2454 vivit,
3596 2394 3769 2464 profe-

2182 2468 2270 2514 cto
2301 2477 2405 2515 non
2439 2465 2750 2521 universam
2797 2470 3034 2527 hominis
3069 2485 3316 2532 naturam
3362 2481 3652 2552 diligenter
3681 2487 3768 2538 ad—

2181 2551 2363 2603 vertit.
2415 2553 2550 2606 Nam
2599 2569 2796 2624 corpus
2845 2561 3062 2628 quidem
3108 2570 3462 2637 corruptibile
3516 2585 3766 2644 aggravat

2182 2642 2438 2696 animam.
2484 2644 2773 2717 Corruptio
2808 2661 2985 2706 autem
3018 2660 3291 2726 corporis,
3345 2678 3466 2731 qua:
3518 2642 3768 2736 aggravat

2180 2735 2438 2800 animam,
2468 2753 2574 2792 non
2598 2743 2803 2808 peccati
2828 2745 2988 2812 primi
3017 2757 3098 2802 est
3125 2765 3305 2814 causa,
3333 2755 3426 2808 sed
3453 2771 3635 2824 paena.
3665 2757 3765 2812 Nec

2179 2839 2309 2879 caro
2351 2829 2716 2896 corruptibilis
2746 2833 2980 2889 animam
3020 2843 3398 2909 peccatricem,
3449 2848 3546 2902 sed
3595 2852 3762 2904 anima

2178 2917 2452 2983 peccatrix
2497 2917 2623 2972 fecit
2669 2935 2788 2976 esse
2832 2929 3233 2996 corruptibilem
3275 2948 3522 2988 carnem:
3567 2953 3633 2990 ex
3667 2953 3762 3006 qua

2177 3007 2526 3075 corruptione
2572 3011 2785 3077 carnis,
2833 3013 2957 3068 licet
3003 3019 3237 3073 existant
3284 3024 3534 3089 quzedam
3583 3026 3762 3080 incita-

2180 3107 2362 3151 menta
2390 3101 2670 3167 vitiorum,
2694 3113 2749 3157 et
2771 3104 2886 3174 ipsa
2916 3108 3182 3164 desideria
3208 3113 3417 3176 vitiosa,
3452 3131 3562 3170 non
3597 3129 3762 3172 tamen

2180 3190 2359 3243 omnia
2385 3191 2509 3246 vita:
2533 3193 2731 3262 iniquae
2752 3196 2882 3250 vitia
2913 3199 3194 3254 tribuenda
3233 3212 3357 3256 sunt
3386 3207 3538 3259 carni
3562 3249 3576 3269 ,
3609 3224 3675 3261 ne
3703 3209 3764 3262 ab

2179 3278 2264 3334 his
2290 3280 2537 3335 omnibus
2572 3297 2862 3352 purgemus
2904 3285 3212 3355 diabolum,
3259 3292 3351 3360 qui
3396 3310 3620 3350 carnem
3662 3315 3760 3351 non

2179 3368 2357 3423 habet.
2392 3368 2522 3434 Quis
2559 3372 2703 3426 enim
2735 3375 3072 3443 servitutem,
3104 3396 3224 3448 quae
3263 3382 3420 3436 idolis
3455 3387 3760 3452 cxhiiretur,

2176 3460 2454 3524 veneﬁcia,
2474 3462 2804 3530 inimicitias,
2831 3470 3226 3531 contentiones,
3241 3473 3635 3540 azmulationes,
3660 3482 3761 3531 ani.

2178 3550 2476 3614 mositates,
2514 3551 2898 3619 dissensiones,
2937 3557 3205 3624 haereses,
3253 3562 3504 3625 invidias,
3537 3583 3640 3621 non
3676 3585 3762 3638 po-

2179 3641 2282 3694 tius
2307 3641 2566 3711 intelligat
2596 3645 2760 3700 animi
2795 3649 2923 3702 vitia
2953 3664 3075 3706 esse
3120 3667 3280 3720 quam
3323 3659 3550 3711 carnis?
3586 3659 3760 3726 Quan-

2179 3732 2468 3800 doquidem
2493 3734 2610 3790 ﬁeri
2637 3746 2814 3805 potest
2837 3751 2896 3794 ut
2913 3750 3135 3811 propter
3166 3744 3528 3800 idololatriam
3556 3752 3639 3803 vel
3662 3753 3760 3806 hze~

2178 3825 2312 3878 resis
2336 3824 2562 3892 alicujus
2587 3843 2827 3884 errorem
2851 3847 2880 3884 a
2909 3832 3274 3902 voluptatibus
3295 3840 3544 3908 corporis
3576 3853 3760 3912 tempe-

2179 3921 2365 3968 retur:
2391 3924 2445 3970 et
2485 3926 2660 3972 tamen
2692 3922 2854 3975 etiam
2887 3929 3011 3978 tunc
3054 3925 3248 3990 homo,
3295 3932 3550 3997 quamvis
3590 3938 3761 3989 carnis

2177 4004 2451 4060 libidinem
2497 4017 2843 4065 contemnere
2887 4023 3050 4082 atque
3093 4017 3351 4072 cohibere
3377 4021 3652 4088 videatur,
3683 4041 3759 4079 se-

2176 4095 2410 4150 cundum
2459 4112 2678 4154 carnem
2724 4101 2908 4156 vivere
2953 4104 3055 4159 hac
3098 4109 3396 4176 apostolica
3443 4117 3757 4168 auctoritate

2175 4187 2548 4253 convincitur,
2589 4199 2643 4243 et
2686 4192 2737 4245 in
2771 4208 2835 4246 eo
2864 4194 3006 4262 quod
3048 4197 3284 4252 abstinet
3325 4216 3355 4253 a
3399 4202 3755 4273 voluptatibus

2175 4275 2374 4339 carnis,
2407 4276 2735 4334 damnabilia
2761 4297 2920 4352 opera
2949 4287 3130 4338 carnis
3153 4301 3314 4357 agere
3339 4291 3751 4358 demonstratur,

2175 4365 2375 4420 etenim
2404 4369 2449 4421 si
2479 4369 2724 4425 diabolus
2755 4386 2816 4425 ea
2844 4389 2962 4442 quae
2991 4374 3288 4431 fornicator
3319 4382 3453 4448 agit,
3485 4383 3572 4437 vel
3595 4384 3755 4438 ebrio-

2176 4472 2290 4524 sus,
2323 4461 2405 4515 vel
2436 4463 2480 4514 si
2506 4464 2634 4530 quid
2663 4466 2865 4520 homini
2897 4468 3020 4522 mali
3054 4480 3137 4523 est
3161 4473 3304 4538 quod
3333 4474 3401 4527 ad
3433 4477 3617 4531 carnis
3644 4493 3753 4547 per-

2182 4549 2312 4604 tinet
2343 4552 2666 4621 voluptates,
2698 4571 2804 4619 non
2849 4559 2980 4627 agit,
3027 4562 3118 4629 qui
3149 4578 3371 4618 carnem
3408 4583 3523 4621 non
3571 4570 3751 4632 habet.

2181 4655 2285 4694 non
2319 4649 2496 4710 potest
2521 4643 2627 4698 dici
2656 4647 2861 4715 absque
2885 4650 3074 4718 culpa,
3106 4667 3229 4705 eum
3269 4653 3341 4707 sit
3367 4656 3536 4709 etiam
3582 4659 3751 4712 talium

2181 4728 2466 4783 criminum
2509 4745 2700 4786 suasor
2724 4744 2779 4788 et
2823 4735 3105 4805 instigator
3142 4741 3424 4796 occultus:
3470 4755 3555 4799 est
3594 4755 3752 4800 tamen

2180 4819 2413 4873 maxime
2437 4823 2698 4890 superbus
2727 4833 2889 4894 atque
2923 4827 3154 4893 invidus,
3178 4845 3297 4898 qua:
3319 4831 3473 4886 illum
3503 4837 3752 4890 vitiositas

2179 4908 2256 4962 sic
2279 4908 2527 4974 obtinuit,
2556 4922 2617 4965 ut
2644 4922 2864 4982 propter
2895 4915 2996 4969 hoc
3025 4924 3170 4971 esset
3206 4920 3258 4972 in
3290 4923 3608 4978 carceribus
3634 4924 3754 4977 eali-

2173 4995 2346 5064 ginosi
2378 4998 2536 5066 hujus
2565 5001 2706 5054 aeris
2744 5012 2948 5057 :cterno
2985 5006 3248 5074 supplicio
3276 5009 3604 5065 destinatus.
3642 5013 3753 5067 Haac

2176 5095 2357 5139 autem
2381 5087 2664 5156 vitia,quaa
2693 5098 2876 5144 tenent
2900 5093 2952 5145 in
2973 5094 3188 5148 diabolo
3210 5098 3600 5167 principatum,
3618 5104 3752 5156 carni

2177 5175 2366 5229 tribuit
2390 5175 2695 5246 Apostolus,
2725 5197 2883 5249 quam
2904 5193 3111 5237 certum
3136 5196 3216 5239 est
3239 5188 3521 5244 diabolum
3545 5209 3648 5246 non
3672 5195 3752 5248 ba-

2175 5265 2322 5321 bere.
2357 5266 2497 5322 Dicit
2523 5270 2664 5322 enim
2693 5271 3020 5339 inimicitias,
3047 5280 3443 5345 contentiones,
3473 5286 3754 5339 :emulatio-

2177 5369 2289 5417 nes,
2321 5357 2712 5421 animositates,
2746 5361 2998 5428 invidias,
3029 5381 3194 5434 opera
3232 5384 3354 5424 esse
3385 5375 3589 5427 carnis.
3625 5377 3755 5442 Quo-

2177 5461 2294 5498 rum
2321 5447 2560 5500 omnium
2607 5451 2869 5504 malorum
2911 5463 3070 5522 caput
3107 5465 3269 5526 atque
3308 5461 3464 5531 origo
3511 5467 3751 5533 superbia

2175 5547 2276 5600 est,
2307 5553 2425 5605 qum
2454 5539 2569 5592 sine
2598 5556 2761 5596 carne
2786 5553 2976 5611 regnat
3003 5546 3058 5599 in
3087 5549 3318 5603 diabolo.
3351 5553 3420 5605 At
3444 5553 3560 5609 bzce
3584 5558 3748 5609 omnia

2175 5643 2294 5680 cum
2327 5629 2520 5683 habeat
2551 5632 2636 5685 ille
2663 5634 2782 5688 sine
2806 5652 2992 5702 carne,
3021 5642 3288 5707 quomodo
3315 5654 3438 5697 sunt
3462 5646 3564 5700 ista
3596 5662 3748 5717 opera

2175 5718 2373 5782 carnis,
2405 5719 2506 5772 nisi
2544 5721 2667 5789 quia
2705 5739 2866 5791 opera
2899 5737 3025 5779 sunt
3051 5728 3316 5798 hominis,
3353 5749 3517 5802 quem
3546 5735 3750 5790 nomine
