3906 6340
142 393 243 449 901

1063 384 1317 441 ENARR.
1362 382 1427 436 IN
1470 380 1689 435 EPlS'l‘.
1733 379 1793 429 Ι).
1834 377 2037 433 PAULI
2077 377 2169 430 AD
2209 375 2450 432 GALAT.

3294 379 3397 433 902

133 514 315 570 carnis
341 508 610 580 appellat?
635 505 693 560 Si
717 504 861 560 enim
886 500 1149 570 sapientia
1175 498 1354 553 carnis
1385 496 1600 550 inimica
1636 496 1720 543 est
1745 488 1798 547 A
1822 487 2163 580 charitatem,
2198 502 2357 555 quem
2394 502 2503 541 non
2532 489 2837 544 divinarum
2867 489 3170 544 litterarum
3191 492 3398 546 studio-

135 605 267 668 Deo,
316 600 534 655 inimica
576 604 754 652 autem
798 600 923 649 sunt
964 590 1141 646 omnia
1183 588 1433 655 dogmata
1471 582 1723 637 falsitatis

133 694 247 750 Deo
281 690 656 763 repugnantia,
682 690 1078 756 consequenter
1100 681 1333 735 haereses
1361 677 1593 731 inimicat:
1609 674 1720 728 Deo

134 785 208 839 ad
250 783 428 839 carnis
462 796 626 850 opera
656 777 988 832 referuntur.
1039 772 1269 827 Hmresis
1317 784 1496 824 autem
1532 765 1718 822 Greece

133 874 209 928 ab
232 872 489 927 electione
517 869 738 931 dicitur,
760 865 901 936 quod
927 864 1134 918 scilicet
1153 876 1275 916 eam
1302 860 1403 914 sibi
1439 856 1721 925 unusquis-

133 977 243 1031 que
269 963 431 1033 eligat
472 959 833 1029 disciplinam,
879 970 1039 1024 quam
1069 960 1224 1022 putat
1264 966 1382 1006 esse
1416 950 1713 1005 meliorem.

134 1053 453 1121 Quicunque
482 1050 648 1120 igitur
690 1048 847 1102 aliter
872 1045 1207 1114 Scripturam
1248 1041 1514 1110 intelligit,
1556 1052 1717 1106 quam

136 1160 329 1200 sensus
354 1142 588 1213 Spiritus
613 1139 783 1194 sancti
808 1137 1035 1208 flagitat,
1062 1150 1168 1204 quo
1192 1133 1497 1202 conscripta
1523 1139 1626 1193 est,
1657 1128 1719 1181 li—

133 1244 227 1292 cet
250 1236 314 1290 de
342 1234 580 1289 Ecclesia
612 1248 718 1286 non
747 1229 1067 1293 recesserit,
1111 1235 1288 1281 tamen
1314 1223 1599 1278 haereticus
1626 1235 1719 1288 ap-

134 1324 325 1394 pellari
352 1330 550 1393 potest,
578 1330 630 1376 et
665 1323 729 1377 de
754 1319 936 1375 carnis
961 1317 1213 1391 Operibus
1240 1323 1324 1370 est
1368 1314 1573 1384 eligens
1598 1327 1718 1380 quae

135 1413 321 1482 pejora
353 1420 496 1467 sunt.

210 1502 279 1556 Et
303 1501 631 1562 his‘simitia,
660 1515 777 1569 qute
825 1497 1054 1567 praedico
1092 1496 1263 1559 vobis,
1297 1494 1428 1548 sicut
1470 1493 1714 1564 prwdirci,

131 1595 384 1662 quoniam
413 1592 500 1662 qui
532 1589 661 1643 talia
688 1597 867 1659 agunt,
905 1603 1118 1658 regnum
1154 1586 1251 1641 Dei
1276 1603 1379 1640 non
1402 1599 1716 1653 consequen—

134 1695 244 1737 tur.
275 1684 459 1738 Potest
495 1690 674 1736 autem
715 1693 933 1734 movere
967 1679 1111 1749 quod
1149 1680 1244 1744 ait,
1268 1694 1385 1749 qua:
1424 1677 1540 1729 dico
1575 1675 1715 1730 vobis

133 1775 273 1829 sicut
302 1772 543 1842 pra'dia’i,
573 1770 821 1839 quoniam
854 1768 944 1839 qui
986 1767 1115 1821 talia
1153 1776 1335 1837 agunt,
1366 1782 1581 1836 regnum
1619 1764 1716 1817 Dei

136 1881 244 1917 non
270 1860 625 1932 possidebunt,
642 1860 687 1913 si
710 1867 985 1928 qumratur
1004 1858 1097 1911 ubi
1115 1858 1216 1911 ista
1238 1856 1570 1926 prmdixerit,
1592 1869 1717 1907 nam

135 1952 191 2006 in
220 1952 321 2005 hac
350 1949 587 2019 Epistola
610 1964 715 2002 non
738 1945 1029 2001 invenitur.
1057 1946 1201 2017 Ergo
1226 1955 1319 1999 aut
1338 1960 1575 2015 praesens
1595 1959 1717 1998 cum

134 2045 304 2102 esset,
339 2037 443 2091 hoc
468 2036 793 2106 przedixerat
815 2052 829 2099 ;
852 2044 947 2089 aut
976 2043 1300 2104 cognoverat
1325 2034 1631 2103 pervenisse
1651 2032 1718 2086 ad

133 2126 259 2182 illos
280 2126 573 2195 Epistolam
590 2137 708 2193 quae
735 2124 896 2178 missa
923 2131 1005 2179 est
1029 2125 1097 2179 ad
1119 2124 1446 2179 Corinthios.
1474 2124 1547 2177 ibi
1572 2123 1716 2177 enim

133 2216 221 2271 sic
246 2216 349 2269 ait:
384 2214 561 2270 Nolite
580 2232 778 2280 errare,
805 2231 964 2284 neque
984 2213 1348 2283 fornicatores,
1378 2228 1539 2281 neque
1561 2211 1716 2264 idolis

132 2306 430 2368 servientes,
463 2320 623 2372 neque
646 2304 894 2369 adulteri,
918 2319 1079 2373 neque
1103 2301 1303 2366 molles,
1330 2318 1491 2372 neque
1513 2318 1719 2354 mascu-

132 2396 310 2448 lorum
339 2396 714 2459 concubitores,
750 2412 910 2465 neque
937 2395 1097 2464 fures,
1144 2411 1305 2463 neque
1342 2396 1508 2456 avari,
1557 2410 1717 2463 neque

132 2487 365 2551 ebriosi,
412 2504 572 2557 neque
602 2487 880 2553 maledici,
926 2502 1087 2557 neque
1117 2502 1329 2555 rapaces
1366 2502 1576 2553 regnum
1620 2485 1716 2537 Dei

131 2577 473 2646 possidebunt
519 2577 580 2647 (I
611 2577 734 2631 Cor.
776 2578 882 2647 Vl).
923 2577 1021 2631 Hic
1044 2592 1172 2646 ergo
1196 2592 1318 2630 cum
1347 2584 1717 2630 enumerasset

131 2681 301 2735 opera
322 2667 525 2729 carnis,
554 2668 749 2736 quibus
776 2666 1014 2721 clausum
1049 2674 1133 2718 est
1154 2664 1247 2718 Dei
1275 2680 1517 2733 regnum,
1542 2665 1720 2733 subje-

132 2753 213 2807 cit
243 2754 409 2806 etiam
438 2768 602 2823 Opera
626 2754 867 2823 spiritus,
898 2769 1016 2822 quae
1039 2753 1267 2807 fructum
1299 2753 1518 2820 spiritus
1538 2761 1714 2806 vocat.

208 2842 444 2897 Fructus
471 2854 642 2897 autem
682 2846 895 2914 spiritus
939 2854 1013 2898 est
1055 2844 1302 2897 charitns.
1336 2843 1584 2897 Omnium
1614 2844 1721 2897 vir-

136 2938 319 2984 tutum
348 2933 518 3000 prima
551 2940 634 2986 est
663 2933 919 2997 charitas,
950 2948 1087 3001 quae,
1115 2934 1253 2987 sicut
1288 2934 1589 2987 notavimus
1610 2974 1623 2998 ,
1664 2933 1719 2986 in

134 3029 377 3088 quatuor
406 3022 664 3075 dividitur
698 3031 913 3091 partes:
954 3022 1007 3075 in
1055 3022 1340 3077 dilectione
1374 3023 1498 3085 Dei,
1533 3023 1585 3076 in
1622 3038 1718 3077 sua

135 3109 583 3178 uniuscujusque,
616 3112 668 3164 in
699 3112 953 3179 proximi,
976 3120 1029 3165 et
1059 3112 1281 3165 inimici.

210 3196 480 3250 Gaudium
504 3199 771 3267 spiritale,
814 3216 938 3269 pax.
970 3200 1027 3254 Si
1057 3201 1341 3270 tranquilla
1383 3217 1536 3257 mens
1561 3202 1719 3257 nullis

132 3289 483 3356 passionibus
507 3291 873 3358 perturbetur.

212 3378 631 3448 Longanimitas.
663 3380 839 3436 lllatas
868 3381 1092 3449 injurias
1123 3384 1408 3438 sustinere.

209 3467 455 3522 Bonitas.
490 3469 715 3539 Semper
742 3471 1061 3526 benefacere
1090 3473 1244 3527 velle.

210 3554 540 3625 Benignitas.
566 3557 702 3612 Nulli
730 3558 976 3626 injuriam
1000 3560 1148 3624 facit,
1174 3576 1272 3615 nec
1294 3562 1560 3615 desiderat
1583 3561 1715 3616 fieri.

138 3647 450 3701 Notandum
480 3648 622 3716 quod
667 3658 723 3703 et
770 3649 902 3703 ﬁdes
936 3664 966 3702 a
1002 3649 1111 3703 Deo
1158 3650 1345 3716 detur,
1381 3668 1546 3721 quam
1576 3653 1721 3707 inter

137 3740 163 3793 f
164 3749 356 3794 ructus
378 3740 599 3809 spiritus
624 3742 850 3809 septimo
870 3742 987 3796 loco
1007 3742 1291 3811 Apostolus
1312 3744 1520 3814 posuit:
1546 3745 1721 3798 ethoc

137 3832 444 3886 notandum
470 3831 593 3899 quia
618 3846 648 3884 a
676 3830 788 3886 Deo
810 3839 909 3885 est.

218 3918 403 3973 Fides.
438 3919 533 3973 Vel
579 3920 688 3975 Deo
717 3921 938 3975 credere
960 3960 973 3985 ,
1004 3920 1085 3974 vel
1124 3921 1428 3976 hominibus
1454 3922 1721 3989 promissa

136 4009 438 4075 complere.

214 4096 503 4150 Hodestia.
539 4095 655 4149 Non
685 4096 863 4150 irasci.

213 4186 572 4251 Continentia.
602 4186 942 4242 Continentia
972 4202 1070 4256 pro
1098 4196 1339 4257 tempore
1363 4197 1461 4243 est.

214 4276 468 4332 Castitas.
509 4277 875 4347 Sempiterna:
905 4288 960 4331 et
981 4296 1086 4334 non
1108 4280 1319 4333 soluma
1337 4279 1720 4344 fornicatione,

138 4367 243 4422 sed
283 4367 353 4420 ab
380 4369 527 4420 omni
545 4368 826 4435 iniquitate
853 4368 1143 4421 continere.

214 4456 482 4508 Adversus
521 4443 822 4523 hujusniodi
855 4473 957 4509 non
1002 4466 1076 4509 est
1115 4457 1216 4510 leas.
1275 4457 1393 4512 Non
1444 4459 1586 4512 enim
1618 4459 1720 4513 ista

136 4545 448 4616 prohibuit,
479 4552 532 4597 et
559 4552 647 4612 qui
676 4544 884 4598 Novum
913 4545 1118 4614 implet,
1166 4562 1271 4600 non
1295 4556 1378 4601 est
1413 4549 1511 4602 sub
1541 4550 1721 4603 Veteri

139 4636 522 4691 Testamento.
576 4635 714 4688 Hinc
750 4636 1109 4704 intelligamus
1149 4638 1267 4692 illos
1298 4640 1396 4691 sub
1422 4639 1538 4709 lege
1578 4643 1723 4708 posi-

139 4734 255 4787 tos,
290 4724 567 4790 in'quibus
595 4724 695 4777 ista
726 4740 832 4777 non
866 4734 1114 4792 regnant.
1159 4726 1293 4779 Nam
1316 4727 1371 4779 in
1392 4728 1586 4794 quibus
1608 4730 1722 4783 haec

140 4819 390 4883 regnant
429 4812 528 4881 ipsi
550 4812 665 4879 lege
703 4811 940 4880 legitime
961 4822 1208 4878 utuntur,
1229 4814 1353 4883 quia
1380 4830 1483 4868 non
1515 4825 1597 4869 est
1623 4818 1727 4872 illis

138 4904 232 4956 lex
266 4903 337 4955 ad
362 4902 715 4955 coercendum
739 4902 936 4969 posita.
986 4900 1155 4971 Major
1175 4905 1316 4957 enim
1338 4914 1390 4959 et
1416 4907 1728 4976 praepollen-

141 4994 260 5045 tior
297 4991 580 5043 delectatio
621 5004 831 5052 eorum,
857 4989 1067 5056 justitia
1092 5000 1194 5044 est.
1254 4992 1368 5046 Non
1416 4996 1580 5058 enim,
1629 4999 1724 5059 ait,

141 5082 421 5135 adversus
450 5081 563 5132 lucc
594 5094 701 5131 non
724 5088 807 5133 est
842 5078 949 5143 lex,
994 5080 1087 5133 sed
1124 5081 1368 5134 adversus
1404 5085 1725 5152 hujusmodi,

142 5176 257 5228 hoc
277 5180 385 5233 est,
414 5171 526 5223 sive
549 5171 672 5234 ista.
701 5170 813 5225 sive
837 5171 999 5224 etiam
1022 5179 1218 5225 caetera
1252 5173 1575 5241 hujusmodi.
1623 5176 1729 5230 Sed

144 5272 345 5317 tamen
399 5258 683 5326 diligenter
727 5259 1226 5322 considerantibus,
1297 5278 1401 5315 non
1450 5263 1538 5317 hic
1582 5266 1728 5318 onmi

142 5352 323 5406 modo
346 5349 641 5402 carnalium
668 5349 1095 5419 spiritaliumque
1120 5368 1337 5420 operum
1360 5356 1623 5423 oppositio
1652 5358 1732 5409 in-

142 5442 411 5497 ordinata
436 5448 594 5507 atque
615 5439 838 5495 confusa
864 5450 963 5495 est.
1011 5440 1091 5495 0b
1111 5443 1213 5497 hoc
1238 5452 1413 5496 autem
1438 5444 1583 5509 latet,
1606 5448 1732 5515 quia

144 5530 418 5601 pauciora
440 5529 523 5581 vel
539 5530 742 5599 singula
767 5531 1084 5597 quibusdam
1108 5533 1348 5601 pluribus
1369 5547 1728 5605 Opponuntur.

148 5619 298 5673 Nam
325 5633 387 5671 ex
420 5634 486 5672 eo
507 5621 647 5687 quod
674 5622 726 5672 in
750 5620 926 5687 capite
946 5623 1242 5676 carnalium
1265 5626 1516 5679 vitiorum
1556 5629 1734 5695 posuit

148 5709 576 5776 fornicationes,
609 5711 662 5765 in
705 5712 877 5779 capite
908 5719 1085 5765 autem
1115 5714 1371 5771 virtutum
1408 5719 1730 5788 spiritalium

1831 593 1948 631 sum
2004 579 2168 633 faciat
2213 580 2479 632 intentum
2523 580 2588 633 ad
2624 582 3009 649 perscrutanda
3041 584 3287 636 cratera?
3340 583 3399 638 Si

1828 669 1970 723 enim
1993 669 2277 724 fornicatio
2300 677 2386 723 est
2406 684 2557 723 amor
2576 685 2605 723 a
2628 669 2864 740 legitimo
2888 672 3156 727 connubio
3186 674 3399 728 solutus

1826 768 1879 814 et
1923 774 2091 828 vagus
2120 759 2397 827 explenda:
2440 759 2677 813 libidinis
2719 763 3075 815 consectando
3130 762 3395 826 laetitiam,

1823 852 1952 921 quid
1996 861 2104 905 tam
2134 852 2370 921 legitime
2402 854 2467 906 ad
2514 853 2813 921 spiritalem
2848 853 3236 909 fecunditatem
3272 871 3399 911 con-

1816 943 2082 1013 jungitur,
2126 958 2287 1013 quam
2336 944 2511 997 anima
2541 944 2671 1005 Deo,
2705 945 2789 998 cui
2817 954 3016 1013 quanto
3048 946 3208 1001 lixius
3232 947 3399 1000 inhae-

1823 1037 1974 1104 serit,
2006 1044 2156 1091 tanto
2181 1044 2262 1091 est
2300 1036 2693 1104 incorruptior?
2745 1036 3009 1090 Inhaereat
3037 1045 3217 1091 autem
3260 1039 3396 1093 cha-

1820 1130 1998 1183 ritate.
2044 1130 2210 1184 Recte
2233 1129 2399 1200 igitur
2431 1128 2768 1183 fornicationi
2802 1129 3093 1198 opponitur
3127 1130 3390 1194 Charitas,

1820 1220 1874 1274 in
1902 1234 2006 1287 qua
2046 1220 2158 1274 sola
2188 1228 2271 1273 est
2298 1219 2541 1273 custodia
2569 1220 2856 1275 castitatis.
2914 1220 3275 1275 lmmunditiae
3302 1236 3399 1275 au-

1820 1317 1930 1365 tem
1968 1316 2093 1363 sunt
2125 1323 2313 1363 omnes
2350 1308 2781 1377 perturbationes
2828 1309 2893 1362 de
2916 1309 3003 1362 illa
3035 1308 3394 1363 fornicatione

1818 1406 2109 1466 concepte,
2148 1398 2341 1467 quibus
2380 1397 2631 1466 gaudium
2658 1398 3058 1465 tranquillitatis
3080 1399 3390 1468 opponitur.

1818 1487 2086 1542 ldolorum
2108 1496 2286 1542 autem
2314 1488 2544 1542 servitus
2566 1488 2749 1541 ultima
2769 1488 3054 1543 fornicatio
3074 1501 3159 1542 est
3176 1491 3395 1552 animae,

1817 1586 2039 1646 propter
2062 1593 2220 1646 quam
2249 1578 2414 1631 etiam
2446 1578 2639 1630 bellum
2664 1577 2920 1631 adversus
2945 1578 3292 1648 Evangelium
3311 1594 3395 1633 re-

1820 1666 2122 1720 conciliatis
2152 1667 2247 1719 Dei
2293 1666 2704 1721 furiosissimum
2732 1676 2939 1737 gestum
2963 1677 3078 1722 est:
3127 1667 3281 1736 cujus
3305 1685 3393 1724 re-

1818 1755 2019 1824 liquim,
2064 1758 2311 1825 quamvis
2353 1770 2490 1825 pene
2516 1757 2703 1825 sopita:
2730 1757 2948 1823 fuerint,
3001 1758 3175 1811 adhuc
3213 1767 3393 1811 tamen

1744 1836 1793 1897 Β
1821 1846 2079 1900 recalent.
2130 1846 2265 1901 Huic
2290 1848 2471 1916 itaque
2494 1862 2596 1914 pax
2629 1848 2900 1900 contraria
2929 1857 3030 1910 est,
3062 1863 3165 1915 qua
3206 1864 3395 1903 recon-

1822 1934 2070 1989 ciliamur
2103 1935 2235 2001 Deo,
2266 1937 2560 2004 eademque
2588 1950 2720 2004 pace
2745 1937 2907 1989 etiam
2934 1950 3056 1990 cum
3086 1928 3393 1991 hominibus

1820 2025 2088 2078 custodita
2134 2024 2555 2088 veneﬁciorum,
2606 2024 3030 2087 inimicitiarum,
3088 2025 3393 2078 contentio-

1818 2129 1967 2178 num,
1992 2115 2416 2177 aemulationum,
2448 2114 2847 2167 animositatum
2890 2116 3395 2184 dissensionumque

1819 2205 1947 2257 vitia
1974 2215 2233 2258 sanantur
2254 2206 2306 2259 in
2326 2206 2500 2259 nobis.
2554 2206 2624 2259 Ut
2652 2213 2828 2260 autem
2856 2207 2909 2259 in
2934 2208 3072 2269 aliis,
3100 2208 3239 2261 inter
3258 2225 3394 2277 quos

1820 2298 2072 2361 vivimus,
2098 2298 2244 2366 justa
2287 2299 2654 2353 moderatione
2701 2314 2997 2369 versemur,
3039 2309 3092 2355 et
3136 2302 3201 2355 ad
3232 2304 3393 2357 susti—

1819 2386 2052 2439 nendum
2084 2387 2488 2456 longanimitas,
2540 2397 2593 2441 et
2642 2390 2708 2442 ad
2740 2391 3033 2444 curandum
3064 2392 3391 2461 benignitas,

1816 2484 1871 2527 et
1896 2475 1963 2528 ad
1990 2476 2372 2543 ignoscendum
2396 2478 2607 2531 bonitas
2641 2479 2853 2531 militat.
2874 2529 2891 2559 λ
2918 2477 3036 2531 Jam
3070 2496 3199 2533 vero
3223 2482 3393 2534 lucre-

1818 2568 1965 2621 sibus
1996 2568 2149 2631 ﬁdes,
2172 2568 2385 2622 invidia)
2418 2570 2794 2633 mansuetudo,
2818 2570 3172 2624 ebrietatibus
3199 2578 3254 2622 et
3302 2586 3392 2625 θοα-

1819 2657 2239 2710 messationibus
2258 2658 2583 2711 continentia
2607 2658 2924 2712 reluctatur.
2996 2659 3073 2712 Ne
3113 2660 3235 2727 quis
3256 2675 3387 2714 sane

1820 2746 2114 2801 arbitretur
2142 2749 2245 2801 hoc
2270 2763 2387 2803 esse
2431 2749 2632 2803 invidia
2673 2751 2820 2818 quod
2844 2759 2926 2805 est
2952 2751 3239 2805 mmulatio.
3303 2752 3391 2806 Vi-

1819 2837 1953 2891 cina:
1982 2839 2125 2891 enim
2157 2847 2305 2904 sunt,
2350 2848 2405 2892 et
2433 2849 2652 2908 propter
2700 2841 2870 2909 ipsam
2925 2842 3253 2895 vicinitatem
3280 2826 3393 2910 ple-

1820 2943 2046 2996 rumque
2066 2928 2379 2983 utrumlibet
2405 2930 2595 2983 horum
2625 2946 2721 2999 pro
2748 2931 2937 2995 altero,
2970 2933 3244 2987 aemulatio
3293 2951 3392 3002 pro

1818 3019 2040 3083 invidia,
2074 3020 2158 3073 vel
2217 3021 2417 3074 invidia
2461 3036 2557 3089 pro
2598 3022 2939 3075 :emulatione
2980 3024 3215 3089 ponitur.
3285 3024 3393 3078 Sed

1822 3112 2256 3179 quiautrumque
2278 3112 2368 3166 hic
2401 3112 2534 3167 locis
2554 3114 2666 3167 suis
2695 3113 2897 3166 dictum
2930 3124 3031 3178 cst,
3058 3116 3242 3183 utique
3286 3118 3388 3171 dis~

1823 3202 2137 3257 tinctionem
2191 3204 2259 3257 de
2304 3203 2461 3257 nobis
2493 3202 2755 3273 ﬂagitant.
2818 3203 2949 3257 Nam
2998 3206 3269 3259 aemulatio
3313 3219 3395 3260 est

1822 3288 1974 3342 dolor
2013 3291 2176 3343 animi
2219 3306 2339 3344 cum
2371 3291 2506 3345 alius
2553 3293 2799 3359 pervenit
2834 3293 2897 3346 ad
2938 3308 3049 3346 rem
3102 3311 3262 3363 quam
3290 3296 3395 3349 duo

1822 3377 2068 3446 pluresve
2090 3380 2413 3447 appetebant
2437 3391 2490 3434 et
2519 3382 2618 3435 nisi
2647 3384 2713 3435 ab
2735 3397 2839 3435 uno
2864 3383 3049 3437 haberi
3072 3401 3176 3437 non
3195 3396 3389 3453 pctcst.

1820 3470 1981 3525 Istam
2011 3481 2165 3525 sanat
2190 3488 2313 3541 pax,
2345 3488 2451 3542 qua
2478 3474 2530 3528 id
2559 3474 2861 3542 appetimus
2920 3476 3063 3543 quod
3092 3490 3280 3529 omnes
3303 3479 3393 3545 qui

1821 3568 2077 3629 appetunt
2100 3562 2145 3614 si
2168 3572 2547 3631 assequantur,
2596 3580 2760 3617 unum
2786 3564 2839 3617 in
2871 3580 2979 3618 uno
3004 3565 3154 3618 fiunt.
3192 3566 3394 3621 invidia

1821 3666 1951 3704 vero
1979 3652 2134 3706 dolor
2174 3653 2337 3706 animi
2367 3663 2469 3718 est,
2516 3670 2638 3710 cum
2668 3655 2916 3725 indignus
2942 3656 3153 3709 videtur
3194 3658 3395 3726 aliquid

1821 3742 2052 3809 assequi,
2080 3742 2241 3795 etiam
2276 3743 2417 3811 quod
2440 3750 2493 3795 tu
2519 3759 2624 3796 non
2654 3745 2959 3812 appetebas.
2992 3744 3138 3798 inter
3158 3746 3397 3799 invidum

1823 3838 1998 3883 autem
2026 3837 2080 3881 et
2113 3831 2432 3885 invidiosum
2470 3834 2570 3886 hoc
2606 3833 2829 3887 interest
2856 3835 2994 3903 quod
3042 3836 3251 3889 invidus
3284 3835 3399 3889 feli-

1820 3918 1954 3971 ciori
1986 3918 2208 3982 invidet,
2254 3920 2553 3974 invidiosus
2580 3930 2758 3974 autem
2798 3923 2911 3991 ipse
2942 3932 3024 3976 est
3075 3925 3166 3991 qui
3201 3926 3268 3978 ab
3291 3925 3398 3979 alio

1824 4004 2023 4072 patitur
2040 4004 2312 4059 invidiam.
2362 4006 2512 4060 Hanc
2528 4015 2682 4061 sanat
2699 4011 3066 4063 mansuetudo.
3096 4009 3228 4063 Cum
3251 4011 3400 4080 quis-

1824 4116 1929 4169 que
1956 4098 2294 4166 adjudicium
2324 4100 2416 4153 Dei
2445 4115 2702 4155 revocans
2731 4117 2837 4156 non
2880 4104 3085 4157 resistit
3130 4104 3397 4157 voluntati

1823 4188 1957 4255 ejus,
1987 4197 2042 4241 et
2064 4188 2234 4256 magis
2261 4187 2307 4241 ei
2339 4189 2512 4242 credit
2540 4197 2685 4243 recte
2712 4188 2913 4243 factum
2946 4206 3064 4244 esse
3108 4206 3264 4258 quam
3295 4192 3398 4246 sibi

1822 4278 1966 4345 quod
1992 4277 2213 4344 putabat
2242 4277 2537 4346 indignum.
2584 4276 2979 4348 Regnantergo
3022 4280 3399 4348 spiritalesisti

1826 4365 2101 4420 fructusin
2128 4365 2364 4428 homine,
2390 4366 2441 4418 in
2472 4380 2578 4434 quo
2606 4377 2824 4433 peccata
2847 4382 2951 4419 non
2982 4377 3228 4437 regnant.
3292 4368 3398 4423 Be-

1827 4464 1993 4524 gnant
2037 4460 2214 4505 autem
2241 4452 2341 4505 ista
2371 4452 2533 4517 bona,
2583 4453 2627 4504 si
2653 4460 2857 4507 tantum
2886 4452 3174 4517 delectant,
3205 4464 3265 4507 ut
3284 4456 3399 4524 ipsa

1830 4554 2048 4600 teneant
2071 4545 2307 4597 animum
2334 4542 2387 4596 in
2417 4543 2826 4607 tentationibus,
2872 4557 2935 4597 ne
2962 4544 3014 4597 in
3038 4544 3244 4614 peccati
3271 4560 3399 4599 con-

1829 4637 2129 4691 sensionem
2157 4641 2296 4686 ruat.

1904 4725 2007 4790 Qui
2034 4734 2205 4777 autem
2235 4732 2356 4776 sunt
2374 4722 2589 4785 Christi,
2619 4739 2827 4775 carnem
2849 4740 2999 4777 suam
3025 4724 3400 4791 cruci/imorum

1830 4834 1949 4870 cum
1978 4817 2113 4869 vitiis
2138 4825 2187 4868 et
2216 4816 2659 4883 concupiscentiis.
2718 4815 2869 4870 Unde
2904 4824 3082 4868 autem
3114 4814 3401 4869 crucifixe-

1833 4917 1978 4969 runt,
1996 4906 2097 4959 nisi
2115 4909 2310 4959 timore
2324 4904 2414 4958 illo
2429 4912 2577 4958 casto
2591 4911 2938 4973 permanente
2960 4904 3011 4955 in
3032 4903 3284 4957 saeculum
3301 4918 3375 4957 sae

1829 4997 1955 5060 culi,
1984 5012 2088 5065 quo
2109 5009 2363 5049 cavemus
2381 4993 2649 5047 offendere
2681 4992 2852 5057 illum,
2876 5006 3033 5060 quem
3065 5000 3177 5046 toto
3211 4992 3396 5052 corde,

1829 5094 1939 5139 tota
1988 5086 2188 5144 anima,
2233 5092 2342 5136 tota
2375 5091 2554 5136 mente
2573 5082 2878 5150 diligimus:
2930 5089 2985 5135 et
3033 5082 3153 5133 ideo
3200 5081 3245 5133 si
3298 5081 3401 5135 hoc

1830 5179 1988 5232 modo
2006 5178 2183 5231 omnia
2216 5175 2370 5229 simul
2389 5173 2643 5227 crucifixa
2670 5182 2794 5227 sunt
2822 5172 3082 5235 membra,
3110 5180 3162 5224 et
3190 5171 3391 5225 destru-

1829 5277 1973 5322 ctum
2009 5276 2092 5319 est
2120 5266 2173 5319 in
2200 5265 2353 5318 nobis
2383 5279 2542 5333 omne
2572 5279 2705 5332 opus
2741 5262 2965 5330 peccati,
3008 5269 3061 5315 et
3088 5267 3215 5316 ca’ro
3242 5262 3398 5329 quasi

1830 5358 2071 5428 pendens
2098 5356 2151 5409 in
2189 5370 2368 5414 cruce.
2397 5354 2577 5409 saeculi
2606 5354 2888 5407 desideriis
2927 5353 3191 5413 exstincta
3239 5360 3400 5419 atque

1833 5446 2191 5507 mortificata,
2244 5444 2373 5497 nihil
2414 5445 2695 5497 adversum
2749 5444 2844 5497 Dei
2886 5448 3146 5511 praacepta
3200 5442 3252 5493 in
3301 5456 3400 5494 sa:-

1834 5535 1954 5590 eulo
1977 5534 2344 5602 concupiscit:
2391 5543 2450 5587 ut
2477 5534 2603 5601 quid
2657 5534 2736 5587 eis
2786 5532 2953 5601 legem
2978 5534 3129 5600 juxta
3161 5531 3396 5583 litteram

1833 5636 2019 5679 tenere
2074 5627 2365 5690 convenit,
2419 5641 2537 5694 quae
2578 5624 2645 5677 ad
2688 5624 2818 5677 vitia
2862 5632 3204 5692 peccatorum
3246 5620 3399 5675 coer-

1834 5716 2001 5771 cenda
2048 5715 2169 5771 data
2221 5716 2350 5769 est?
2403 5714 2557 5769 simul
2609 5713 2734 5767 illud
2785 5711 3076 5767 notandum
3128 5710 3269 5779 quod
3303 5724 3396 5764 eos
