3906 6330
479 359 585 415 908

1555 352 1829 411 CLAUDII
1870 350 2338 408 TAURINENSIS
2376 351 2685 409 EPISCOPI

3649 350 3753 405 9οι

473 470 884 527 dlxerithristi
910 483 1048 536 esse,
1065 469 1158 538 qui
1180 483 1398 524 carnem
1430 483 1584 522 suam
1609 482 1734 521 cum
1757 466 1904 520 vitiis
1933 480 2058 520 cru-
2087 468 2141 526 Α
2163 478 2232 518 ne
2261 463 2484 534 rigidus,
2527 478 2596 519 ne
2623 464 2815 530 iratus,
2846 473 2902 519 et
2927 463 3099 520 tristis
3124 466 3406 535 corrigere
3454 463 3642 534 cupiat
3664 481 3749 518 er-

474 560 784 616 ciﬁxerunt.
843 560 968 614 Haec
996 559 1265 614 sententia
1319 557 1442 611 illos
1472 558 1701 613 revincit
1737 557 1828 626 qui
1885 556 2058 610 solam

474 648 635 705 ﬁdem
675 651 743 704 ad
781 649 1007 704 salutem
1046 649 1350 704 animarum
1387 663 1608 704 suarum
1638 648 1884 704 sullice‘re
1915 649 2060 704 arbi-

477 750 710 796 ίνςιηαπ.

1039 835 1111 889 IN
1135 835 1364 891 CAPUT
1403 835 1491 890 Vl.

545 921 608 978 Si
644 923 860 979 vivimus
879 925 1092 996 spiritu,
1138 927 1326 996 spiritu
1353 935 1402 979 et
1432 925 1778 980 ambulemus.
1845 925 2060 995 Nequa-

471 1026 636 1080 quam
667 1027 764 1082 per
785 1013 980 1083 legem,
1033 1013 1128 1068 sed
1167 1029 1263 1084 per
1291 1014 1617 1069 cbaritatem
1641 1015 1795 1069 nobis
1826 1014 2059 1071 invicem

473 1103 792 1159 servientes.
833 1104 950 1159 Non
974 1105 1233 1161 debemus
1258 1106 1326 1160 de
1348 1105 1754 1174 Scripturarum
1790 1106 2060 1176 interpre-

473 1195 677 1250 tatione
702 1199 1049 1262 contendere,
1071 1207 1127 1253 et
1157 1197 1342 1252 dicere
1376 1199 1526 1252 verbi
1573 1199 1770 1268 gratia,
1815 1197 2063 1254 Circum-

473 1283 609 1338 cisio
629 1284 820 1340 melior
842 1295 947 1340 est.
992 1285 1132 1350 Non,
1163 1286 1255 1341 sed
1277 1288 1622 1356 praeputium.
1655 1286 2060 1343 Contemnenda

473 1372 725 1439 historia,
764 1381 820 1428 et
844 1375 1102 1443 allegoria
1130 1375 1424 1443 sequenda.
1482 1373 1598 1430 lmo
1621 1374 1876 1445 allegoria
1919 1391 2061 1431 vana

469 1471 578 1526 est,
601 1471 658 1516 et
676 1465 1000 1529 umbratica,
1039 1473 1096 1519 et
1117 1465 1280 1520 nullis
1305 1465 1554 1520 veritatis
1587 1463 1720 1519 fulta
1752 1466 2057 1522 radicibus:

474 1553 617 1607 unde
641 1555 820 1609 evenit
842 1563 903 1608 ut
926 1555 1160 1609 invicem
1181 1565 1477 1610 nascantur
1497 1556 1730 1610 invidias.
1764 1555 2063 1612 Excludere

472 1648 636 1712 enim,
666 1648 764 1713 ait,
783 1665 883 1702 vos
914 1648 1118 1714 volunt,
1149 1659 1204 1702 ut
1239 1648 1358 1703 illos
1394 1649 1735 1704 temulemini.
1787 1647 1905 1702 Non
1953 1657 2062 1704 tam

471 1739 758 1795 veritatem
779 1741 915 1812 legis
941 1741 1186 1797 volentes
1213 1743 1433 1807 docere,
1453 1757 1617 1811 quam
1652 1741 1890 1797 vincere.
1927 1741 2063 1796 lneo

474 1836 655 1883 autem
682 1830 760 1884 illi
781 1829 1123 1894 fallebantur,
1157 1831 1300 1899 quod
1329 1847 1527 1902 negare
1546 1831 1765 1900 quidem
1816 1846 1924 1885 non
1962 1846 2062 1900 po-

473 1926 672 1984 terant,
697 1920 1014 1975 sectandum
1038 1921 1139 1975 sibi
1163 1936 1283 1976 esse
1309 1920 1573 1991 Spiritum
1593 1934 1862 1986 sanctum,
1890 1937 2064 1976 asser-

473 2016 654 2065 torem
674 2019 730 2066 et
757 2013 946 2067 ducem
985 2011 1256 2068 libertatis
1284 2029 1426 2079 suae,
1443 2014 1537 2068 sed
1565 2015 1632 2069 ad
1652 2029 1821 2084 opera
1846 2015 2060 2069 servilia

473 2101 768 2156 carnaliter
797 2104 1069 2167 conversi,
1098 2112 1398 2159 retrorsum
1428 2119 1488 2159 se
1514 2106 1700 2159 conari
1732 2120 1836 2159 non
1863 2105 2062 2159 intelli-

470 2194 687 2264 gebant.
737 2194 1031 2264 Propterea
1053 2208 1158 2251 non
1181 2197 1277 2260 ait,
1312 2195 1369 2250 Si
1397 2197 1592 2266 spiritu
1621 2197 1873 2260 vivimus,
1904 2195 2062 2266 spiri—

471 2291 586 2338 tum
616 2293 907 2339 sectemur.
959 2285 1292 2340 Fatebantur
1319 2286 1465 2341 enim
1487 2285 1716 2356 Spiritui
1741 2294 1931 2341 sancto
1953 2301 2064 2340 ser-

470 2377 586 2430 vire
615 2386 888 2449 Oportere,
917 2385 972 2431 et
997 2393 1120 2432 eum
1144 2393 1248 2431 non
1277 2378 1469 2447 spiritu
1495 2393 1595 2432 suo
1663 2379 1757 2432 sed
1775 2393 1937 2432 carne
1967 2394 2063 2432 vo-

468 2465 652 2520 lebant
680 2467 917 2522 sectari:
975 2483 1080 2521 non
1131 2468 1449 2536 spiritaliter
1485 2469 1794 2523 obtinentes
1829 2469 2060 2538 gratiam

469 2554 588 2619 Dei,
611 2557 705 2610 sed
752 2557 806 2610 in
837 2557 1256 2611 circumcisione
1299 2557 1525 2621 carnali,
1577 2565 1632 2610 et
1663 2559 1840 2612 caeteri
1870 2557 2060 2628 hujus-

471 2647 638 2711 modi,
656 2663 806 2717 spem
829 2649 1224 2702 constituentes
1238 2648 1446 2702 salutis.
1492 2647 1602 2701 illis
1622 2649 1764 2702 enim
1791 2649 1939 2714 dicit,
1963 2650 2057 2718 qui

468 2747 654 2793 mutua
675 2741 1083 2794 concertatione
1109 2754 1166 2793 se
1197 2739 1514 2793 alterutrum
1537 2754 1853 2808 praeponere
1878 2741 2060 2810 cupie-

466 2824 621 2892 bant,
666 2827 772 2882 Per
798 2829 1071 2898 spiritum,
1106 2829 1300 2899 inquit,
1356 2829 1522 2882 vitam
1568 2829 1850 2894 habemus,
1874 2831 1968 2884 sed
2011 2830 2058 2884 si

466 2916 785 2985 spiritaliter
805 2933 1211 2985 eonversemur,
1260 2928 1318 2973 et
1337 2933 1444 2972 non
1475 2917 1584 2988 legi
1617 2919 1912 2973 carnaliter
1943 2934 2058 2974 ser-

471 3008 682 3064 viamus
715 3008 908 3080 (Rom..
921 3010 1063 3080 vm).

543 3100 668 3155 Non
696 3101 982 3170 efﬁciamur
1007 3101 1183 3155 inanis
1218 3100 1400 3170 gloria:
1434 3103 1631 3172 cupidi,
1664 3104 1884 3156 invicem
1940 3117 2057 3172 pro-

467 3199 726 3255 vocantes,
770 3190 990 3244 invicem
1037 3190 1344 3244 invidentes.
1401 3190 1634 3246 Prorsus
1679 3190 1962 3261 magniﬁce
2000 3198 2056 3245 et

438 3313 439 3316 η
470 3279 692 3333 omnino
724 3279 910 3334 divino
933 3279 1125 3334 ordine
1147 3290 1502 3350 posteaquam
1533 3297 1627 3336 eos
1658 3282 1918 3336 instruxit
1960 3283 2057 3338 ad-

466 3384 659 3424 versus
695 3369 835 3435 illos,
869 3385 897 3424 a
921 3370 1119 3440 quibus
1143 3372 1196 3425 in
1225 3372 1541 3426 servitutem
1567 3371 1702 3442 legis
1724 3373 2058 3428 seduoeban-

467 3467 576 3524 tur,
607 3460 711 3513 hoc
737 3459 793 3512 in
813 3460 894 3513 eis
921 3468 1101 3525 caute,
1130 3476 1200 3515 ne
1221 3461 1598 3516 instructiores
1631 3461 1759 3517 lacti
1793 3471 1849 3516 et
1873 3464 2058 3518 volen-

468 3545 673 3614 tesjam
697 3547 983 3603 calumniis
1008 3549 1304 3603 carnalium
1333 3549 1680 3618 respondere,
1699 3552 2058 3606 contentioni-

466 3634 571 3690 bus
595 3635 850 3691 studeant
883 3644 939 3690 et
960 3639 1202 3706 appetitu
1232 3637 1410 3692 inanis
1432 3638 1618 3708 glorise
1645 3639 1776 3706 legis
1801 3642 2057 3696 oneribus

468 3739 577 3779 non
625 3727 947 3791 servientes,
993 3729 1148 3781 vanis
1177 3728 1567 3797 cupiditatibus
1587 3731 1844 3784 serviant.
1911 3730 2055 3786 Nihil

469 3824 648 3870 autem
665 3817 745 3870 sic
769 3818 964 3886 probat
985 3818 1286 3887 spiritalem
1301 3818 1476 3872 virum
1490 3834 1650 3886 quam
1667 3821 1872 3888 peccati
1895 3822 2056 3878 alieni

471 3907 746 3970 tractatio,
776 3921 900 3960 cum
927 3907 1304 3962 liberationem
1326 3907 1442 3976 ejus
1462 3908 1642 3977 potius
1691 3924 1852 3977 quam
1882 3910 2056 3964 insul-

471 3998 733 4054 tationem
761 4037 777 4064 ,
817 4000 1106 4069 potiusque
1141 4001 1343 4054 auxilia
1404 4017 1567 4070 quam
1609 4003 1852 4057 convicia
1888 4003 2058 4058 medi-

471 4093 649 4140 tatur:
683 4095 738 4142 et
770 4095 1035 4144 quantum
1063 4089 1290 4158 facultas
1332 4091 1539 4156 tribuit,
1589 4091 1817 4160 suscipit
1849 4100 1906 4146 et
1935 4093 2057 4148 ideo

465 4176 601 4232 dicit
629 4195 642 4230 :

537 4267 782 4334 Fratres,
805 4279 856 4323 et
888 4272 936 4324 si
963 4281 1361 4342 praeoccupatus
1393 4271 1556 4341 fuerit
1585 4274 1737 4326 homo
1777 4275 1832 4327 in
1879 4275 2055 4344 aliqua

2089 1814 2136 1872 B

2162 563 2393 620 rantem,
2422 555 2520 610 sed
2561 564 2820 625 provocet
2862 571 3009 621 eum,
3061 555 3333 626 spondens
3375 554 3635 616 salutem,
3660 569 3749 610 ve-

2161 645 2308 700 niam
2355 646 2780 714 repromittens;
2819 645 3023 702 Christi
3073 644 3446 700 testimonium
3487 643 3749 714 proferat,

2161 736 2304 804 quod
2336 737 2487 808 gravi
2514 737 2648 808 legis
2678 746 2732 793 et
2758 747 3105 808 peccatorum
3150 753 3319 792 onere
3366 736 3663 806 depressus
3686 735 3749 790 ad

2155 825 2343 896 jugum
2397 843 2554 882 suum
2585 843 2770 895 suave,
2828 829 2948 884 leve
2999 827 3193 883 invitet
3218 843 3374 890 onus,
3428 836 3490 881 ut
3539 827 3750 881 discant

2161 919 2288 987 quia
2318 918 2538 972 humilis
2562 919 2656 986 sit,
2685 928 2738 974 et
2765 920 2934 993 mitis,
2953 927 3008 975 et
3036 926 3348 974 mansuetus
3375 918 3568 979 corde,
3604 927 3658 970 et
3682 919 3754 970 in-

2161 1013 2382 1067 veniant
2425 1012 2669 1080 requiem
2711 1014 2994 1068 auimabus
3019 1014 3132 1067 suis
3183 1013 3396 1084 (Matth.
3429 1011 3532 1082 ιι).
3575 1009 3753 1063 Locus

2164 1104 2266 1167 iste
2289 1103 2357 1158 de
2395 1103 2632 1173 Epistola
2673 1105 2742 1159 ad
2771 1105 3044 1161 Romanos
3076 1106 3130 1158 in
3155 1103 3261 1158 ﬁne
3299 1101 3624 1173 pandendus
3649 1111 3748 1154 est.

2161 1194 2240 1249 Ibi
2266 1195 2410 1249 enim
2456 1211 2580 1250 cum
2612 1196 2863 1251 similiter
2913 1197 2980 1250 de
3008 1197 3149 1254 escis
3175 1203 3230 1250 et
3269 1193 3755 1250 observationibus

2164 1285 2431 1340 scriberet
2449 1283 2777 1349 Judzeorum,
2818 1295 2873 1341 et
2897 1301 2990 1342 eos
3014 1287 3107 1357 qui
3145 1287 3278 1355 legis
3297 1285 3457 1354 juxta
3503 1286 3752 1338 litteram

2162 1383 2429 1447 prmeepta
2491 1384 2922 1441 contemnerent,
2985 1376 3170 1431 ﬁrmos
3223 1385 3385 1446 atque
3427 1375 3750 1446 perfectos:

2165 1467 2284 1522 illos
2310 1481 2460 1533 vero,
2483 1467 2574 1534 qui
2599 1468 2774 1522 adhuc
2811 1469 3031 1537 antiqua
3055 1469 3446 1529 consuetudine
3478 1469 3755 1523 duceban-

2166 1563 2272 1621 tur,
2299 1555 2549 1612 inﬁrmos
2581 1557 2942 1626 parvulosque
2990 1567 3256 1622 narraret,
3312 1568 3368 1612 et
3389 1559 3607 1614 videret
3629 1557 3742 1625 jur~

2163 1648 2312 1718 gium
2341 1663 2461 1704 esse
2492 1649 2633 1703 inter
2665 1649 2936 1719 spiritales
2973 1658 3028 1705 et
3053 1665 3313 1714 carneos;
3341 1650 3628 1705 admonuit
3648 1651 3755 1718 spi-

2166 1740 2354 1796 ritales
2401 1757 2469 1796 ne
2500 1748 2910 1796 contemnerent
2943 1742 3208 1805 carnales,
3259 1750 3313 1796 et
3339 1743 3434 1807 ait,
3465 1741 3755 1810 Iri/irinum

2163 1842 2336 1885 autem
2353 1833 2408 1886 in
2432 1832 2536 1900 ﬁde
2562 1833 2834 1896 assumite,
2882 1848 2986 1885 non
3014 1833 3070 1886 in
3102 1831 3570 1901 disceptationibus
3611 1834 3756 1902 cogi-

2162 1923 2460 1976 tationum:
2488 1922 2626 1976 alius
2656 1923 2795 1975 enim
2847 1923 3010 1978 credit
3063 1922 3386 1976 manducare
3429 1926 3635 1987 omnia,
3664 1925 3754 1992 qui

2162 2021 2336 2064 autem
2374 2011 2616 2079 inﬁrmus
2662 2019 2736 2064 est
2769 2009 2912 2063 solus
2960 2011 3260 2064 manducet.
3297 2009 3358 2064 Is
3387 2013 3477 2081 qui
3520 2013 3756 2072 manda-

2163 2109 2266 2165 θαι,
2288 2117 2401 2154 non
2432 2100 2836 2154 manducantem
2865 2116 2970 2152 non
3010 2109 3244 2169 spernat,
3275 2111 3324 2153 et
3345 2102 3434 2171 qui
3467 2118 3570 2154 non
3599 2119 3755 2154 man-

2162 2190 2344 2254 ducat,
2380 2191 2783 2245 manducantem
2841 2207 2944 2243 non
2967 2190 3192 2260 judicet.
3243 2190 3386 2245 Deus
3413 2192 3552 2245 enim
3595 2191 3751 2244 illam

2162 2283 2464 2352 assumpsit.
2506 2281 2583 2335 Tu
2604 2282 2720 2353 quis
2744 2299 2796 2336 es
2833 2284 2922 2353 qui
2950 2283 3168 2352 judicas
3217 2283 3448 2338 alienum
3495 2301 3706 2338 servum
3730 2286 3756 2339 .’

2160 2391 2256 2429 suo
2290 2375 2501 2427 domino
2533 2383 2639 2428 stat
2685 2385 2775 2428 aut
2803 2375 2964 2428 cadit.
2996 2374 3176 2431 Stabit
3218 2386 3419 2442 autem,
3457 2385 3648 2446 potens
3678 2388 3752 2431 est

2159 2466 2297 2518 enim
2353 2464 2496 2519 Deus
2531 2474 2759 2519 statuere
2812 2465 2962 2520 illum
2994 2461 3172 2536 (Rom.
3199 2466 3355 2537 xw);
3406 2475 3462 2521 et
3495 2467 3674 2522 multa
3697 2468 3751 2521 in

2160 2555 2339 2610 medio
2377 2571 2540 2625 super
2569 2557 2672 2610 hoc
2703 2571 2865 2611 sensu
2890 2557 3184 2621 disserens,
3223 2556 3421 2625 adjecit
3453 2558 3510 2612 in
3538 2557 3705 2613 ﬁnem
3735 2578 3749 2612 :

2163 2646 2292 2700 Noli
2328 2657 2541 2717 propter
2561 2663 2733 2701 escam
2773 2648 3040 2703 destruere
3075 2665 3203 2718 opus
3241 2648 3360 2701 Dei.
3407 2648 3479 2703 Et
3505 2650 3746 2707 iterum:

2159 2735 2416 2790 Debemus
2465 2746 2641 2791 autem
2691 2754 2786 2791 nos
2836 2738 3098 2806 ﬁrmiores
3155 2738 3542 2792 imbecillitates
3593 2739 3744 2805 inﬁr-

2158 2840 2365 2879 morum
2390 2825 2668 2891 sustinere,
2703 2835 2750 2878 et
2790 2842 2894 2880 non
2921 2827 3068 2880 nobis
3097 2826 3322 2896 placere.
3381 2825 3749 2898 Unusquisque

2158 2923 2384 2967 vestrum
2430 2916 2671 2982 proximo
2709 2931 2803 2968 suo
2840 2913 3045 2986 placeat
3094 2917 3164 2969 ad
3204 2916 3395 2972 bonam
3431 2903 3741 2985 testiﬁcatio-

2160 3020 2276 3058 nem
2312 3003 2490 3076 (Rom.
2527 3005 2640 3076 xv).

2229 3092 2580 3149 Considerans
2596 3097 2838 3164 teipsum,
2857 3113 2919 3150 ne
2941 3107 2988 3151 et
3005 3096 3308 3151 tutenten‘s.
3348 3096 3502 3152 Nihil
3515 3097 3660 3152 enim
3679 3099 3742 3151 ad

2160 3185 2588 3240 misericordiam
2614 3186 2695 3240 sic
2723 3185 2996 3252 inclinat,
3047 3203 3210 3257 quam
3263 3189 3469 3258 proprii
3523 3189 3742 3259 periculi

2159 3274 2432 3344 cogitatio.
2507 3273 2914 3329 Considerando
2972 3276 3348 3345 temetipsum,
3400 3278 3530 3346 quia
3587 3287 3646 3331 et
3691 3287 3741 3331 tu

2159 3365 2321 3419 homo
2347 3380 2425 3430 es,
2466 3373 2522 3419 et
2544 3366 2748 3434 poteris
2789 3367 2972 3436 aliquo
2993 3369 3278 3437 praeveniri
3302 3377 3549 3440 peccato,
3591 3379 3648 3425 et
3672 3371 3741 3423 ita

2157 3456 2371 3510 demum
2421 3457 2664 3526 indigere
2710 3459 2982 3528 adiutorio
3027 3460 3146 3525 Dei,
3200 3470 3256 3516 et
3285 3463 3562 3532 proximi:
3621 3466 3740 3534 quia

2157 3547 2276 3601 sani
2307 3545 2552 3603 inﬁrmos
2580 3549 2847 3604 sustinere
2871 3550 3086 3614 debent,
3135 3560 3190 3607 et
3215 3565 3462 3610 mortuos
3492 3556 3737 3624 sepelire,

2156 3637 2285 3706 quia
2309 3637 2498 3706 procul
2528 3639 2694 3695 dubio
2720 3649 2775 3695 et
2803 3641 3068 3696 inﬁrmari
3095 3650 3151 3698 et
3173 3647 3310 3699 mori
3345 3660 3510 3715 posse
3549 3662 3607 3701 se
3635 3663 3743 3702 ere.

2156 3727 2306 3781 dunt

2227 3816 2375 3871 Alter
2405 3818 2624 3874 alterius
2650 3837 2808 3874 onera
2839 3831 3064 3890 portate,
3091 3832 3143 3876 et
3177 3825 3259 3878 sic.
3283 3825 3637 3895 adimplebs'tis
3666 3830 3738 3879 ls-

2155 3923 2267 3977 gem
2314 3907 2529 3962 Christi.
2604 3909 2740 3976 Quia
2768 3910 2978 3966 Veteris
3003 3911 3338 3967 Testamenti
3383 3914 3629 3968 custodia
3677 3915 3737 3967 ti-

2157 4012 2364 4053 morem
2393 3999 2649 4064 habebat,
2684 4015 2788 4054 non
2811 4002 2987 4070 potuit
3013 4004 3252 4073 apertius
3271 4004 3580 4074 signiﬁcare
3610 4005 3736 4060 Novi

2156 4092 2488 4147 Testamenti
2514 4093 2715 4148 donum
2745 4110 2865 4150 esse
2886 4096 3231 4164 cliaritatem,
3286 4115 3452 4170 quam
3478 4102 3580 4155 hoc
3601 4101 3735 4162 loco,

2157 4182 2244 4235 ubi
2274 4181 2565 4251 Apostolus
2591 4185 2721 4239 dicit
2753 4203 2768 4239 :
2812 4185 3046 4241 Invicem
3073 4203 3240 4243 onera
3271 4198 3453 4243 vestra
3507 4199 3732 4259 portate,

2153 4280 2208 4324 et
2235 4273 2314 4326 sic
2358 4273 2719 4344 adimplebitis
2763 4275 2935 4343 legem
2986 4278 3208 4333 Christi.
3272 4279 3424 4335 lianc
3475 4281 3621 4335 enim
3667 4281 3735 4333 le-

465 4359 675 4426 delicto,
731 4377 818 4415 vos
864 4363 954 4431 qui
979 4362 1244 4432 spiritales
1285 4365 1406 4418 estis
1453 4364 1757 4433 hujusmodi
1807 4365 2053 4419 instruite
2155 4375 2275 4430 gem
2321 4362 2521 4418 Christi
2576 4365 2758 4420 dicere
2812 4367 3170 4438 intelligitur,
3222 4386 3326 4439 qua
3383 4372 3501 4441 ipse
3560 4373 3731 4428 Domi-

465 4449 521 4502 in
540 4449 727 4518 spiritu
756 4447 1008 4504 lenitatis.
1086 4451 1222 4505 Eum
1283 4467 1498 4523 quoque
1542 4453 1632 4522 qui
1681 4453 1941 4522 spiritalis
1974 4464 2057 4509 est
2080 4496 2133 4554 Β
2159 4467 2260 4505 nus
2305 4454 2564 4522 praecepit
2603 4462 2662 4508 ut
2687 4470 2788 4509 nos
2829 4457 3062 4513 invicem
3111 4459 3400 4529 diligamus
3447 4471 3657 4518 tantum
3685 4465 3731 4517 in

465 4539 803 4603 cohortatur,
845 4553 968 4593 cum
1001 4542 1083 4594 sui
1134 4541 1330 4597 timore
1365 4558 1437 4596 ne
1465 4552 1644 4597 cesset
1683 4561 1903 4599 manum
1930 4561 2057 4616 por-
2080 4539 2130 4554 "
2157 4557 2221 4596 ea
2266 4546 2529 4599 sententia
2577 4548 2833 4616 pmcepti
2867 4551 3079 4618 pondus
3128 4554 3467 4610 constituens
3492 4566 3555 4609 ut
3605 4558 3732 4612 dioe-

467 4630 646 4700 rigere
675 4632 952 4686 corruenti
984 4649 996 4684 :
1041 4640 1098 4686 et
1122 4633 1345 4702 pulchre
1385 4645 1820 4705 prmoccupatum
1863 4639 1918 4692 in
1963 4640 2056 4694 de-

468 4719 598 4774 licto
623 4721 896 4776 hominem
916 4732 1097 4788 vocat,
1147 4725 1240 4793 qui
1291 4726 1429 4778 mori
1476 4727 1669 4794 possit,
1720 4735 1776 4781 et
1805 4728 1922 4798 ipso
1953 4745 2052 4784 no-

469 4810 618 4864 mine
639 4810 987 4881 fragilitatem
1027 4812 1354 4868 conditionis
1389 4817 1700 4882 ostendens,
1745 4826 1806 4872 ut
1859 4819 2054 4889 dignus

469 4900 542 4954 sit
570 4902 752 4966 venia,
781 4902 874 4970 qui
901 4903 1048 4957 velut
1072 4904 1236 4959 homo
1261 4919 1448 4960 errore
1477 4907 1759 4976 deceptus,
1814 4916 1870 4963 et
1911 4925 2054 4965 mer-

469 5005 563 5044 sus
608 4990 662 5044 in
709 4993 1044 5062 voraginem,
1099 4994 1338 5064 seipsurn
1385 4997 1502 5050 sine
1549 4997 1751 5053 auxilio
1807 5008 1862 5053 et
1896 4999 2048 5068 adju-

469 5087 588 5134 tore
611 5079 824 5149 erigere
849 5097 955 5136 non
979 5083 1172 5151 possit.
1227 5083 1466 5153 Spiritali
1490 5095 1671 5142 autem
1699 5102 1806 5142 non
1829 5089 2048 5143 additur

467 5169 653 5238 homo,
676 5173 771 5227 sed
792 5172 945 5241 quasi
972 5171 1084 5228 Deo
1121 5175 1456 5244 praecipitur,
1505 5185 1566 5230 ut
1609 5177 1883 5232 hominem
1903 5193 2044 5248 pm-

467 5273 789 5332 occupatum
819 5264 871 5318 in
899 5264 1096 5320 delicto
1126 5266 1360 5320 instruat
1389 5285 1402 5320 :
1451 5269 1582 5331 sive,
1628 5278 1689 5323 ut
1723 5269 1916 5325 melius
1946 5271 2045 5326 ha-

462 5351 626 5406 betur
664 5354 715 5406 in
747 5351 956 5419 Graeco,
997 5355 1246 5425 perﬁciat
1293 5357 1345 5410 in
1394 5358 1586 5427 spiritu
1623 5359 1881 5413 lenitatis.
1942 5360 2048 5427 Qui

468 5451 647 5496 autem
672 5443 972 5512 perﬁcitur,
994 5462 1099 5500 non
1128 5447 1177 5501 ei
1206 5448 1398 5502 desunt
1430 5450 1701 5514 universa,
1725 5451 1816 5504 sed
1845 5450 2045 5520 aliqua.

467 5530 708 5600 Denique
737 5534 782 5588 si
831 5551 936 5589 non
965 5539 1204 5606 peccatis
1250 5538 1517 5606 pluribus,
1557 5541 1652 5594 sed
1701 5541 1833 5595 vitio
1866 5542 2046 5612 aliquo

467 5627 857 5694 praeoccupatis
875 5629 1095 5691 erravit,
1146 5629 1386 5684 lenitatis
1413 5630 1682 5700 spiritum,
1714 5639 1766 5685 et
1795 5647 2044 5688 mansue-

471 5711 679 5768 tudinis
700 5714 753 5769 in
787 5717 1124 5774 correctione
1145 5721 1440 5792 peccantis.
1475 5720 1734 5792 spiritalis
1767 5721 2042 5790 adhibeat,

2155 4641 2238 4687 ret
2262 4648 2276 4687 :
2329 4633 2397 4689 In
2423 4636 2520 4688 hoc
2549 4639 2880 4705 cognoscitur
2906 4640 3156 4709 quoniam
3179 4641 3428 4711 discipuli
3463 4646 3570 4698 mei
3593 4649 3726 4710 estis,

2151 4725 2197 4777 si
2248 4740 2336 4777 vos
2370 4725 2586 4779 invicem
2634 4727 2868 4798 diligatis
2915 4728 3096 4799 (Joan.
3143 4732 3288 4805 xui).
3337 4733 3512 4803 Hujus
3557 4747 3726 4791 autem

2152 4814 2454 4870 dilectionis
2502 4815 2734 4873 officium
2779 4828 2864 4873 est
2899 4820 3131 4876 invicem
3184 4837 3348 4877 onera
3401 4835 3587 4881 vestra
3614 4843 3726 4897 por-

2153 4910 2287 4958 tare.
2348 4903 2455 4960 Sed
2486 4906 2586 4961 hoc
2611 4907 2844 4962 ollicium
2875 4924 2980 4963 non
3010 4919 3095 4964 est
3124 4913 3516 4981 sempiternum
3546 4958 3560 4980 ,
3613 4934 3725 4987 per-

2153 4991 2304 5046 ducit
2355 5007 2486 5049 sane
2518 4995 2584 5050 ad
2608 4997 2996 5055 beatitudinem
3042 5001 3430 5069 sempiternam
3457 5046 3471 5069 ,
3526 5008 3580 5060 in
3627 5023 3722 5077 qua

2151 5081 2296 5135 nulla
2321 5090 2481 5137 erunt
2498 5098 2661 5138 onera
2689 5094 2892 5151 nostra,
2917 5103 3038 5157 quae
3060 5089 3288 5146 invicem
3314 5102 3532 5162 portare
3546 5095 3723 5163 jubea-

2153 5185 2294 5226 mur.
2338 5169 2491 5226 Nunc
2518 5187 2648 5227 vero
2679 5173 2732 5227 in
2771 5175 2871 5229 hac
2913 5177 3044 5241 vita,
3102 5178 3154 5232 id
3180 5187 3262 5233 est
3283 5180 3409 5234 dum
3443 5183 3496 5235 in
3523 5183 3622 5238 hac
3646 5186 3720 5238 via

2152 5276 2358 5325 sumus,
2383 5275 2549 5315 onera
2571 5270 2755 5317 nostra
2783 5273 3080 5334 portemus,
3101 5278 3162 5322 ut
3182 5269 3249 5324 ad
3271 5285 3393 5324 eam
3420 5273 3587 5327 vitam
3613 5289 3720 5344 qua

2152 5357 2299 5403 caret
2334 5351 2482 5405 omni
2509 5366 2674 5407 onere
2697 5393 2709 5414 ,
2744 5356 3047 5423 pervenias.
3090 5357 3234 5412 Nihil
3258 5361 3400 5414 enim
3434 5362 3516 5415 sic
3542 5366 3720 5432 prohat

2155 5441 2408 5506 amicum,
2435 5445 2887 5512 quemadmodum
2914 5450 3096 5504 oneris
3133 5452 3294 5506 amici
3326 5456 3583 5522 portatio.
3620 5456 3716 5510 Nec

2157 5539 2334 5586 tamen
2377 5533 2606 5588 invicem
2649 5545 2990 5604 portaremus
3033 5555 3198 5594 onera
3239 5552 3447 5607 nostra,
3491 5545 3537 5598 si
3562 5562 3715 5600 unum

2157 5632 2362 5695 tempus
2395 5634 2540 5680 esset
2578 5627 2907 5684 inﬁrmitatis
2955 5633 3254 5698 amborum,
3292 5636 3385 5703 qui
3442 5652 3606 5691 onera
3632 5654 3715 5692 sua

2152 5721 2401 5787 sustinet,
2434 5730 2526 5776 aut
2555 5738 2720 5778 unum
2768 5723 3098 5784 inﬁrmitatis
3149 5743 3350 5798 genus;
3385 5730 3482 5786 sed
3519 5728 3716 5786 diversa
