3906 6326
157 343 275 401 905

1121 345 1377 401 ENARR.
1419 344 1485 398 IN
1526 341 1743 397 LPIST.
1783 343 1847 397 D.
1888 344 2092 402 PAULI
2125 347 2219 403 AD
2254 348 2503 407 GALAT.

3338 358 3442 424 9:36

160 471 413 534 tempora
458 470 514 517 et
557 464 767 519 diversa
814 478 1015 535 genera
1064 463 1399 518 inﬁrmitatis
1439 462 1645 515 faciunt
1698 470 1757 513 ut
1782 463 1834 522 Α
1858 461 2003 529 licet,
2018 464 2286 522 docemur
2307 483 2405 537 per
2426 472 2570 525 hanc
2587 475 2965 531 sententiolam
2995 493 3193 534 novum
3217 482 3435 553 dogma,

156 569 334 610 onera
362 564 546 609 nostra
583 555 813 609 invicem
841 564 1059 625 portare
1104 555 1399 609 valeamus.
1433 552 1595 608 Verbi
1636 569 1757 623 gra-

158 646 243 700 tia
285 664 300 701 :
344 647 486 702 Iram
542 647 724 702 fratris
760 655 890 702 tunc
943 647 1210 716 portabis,
1264 662 1385 701 cum
1412 654 1470 699 tu
1502 644 1760 699 adversus

157 752 292 792 eum
321 753 429 795 non
480 737 758 799 irasceris,
812 747 873 792 ut
913 753 1128 792 rursum
1158 752 1222 791 eo
1271 744 1513 806 tempore
1568 750 1676 804 quo
1707 742 1759 787 te

162 830 248 884 ira
285 830 765 899 praeoccupaverit,
797 829 887 884 ille
937 839 988 885 te
1020 830 1241 885 lenitate
1269 837 1323 883 et
1369 828 1760 897 tranquillitate

158 927 464 989 supportet:
501 919 611 975 Sed
636 922 857 975 ethunc
886 920 1065 975 locum
1101 936 1224 975 cum
1256 920 1629 990 superioribus
1655 932 1746 971 co-

161 1010 436 1079 pulemus,
472 1010 738 1079 duplicem
766 1010 911 1065 enim
942 1010 1185 1078 sequitur
1239 1007 1669 1079 intelligentiam.
1699 1005 1755 1061 Si

163 1101 293 1169 quis
314 1100 564 1161 inﬁrmus
594 1100 646 1154 in
672 1101 778 1154 lide
802 1108 903 1166 est,
938 1108 993 1153 et
1021 1100 1198 1154 adhuc
1247 1098 1387 1153 lacte
1410 1097 1649 1152 nutritus
1677 1096 1757 1149 in-

161 1190 374 1255 fantiae,
434 1205 537 1245 nec
582 1199 763 1259 potest
806 1199 915 1245 tam
941 1192 1049 1246 cito
1091 1207 1121 1245 a
1171 1191 1326 1261 legali
1375 1190 1757 1245 observatione

160 1283 233 1337 ad
263 1282 526 1352 spiritalia
554 1290 895 1336 sacramenta
930 1282 1181 1347 transire,
1222 1296 1317 1336 vos
1343 1281 1435 1351 qui
1486 1281 1755 1335 robustio-

160 1386 258 1427 res
284 1372 438 1435 estis,
466 1371 586 1441 ejus
609 1386 775 1426 onera
828 1379 1063 1441 portate,
1093 1385 1164 1425 ne
1197 1384 1295 1441 per
1342 1369 1628 1424 scientiam
1658 1383 1754 1422 ve-

161 1470 336 1517 stram
382 1461 553 1516 frater
579 1472 786 1532 pereat,
813 1477 912 1532 pro
939 1477 1047 1531 quo
1068 1462 1321 1517 Christus
1340 1468 1589 1516 mortuus
1618 1468 1705 1515 est
1737 1478 1749 1512 :

161 1561 347 1624 portat
396 1568 613 1622 quoque
676 1551 861 1607 fratris
910 1552 1295 1607 necessitatem
1343 1552 1433 1622 qui
1471 1558 1754 1621 gravatum

158 1656 459 1714 pauperem
485 1656 652 1697 onere
678 1642 935 1717 egestatis
968 1642 1203 1712 adjuvat.

237 1732 379 1787 Nam
404 1731 451 1786 si
475 1732 590 1803 quis
613 1733 876 1785 existimat
904 1749 959 1786 se
984 1749 1094 1787 esse
1120 1731 1343 1803 aliquid,
1362 1748 1479 1786 cum
1506 1730 1637 1786 nihil
1660 1732 1751 1796 sit,

1861 555 2005 621 quod
2034 555 2245 611 latitat:
2291 559 2419 615 dum
2466 561 2520 614 in
2555 566 2806 632 praesenti
2845 569 3040 623 smeulo
3077 586 3287 640 sumus,
3329 576 3442 633 sive

1860 644 2219 712 orationibus,
2262 648 2377 705 sive
2398 652 2642 707 consiliis
2679 654 2911 711 invicem
2940 673 3103 728 posse
3145 676 3245 718 nos
3288 666 3444 737 adju-

1859 732 1995 786 vari.
2058 732 2191 788 Cum
2214 744 2393 791 autem
2422 746 2550 792 ante
2599 741 2835 796 tribunal
2858 744 3061 802 Christi
3110 732 3442 820 venerimus,

1859 835 1961 875 nec
1991 819 2093 876 Job
2119 861 2134 887 ,
2187 840 2287 879 nec
2321 825 2530 893 Daniel,
2581 844 2681 884 nec
2722 830 2868 896 Noe,
2916 849 3108 904 rogare
3142 855 3302 909 posse
3344 859 3444 913 pro

1859 928 2129 983 quoquam
2155 956 2170 981 ,
2219 918 2316 972 sed
2366 935 2806 991 unumquemque
2838 933 3056 992 portare
3104 942 3240 985 onus
3281 946 3440 987 suum

1865 1003 2079 1076 (Ezech.
2112 1006 2246 1080 XIV).

1930 1094 2286 1153 Communicet
2315 1110 2492 1154 autem
2511 1103 2557 1156 is
2583 1106 2677 1173 qui
2688 1104 3043 1160 catechizatur
3074 1110 3259 1175 verba,
3278 1115 3325 1165 ei
3352 1117 3443 1183 qui

1856 1200 1913 1237 se
1925 1186 2213 1240 catechth
2233 1188 2289 1241 in
2315 1189 2553 1244 omnibus
2577 1191 2746 1245 bonis.
2786 1192 2992 1251 Sensus
3014 1197 3198 1268 itaque
3218 1200 3321 1255 iste
3334 1212 3440 1267 est,

1857 1277 1982 1346 quia
2005 1280 2252 1348 superius
2275 1282 2610 1351 spiritalibus
2633 1298 2986 1357 praeceperat,
3004 1302 3064 1345 ut
3081 1308 3175 1348 eos
3196 1295 3288 1364 qui
3311 1312 3444 1366 prae-

1856 1371 2103 1437 occupati
2130 1368 2345 1426 fuerant
2368 1372 2424 1426 in
2450 1373 2631 1444 aliquo
2654 1376 2869 1444 delicto,
2898 1378 3227 1437 instruerent
3254 1384 3307 1438 in
3327 1386 3441 1455 spi-

1856 1455 1963 1509 ritu
1982 1456 2240 1523 lenitatis,
2257 1467 2312 1513 et
2337 1460 2474 1516 alter
2501 1462 2726 1521 alterius
2753 1481 2915 1521 onera
2939 1478 3238 1538 portarent,
3265 1474 3439 1527 adim-

1855 1542 2065 1611 plentes
2080 1545 2252 1616 legem
2269 1547 2471 1605 Christi
2498 1567 2511 1602 :
2543 1567 2686 1607 nunc
2702 1568 2732 1607 e
2755 1559 3030 1613 contrario
3043 1559 3127 1615 bis
3142 1561 3232 1630 qui
3258 1562 3437 1618 adhuc

1856 1634 2259 1701 imbecilliores,
2281 1647 2336 1693 et
2360 1639 2629 1711 discipuli,
2670 1651 2723 1696 et
2750 1647 2997 1702 carnales
3025 1660 3183 1704 erant
3206 1652 3442 1721 imperat

1856 1735 1919 1780 ut
1956 1730 2227 1795 quomodo
2260 1731 2365 1799 ipsi
2404 1747 2435 1785 a
2468 1734 2745 1804 magistris
2789 1739 3054 1807 spiritalia
3085 1750 3324 1807 metunt,
3364 1746 3445 1799 sic

160 1822 395 1891 seipsum
420 1822 644 1877 seducit.
695 1822 814 1877 Non
846 1837 971 1877 eum
1000 1824 1266 1883 seducunt
1288 1822 1596 1878 laudatores
1618 1821 1758 1893 ejus,
1786 1813 1836 1874 B
1864 1818 2140 1887 magistris
2188 1821 2427 1875 carnalia
2460 1823 2764 1893 praebeant,
2813 1829 2905 1897 qui
2954 1837 3095 1885 totos
3146 1846 3205 1886 se
3249 1833 3444 1888 divina“:

159 1910 259 1966 sed
288 1910 409 1980 ipse
434 1902 638 1981 potius,
664 1911 792 1980 quia
824 1926 950 1966 cum
973 1912 1079 1968 sibi
1128 1913 1201 1967 sit
1236 1911 1562 1981 prmsentior
1590 1927 1755 1981 quam

162 2001 261 2068 illi,
288 2002 461 2073 magis
488 2002 603 2057 vult
644 2017 703 2057 se
735 2003 791 2057 in
820 2003 928 2058 illis
978 2017 1225 2073 quan-ere
1254 2018 1417 2073 quam
1464 2003 1532 2057 in
1553 2003 1754 2073 seipso.

1859 1908 2175 1975 eruditioni,
2196 1919 2251 1964 et
2274 1912 2451 1966 studio
2474 1912 2773 1981 tradentes,
2795 1917 2919 1972 vitae
2938 1918 3096 1990 hujus
3120 1924 3444 1980 necessariis

1859 1996 2124 2067 indigent,
2155 2008 2210 2055 et
2247 2000 2343 2055 ﬁat
2380 2001 2511 2056 illud
2538 2004 2682 2089 quod
2706 2005 2771 2059 de
2796 2022 2992 2062 manna
3024 2012 3286 2079 scriptum
3334 2022 3440 2079 est,

160 2093 234 2151 Et
256 2094 379 2150 ideo
400 2095 517 2149 ait:
552 2092 611 2149 Si
640 2094 764 2163 quis
791 2094 1070 2149 existimat
1108 2109 1169 2150 se
1199 2108 1320 2149 esse
1355 2094 1579 2163 aliquid,
1606 2094 1661 2148 in
1689 2108 1756 2148 eo
1856 2091 1945 2161 qui
1966 2091 2207 2156 multum,
2244 2111 2347 2147 non
2368 2096 2688 2162 abundavit;
2724 2107 2773 2152 et
2795 2100 2882 2169 qui
2905 2102 3187 2168 modicum,
3214 2122 3317 2159 non
3343 2108 3442 2160 mi-

161 2186 311 2258 quod
362 2195 513 2257 putat
544 2200 604 2241 se
644 2199 764 2240 esse
810 2184 1034 2255 aliquid,
1063 2193 1117 2241 et
1144 2200 1251 2240 non
1281 2200 1347 2239 es
1387 2184 1674 2263 clementia
1700 2184 1754 2237 in

1857 2183 2065 2235 noravit
2096 2182 2183 2254 (ΙΙ
2206 2183 2341 2238 σου
2364 2185 2508 2255 vni).
2547 2187 2692 2241 Bona
2725 2197 2904 2244 autem
2938 2191 2990 2245 in
3017 2196 3273 2262 prazsenti
3298 2196 3439 2263 loco,

160 2276 499 2346 proximum,
553 2275 651 2330 sed
695 2290 763 2330 ex
788 2289 888 2329 suo
932 2288 1097 2344 opere
1122 2283 1177 2328 et
1222 2273 1407 2329 labore
1450 2272 1752 2341 sejudicat,
1850 2269 2009 2339 juxta
2037 2271 2182 2343 vulgi
2221 2276 2665 2332 consuetudinem
2708 2293 3023 2349 moremque
3072 2297 3439 2352 communem,

156 2377 264 2419 sua
294 2371 505 2418 tantum
534 2364 737 2418 virtute
764 2370 1053 2418 contentus
1082 2380 1096 2417 :
1141 2362 1246 2417 iste
1282 2376 1349 2415 ex
1382 2362 1485 2415 hac
1523 2362 1639 2431 ipsa
1667 2377 1757 2415 ar-

156 2455 412 2523 rogantia
443 2455 577 2510 nihil
608 2453 689 2518 lit,
722 2463 776 2509 et
800 2455 914 2525 ipse
962 2469 1020 2509 se
1050 2454 1272 2522 decipit.
1307 2452 1543 2507 Mentem
1571 2462 1753 2509 autem

156 2546 383 2616 decipit,
417 2547 509 2615 qui
536 2559 596 2600 se
621 2554 775 2615 putat
825 2559 948 2599 esse
985 2544 1306 2614 sapientem.
1359 2544 1427 2598 Et
1454 2544 1752 2598 secundum

161 2636 391 2702 Isaiam,
421 2636 645 2706 Sapiens
690 2636 747 2690 in
776 2652 831 2690 se
862 2636 986 2690 etin
1016 2644 1295 2704 conspectu
1333 2650 1429 2688 suo
1450 2633 1753 2705 intelligens

158 2726 299 2800 (Isa.
328 2727 403 2800 v).
434 2726 519 2782 Ad
537 2728 1007 2783 circumcisioncm
1044 2734 1099 2781 et
1124 2727 1193 2781 ad
1236 2726 1407 2797 legem
1430 2727 1505 2780 ita
1528 2726 1629 2781 loci
1658 2726 1757 2781 bu-

152 2813 250 2888 jus
270 2818 611 2873 connectitur
645 2817 950 2872 intellectus
978 2834 992 2871 :
1024 2815 1130 2883 Qui
1156 2815 1417 2886 spiritalis
1448 2823 1555 2880 est,
1583 2822 1639 2870 et
1660 2814 1757 2869 mi-

156 2906 514 2961 sericordiam
563 2905 621 2959 in
670 2906 981 2975 proximum
1029 2920 1138 2959 non
1183 2905 1367 2970 habet,
1392 2913 1751 2960 contemnens

157 2993 443 3059 humilem,
499 2994 626 3064 quia
656 2994 773 3063 ipse
794 2994 1075 3049 sublimior
1118 3002 1223 3060 est,
1273 2996 1388 3064 ipse
1411 3008 1472 3048 se
1502 2992 1701 3063 decipit
1733 3012 1746 3047 :

157 3084 410 3140 nesciens
436 3084 578 3139 hanc
618 3084 839 3154 spiritus
873 3098 995 3139 esse
1037 3084 1235 3156 legem,
1267 3091 1327 3138 ut
1376 3098 1476 3140 nos
1512 3082 1745 3139 invicem

161 3171 479 3242 diligamus.

244 3260 386 3333 Opus
407 3272 579 3317 autem
591 3279 747 3320 suum
757 3264 937 3333 probet
956 3265 1331 3334 unusquisque,
1349 3273 1397 3319 et
1420 3266 1495 3320 sic
1516 3267 1572 3319 in
1586 3281 1748 3336 seipse

156 3360 368 3406 tantum
399 3342 623 3423 gloriam
650 3353 881 3419 habebit,
928 3362 977 3407 et
999 3370 1102 3407 non
1130 3352 1183 3407 in
1213 3353 1397 3409 altera.
1462 3353 1754 3425 Unusquis-

154 3457 261 3510 que
284 3442 421 3496 enim
446 3444 715 3513 proprium
738 3458 870 3498 onus
897 3443 1145 3515 portabit.
1177 3444 1245 3500 Et
1266 3460 1373 3498 non
1397 3444 1451 3498 in
1477 3444 1670 3510 altero,
1695 3445 1751 3499 id

156 3542 270 3597 est,
300 3548 422 3587 eum
442 3533 580 3588 alter
608 3549 733 3589 eum
766 3534 970 3590 laudat.
1025 3533 1145 3589 Non
1169 3549 1300 3605 ergo
1330 3535 1638 3590 laudatores
1660 3551 1753 3591 no-

158 3623 266 3678 stri
293 3623 543 3677 minuunt
568 3638 734 3679 onera
772 3624 1117 3679 conscientia:
1160 3631 1381 3689 nostrae,
1439 3631 1602 3693 atque
1639 3625 1748 3679 uti-

154 3728 288 3769 nam
322 3730 430 3769 non
457 3715 623 3770 etiam
670 3715 1015 3771 accumulent
1057 3716 1398 3785 plerumque,
1439 3730 1508 3770 ne
1534 3715 1638 3770 illis
1669 3714 1753 3770 of-

155 3805 335 3861 fensis
379 3805 498 3862 laus
536 3816 720 3862 nostra
772 3808 1068 3875 minuatur,
1101 3823 1226 3863 eum
1251 3814 1345 3861 aut
1375 3806 1749 3877 objurgatione

161 3895 289 3951 illos
335 3910 531 3950 curare
578 3897 919 3968 negligimus,
971 3906 1065 3953 aut
1111 3898 1385 3967 iactanter
1414 3899 1494 3953 eis
1546 3898 1748 3968 aliquid

156 3993 413 4040 nostrum
434 3994 793 4053 ostentamus,
818 3989 998 4057 potius
1031 4003 1195 4058 quam
1235 3996 1548 4043 constanter
1569 3997 1750 4044 osten-

157 4075 365 4131 dimus.
421 4074 625 4131 Omitto
652 4091 715 4131 ea
744 4092 863 4146 qua:
896 4077 1107 4149 tingunt
1151 4086 1207 4134 et
1232 4079 1569 4134 mentiuntur
1594 4078 1661 4134 de
1688 4094 1748 4135 se

154 4165 411 4221 homines
447 4174 678 4236 propter
709 4167 989 4222 hominum
1031 4167 1238 4223 laudes.
1288 4169 1430 4236 Quid
1471 4169 1618 4223 enim
1641 4170 1747 4223 ista

154 4260 403 4315 caecitate
456 4259 818 4327 tenebrosius,
850 4262 917 4314 ad
970 4260 1317 4316 obtinendam
1369 4261 1745 4316 inanissimam

155 4350 393 4420 gloriam
422 4366 777 4420 erroremque
824 4352 1061 4405 hominis
1086 4353 1366 4423 aucupari,
1390 4360 1445 4407 et
1469 4352 1640 4408 Deum
1667 4363 1747 4409 te-

152 4450 299 4497 stem
352 4441 408 4495 in
453 4441 614 4496 corde
660 4442 1051 4497 contemnere?
1076 4444 1234 4513 quasi
1278 4458 1409 4499 vero
1446 4443 1555 4499 ullo
1584 4444 1743 4501 modo

152 4532 557 4601 comparandus
585 4533 657 4587 sit
681 4547 836 4587 error
862 4532 1005 4587 illius
1032 4533 1124 4602 qui
1160 4542 1213 4587 te
1243 4534 1441 4590 bonum
1463 4543 1635 4605 putat,
1662 4551 1745 4590 er-

152 4623 271 4679 rori
302 4632 411 4688 tuo,
437 4623 529 4692 qui
548 4623 753 4678 homini
780 4624 845 4679 de
871 4622 1006 4679 falso
1031 4626 1173 4680 bono
1198 4626 1415 4695 placere
1436 4627 1643 4691 studes,
1674 4627 1741 4685 de

155 4715 305 4772 malo
338 4730 467 4769 vero
494 4714 748 4784 displices
774 4714 906 4768 Deo.

235 4803 601 4876 Unusquisque
628 4805 765 4858 enim
796 4821 926 4857 onus
947 4820 1099 4857 suum
1130 4805 1378 4874 portabit.
1414 4806 1633 4862 Videtur
1652 4823 1739 4862 su-

155 4896 467 4967 perioribus
506 4894 802 4959 contraire,
850 4896 941 4949 ubi
984 4895 1100 4948 ait:
1157 4894 1301 4949 Alter
1337 4895 1553 4952 alterius
1576 4914 1739 4952 onera

154 4998 383 5061 portate.
413 4987 472 5043 Si
504 4989 650 5044 enim
688 4989 1061 5058 unusquisque
1111 5004 1247 5044 onus
1274 5005 1429 5045 suum
1477 4992 1738 5061 portabit,

155 5082 301 5138 alter
326 5080 552 5145 alterius
578 5096 744 5138 onera
775 5090 994 5151 portare
1035 5097 1140 5137 non
1169 5083 1384 5151 poterit.
1425 5081 1531 5139 Sed
1552 5085 1739 5143 viden-

158 5175 317 5237 dum,
362 5173 507 5243 quod
532 5172 607 5227 ibi
653 5173 975 5242 praceperit
997 5180 1055 5226 ut
1082 5182 1371 5242 peccantes
1414 5174 1468 5230 in
1495 5175 1599 5231 hac
1626 5176 1737 5231 vita

156 5276 261 5317 nos
283 5260 517 5317 invicem
544 5270 930 5326 sustentemus,
974 5262 1109 5319 etin
1155 5264 1405 5334 presenti
1450 5265 1648 5322 saeculo
1670 5267 1742 5323 al-

154 5356 431 5408 terutrum
452 5352 653 5407 auxilio
670 5352 841 5407 simus
869 5370 882 5407 :
920 5352 1010 5409 hic
1056 5360 1235 5407 autem
1261 5353 1328 5409 de
1358 5354 1568 5410 Domini
1596 5356 1741 5412 dicat

155 5442 214 5497 in
251 5440 895 5511 resurrectionejudicio,
933 5444 1077 5514 quod
1114 5459 1221 5498 non
1247 5457 1314 5498 ex
1365 5444 1590 5501 alterius
1614 5462 1741 5521 pec-

156 5532 785 5602 eatoetcomparatione
810 5532 1114 5598 deterioris,
1160 5534 1253 5589 sed
1290 5530 1446 5601 juxta
1493 5544 1739 5592 nostrum

152 5634 317 5694 opus,
341 5629 436 5675 aut
452 5629 764 5691 peccatores
794 5622 943 5676 abeo
962 5623 1287 5693 judicemur,
1320 5630 1415 5677 aut
1442 5624 1635 5688 sancti,
1654 5640 1740 5679 re-

155 5712 397 5786 cipiente
435 5726 759 5782 unoquoque
778 5714 1073 5768 secundum
1102 5730 1236 5785 opus
1273 5730 1449 5770 suum.
1496 5714 1739 5775 Obscure

600 5822 873 5885 PATROL.
920 5823 1076 5887 CIV.

1782 3154 1822 3182 Π

1780 3191 1824 3217 υ

1855 2362 2059 2416 victum
2105 2372 2162 2417 et
2195 2366 2469 2432 vestitum,
2500 2378 2804 2438 eceteraque
2843 2386 2964 2440 quae
3005 2373 3252 2431 homines
3299 2377 3442 2435 inter

1853 2455 1996 2509 bona
2021 2466 2331 2522 numerant,
2360 2459 2666 2529 appellavit.
2721 2461 2985 2518 Habentes
3016 2465 3160 2519 enim
3183 2468 3373 2523 victum
3391 2482 3441 2525 et

1855 2545 2113 2608 vestitum,
2137 2545 2219 2597 his
2245 2548 2469 2599 contenti
2500 2547 2664 2601 simus
2687 2547 2772 2619 (Il
2799 2548 2931 2604 Tim.
2966 2550 3044 2623 κ).
3099 2552 3212 2609 Nec
3239 2557 3438 2611 mirum

1855 2633 1902 2686 si
1946 2632 2146 2689 Paulus
2193 2649 2257 2688 ca
2314 2650 2436 2705 quae
2481 2644 2640 2690 erant
2679 2638 2894 2708 corpori
2954 2643 3258 2697 necessaria
3313 2643 3440 2700 boni

1854 2724 2213 2791 appellatione
2233 2726 2502 2796 signavit:
2560 2743 2683 2782 eum
2728 2732 2893 2784 etiam
2942 2730 3192 2791 Salvator
3251 2747 3440 2793 noster

1855 2814 1923 2868 ad
1965 2830 2060 2869 eos
2106 2816 2200 2885 qui
2254 2819 2483 2872 necdum
2527 2819 2595 2873 ad
2635 2820 2895 2875 virtutum
2932 2822 3143 2880 culmen
3175 2829 3439 2883 ascende-

1856 2911 2000 2968 rant,
2040 2905 2134 2958 sed
2186 2905 2363 2961 adhuc
2402 2907 2660 2964 humilius
2705 2910 3047 2980 incedebant,
3099 2924 3153 2970 et
3182 2916 3283 2972 sibi
3314 2919 3441 2974 addi

1853 2996 2149 3064 poscebant
2173 2996 2351 3063 ﬁdem,
2380 2999 2596 3054 dixerit.
2629 3000 2691 3056 Si
2712 3020 2834 3074 ergo
2868 3022 2973 3071 nos,
3000 3023 3116 3060 cum
3139 3008 3268 3063 mali
3299 3010 3435 3077 silis,

1853 3086 1998 3140 scitis
2027 3086 2158 3141 bona
2180 3090 2306 3143 data
2330 3090 2457 3144 dare
2477 3092 2603 3163 filiis
2628 3096 2809 3149 vestris
2837 3137 2851 3157 ,
2877 3107 3070 3167 quanto
3097 3102 3261 3171 magis
3274 3099 3439 3158 Pater

1857 3178 2074 3233 ccclestis
2095 3180 2237 3234 dabit
2264 3181 2398 3235 bona
2436 3184 2723 3252 petentibus
2742 3204 2797 3240 se
2824 3187 3039 3258 (Matth.
3058 3189 3155 3261 vn)
3186 3193 3198 3244 !

1931 3268 2111 3323 Nolite
2129 3287 2324 3337 errare,
2355 3272 2497 3327 Deus
2522 3290 2623 3328 non
2652 3276 2904 3331 irridetur
2928 3292 2947 3329 .‘
2976 3296 3094 3350 quae
3114 3283 3249 3336 enim
3275 3286 3433 3338 semi-

1856 3362 2053 3415 naverit
2086 3362 2263 3425 homo,
2318 3363 2428 3417 hcce
2458 3375 2505 3418 et
2535 3375 2705 3420 metet.
2765 3367 3074 3426 Pisevidens
3109 3372 3163 3426 in
3216 3374 3430 3443 spiritu,

1854 3467 1948 3507 eos
1984 3454 2076 3523 qui
2108 3453 2391 3519 docentur,
2420 3463 2475 3509 et
2511 3456 2707 3512 debent
2752 3461 3030 3529 magistris
3082 3472 3327 3532 sumptus
3378 3472 3433 3518 et

1852 3543 1979 3596 vitae
2000 3543 2307 3597 necessaria
2338 3544 2668 3613 ministrare,
2698 3562 2859 3616 posse
2879 3551 3171 3606 obtendere
3201 3570 3433 3623 pauper-

1854 3637 2021 3684 tatem
2044 3640 2098 3685 et
2126 3632 2334 3686 dicere:
2360 3631 2503 3703 Ager
2528 3650 2679 3690 meus
2700 3637 2803 3692 hoc
2828 3653 2968 3693 anno
2994 3641 3137 3694 aruit
3165 3644 3429 3709 siccitate,

1853 3722 2081 3776 Vineam
2112 3724 2317 3793 grando
2352 3726 2627 3793 contrivit,
2660 3727 2946 3795 Redditus,
2994 3732 3086 3799 qui
3126 3747 3248 3788 esse
3276 3744 3431 3803 potn-

1851 3822 1995 3878 rant,
2024 3814 2225 3868 tributa
2269 3826 2583 3885 rapuerunt,
2621 3817 2740 3874 Non
2796 3820 2970 3875 habeo
3002 3823 3143 3878 unde
3190 3825 3424 3880 tribuam

1852 3909 1992 3977 quod
2011 3906 2267 3976 jubetur;
2296 3910 2513 3977 adjecit,
2560 3911 2739 3966 Nolite
2762 3930 2961 3979 errare,
3009 3914 3151 3970 Deus
3173 3933 3277 3971 non
3306 3920 3433 3973 irri-

1852 4000 2023 4052 detur.
2083 3999 2215 4065 Scit,
2242 4000 2436 4069 inquit,
2467 4002 2629 4056 corda
2657 4012 2867 4069 vestra;
2894 4021 2999 4059 non
3024 4007 3234 4075 ignorat
3262 4008 3430 4064 facul—

1850 4095 2010 4142 tates.
2060 4088 2348 4142 Excusatio
2375 4090 2686 4144 verisimilis
2718 4092 2921 4147 homini
2951 4105 3130 4163 potest
3154 4107 3430 4169 utcunque

1848 4176 2089 4245 placere,
2114 4177 2283 4231 Deum
2320 4192 2428 4231 non
2460 4187 2641 4246 potest
2681 4179 2888 4235 fallere.
2958 4184 3022 4238 Et
3055 4186 3215 4241 simul
3240 4190 3420 4244 cohoro

1849 4274 1995 4320 tatur
2023 4266 2089 4321 ad
2109 4266 2161 4321 id
2192 4267 2333 4335 quod
2360 4277 2686 4337 praeceptum
2710 4279 2794 4325 est
2821 4271 3204 4342 exhibendum,
3240 4293 3426 4334 semen

1848 4357 2155 4423 nominans,
2205 4374 2274 4413 ne
2290 4367 2444 4428 putet
2478 4361 2748 4429 perditum
2794 4366 2937 4433 quod
2963 4366 3316 4438 multiplicato
3346 4371 3427 4428 fe-

1848 4462 1980 4501 nore
2010 4458 2325 4520 recepturus
2359 4458 2460 4505 €51.

1921 4536 2182 4603 Quoniam
2206 4540 2294 4609 qui
2328 4539 2547 4593 seminat
2570 4542 2625 4595 in
2653 4558 2809 4597 carne
2836 4561 2954 4611 sua,
2980 4547 3044 4600 de
3069 4564 3227 4604 carne
3252 4561 3299 4606 et
3324 4570 3427 4608 nte-

1847 4634 1915 4680 tet
1948 4628 2353 4695 corruptionem.
2387 4627 2500 4683 Hoc
2530 4630 2662 4684 dicit
2709 4632 2774 4685 de
2801 4636 3134 4691 amatoribus
3180 4640 3424 4710 volupta-

1847 4726 1959 4771 tum
2009 4717 2180 4787 magis
2236 4733 2397 4786 quam
2426 4718 2541 4773 Dei.
2575 4719 2632 4773 In
2656 4736 2819 4776 carne
2844 4724 2986 4778 enim
3020 4741 3114 4780 sua
3169 4731 3422 4797 seminat,

1846 4807 1938 4876 qui
1964 4806 2143 4861 omnia
2186 4822 2305 4877 quae
2335 4806 2482 4874 fecit,
2515 4810 2728 4865 etiamsi
2779 4811 2917 4867 bona
2945 4814 3254 4885 videantur,
3285 4834 3415 4889 pro-

1845 4904 2030 4965 pterea
2059 4904 2237 4950 tamen
2260 4895 2392 4952 facit
2414 4906 2473 4951 ut
2491 4898 2780 4955 carnaliter
2808 4901 2856 4955 ei
2878 4901 3015 4958 bene
3040 4905 3129 4959 sit.

1920 4986 2022 5052 Qui
2052 4996 2226 5041 autem
2256 4989 2478 5043 seminat
2524 4989 2580 5042 in
2604 4989 2813 5058 spiritu,
2850 4992 2915 5046 de
2946 4995 3134 5064 spiritu
3166 5008 3320 5052 metet
3348 5003 3422 5056 tti-

1847 5088 1955 5131 tam
2006 5086 2274 5132 intentam.
2313 5075 2609 5132 Seminatio
2638 5078 2689 5133 in
2718 5081 2909 5150 spiritu
2964 5092 3048 5138 est
3076 5099 3143 5139 ex
3172 5086 3276 5142 ﬁde
3295 5103 3419 5145 cum

1846 5172 2113 5226 eharitate
2134 5169 2342 5225 servire
2364 5170 2606 5239 justitite,
2641 5180 2696 5226 et
2730 5188 2836 5227 non
2883 5173 3103 5229 obedire
3132 5175 3417 5237 desideriis

1846 5259 2071 5329 peccati,
2097 5258 2341 5327 quamvis
2366 5258 2432 5312 de
2453 5260 2664 5315 mortali
2693 5276 2857 5316 carne
2880 5262 3253 5321 existentibus.
3285 5265 3421 5323 Mes-

1844 5351 1920 5407 sis
1945 5359 2127 5405 autem
2163 5350 2285 5404 vitae
2329 5356 2545 5407 eterna:
2587 5365 2709 5405 cum
2752 5350 2968 5407 inimica
3014 5355 3305 5413 novissime
3327 5356 3421 5413 de-

1842 5450 2083 5498 struetur
2136 5456 2303 5507 mors,
2336 5448 2391 5496 et
2434 5441 2811 5497 absorbebitur
2860 5443 3088 5500 mortale
3125 5460 3155 5499 a
3200 5446 3332 5513 vita,
3361 5454 3419 5501 et

1840 5532 2191 5603 corruptibile
2224 5533 2328 5589 hoc
2355 5533 2541 5589 induet
2576 5533 3052 5604 incorruptionem.
3084 5534 3265 5594 lnhoc
3286 5552 3417 5608 ergo

1841 5626 2001 5679 tertio
2026 5623 2215 5693 gradu,
2240 5638 2348 5695 quo
2368 5612 2469 5680 sub
2505 5624 2677 5700 gratia
2726 5639 2931 5689 sumus,
2959 5624 3224 5681 seminare
3254 5626 3417 5683 debe-

1844 5731 1961 5771 mus
1993 5730 2157 5786 opera
2178 5715 2317 5772 bona
2365 5730 2486 5786 qua:
2509 5729 2671 5787 supra
2698 5714 2814 5784 jam
2852 5716 2995 5771 dicta
3022 5724 3167 5770 sunt.
3198 5715 3371 5771 Aliter
3397 5732 3412 5771 :

2896 5827 2973 5887 29
