3906 6318
515 355 548 406 ll
555 352 621 406 (Π

1572 336 1846 396 CLAUDII
1886 330 2346 390 TAURINENSIS
2385 336 2694 396 EPISCOPl

3673 342 3774 398 908

510 466 610 531 Qui
641 464 810 535 legem
848 458 1139 516 carnaliter
1190 454 1459 521 intelligit,
1488 449 1934 521 repromissiones
1955 459 2085 514 quo-
2112 446 2160 504 Α
2179 443 2417 512 jusserat
2431 447 2749 503 ministrari.
2768 445 2971 502 Deinde
2997 460 3119 500 eum
3135 446 3446 503 docuissent
3466 464 3633 517 opera
3661 451 3771 518 ipsa

510 568 614 623 quc
637 551 901 615 carnales,
924 556 979 604 et
997 561 1117 617 qute
1159 546 1209 599 in
1237 542 1487 614 praesenti
1518 539 1712 595 sarculo
1742 549 2090 604 corrumpun-

510 655 619 706 tur,
644 645 944 709 exspectat.
974 636 1075 703 Qui
1099 623 1279 689 autem
1332 630 1591 702 spiritalis
1636 628 1850 682 auditor
1877 632 1980 687 est,
2011 636 2093 676 se-

512 735 682 787 minat
711 732 764 785 in
797 728 1008 799 spiritu,
1034 735 1090 781 et
1115 725 1180 781 de
1201 723 1391 794 spiritu
1418 727 1585 776 metet
1619 719 1782 774 vitam
1806 726 2084 771 aeternam.

513 821 684 879 Simul
714 819 978 875 notandus
1003 818 1136 872 ordo
1161 814 1445 878 sermonis,
1483 819 1684 867 etcum
1719 804 2090 878 superioribus

510 909 861 980 copulandus,
886 907 1030 977 quod
1047 907 1210 962 homo
1239 910 1467 958 vocatur
1491 902 1544 954 in
1573 899 1764 969 spiritu
1792 895 2087 956 seminans,

509 1003 601 1069 qui
626 999 842 1070 quando
862 995 1085 1067 coeperit
1100 994 1266 1048 vitam
1289 1000 1492 1045 metere
1518 987 1906 1056 sempiternam
1927 983 2090 1037 homo

511 1092 743 1144 fortasse
764 1101 884 1142 esse
905 1084 1146 1143 desistet.
1184 1081 1314 1135 Illud
1360 1079 1522 1142 etiam
1558 1075 1760 1145 pariter
1804 1075 2092 1128 observan-

511 1184 637 1236 dum
659 1180 801 1250 quod
814 1178 906 1248 qui
934 1177 1165 1232 seminat
1197 1175 1250 1226 in
1275 1185 1437 1226 carne
1451 1183 1575 1224 cum
1591 1167 1958 1222 additamenta
1981 1177 2091 1218 suae

511 1271 689 1328 carnis
737 1268 978 1338 ponitur.
1034 1263 1138 1330 Qui
1183 1271 1354 1314 autem
1404 1258 1626 1312 seminat
1664 1258 1720 1309 in
1751 1255 1942 1325 spiritu
1983 1267 2090 1306 non

508 1359 708 1413 dicitur
738 1358 790 1410 in
817 1354 1009 1425 spiritu
1039 1367 1158 1416 suo,
1189 1349 1283 1404 sed
1317 1346 1634 1418 simpliciter
1669 1345 1721 1398 in
1750 1343 1962 1412 spiritu.
1988 1340 2091 1406 Qui

508 1447 652 1502 cuitu
683 1446 822 1501 bona
847 1442 1079 1498 seminat
1114 1455 1220 1494 nun
1265 1439 1317 1492 in
1345 1452 1443 1492 suo
1490 1435 1766 1504 quopiam,
1803 1433 1897 1487 sed
1919 1431 1974 1485 in
1996 1429 2092 1484 Dei

509 1535 703 1606 spiritu
730 1533 983 1598 seminat,
1014 1530 1081 1586 de
1109 1543 1216 1600 quo
1235 1535 1294 1582 et
1316 1527 1484 1582 vitam
1527 1533 1611 1580 est
1642 1538 1922 1578 messurus
1943 1527 2093 1576 :eter-

509 1643 655 1684 nam.

581 1718 787 1772 Bonum
813 1725 987 1769 autem
1026 1713 1301 1782 facientes,
1345 1726 1448 1764 non
1495 1707 1822 1777 deﬁciamus.
1899 1702 2094 1758 lndeli-

508 1807 744 1862 cientcm
783 1819 911 1874 ergo
953 1770 1219 1871 justitiam
1249 1798 1558 1853 indeiieiens
1602 1794 1881 1865 praemium
1913 1791 2094 1845 subse-
2124 1770 2168 1828 Β

509 1907 724 1970 quctur.
774 1894 1099 1948 Cohortatur
1141 1904 1235 1944 eos
1267 1889 1332 1942 ad
1380 1887 1614 1942 studium
1651 1882 2089 1954 perseverantia}.

510 1989 685 2059 quiin
731 1987 832 2041 bac
856 1985 964 2038 vita
1001 1982 1304 2037 mercedem
1352 1979 1478 2033 boni
1521 1978 1700 2046 operis
1751 1981 2091 2044 exspectant,

513 2079 816 2135 nescientes
845 2076 969 2146 quia
999 2075 1139 2128 sicut
1173 2073 1226 2127 in
1258 2071 1463 2125 semine
1503 2067 1648 2122 aliud
1670 2065 1915 2131 sationis,
1949 2063 2093 2118 aliud

514 2167 708 2222 messis
746 2174 830 2220 est
861 2174 1072 2233 tempus
1101 2180 1114 2215 :
1147 2163 1227 2216 sic
1253 2169 1308 2215 et
1335 2160 1386 2213 in
1417 2158 1670 2230 praesenti
1702 2157 1813 2212 vita
1837 2153 2095 2210 sementis

514 2267 596 2313 est
623 2272 809 2326 opera,
850 2271 971 2324 qua:
1000 2267 1142 2308 nunc
1167 2251 1252 2307 vel
1300 2251 1354 2305 in
1391 2250 1585 2319 spiritu
1614 2248 1697 2302 vel
1737 2248 1789 2301 in
1817 2260 1980 2301 carne
2007 2259 2093 2300 se-

513 2357 725 2403 runtur.
783 2346 974 2402 Messis
1005 2360 1132 2399 vero
1168 2357 1395 2413 operum
1426 2341 1664 2394 futurum
1709 2339 1971 2410 judicium
2000 2354 2012 2389 :
2041 2345 2095 2390 et

513 2438 773 2511 qualitate
799 2436 1059 2492 sementis
1088 2433 1190 2506 [sic
1213 2441 1270 2488 et
1295 2433 1349 2486 in
1369 2431 1622 2502 praesenti
1649 2430 1758 2482 vita
1795 2436 2095 2484 sementem

512 2547 634 2588 esse
656 2544 821 2600 opera
845 2543 964 2598 quae
986 2526 1071 2581 vel
1100 2526 1154 2580 in
1178 2525 1370 2595 spiritu
1397 2522 1479 2578 vel
1519 2522 1573 2576 in
1604 2535 1768 2576 carne
1797 2525 2092 2580 metantur,

513 2634 746 2675 messem
773 2631 898 2672 vero
925 2614 1162 2669 futurum
1187 2613 1465 2682 judicium,
1502 2618 1557 2667 et
1594 2625 1695 2680 pro
1719 2609 1981 2679 qualitate
2010 2607 2096 2662 vel

512 2710 824 2766 diversitate
853 2707 1139 2772 sementis,
1163 2703 1296 2777 etc.]
1337 2704 1581 2759 diversas
1603 2718 1704 2757 nos
1729 2701 1908 2756 facere
1940 2717 2096 2756 men-

512 2816 686 2865 sutas,
738 2798 1115 2860 centesimum,
1184 2794 1599 2865 sexagesimum,
1655 2799 1709 2844 et
1758 2791 2095 2845 tricesimum

512 2889 786 2943 fructum:
822 2901 985 2957 quam
1026 2892 1264 2956 segetem
1310 2898 1467 2938 nemo
1497 2889 1678 2952 potest
1725 2888 1929 2934 metere
1967 2880 2098 2934 dell-

513 2979 682 3034 ciens.
717 2977 819 3042 Qui
866 2976 1009 3031 enim
1057 2974 1462 3045 perseveraverit
1510 2989 1672 3042 usque
1701 2972 1755 3024 in
1803 2971 1982 3040 ﬁnem,
2012 2971 2096 3023 hic

512 3067 688 3121 salvus
739 3065 835 3119 erit
899 3064 1112 3136 (Matth.
1169 3061 1245 3133 ι).
1282 3061 1451 3127 Quale
1501 3068 1585 3114 est
1637 3067 1842 3123 autem,
1884 3068 1942 3111 ut
1973 3072 2095 3111 cum

512 3165 825 3228 peccatores
871 3155 1115 3224 quotidie
1150 3153 1206 3206 in
1256 3151 1413 3205 malis
1465 3149 1717 3220 operibus
1775 3157 2094 3219 augeantur,

514 3261 616 3302 nos
643 3247 697 3301 in
724 3245 865 3299 bono
893 3257 1056 3312 opere
1091 3240 1396 3296 lassemur?

589 3334 838 3405 Tempore
862 3335 999 3387 enim
1030 3348 1125 3386 suo
1166 3341 1446 3395 metemus,
1480 3345 1582 3383 non
1608 3329 1924 3397 deficientes.
1944 3327 2097 3383 Nunc

517 3437 730 3497 tempus
765 3424 1064 3480 seminandi
1107 3431 1210 3488 est,
1254 3437 1360 3476 non
1404 3421 1661 3476 metendi.
1694 3419 1809 3474 Non
1850 3436 1980 3490 ergo
2009 3420 2096 3474 hic

516 3528 761 3576 nostram
793 3517 1096 3572 mercedem
1131 3528 1440 3584 quaeramus
1490 3513 1767 3582 accipere,
1808 3527 1878 3565 ne
1920 3512 2097 3566 hieme

519 3619 706 3665 tenera
736 3608 905 3662 herba
935 3606 1160 3660 dimissa
1214 3605 1268 3658 in
1303 3604 1591 3675 praisenti,
1629 3613 1689 3658 ut
1741 3604 1937 3659 acerba
1987 3621 2096 3661 non

518 3697 726 3767 prosit,
751 3703 938 3750 etnon
966 3694 1037 3748 sit
1062 3694 1205 3762 quod
1238 3693 1291 3746 in
1338 3691 1519 3746 futuro
1573 3700 1826 3746 metatur.
1877 3692 2100 3749 Dicetur

520 3787 666 3842 enim
707 3785 896 3851 nobis,
935 3784 1220 3854 Recepistis
1265 3782 1398 3836 bona
1435 3792 1607 3836 vestra
1649 3784 1705 3836 in
1751 3785 1855 3838 vita
1905 3793 2093 3838 vestra.

519 3877 586 3931 Et
628 3879 857 3940 iterum,
911 3881 1209 3943 receperunt
1256 3871 1542 3925 mercedem
1572 3888 1723 3925 suam
1775 3872 1926 3943 (Luc.
1970 3890 2091 3940 xw,

523 3967 720 4023 Matth.
754 3968 830 4038 v).

595 4057 737 4127 Ergo
776 4057 901 4109 dum
937 4064 1138 4124 tempus
1173 4057 1455 4122 habemus,
1481 4075 1758 4128 operemur»
1784 4059 1978 4112 bonum
2027 4061 2095 4112 ad

525 4163 720 4203 omnes.
737 4146 970 4216 Tempus
991 4147 1266 4211 sementis,
1282 4146 1612 4212 utdiximus,
1638 4156 1848 4218 tempus
1869 4156 2100 4217 estprae-

526 4255 670 4304 sens,
696 4239 868 4293 etvita
891 4253 1052 4307 quam
1068 4239 1338 4293 currimus
1368 4257 1380 4291 :
1413 4239 1467 4293 in
1490 4240 1593 4294 hac
1623 4239 1749 4293 licet
1777 4240 1934 4293 nobis
1957 4241 2099 4309 quod

522 4331 770 4385 volumus
787 4328 1086 4392 seminare;
1114 4341 1236 4381 cum
1260 4328 1365 4382 ista
1381 4329 1490 4382 vita
1512 4329 1815 4393 transierit,
1837 4343 2000 4398 opera
2009 4330 2101 4384 ndi

527 4432 738 4489 tempus
765 4417 1057 4470 auferetur.
1109 4415 1264 4471 Unde
1301 4425 1356 4470 et
1369 4417 1621 4472 Salvator
1650 4418 1761 4471 ait:
1791 4416 2095 4487 Operamini

526 4510 649 4564 dum
673 4507 780 4561 dies
812 4516 904 4570 est,
940 4507 1103 4560 veniet
1135 4521 1270 4570 nox,
1315 4505 1528 4576 quando
1550 4506 1668 4575 jam
1705 4505 1881 4560 nullus
1907 4508 2094 4576 poterit

528 4599 732 4664 opemri
758 4597 939 4669 (Joan.
965 4594 1064 4667 ιι).

604 4687 831 4743 Maxime
859 4697 1030 4740 autem
1056 4687 1125 4740 ad
1155 4687 1461 4741 domesticos
1488 4687 1632 4756 ﬁdei.
1685 4688 1952 4754 Quospbic
1979 4704 2096 4743 cre-

529 4779 759 4836 dendum
785 4787 889 4841 est,
917 4778 1016 4831 nisi
1046 4777 1382 4832 Christianos
1411 4777 1740 4848 significari?
1765 4777 1899 4831 Nam
1924 4780 2098 4833 omni-

529 4871 630 4923 bus
651 4868 957 4922 hominibus
981 4877 1036 4922 ct
1062 4866 1280 4933 Judteis,
1299 4877 1355 4922 et
1379 4869 1620 4938 paganis,
1652 4877 1813 4937 atque
1831 4869 2097 4923 Christia-

530 4961 649 5023 nis,
681 4967 736 5011 ct
760 4957 945 5021 bonis,
991 4965 1046 5011 et
1074 4957 1262 5022 malis,
1305 4958 1689 5012 misericordiae
1733 4973 1867 5026 opus
1899 4959 2103 5024 impen-

530 5056 659 5108 dere
678 5052 936 5109 debemus
968 5067 981 5104 :
1011 5067 1077 5106 ne
1117 5052 1197 5106 eis
1220 5052 1361 5126 quod
1391 5051 1531 5106 Deus
1557 5067 1661 5104 non
1692 5059 1851 5120 negat
1878 5066 1976 5104 nos
2009 5065 2101 5104 ne-

530 5161 661 5216 gare
687 5143 965 5198 videamur
1009 5159 1022 5195 :
1052 5141 1286 5195 maxime
1321 5151 1499 5195 tamen
1528 5141 1613 5195 his
1644 5141 1736 5210 qui
1777 5140 2099 5209 peculiarem

531 5234 811 5292 nobiscum
842 5232 951 5287 Deo
975 5231 1136 5286 fidem
1161 5231 1419 5285 exhibent
1457 5230 1794 5283 famulatum.
1824 5229 2103 5304 _0mnibus

531 5325 676 5381 enim
697 5321 812 5394 pari
838 5321 1120 5378 dilectione
1135 5322 1245 5374 vita
1267 5327 1468 5373 aeterna
1491 5321 1725 5388 optanda
1743 5326 1843 5382 est,
1871 5319 1962 5373 sed
1992 5335 2098 5373 non

531 5413 783 5473 omnibus
803 5412 989 5469 eadem
1018 5419 1241 5481 possunt
1268 5410 1512 5464 exhiberi
1556 5406 1862 5464 dilectionis
1903 5407 2096 5462 cilicia.

537 5507 758 5560 Videtur
787 5504 916 5558 mihi
941 5504 1091 5559 locus
1121 5504 1219 5557 iste
1253 5516 1411 5571 posse
1444 5509 1498 5554 et
1527 5500 1894 5569 superioribus
1925 5501 2100 5554 cohae-

537 5611 678 5661 rere,
702 5605 759 5650 ut
787 5595 1110 5651 domesticos
1141 5594 1263 5648 lidei
1291 5593 1574 5663 magistros
1613 5593 1870 5657 nominet,
1903 5593 2099 5662 quibus

541 5702 698 5757 supra
721 5687 899 5742 onuiia
929 5701 1050 5755 quae
1079 5695 1334 5755 putantur
1357 5685 1494 5742 bona
1530 5683 1594 5739 ab
1624 5683 1960 5740 auditoribus
1990 5684 2101 5740 suis

2188 536 2352 607 legis,
2383 553 2504 607 quae
2546 538 2784 593 salubria
2815 545 2943 592 sunt
2968 545 3022 592 et
3064 537 3133 591 ad
3164 538 3336 592 bonos
3381 554 3570 593 mores
3613 545 3775 610 perti-

2188 634 2341 690 nent,
2358 626 2641 681 dilectione
2662 627 2786 682 ﬁdei
2807 641 2968 697 posse
2995 627 3370 682 tantummodo
3397 627 3640 696 impleri,
3669 645 3772 684 non

2189 715 2384 768 timore
2444 715 2657 779 servili,
2706 716 2847 770 redit
2894 715 2962 770 ad
3021 715 3187 782 illud,
3243 717 3388 772 unde
3444 728 3564 772 tota
3612 735 3774 775 causa

2193 804 2388 874 agitur.

2269 892 2450 948 Videte
2481 894 2724 964 qualibus
2764 895 2950 966 litteris
2984 900 3170 968 scripsi
3221 901 3366 955 vobis
3425 917 3543 954 mea
3593 919 3772 955 manu.

2190 982 2256 1037 Hi
2277 984 2367 1052 qui
2392 985 2708 1040 circumcidi
2739 984 2957 1040 Galatas
2982 989 3249 1053 volebant,
3279 991 3777 1045 dissemiuaverant

2191 1071 2295 1126 alia
2349 1072 2574 1128 Paulum
2627 1073 2807 1129 facere
2833 1114 2850 1140 ,
2884 1075 2988 1131 alia
3042 1079 3358 1146 praedicare,
3391 1091 3452 1136 ct
3477 1087 3583 1136 su‘o
3616 1097 3778 1151 Opere

2191 1159 2474 1216 destruere
2499 1177 2837 1229 sermonem,
2861 1166 3004 1233 quod
3035 1167 3127 1235 qui
3152 1167 3324 1238 legem
3351 1164 3631 1224 assereret
3657 1173 3777 1226 δικ»

2191 1247 2364 1313 litam,
2393 1248 2509 1318 ipse
2537 1251 2873 1306 inveniretur
2897 1253 2950 1307 in
2975 1252 3112 1323 lege.
3141 1254 3292 1310 Hanc
3316 1258 3635 1326 opinionem
3657 1260 3774 1326 quia

2191 1353 2297 1392 non
2326 1347 2537 1408 poterat
2565 1341 2762 1398 Paulus
2804 1343 2947 1414 apud
2973 1360 3166 1400 omnes
3198 1361 3444 1415 prtesens
3488 1351 3611 1418 ipse
3653 1349 3774 1402 sub-

2191 1436 2406 1484 vertere
2425 1428 2834 1501 (prohibebatur
2853 1434 3049 1504 quippe
3071 1436 3321 1500 vinculis,
3348 1453 3472 1506 quze
3487 1440 3559 1493 ob
3578 1438 3776 1493 Christi

2194 1520 2512 1590 martyrium
2542 1522 2881 1594 sustinebat),
2924 1525 3160 1596 seipsum
3201 1543 3298 1597 per
3333 1529 3546 1584 litteras
3578 1545 3775 1598 γεω-εκ

2195 1605 2392 1674 sentat,
2424 1618 2479 1663 ct
2507 1624 2574 1664 ne
2597 1611 2777 1682 aliqua
2818 1617 3108 1684 supposita
3133 1617 3386 1686 Epistobe
3411 1618 3660 1690 suspicio
3686 1637 3775 1676 na-

2193 1707 2463 1765 sceretur,
2487 1701 2556 1756 ab
2583 1702 2686 1758 hoc
2715 1703 2833 1759 loco
2854 1720 3024 1774 usque
3057 1708 3126 1761 ad
3152 1707 3314 1762 linem
3342 1725 3509 1763 manu
3536 1726 3640 1764 sua
3670 1713 3777 1781 ipse

2196 1793 2532 1861 perscripsit,
2568 1796 2862 1851 ostendens
2914 1799 3194 1866 superiora
3249 1800 3318 1854 ab
3369 1800 3484 1855 alio
3531 1812 3775 1857 exarata.

2195 1883 2350 1950 Quod
2377 1893 2557 1940 autem
2582 1886 2683 1940 sub
2710 1887 2888 1941 nomir
2905 1903 2930 1940 σε
2952 1886 3068 1955 ejus
3096 1904 3125 1942 a
3148 1888 3300 1944 falsis
3326 1890 3647 1947 doctoribus
3674 1894 3781 1962 epi-

2196 1974 2346 2029 stolae
2396 1975 2762 2044 mitterentur,
2795 1979 2863 2032 ad
2897 1978 3412 2035 Thessalonicenses
3443 1997 3666 2051 quoque
3693 1984 3781 2036 de-

2196 2073 2464 2120 monstrat
2490 2067 2736 2122 scribens
2774 2087 2788 2121 ;
2819 2067 3088 2139 Rogamus
3109 2081 3286 2124 autem
3309 2089 3420 2134 vos,
3451 2073 3673 2140 fratres,
3695 2089 3782 2143 per

2197 2155 2476 2210 adventum
2506 2156 2723 2212 Domini
2747 2160 2912 2213 nostri
2939 2159 3067 2214 Jesu
3093 2158 3320 2226 Christi,
3348 2169 3397 2215 et
3426 2169 3628 2216 nostra
3669 2179 3782 2215 con»

2196 2249 2514 2317 gregationis
2536 2251 2590 2304 in
2617 2252 2787 2320 ipsum
2829 2261 2885 2306 u.’
2911 2271 3014 2308 non
3053 2256 3154 2309 cito
3199 2258 3514 2310 moveamini
3551 2275 3586 2309 a
3616 2267 3779 2311 vestro

2193 2352 2381 2402 sensu,
2421 2355 2584 2409 neque
2613 2343 2936 2409 terreamiei,
2967 2360 3130 2416 neque
3178 2363 3270 2415 per
3314 2348 3586 2416 spiritum,
3621 2365 3780 2416 neque

2195 2443 2287 2496 per
2307 2443 2618 2494 sermonem,
2650 2447 2810 2501 neque
2848 2449 2942 2503 per
2968 2434 3260 2505 Epistulam
3291 2446 3545 2507 tanquam
3568 2456 3668 2505 per
3694 2455 3780 2492 nos

2195 2517 2433 2583 missam,
2463 2520 2615 2588 quasi
2638 2520 2792 2574 instet
2818 2523 2929 2577 dies
2951 2516 3187 2590 Domini,
3211 2543 3276 2579 ne
3293 2528 3411 2595 quis
3434 2544 3527 2579 vos
3565 2528 3780 2581 sedarat

2195 2605 2304 2659 ullo
2335 2607 2487 2660 modo
2515 2606 2600 2678 (II
2625 2607 2775 2663 Thes.
2810 2609 2895 2681 tt).
2925 2611 2993 2664 Et
3021 2621 3082 2665 ut
3105 2621 3273 2668 totam
3296 2614 3597 2685 Epistolam
3623 2631 3779 2685 quam

2197 2697 2447 2750 mittebat
2473 2711 2504 2750 a
2533 2699 2842 2768 suspicione
2862 2709 3082 2756 erueret
3104 2702 3378 2770 falsitatis,
3406 2721 3573 2758 manu
3605 2723 3703 2760 sua
3729 2709 3780 2760 iu

2197 2783 2305 2838 ﬁne
2327 2785 2651 2854 subscripsit
2673 2787 2861 2844 dicens
2901 2807 2914 2842 :
2953 2789 3221 2846 Salutatio
3252 2811 3366 2848 mea
3395 2812 3560 2847 manu
3591 2792 3781 2860 Pauli,

2196 2875 2336 2944 quod
2359 2885 2432 2930 est
2459 2877 2668 2947 signum
2693 2879 2749 2932 in
2772 2880 2913 2933 omni
2936 2880 3201 2951 Epistola.
3247 2883 3303 2937 id
3350 2893 3454 2948 est,
3506 2886 3654 2954 quod
3693 2901 3781 2954 ap—

2197 2970 2353 3038 posui
2419 2986 2536 3023 mea
2595 2987 2755 3024 manu
2788 3012 2803 3037 ,
2881 2972 3169 3044 intelligite
3228 2989 3392 3044 quam
3459 2975 3782 3029 fiducialiter

2200 3062 2538 3131 scripserim,
2591 3072 2648 3117 et
2699 3067 2971 3119 neminem
3019 3067 3393 3134 pertimuerim
3423 3107 3436 3130 ,
3492 3067 3586 3135 qui
3639 3067 3780 3120 litte-

2202 3163 2291 3204 ras
2345 3165 2464 3204 mea
2521 3165 2686 3204 manu
2741 3153 2954 3222 scripsi.
3011 3151 3137 3208 Sive
3192 3159 3352 3224 o'pcra
3417 3155 3782 3224 intelligamus

2197 3242 2251 3295 in
2287 3241 2575 3306 manibus,
2634 3257 2798 3311 quam
2842 3243 2908 3298 ob
2951 3257 3170 3298 causan.
3217 3244 3411 3298 crebro
3459 3255 3518 3313 et
3569 3246 3623 3299 in
3653 3262 3778 3314 pm-

2195 3331 2375 3399 phetis
2415 3331 2650 3397 dicitur,
2712 3328 2895 3385 Sermo
2955 3331 3166 3386 Domini
3219 3335 3308 3404 qui
3368 3333 3546 3402 {actus
3599 3346 3675 3389 est
3728 3338 3782 3391 in

2198 3438 2360 3475 manu
2390 3421 2656 3486 Jeremice,
2693 3422 2807 3476 sive
2832 3422 3014 3493 Δρ]ρωὶ
3059 3439 3077 3477 ;
3110 3431 3170 3478 ut
3193 3425 3261 3480 ad
3289 3425 3429 3478 hanc
3473 3425 3783 3480 similitudi-

2201 3527 2323 3565 nem
2353 3512 2406 3565 in
2429 3527 2592 3567 manu
2627 3526 2842 3582 quoque
2882 3511 3034 3567 Pauli
3063 3511 3263 3569 factum
3285 3514 3381 3569 Dei
3406 3516 3648 3570 sciamus
3667 3532 3781 3571 esse

2199 3617 2527 3658 sermonem.

2275 3692 2584 3764 Quicunque
2618 3695 2757 3749 enim
2780 3693 2958 3749 volunt
2982 3694 3190 3767 placere
3211 3696 3267 3748 in
3298 3710 3479 3759 carne,
3519 3697 3575 3748 hi
3597 3709 3777 3766 cogant

2200 3800 2288 3838 vos
2319 3783 2624 3838 circumcidi
2656 3799 2675 3837 :
2708 3794 2912 3840 tantum
2949 3795 3006 3840 ut
3031 3788 3202 3841 crucis
3237 3784 3437 3842 Christi
3472 3790 3778 3857 persecutio-

2200 3890 2316 3927 nem
2361 3891 2463 3928 non
2507 3875 2803 3944 patiantur.
2853 3875 3077 3930 Multum
3115 3878 3590 3945 persequebantur
3614 3877 3774 3932 Juda-i

2199 3975 2294 4017 eos
2321 3963 2412 4030 qui
2441 3964 2768 4018 videbantur
2801 3965 3057 4021 deserere
3104 3967 3330 4020 traditas
3369 3969 3582 4022 homini
3606 3970 3778 4023 obser-

2200 4054 2464 4118 vationes,
2497 4070 2635 4123 quos
2665 4055 2782 4125 ipse
2806 4071 2968 4125 quam
2995 4057 3180 4111 timeat
3206 4059 3341 4112 satis
3368 4061 3632 4126 ostendit,
3663 4078 3774 4114 cum

2204 4143 2338 4199 tales
2367 4145 2577 4199 litteras
2599 4146 2764 4200 etiam
2793 4161 2890 4200 sua
2917 4162 3080 4200 manu
3102 4147 3344 4202 scribere
3393 4149 3586 4202 voluit.
3621 4151 3774 4205 Docet

2202 4247 2332 4305 ergo
2375 4234 2627 4289 timorem
2665 4235 2840 4290 adhuc
2871 4235 2925 4289 in
2970 4236 3090 4290 istis
3121 4237 3360 4307 Operari,
3393 4247 3651 4308 tanquam
3684 4243 3773 4294 sub

2202 4323 2320 4395 lege
2354 4325 2682 4391 constitutis,
2707 4326 2798 4396 qui
2821 4327 2888 4381 ad
2910 4328 3380 4384 circumcisionem
3405 4342 3599 4399 gentes
3623 4347 3772 4402 coge-

2124 4446 2175 4504 Β
2205 4423 2345 4468 rent.
2393 4413 2458 4467 Et
2485 4414 2607 4469 ideo
2632 4417 2881 4484 superius
2905 4417 3018 4486 jam
3049 4418 3286 4472 ostendit
3312 4435 3378 4473 ex
3401 4434 3512 4488 quo
3543 4421 3660 4475 loco
3685 4437 3772 4476 sua

2201 4505 2579 4573 subscripserit
2600 4520 2779 4570 manu,
2799 4515 2854 4560 et
2876 4523 3019 4562 nunc
3041 4509 3168 4577 quid
3199 4511 3586 4582 subscripserit
3620 4515 3770 4583 repli-

2200 4603 2306 4648 cai.
2337 4594 2497 4649 Caius
2526 4595 2725 4663 Caesar,
2753 4605 2806 4651 et
2826 4595 3154 4654 Octavianus
3185 4603 3490 4671 Augustus,
3542 4613 3597 4657 et
3623 4605 3771 4658 Tibe-

2200 4689 2314 4738 rius
2349 4699 2632 4740 successor
2656 4687 2880 4757 Augusti
2919 4689 3066 4759 leges
3094 4691 3578 4763 promulgaverunt
3609 4707 3665 4748 ut
3693 4695 3773 4750 Ju-

2200 4776 2302 4830 daei
2333 4776 2611 4844 quierant
2651 4778 2705 4831 in
2723 4786 2845 4833 toto
2875 4779 3103 4834 Romani
3150 4782 3359 4852 imperii
3388 4785 3524 4840 orbe
3554 4787 3770 4856 dispersi

2203 4867 2419 4937 pr0prio
2449 4868 2556 4921 ritu
2589 4868 2851 4934 viverent,
2896 4877 2950 4924 et
2978 4869 3195 4924 Patrum
3225 4875 3570 4928 caeremoniis
3601 4878 3770 4929 deser-

2203 4957 2396 5012 virent.
2434 4957 2758 5030 Quicunque
2785 4960 2947 5029 igitur
2972 4961 3326 5016 cimumcisus
3366 4971 3490 5016 erat
3511 5004 3528 5026 ,
3565 4963 3688 5018 licet
3722 4966 3769 5017 in

2204 5048 2478 5103 Christum
2515 5051 2796 5114 crederet,
2837 5051 2990 5119 quasi
3018 5049 3233 5105 Iudaeus
3269 5038 3624 5108 habebatura
3653 5070 3756 5124 gen

2204 5139 2366 5192 tibus.
2410 5136 2512 5203 Qui
2543 5153 2671 5192 vero
2703 5139 2907 5208 absque
2935 5140 3350 5197 circumcisione
3396 5158 3460 5198 se
3505 5161 3613 5199 non
3658 5162 3770 5200 esse

2207 5232 2449 5287 Judaeum
2473 5232 2736 5302 pneputio
2771 5231 3120 5300 praeferebat,
3147 5239 3619 5303 persecutionibus
3668 5247 3770 5292 tau:

2210 5323 2487 5394 gentilium
2513 5339 2673 5392 quam
2701 5321 3006 5377 Iudaeorum
3038 5323 3198 5380 fiebat
3225 5326 3515 5382 obnoxius.
3551 5329 3658 5382 Has
3685 5330 3770 5398 igi-

2208 5425 2294 5468 tur
2316 5415 2715 5483 persecutiones
2745 5413 2800 5467 hi
2839 5415 2931 5482 qui
2981 5413 3200 5469 Galatas
3229 5415 3594 5484 depravarunt
3616 5417 3767 5473 decli-

2207 5519 2339 5557 nare
2354 5503 2648 5571 cupicntes,
2678 5503 3146 5560 circumcisionem
3162 5521 3259 5574 pro
3280 5506 3598 5562 defensione
3621 5508 3769 5562 disci-

2205 5592 2345 5662 pulis
2372 5593 2798 5660 persuadebant,
2828 5607 2990 5661 quam
3020 5610 3163 5649 nunc
3185 5596 3481 5664 Apostolus
3507 5597 3771 5652 conﬁden—

2212 5683 2341 5737 tiam
2357 5683 2411 5736 in
2441 5697 2602 5738 carne
2625 5691 2798 5748 vocat,
2824 5684 2964 5752 quod
2988 5685 3191 5740 scilicet
3213 5695 3318 5741 tam
3348 5689 3620 5759 gentibus,
3646 5701 3767 5757 quos
