3906 6366
187 375 300 429 900

1123 373 1374 428 ENARR.
1419 374 1484 430 IN
1526 373 1743 430 EPIST.
1791 373 1853 428 D.
1896 369 2102 426 PAULI
2138 371 2230 426 AD
2269 371 2514 428 GALAT.

3341 375 3445 432 910

184 489 478 553 timebant,
511 503 670 558 quam
717 488 947 554 Judaeis,
1006 491 1202 558 quibus
1253 492 1503 546 volebant
1530 491 1765 561 placere,
1797 491 1847 550 A
1874 501 1979 541 non
2033 489 2266 558 appetit,
2322 490 2476 559 quasi
2521 497 2764 546 mortuus
2817 485 3242 547 mortuumno’n
3273 502 3451 548 atten-

183 583 660 637 circumcisionem
703 582 755 636 in
802 586 1182 652 persecutione
1209 591 1590 654 proponerent.
1635 582 1770 636 Nam

183 687 293 728 nec
313 672 480 728 Judaei
510 675 761 744 prosequi
797 688 890 728 eos
917 683 1189 743 poterant,
1215 689 1315 729 nec
1348 675 1597 745 gentiles,
1635 688 1772 744 quos

182 764 446 818 videbant
471 771 524 819 et
579 765 880 835 proselytos
927 766 1335 830 circumcidere,
1386 774 1441 820 et
1468 766 1612 836 ipsos
1636 765 1771 834 legis

179 862 457 924 prtecepta
486 870 726 910 servare.

263 945 446 1014 Neque
474 946 609 998 enim
637 946 728 1015 qui
770 945 1214 1000 circumciduntur
1232 945 1395 1017 legem
1435 947 1767 1011 custodiunt;

183 1034 282 1086 sed
310 1033 486 1086 uolunt
514 1050 602 1087 vos
633 1034 955 1088 circumcidi.
1005 1035 1098 1090 Vel
1133 1035 1179 1090 si
1224 1036 1566 1091 circumcisio
1596 1035 1768 1106 legem

187 1125 401 1180 faceret
443 1125 728 1191 custodiri,
759 1127 963 1197 aliquid
1007 1127 1284 1182 videretur
1309 1127 1512 1182 habere
1543 1125 1769 1182 rationis

185 1219 295 1273 ista
325 1219 623 1288 persuasio,
649 1218 742 1274 sed
765 1227 986 1290 propter
1010 1228 1280 1274 terrenam
1308 1217 1644 1285 felicitatem,
1679 1217 1767 1274 vel

182 1307 484 1376 cupiditate
513 1309 864 1378 adipiscendi,
892 1309 976 1364 vel
1005 1324 1190 1364 amore
1215 1310 1515 1365 amittendi.
1542 1310 1610 1364 Et
1645 1309 1767 1365 ideo

183 1413 298 1452 non
334 1413 464 1452 vere
510 1399 820 1454 custodiunt
852 1417 864 1453 ε
899 1401 1154 1468 quoniam
1190 1402 1424 1457 carnalis
1473 1403 1764 1473 cupiditas,

181 1505 294 1559 qua
320 1498 573 1559 peccator
597 1500 835 1546 mutatur
861 1492 1040 1560 potius
1084 1508 1246 1562 quam
1275 1503 1525 1566 augetur,
1553 1495 1763 1565 cupidi-

184 1586 301 1633 tale
336 1579 440 1632 alia
468 1595 572 1632 non
615 1588 835 1634 sanatur
864 1598 878 1636 :
910 1581 1037 1649 quia
1062 1582 1190 1636 facit
1218 1598 1314 1638 eos
1342 1585 1576 1640 carnalis
1607 1586 1768 1641 timor

181 1677 247 1722 et
276 1669 540 1738 cupiditas
573 1684 759 1725 servos
797 1671 889 1739 qui
927 1672 1221 1728 carnaliter
1257 1683 1451 1730 cuncta
1477 1676 1768 1731 observare

181 1773 249 1813 se
288 1759 531 1813 credunt.
583 1759 735 1815 Unde
791 1761 893 1814 hoc
953 1770 1038 1817 est
1094 1779 1256 1820 omne
1310 1767 1454 1834 quod
1511 1768 1761 1832 student,

1875 578 1971 632 dit.
2009 578 2145 645 Quia
2195 579 2361 650 igitur
2404 597 2503 637 nec
2550 581 2748 637 Paulus
2781 584 2963 638 mundi
3017 585 3246 654 gloriam
3301 600 3448 653 quee-

1875 668 2030 722 rebat
2053 709 2067 735 ,
2109 683 2208 724 nec
2239 684 2270 724 a
2300 672 2484 726 mundi
2523 673 2692 743 gloria
2736 675 2849 743 ipse
2885 676 3260 744 quaarebatur,
3300 683 3354 731 et
3393 692 3453 731 se

1873 759 2073 815 mundo
2117 767 2171 814 et
2226 761 2485 816 mundum
2544 763 2647 818 sibi
2708 765 3026 820 crucifixum
3087 781 3207 822 esse
3255 767 3452 839 gloria-

1874 857 1978 903 tur.
2016 849 2169 917 Quod
2221 851 2348 921 quia
2387 852 2542 906 multi
2586 861 2865 923 appetunt,
2899 856 2992 910 sed
3037 865 3218 912 tamen
3277 873 3451 929 usque

1871 939 1939 994 ad
1962 939 2176 994 culmen
2211 940 2593 999 exstinctionis
2622 943 2945 998 omnimodae
2973 959 3079 999 non
3123 956 3445 1019 assurgunt,

1870 1029 1992 1084 ideo
2014 1028 2090 1083 ait
2123 1046 2137 1082 :

1940 1118 2008 1173 In
2035 1117 2243 1174 Christo
2297 1123 2435 1176 enim
2489 1122 2618 1177 Jesu
2673 1141 2837 1196 neque
2890 1125 3217 1180 circumcisio
3247 1126 3447 1199 aliquid

1869 1208 2026 1274 valet,
2050 1226 2213 1281 neque
2239 1214 2571 1282 praeputium.
2599 1211 2713 1268 Hoc
2736 1221 2981 1284 tempore
3013 1231 3189 1285 neque
3216 1217 3449 1272 circum-

1868 1299 2002 1353 cisio
2031 1300 2284 1368 prodest,
2321 1315 2495 1371 neque
2526 1304 2850 1373 praeputium
2880 1313 3068 1371 nocet,
3107 1307 3201 1361 sed
3227 1308 3330 1362 hoc
3360 1323 3450 1363 so-

1868 1388 1977 1443 lum
2005 1390 2272 1458 prodest:
2319 1389 2376 1445 Si
2420 1391 2543 1461 quis
2576 1401 2797 1448 renatus
2849 1409 2985 1448 nova
3035 1395 3450 1451 circumcisione

1868 1487 2070 1535 utatur.
2100 1479 2406 1537 Servathoc
2417 1481 2534 1538 loco
2548 1482 2836 1554 Apostolus
2857 1500 3028 1555 usque.
3044 1486 3096 1539 in
3114 1485 3273 1540 ﬁnem
3298 1487 3446 1540 illam

1868 1570 2312 1638 indiﬂ‘erentiam,
2345 1587 2413 1628 ne
2429 1573 2551 1643 quis
2579 1589 2702 1629 eum
2729 1584 2946 1645 putaret
2973 1577 3056 1629 vel
3093 1577 3147 1631 in
3177 1577 3446 1631 Timothei

1868 1661 2284 1718 circumcisione
2305 1663 2559 1720 simulate
2591 1665 2794 1735 aliquid
2825 1668 3019 1738 egisse,
3064 1667 3149 1723 vel
3189 1668 3240 1722 in
3269 1668 3449 1737 cujus-

1867 1766 2030 1820 quam
2072 1767 2254 1823 agere,
2291 1753 2338 1807 si
2363 1751 2502 1808 forte
2527 1754 2707 1824 aliqua
2738 1754 2859 1810 talis
2906 1770 3070 1811 causa
3123 1757 3442 1812 exstitisset.

181 1849 334 1919 quod
382 1858 548 1918 agunt
572 1891 585 1912 ,
620 1853 775 1921 quod.
806 1852 1055 1907 nituntur
1081 1895 1095 1919 ,
1139 1864 1199 1909 ut
1243 1856 1386 1925 apud
1431 1855 1645 1913 Judaeos
1697 1858 1764 1914 de
1792 1845 1839 1904 B
1867 1845 2118 1903 Ostendit
2139 1850 2283 1903 enim
2306 1865 2411 1904 non
2442 1850 2614 1918 ipsam
2640 1851 3106 1906 circumcisionem
3133 1853 3325 1907 obesse
3348 1852 3446 1906 ali-

180 1947 372 1992 vestra
429 1940 608 1994 carnis
669 1941 863 2011 injuria
913 1943 1210 2012 glorientur
1263 1956 1320 2002 et
1362 1947 1615 2018 jactitent
1665 1963 1764 2005 suo

180 2038 373 2100 gentes
419 2023 728 2100 magisterio
780 2033 1150 2091 circumcisos.
1195 2037 1307 2094 [loc
1357 2049 1538 2095 autem
1591 2049 1761 2095 totum

179 2123 394 2178 faciunt
438 2133 496 2177 ut
535 2124 734 2180 Iudaeis
783 2127 1077 2196 placeant,
1135 2140 1190 2184 et
1236 2143 1579 2203 expugnante
1629 2135 1761 2206 legis

179 2212 387 2270 invidia
411 2219 797 2285 conquiescant
819 2219 899 2290 [et
917 2231 1232 2292 expugnata:
1254 2223 1386 2294 legis
1410 2227 1606 2281 invidia
1635 2242 1763 2282 con-

180 2306 512 2378 quiescant].
539 2305 664 2362 Sive
683 2308 841 2364 aliter
865 2328 877 2362 :

263 2395 442 2466 Neque
477 2398 614 2450 enim
659 2401 749 2468 qui
780 2401 1228 2456 circumciduntur
1249 2406 1408 2473 legem
1434 2407 1753 2461 custodiunt.

178 2487 335 2542 Illam
364 2489 508 2543 enim
552 2491 681 2545 dicit
722 2492 1135 2548 custoditionem
1165 2494 1319 2562 legis,
1355 2511 1460 2550 non
1489 2497 1753 2562 occidere,

178 2593 292 2633 non
316 2581 598 2646 mcecbari,
632 2597 740 2635 non
766 2581 955 2636 falsum
986 2583 1351 2637 testimonium
1379 2585 1582 2651 dicere,
1613 2596 1667 2641 et
1711 2589 1757 2643 si

176 2683 290 2738 qua
340 2668 544 2724 homini
587 2671 654 2725 ad
685 2672 855 2727 bonos
895 2687 1073 2728 mores
1099 2675 1372 2742 pertinere
1407 2675 1756 2732 manifestum

178 2766 298 2824 est;
332 2761 457 2830 quia
485 2761 587 2815 nisi
615 2761 880 2817 cbaritate
908 2773 963 2818 et
998 2780 1092 2835 spe
1125 2765 1392 2820 bonorum
1428 2775 1756 2823 aeternorum

177 2865 305 2920 qua:
331 2865 428 2919 per
464 2852 622 2909 fidem
653 2855 1009 2924 accipiuntur,
1054 2857 1266 2928 impleri
1299 2874 1406 2914 non
1441 2875 1600 2929 posse
1640 2859 1755 2929 jam

175 2937 386 2994 dictum
416 2951 517 2996 est.

254 3026 323 3081 Ut
363 3030 414 3082 in
456 3048 612 3086 carne
652 3043 820 3088 vestra
857 3035 1163 3105 glorientur.
1209 3040 1264 3095 Id
1295 3049 1410 3106 est,
1445 3050 1504 3096 ut
1532 3058 1638 3098 non
1669 3058 1756 3099 so-

175 3117 288 3172 lum
315 3136 419 3174 non
445 3123 719 3190 patiantur
747 3130 1173 3194 persecutionem
1197 3147 1228 3185 a
1247 3131 1462 3199 Judaeis,
1489 3137 1580 3204 qui
1607 3137 1751 3192 nullo

1869 1940 2000 2009 quid
2027 1940 2390 2005 credentibus,
2422 1942 2517 1996 sed
2545 1950 2694 2011 spem
2732 1941 2922 1997 salutis
2949 1943 3003 1996 in
3032 1943 3228 1998 talibus
3252 1945 3444 1999 obsers

1867 2034 2172 2089 vationibus
2203 2034 2517 2089 constituta.
2550 2033 2686 2089 Nam
2715 2041 2768 2090 et
2805 2034 3031 2090 Actibus
3075 2037 3446 2106 apostolorum

1866 2123 1970 2177 hoc
2021 2122 2182 2178 modo
2219 2121 2572 2178 inveniuntur
2603 2122 2676 2177 illi
2716 2123 3187 2180 circumcisionem
3218 2141 3446 2194 persua-

1866 2212 1994 2266 dere
2013 2253 2027 2277 ,
2051 2219 2112 2266 ut
2138 2211 2297 2266 aliter
2320 2226 2414 2268 eos
2436 2213 2526 2281 qui
2554 2226 2622 2266 ex
2657 2213 2906 2282 gentibus
2933 2215 3291 2281 crediderant,
3340 2215 3446 2270 sal-

1864 2318 1961 2357 vos
2013 2304 2131 2358 fieri
2183 2312 2384 2375 negent
2435 2319 2613 2375 posse.
2669 2304 2787 2361 Non
2835 2323 2965 2377 ergo
3014 2308 3183 2378 ipsius
3222 2310 3441 2379 operis,

1864 2395 1958 2448 sed
2009 2393 2172 2462 hujus
2230 2395 2436 2450 erroris
2490 2395 2787 2466 perniciem
2846 2398 3043 2454 refellit
3106 2399 3396 2469 Apostolus
3425 2441 3441 2463 ,

1864 2498 1986 2537 cum
2031 2483 2164 2539 dicit
2205 2502 2216 2536 :
2263 2484 2446 2554 Neque
2484 2485 2811 2541 circumcisio
2861 2488 3063 2560 aliquid
3116 2500 3231 2554 est,
3280 2508 3443 2562 neque

1864 2574 2197 2641 praeputium.

1934 2663 2042 2719 Sed
2076 2682 2207 2719 nova
2239 2675 2503 2720 creatura.
2547 2666 2751 2722 Novam
2779 2676 3085 2724 creaturam
3113 2672 3242 2727 dicit
3275 2673 3441 2730 vitam

1863 2770 2059 2810 novam
2086 2770 2184 2825 per
2208 2755 2367 2812 fidem
2391 2756 2518 2812 Jesu
2541 2757 2766 2823 Christi,
2791 2759 2844 2814 in
2879 2775 2983 2830 qua
3015 2777 3151 2816 nova
3192 2773 3442 2819 creatura

1863 2843 2335 2916 transfigurabitur
2357 2861 2551 2916 corpus
2572 2848 2893 2902 humilitatis
2913 2857 3110 2904 nostrze
3132 2851 3440 2922 configura-

1865 2947 1977 2993 tum
1994 2939 2206 3008 corpori
2220 2939 2486 2995 claritatis
2507 2939 2728 3007 Christi,
2753 2956 2876 2996 cum
2898 2950 3081 2998 vetera
3100 2945 3438 3010 transierint,

1861 3037 1916 3083 et
1940 3028 2079 3084 facta
2105 3029 2307 3084 fuerint
2331 3031 2509 3086 omnia
2538 3047 2695 3086 nova.
2843 3043 2846 3045 λ

1931 3120 2000 3174 Et
2028 3122 2321 3192 quicunque
2367 3121 2503 3176 hanc
2533 3122 2769 3192 regulam
2814 3134 3120 3194 sequuntur,
3150 3142 3256 3196 pax
3284 3143 3440 3198 super

178 3210 342 3264 modo
368 3210 616 3268 ferebant
641 3216 1036 3275 incircumcisis
1060 3220 1229 3289 legem
1255 3226 1441 3293 prodi,
1475 3227 1568 3282 sed
1589 3227 1751 3282 etiam

1863 3210 2000 3277 illos,
2029 3219 2077 3266 et
2099 3212 2458 3267 misericordia
2477 3253 2492 3278 ,
2517 3221 2563 3266 et
2594 3230 2750 3284 super
2773 3213 2944 3268 Israel
2973 3214 3092 3268 Dei.
3122 3195 3178 3269 ld
3203 3225 3305 3280 est,
3343 3195 3438 3272 eos

173 3301 480 3371 glorientur
517 3307 658 3375 apud
709 3323 837 3374 eos,
874 3312 1014 3379 quod
1059 3321 1166 3367 tam
1213 3316 1408 3371 multos
1452 3319 1753 3390 proselytos

174 3392 428 3447 fecerint.
477 3394 546 3450 Ut
602 3399 745 3452 enim
799 3417 965 3456 unum
1012 3405 1342 3476 proselytum
1373 3407 1617 3464 facerent
1654 3408 1752 3464 Ju-

173 3485 299 3548 daei,
329 3503 477 3543 mare
524 3499 576 3544 et
618 3499 819 3548 terram
866 3510 960 3551 eos
999 3499 1233 3556 circuire
1274 3502 1463 3559 solere
1494 3505 1752 3563 Dominus

173 3575 314 3631 dixit
351 3576 566 3646 (Matth.
611 3584 791 3656 χχιιι).

250 3665 386 3720 Mihi
415 3679 588 3724 autem
621 3673 753 3727 absit
782 3675 1034 3745 gloriari,
1087 3681 1189 3735 nisi
1241 3683 1294 3734 in
1342 3700 1492 3738 cruce
1539 3685 1750 3742 Domini

169 3755 342 3808 nostri
367 3754 495 3810 Jesu
523 3757 749 3826 Christi,
773 3779 865 3832 per
883 3781 1034 3833 quem
1061 3768 1189 3821 mihi
1211 3771 1435 3826 mundus
1466 3775 1748 3842 cruciﬁxus

169 3853 272 3908 est,
307 3854 353 3898 et
380 3863 472 3916 ego
509 3850 725 3904 mundo.
761 3852 874 3907 Non
908 3855 963 3908 in
992 3859 1205 3926 propria
1242 3858 1452 3928 justitia
1480 3905 1493 3928 ,
1546 3865 1629 3920 vel
1660 3867 1750 3922 do-

167 3935 347 3989 ctrina
374 3977 386 3998 ,
432 3939 526 3992 sed
547 3939 604 3993 in
632 3939 737 3996 fide
757 3945 937 3999 crucis
959 3961 1057 4015 per
1082 3962 1242 4016 quam
1264 3952 1396 4006 mihi
1417 3955 1597 4009 omnia
1625 3971 1748 4026 pec—

167 4031 295 4108 cata
331 4025 550 4081 dimissa
577 4037 722 4084 sunt.
757 4031 828 4087 Ut
860 4049 960 4103 ego
990 4037 1190 4092 mundo
1231 4054 1491 4107 morerer,
1522 4051 1580 4097 ut
1624 4025 1746 4101 eum

167 4127 279 4168 non
329 4123 561 4183 teneam,
593 4119 645 4172 id
675 4128 778 4187 est,
830 4131 889 4176 ut
934 4141 1108 4194 neque
1133 4130 1362 4184 mundus
1391 4133 1520 4186 mihi
1552 4149 1746 4189 nocere

165 4205 374 4274 possit,
402 4223 575 4277 neque
596 4225 694 4281 ego
723 4213 788 4268 de
812 4217 1012 4271 mundo
1041 4218 1240 4288 aliquid
1259 4223 1493 4290 cupiam.
1527 4223 1629 4290 Qui
1649 4241 1747 4280 au-

166 4303 282 4349 tem
326 4297 380 4350 in
420 4314 580 4355 cruce
619 4301 818 4358 Christi
849 4304 1124 4373 gloriatur,
1163 4324 1265 4363 non
1292 4311 1404 4366 vult
1440 4312 1652 4381 placere
1690 4317 1743 4370 in

165 4399 356 4451 carne,
379 4388 501 4456 quia
528 4393 928 4458 persecutiones
957 4397 1249 4452 carnalium
1274 4415 1382 4454 non
1405 4402 1578 4468 timet,
1609 4419 1744 4474 quas

162 4475 340 4544 prior,
397 4485 456 4530 ut
492 4479 930 4551 crucifigeretur,
963 4485 1052 4540 ille
1103 4488 1385 4556 sustinuit,
1414 4500 1474 4546 ut
1518 4496 1740 4566 vestigia

166 4578 269 4618 sua
320 4567 651 4623 sectantibus
713 4573 977 4639 prmberet
1027 4578 1350 4645 exemplum.
1406 4579 1531 4636 Sive
1582 4583 1743 4639 aliter

165 4654 403 4709 mundus
431 4657 479 4710 ei
535 4657 825 4715 crucifixus
870 4661 1064 4729 fuerat,
1099 4667 1223 4734 quia
1277 4669 1418 4724 hunc
1465 4673 1612 4727 cordi
1643 4691 1741 4731 suo

157 4741 279 4811 jam
310 4753 577 4798 mortuum
619 4763 724 4802 non
762 4752 1012 4805 amabat:
1051 4755 1140 4808 sed
1175 4767 1228 4809 et
1260 4772 1316 4812 se
1345 4759 1516 4828 ipsum
1541 4766 1740 4821 mundo

162 4828 533 4901 cru'eilixcrat,
557 4837 682 4905 quia
716 4838 877 4892 talem
908 4855 965 4894 se
987 4843 1033 4895 ei
1057 4845 1309 4900 exhibere
1340 4851 1563 4915 studuit,
1591 4861 1648 4906 ut
1674 4857 1740 4910 ab

162 4932 233 4972 eo
261 4921 412 4987 quasi
461 4932 704 4980 mortuus
753 4927 1056 4996 concupisci
1096 4946 1197 4984 non
1255 4934 1443 5002 possit.
1503 4937 1558 4992 Si
1594 4942 1737 4996 enim

167 5023 279 5062 uno
303 5008 356 5062 in
389 5010 504 5066 loco
539 5013 646 5067 sint
677 5024 921 5072 mortuus
966 5027 1019 5071 et
1065 5022 1278 5087 vivens,
1328 5035 1380 5079 et
1409 5027 1453 5081 si
1496 5041 1740 5087 mortuus

163 5098 349 5152 vivum
372 5116 475 5154 non
504 5103 678 5168 videt,
727 5106 880 5161 vivus
913 5118 1090 5163 tamen
1140 5123 1410 5168 mortuum
1463 5118 1628 5173 videt.
1678 5119 1736 5176 Si

165 5203 298 5242 vero
327 5191 539 5260 utrique
563 5203 688 5247 sunt
713 5197 930 5261 mortui,
975 5199 1110 5253 alter
1132 5201 1357 5256 alterum
1389 5221 1732 5278 nequaquam

162 5277 333 5331 videt.
363 5278 438 5332 Ita
461 5281 552 5348 qui
576 5281 687 5349 jam
721 5287 976 5341 mundum
1008 5304 1112 5342 non
1136 5300 1313 5356 amat,
1343 5295 1435 5348 sed
1463 5277 1640 5352 tamen
1668 5301 1735 5354 ab

163 5365 259 5420 illo
285 5382 389 5421 non
422 5370 607 5425 videns
629 5382 842 5428 amatur
865 5417 878 5440 ,
917 5385 972 5430 et
997 5379 1110 5448 ipse
1136 5381 1281 5435 velut
1316 5393 1560 5441 mortuus
1583 5405 1735 5444 mun-

162 5453 294 5506 dum
325 5469 430 5508 non
461 5457 604 5511 videt
637 5477 648 5511 :
682 5460 825 5517 hunc
877 5472 1052 5520 tamen
1102 5470 1332 5524 mttndus
1379 5473 1552 5528 adhuc
1593 5493 1736 5530 mor-

164 5553 290 5599 tuus
318 5546 478 5600 videt.
519 5547 574 5603 Si
616 5565 744 5608 vero
768 5569 869 5608 nec
894 5557 1004 5625 ipse
1029 5558 1080 5610 in
1118 5574 1299 5614 amore
1328 5565 1582 5619 mundum
1613 5569 1734 5620 reti-

161 5644 275 5699 net,
314 5652 413 5692 nec
443 5655 655 5695 rursum
684 5657 712 5696 a
738 5646 920 5698 mundi
950 5663 1131 5703 amore
1158 5652 1450 5718 retinetur,
1493 5656 1727 5711 vicissim

160 5725 264 5780 sibi
293 5737 519 5798 uterque
543 5734 791 5789 exstincti
821 5746 962 5796 sunt.
995 5739 1116 5806 quia
1153 5739 1276 5794 dum
1324 5743 1458 5798 alter
1500 5745 1725 5800 alterum

1859 3303 1951 3373 qui
1980 3317 2106 3358 vere
2134 3304 2202 3358 ad
2231 3304 2494 3359 visionem
2527 3304 2622 3358 Dei
2647 3315 3042 3375 praeparantur,
3072 3324 3178 3363 non
3215 3310 3305 3378 qui
3334 3325 3432 3364 vo-

1857 3401 2051 3447 cantur
2073 3393 2178 3448 hoc
2204 3393 2420 3448 nomine
2449 3401 2501 3448 et
2525 3394 2728 3449 carnali
2756 3396 2998 3451 caecitate
3028 3397 3208 3452 videre
3257 3400 3431 3454 Deum

1856 3479 2062 3541 nolunt.
2099 3482 2314 3549 quando
2340 3482 2570 3551 gratiam
2616 3480 2732 3550 ejus
2763 3493 3078 3555 respuentes
3100 3527 3114 3551 ,
3147 3488 3289 3542 servi
3315 3504 3436 3544 esse

1855 3580 2155 3641 temporum
2182 3573 2421 3640 cupiunt.
2453 3572 2546 3627 Dei
2573 3588 2702 3628 vero
2730 3573 2895 3629 lsrael
2917 3576 3094 3630 dictus
3119 3586 3201 3632 est
3231 3579 3298 3632 ad
3328 3578 3435 3633 dis!

1855 3660 2167 3714 tiuctionem
2202 3661 2318 3729 ejus
2353 3661 2452 3731 qui
2483 3661 2579 3716 Dei
2607 3662 2772 3717 Israel
2801 3678 2920 3718 esse
2945 3667 3197 3720 cessavit.
3234 3667 3433 3722 Dicunt

1852 3750 1994 3804 enim
2021 3763 2078 3803 se
2108 3765 2228 3805 esse
2257 3749 2489 3818 Judzeos,
2517 3760 2571 3806 et
2599 3768 2706 3807 non
2734 3762 2860 3808 sunt
2895 3773 2907 3807 :
2943 3756 3036 3810 sed
3070 3758 3428 3824 mentiuntur,

1851 3855 1975 3895 cum
2007 3840 2114 3894 sint
2146 3841 2210 3895 de
2239 3855 2506 3913 synagoga
2537 3841 2771 3897 Satanae.
2802 3843 2909 3898 Nec
2941 3847 3247 3901 mirandum
3278 3857 3360 3903 est
3383 3850 3430 3903 si

1853 3930 1919 3985 ad
1940 3929 2340 3985 distinctionem
2373 3930 2634 4000 spiritalis
2654 3931 2816 3986 Israel
2847 3935 3082 3990 carnalis
3103 3935 3266 3989 Israel
3297 3938 3429 3992 dici-

1851 4027 1956 4082 tur,
1986 4019 2075 4088 qui
2111 4035 2212 4074 nec
2236 4034 2424 4089 pacem
2455 4021 2670 4085 habeat,
2718 4036 2818 4076 nec
2873 4025 3329 4093 misericordiam,
3361 4031 3429 4083 de

1849 4123 1956 4176 quo
1986 4116 2042 4162 et
2064 4108 2132 4162 ad
2157 4107 2468 4165 Corinthios
2499 4111 2755 4167 scribitur
2789 4131 2800 4166 :
2835 4111 3015 4168 Videte
3051 4115 3224 4171 Israel
3246 4136 3431 4175 secun-

1848 4196 1972 4249 dum
2001 4213 2210 4251 carnem
2242 4196 2302 4268 (Ι
2332 4198 2452 4252 Cor.
2485 4200 2560 4269 ιι).

1917 4286 1994 4341 De
2021 4297 2206 4342 cretero
2231 4305 2378 4343 nemo
2402 4290 2529 4343 mihi
2555 4291 2800 4346 molestus
2829 4295 2915 4349 sit.
2987 4294 3156 4351 Nemo
3197 4314 3282 4351 me
3309 4316 3424 4353 am-

1847 4374 1984 4444 plius
2012 4375 2330 4446 interroget,
2369 4378 2522 4446 quasi
2547 4379 2797 4434 dubitans
2840 4395 2853 4433 :
2885 4397 3099 4438 omnem
3138 4386 3279 4439 enim
3306 4385 3420 4455 jam

1847 4470 2068 4539 exposui
2109 4471 2408 4524 veritatem.
2489 4470 2694 4528 Idcirco
2718 4472 2821 4527 hoc
2843 4474 2976 4529 dicit
3009 4477 3132 4546 quia
3156 4495 3260 4532 non
3307 4481 3421 4536 vult

1845 4577 1942 4631 per
1990 4562 2322 4616 turbulentas
2367 4564 2739 4620 contentiones
2788 4566 3002 4621 taedium
3045 4568 3147 4623 sibi
3179 4567 3292 4624 fieri
3324 4573 3418 4626 de-

1844 4655 1969 4709 bere
1997 4662 2255 4723 quantum
2280 4654 2414 4710 satis
2447 4665 2564 4710 erat
2611 4659 2853 4726 exposita
2896 4661 3117 4715 materia
3150 4677 3269 4717 cum
3300 4662 3413 4731 jam

1844 4744 1896 4796 in
1939 4742 2172 4811 Epistola
2199 4757 2358 4812 quam
2383 4744 2450 4797 ad
2470 4743 2742 4801 Romanos
2766 4748 2999 4818 scripsit,
3058 4759 3169 4806 tum
3215 4753 3266 4806 in
3312 4753 3415 4808 hac

1843 4847 1974 4902 ipsa.

1913 4941 2024 5012 Ego
2047 4948 2181 4997 enim
2203 4947 2446 5015 stigmata
2459 4947 2584 5002 Jesu
2608 4953 2663 5006 in
2682 4967 2895 5018 corpore
2908 4971 3020 5007 meo
3036 4965 3204 5022 porto.
3229 4956 3284 5010 1d
3308 4969 3409 5021 est,

1843 5049 1940 5102 ego
1973 5035 2118 5106 signa
2152 5045 2206 5090 et
2236 5038 2601 5104 characteres,
2652 5057 2757 5096 non
2805 5045 3265 5113 circumcisionis,
3316 5052 3418 5104 sed

1841 5126 2017 5180 crucis
2071 5141 2168 5194 per
2220 5126 2523 5195 passionem
2564 5131 2616 5184 in
2644 5147 2869 5201 corpore
2903 5150 3023 5189 meo
3060 5137 3406 5201 circumfero,

1839 5223 1892 5267 et
1919 5213 2100 5282 plagas
2145 5213 2223 5268 vel
2273 5213 2642 5286 flagella,quaz
2692 5229 2911 5288 propter
2958 5222 3229 5278 Christum
3290 5242 3410 5281 sus-

1841 5305 2000 5365 tineo,
2057 5313 2110 5358 et
2154 5305 2328 5360 habeo
2368 5307 2502 5361 alios
2532 5306 2827 5375 conflictus,
2881 5318 2935 5365 et
2964 5316 3259 5369 certamina
3284 5331 3406 5371 cum

1839 5410 2000 5449 carne
2049 5410 2165 5448 mea
2197 5437 2210 5458 ,
2262 5412 2381 5464 quae
2437 5398 2489 5451 in
2539 5401 3005 5466 persecutionibus
3056 5421 3190 5474 quas
3234 5410 3409 5477 patior

1839 5500 2045 5539 mecum
2095 5484 2372 5540 dimicant.
2459 5487 2723 5558 Stigmata
2765 5493 2907 5545 enim
2967 5495 3214 5549 dicuntur
3269 5508 3407 5552 note

1836 5573 2076 5640 quadam
2099 5589 2376 5642 poenarum
2418 5576 2712 5644 servilium,
2739 5589 2797 5633 ut
2824 5582 2866 5635 si
2890 5584 3010 5650 quis
3045 5585 3192 5639 verbi
3229 5589 3400 5657 gratia

1841 5677 2027 5715 servus
2050 5663 2101 5715 in
2137 5665 2479 5731 compedibus
2509 5665 2670 5720 fuerit
2703 5680 2924 5738 propter
2968 5689 3187 5740 noxam,
3228 5677 3278 5730 id
3303 5689 3406 5741 est,

1836 5759 2051 5820 prepter
2072 5752 2299 5820 culpant,
2350 5755 2429 5808 vel
2451 5755 2750 5826 hujusmodi
2782 5761 2978 5830 aliquid
3001 5778 3190 5831 passus
3221 5765 3403 5831 fuerit,
