3906 6312
483 333 578 391 9H

1555 330 1831 388 CLAUDII
1873 330 2339 387 TAURINENSIS
2378 328 2691 387 EPISCOPI

3675 333 3783 388 91:!

480 443 737 516 stigmata
782 443 983 498 habere
1013 443 1245 498 dicatur.
1314 443 1381 498 Et
1404 444 1522 500 ideo
1548 444 1745 513 injure
1782 446 2077 501 manumis—
2106 455 2155 513 Α
2182 446 2409 502 lationes
2452 463 2555 502 non
2586 448 2634 501 ei
2662 447 2912 502 valebant
2939 449 3006 503 ad
3034 450 3356 519 perniciem,
3391 449 3490 505 sed
3530 451 3601 504 ad
3634 466 3787 507 eoro~

481 535 653 593 sionis
688 535 965 590 inferioris
999 544 1084 590 est
1126 536 1353 591 ordinis.
1410 535 1563 591 Nunc
1611 552 1739 609 ergo
1790 537 2079 608 Apostolus

479 629 736 699 stigmata
784 626 956 681 voluit
1014 626 1309 698 appellare,
1364 628 1521 697 quasi
1577 638 1737 683 notas
1792 644 2077 700 ptenarum

480 720 548 777 de
570 719 1041 791 persecutionibus
1068 734 1203 789 quas
1256 720 1584 790 patiebatur.
1614 719 1841 790 Propter
1861 721 2072 791 culpam

478 811 626 865 enim
669 813 1067 882 persecutionis
1116 830 1221 883 qua
1273 823 1591 885 persecutus
1640 826 1760 870 erat
1808 816 2077 871 Ecclesias

479 898 706 965 Christi,
734 901 851 956 hzec
896 902 996 956 sibi
1046 903 1272 958 retribui
1301 912 1654 975 cognoverat,
1682 906 1823 960 sicut
1864 906 1933 961 ab
1961 907 2076 977 ipso

482 989 711 1046 Domino
736 992 943 1047 dictum
966 1003 1051 1049 est
1074 994 1319 1060 Ananiae,
1352 1010 1474 1049 eum
1499 995 1639 1050 idem
1664 995 1812 1049 illum
1837 994 2078 1050 Ananias

484 1088 739 1152 tanquam
787 1093 1197 1151 persecutorem
1256 1085 1691 1140 Christianorum
1735 1084 2073 1141 formidaret.

480 1170 598 1244 Ego
626 1172 705 1228 illi
733 1175 1028 1241 ostendam,
1065 1176 1262 1246 inquit,
1296 1193 1413 1247 qua:
1444 1185 1679 1246 oporteat
1703 1194 1819 1231 eum
1850 1179 1960 1247 pati
1982 1194 2077 1247 pro

484 1265 695 1319 nomine
719 1282 852 1320 meo.
896 1265 1284 1322 Verumtamen
1308 1276 1533 1339 propter
1555 1268 1930 1323 remissionem
1961 1284 2081 1338 pec-

485 1361 757 1421 catorum,
803 1356 857 1410 in
884 1370 988 1426 qua
1011 1357 1317 1428 baptizatus
1365 1366 1506 1425 erat,
1556 1374 1745 1414 omnes
1776 1358 1878 1413 illm
1910 1359 2082 1414 tribu-

1284 1515 2050 1726 CLAUDII

2182 554 2306 593 nam
2354 540 2595 594 victoria:
2636 539 3010 610 proficiebant.
3050 540 3341 596 Conclusio
3371 543 3639 612 Epistulae
3671 551 3787 596 tan-

2182 648 2344 702 quam
2372 633 2698 702 subscriptio
2728 632 3012 688 manifesta
3037 642 3137 688 est.
3174 632 3309 687 Nam
3334 644 3389 688 et
3424 636 3482 688 in
3508 634 3787 689 nonnullis

2182 722 2302 777 aliis
2333 722 2586 793 Epistolis
2613 724 2716 777 hac
2752 723 2826 776 ita
2856 724 3063 777 utitur:

2254 812 2441 866 Gratia
2475 813 2689 867 Domini
2726 815 2892 867 nostri
2918 813 3047 868 Jesu
3080 814 3274 869 Christi
3305 815 3655 883 euntrspin'ta
3703 830 3788 867 te-

2182 913 2323 968 stro,
2373 902 2558 956 Amen.
2615 902 2955 972 Subscriptio
3002 903 3153 957 Pauli
3183 903 3305 956 talis
3352 912 3458 957 est.
3496 902 3666 973 Optat
3697 919 3787 956 au-

2186 1002 2295 1049 tem
2336 1003 2395 1048 ut
2425 995 2597 1064 gratia
2634 1010 2758 1049 cum
2797 994 2878 1049 eis
2922 995 3165 1060 Domini,
3216 1011 3325 1049 non
3380 995 3521 1065 legis
3572 1011 3742 1064 opera
3770 1036 3784 1058 ,

2185 1085 2492 1139 comitetur.
2530 1084 2666 1138 Cum
2714 1086 2940 1155 spiritu,
2980 1086 3190 1155 inquit,
3239 1102 3348 1139 non
3402 1102 3530 1139 tum
3574 1101 3781 1140 carne:

2188 1175 2240 1229 in
2271 1175 2423 1244 cujus
2463 1176 2879 1231 circumcisione
2914 1176 3213 1246 gloriantur
3237 1177 3515 1230 carnales.
3548 1176 3663 1229 Vos
3688 1190 3783 1227 au-

2187 1264 2298 1321 tein
2335 1267 2976 1336 spiritalitcrcireumcisi
3003 1267 3166 1331 estis,
3202 1278 3257 1321 et
3290 1266 3622 1337 spiritaliter
3660 1282 3784 1319 con-

2186 1360 2503 1417 versamini.
2664 1344 2675 1352 ’

2131 1511 2967 1727 ἒιῖὦὲἶ

910 1824 1505 1985 EXPOSI’I‘I0
1610 1828 2071 1985 EPISTOL

2277 1828 2435 1981 ΑΙ)
2541 1826 3333 1982 ΡΗΙἸΑΕΜθΝΕΜ.

1796 2074 1890 2135 (Ex
1921 2074 2031 2125 Maii
2056 2073 2223 2138 Spicil.
2252 2080 2368 2124 tom.
2399 2073 2508 2136 IX.)

940 2278 1259 2337 MONITUM
1298 2278 1639 2336 EDITORIS.

561 2414 769 2473 Claudii
821 2411 1173 2469 Taurinensis
1222 2412 1490 2482 episcopi,
1541 2413 1633 2482 qui
1682 2414 1780 2467 sub
1806 2412 2075 2469 Ludovico

561 2429 769 2473 tzlaudn
822 2429 1173 2469 nurmensns
1222 2429 1490 2534 episcopi,
1541 2429 1633 2482 qtn
1682 2429 1780 2467 suo
1806 2429 2072 2469 LUUOVICO

488 2487 585 2542 Pio
614 2486 778 2567 vixit,‘
818 2484 1187 2567 expositiones
1220 2482 1782 2567 EpistoarumﬂPauli
1827 2484 2072 2567 apostoli,

487 2573 611 2611 eum
656 2555 781 2608 alibi
832 2550 944 2606 tuin
973 2554 1025 2607 in
1078 2550 1315 2621 antiquis
1360 2553 1525 2606 etiam
1578 2550 2076 2608 Vaticanae'biblio-

489 2628 661 2680 theca:
686 2623 963 2678 codicibus
1002 2622 1208 2694 jacent.
1242 2621 1350 2677 llas
1399 2621 1677 2694 divulgare
1702 2622 1831 2677 olim
1873 2624 2077 2694 cogita-

486 2695 629 2759 bam,
671 2708 777 2762 quo
804 2701 1044 2763 tempore
1096 2692 1376 2763 prologum
1419 2692 1472 2746 in
1501 2692 1738 2763 priorem
1775 2694 1841 2747 ad
1886 2692 2076 2747 Corin-

488 2766 633 2819 thios
660 2761 801 2817 edidi
828 2761 1027 2833 Script.
1051 2761 1160 2817 vet.
1192 2761 1391 2833 Τίνῃ,
1429 2762 1659 2833 p.274.
1689 2763 2073 2818 Verumtamen

489 2835 642 2888 lectis
664 2841 845 2902 postea
878 2832 1172 2902 studiosius
1198 2833 1284 2886 bis
1317 2832 1524 2887 Claudii
1560 2832 1796 2901 scriptis,
1830 2834 1960 2887 mihi
1984 2834 2075 2888 de-

488 2920 634 2958 mum
660 2901 912 2965 innotuit,
950 2903 1084 2956 nihil
1136 2901 1249 2956 fere
1274 2903 1344 2956 ibi
1371 2917 1490 2957 esse
1521 2902 1785 2972 (exceptis
1814 2902 2072 2973 prologis)

489 2974 593 3028 nisi
623 2990 687 3027 ex
712 2973 942 3043 cognitis
989 2973 1221 3043 aliorum
1248 2973 1469 3043 Patrum
1521 2972 1927 3043 commentariis
1952 2972 2076 3028 bre-

488 3044 633 3096 viata
662 3041 950 3109 excerpta;
1002 3043 1143 3112 quod
1178 3042 1375 3112 alioqui
1406 3041 1618 3097 Claudii
1657 3042 1848 3096 vitium
1902 3041 2075 3098 Simo-

489 3114 610 3166 nius
635 3120 796 3180 atque
833 3110 1193 3183 Tromliellius
1214 3110 1420 3179 jamdiu
1466 3120 1866 3183 persenserant.
1907 3113 2075 3183 Igitur

487 3182 659 3253 delegi
690 3183 908 3253 unicum
936 3181 1143 3253 Claudii
1166 3181 1630 3253 commentarium
1657 3197 1825 3253 super
1864 3181 2073 3253 brevis-

488 3250 631 3305 sima
650 3252 717 3305 ad
745 3251 1114 3307 Philemonem
1136 3252 1395 3322 Epistola,
1429 3265 1587 3321 quem
1618 3250 1737 3306 h’oe
1772 3252 1889 3308 loco
1915 3252 2076 3308 lecto-

490 3322 639 3376 ribus
686 3329 1034 3390 reprmsento,
1092 3330 1152 3375 ut
1184 3321 1410 3376 ’mecum
1464 3321 1680 3376 videant
1730 3322 1861 3377 nihil
1914 3323 2072 3377 Clau-

489 3392 894 3461 diumﬂhabrre
959 3392 1102 3459 quod
1146 3392 1579 3461 uberiusiatque
1638 3391 1967 3461 splendidius
2018 3394 2070 3447 in

489 3462 595 3513 diri
619 3460 947 3581 lHieronymi
990 3462 1057 3516 ad
1084 3462 1329 3515 eamdem
1358 3460 1653 3529 Epistolam
1680 3464 2071 3517 commentario

489 3545 592 3581 non
635 3539 843 3581 matur.

488 3545 592 3585 non
619 3539 843 3600 tegatur.

751 3673 1152 3752 INCIPIT
1248 3677 1824 3755 EXPOSITIO.

552 3828 852 3882 Philemoni
894 3828 1187 3885 familiares
1228 3830 1439 3886 litteras
1490 3829 1619 3886 facit
1665 3848 1764 3902 pro
1819 3833 2074 3889 Onesimo

484 3935 641 3975 servo
673 3919 808 3987 ejus.
841 3918 1072 3989 Scripsit
1105 3931 1283 3975 autem
1314 3923 1363 3977 ei
1391 3924 1458 3978 ab
1501 3925 1635 3978 urbe
1658 3924 1828 3979 Roma
1860 3926 1925 3980 de
1954 3941 2074 3980 car-

433 4016 438 4020 '
482 4026 625 4075 cere,
659 4021 714 4065 et
758 4011 862 4065 hoc
906 4012 1023 4081 ejus
1068 4012 1394 4083 principium
1442 4022 1526 4067 est
1562 4032 1574 4066 :
1622 4011 1827 4069 Paulus
1871 4016 2072 4070 vinctus

482 4098 610 4151 Jesu
666 4097 879 4152 Christi.
910 4098 967 4151 ln
996 4099 1139 4153 nulla
1175 4100 1411 4168 Epistola
1454 4102 1555 4156 hoc
1574 4104 1892 4174 cognomine
1941 4121 2074 4161 usus

481 4198 585 4253 est,
620 4188 743 4241 licet
775 4190 827 4241 in
861 4204 1088 4257 corpore
1117 4190 1486 4259 cpistolaruin,
1520 4192 1586 4245 ad
1618 4192 1880 4261 Ephesios
1922 4196 2071 4250 vide—

480 4274 609 4328 licet
634 4283 687 4327 et
710 4273 1082 4343 Philippenses
1109 4283 1163 4328 et
1200 4275 1573 4340 Colossenses,
1603 4292 1721 4331 esse
1751 4293 1810 4332 se
1840 4278 1895 4332 in
1954 4280 2072 4333 vin-

479 4365 618 4420 culis
660 4381 755 4433 pro
788 4364 1130 4420 confessione
1163 4373 1407 4421 testetur.
1466 4365 1683 4436 Majoris
1729 4376 1906 4422 autem
1936 4369 2069 4423 mihi

478 4453 692 4508 videtur
712 4455 1017 4524 supercilii,
1068 4456 1306 4508 vinetum
1356 4454 1483 4509 Jesu
1530 4456 1733 4510 Christi
1785 4473 1841 4511 se
1888 4457 2070 4512 dicere

479 4559 641 4612 quam
673 4544 972 4611 apostolum
1008 4562 1021 4597 :
1054 4542 1428 4614 gloriabantur
1449 4546 1647 4615 quippe
1675 4547 1903 4615 apostoli
1927 4550 2069 4616 quod

480 4634 624 4705 digni
652 4636 824 4689 habiti
854 4646 981 4689 sunt
1004 4651 1106 4705 pro
1127 4637 1347 4691 nomine
1374 4636 1503 4692 Jesu
1532 4640 1909 4692 contumeliam
1932 4641 2064 4708 pati.

480 4724 587 4776 Sed
614 4726 920 4778 necessaria
946 4735 1028 4777 est
1054 4726 1347 4779 auctoritas
1377 4726 1732 4779 vinculorum.
1762 4728 2068 4798 Rogaturus

483 4827 580 4881 pro
606 4811 881 4877 Onesimo,
909 4814 1031 4867 talis
1050 4829 1241 4883 rogare
1262 4814 1444 4867 debuit
1466 4816 1555 4882 qui
1578 4824 1757 4883 posset
1778 4818 2067 4886 impetrare

478 4904 620 4971 quod
654 4914 919 4972 posceret.
948 4904 1099 4959 Felix
1128 4905 1402 4969 nimirum,
1436 4907 1526 4975 qui
1558 4922 1664 4959 non
1694 4908 1747 4960 in
1777 4910 2061 4977 sapientia,

478 5009 583 5047 non
614 4995 664 5046 in
712 4994 935 5059 divitiis,
967 5010 1072 5049 non
1104 4996 1157 5048 in
1187 4995 1493 5064 eloquentia
1540 5004 1596 5048 et
1630 4998 1867 5065 potentia
1894 5014 2063 5053 saecu-

478 5085 596 5147 lari,
628 5086 720 5139 sed
746 5085 797 5139 in
824 5085 1027 5141 Christi
1056 5085 1397 5155 passionibus
1430 5087 1717 5157 gloriatur!
1752 5088 1865 5141 Non
1889 5088 2065 5143 omnis

478 5183 657 5229 autem
690 5176 780 5243 qui
811 5177 1025 5230 vinctus
1052 5184 1156 5242 est,
1202 5176 1413 5230 vinctus
1440 5188 1523 5231 est
1563 5177 1797 5243 Christi;
1826 5179 1919 5231 sed
1946 5179 2064 5246 qui-

476 5282 686 5335 cunque
714 5282 812 5335 pro
835 5268 1039 5322 Christi
1067 5270 1304 5331 nomine,
1332 5276 1385 5322 et
1410 5285 1508 5337 pro
1531 5270 1698 5338 ipsius
1722 5270 2062 5325 confessione

475 5361 730 5425 vincitur,
764 5362 851 5416 ille
886 5378 1013 5417 vere
1054 5365 1267 5418 vinctus
1293 5363 1490 5419 dicitur
1542 5361 1667 5416 Jesu
1716 5364 1949 5427 Christi;
2004 5371 2063 5416 ut

476 5454 695 5523 sanguis
721 5451 1030 5509 ell'ususille
1059 5463 1267 5508 tantum
1310 5463 1605 5523 martyrem
1640 5452 1786 5515 facit,
1818 5455 1907 5523 qui
1961 5467 2061 5522 pro

474 5542 673 5596 Christi
695 5546 910 5599 nomine
954 5545 1215 5600 funditur.
1261 5544 1330 5598 Et
1359 5544 1658 5597 Timotheus
1708 5546 1889 5614 frater.
1948 5544 2062 5597 Hoc

476 5631 597 5686 ideo
624 5642 679 5686 ut
733 5636 992 5700 sciamus,
1026 5637 1406 5705 huncquoque
1451 5636 1517 5690 de
1573 5651 1791 5690 carcere
1822 5648 1876 5689 et
1920 5636 2061 5689 inter

477 5724 683 5778 vincula
720 5725 885 5781 fuisse
916 5727 1195 5792 dictatam,
1225 5726 1314 5779 ubi
1344 5741 1555 5795 semper
1582 5726 1895 5783 Timotheus
1938 5741 2060 5780 cum

1930 2212 2307 2229 ἡ

2103 2284 2152 2343 Β
2183 2280 2275 2335 illo
2320 2279 2692 2349 perseveravit
2732 2296 2744 2330 :
2801 2293 2909 2348 quo
2954 2285 3198 2347 tempore
3242 2277 3507 2331 videntur
3566 2279 3633 2333 ad
3660 2278 3778 2336 Phi-

2180 2372 2469 2442 lippenses,
2509 2371 2937 2425 Colossenses'et
2964 2370 3031 2424 ad
3056 2370 3319 2439 Ephesios
3361 2370 3630 2439 Epistolas
3664 2388 3779 2426 esse

2178 2461 2411 2515 dictatte.
2450 2461 2628 2532 (Vers.
2652 2460 2731 2531 2.)
2770 2458 3070 2514 Philemoni
3107 2460 3295 2513 dilecto
3340 2470 3394 2513 et
3424 2462 3671 2530 adjutori
3691 2480 3780 2515 tro-

2176 2560 2308 2617 stro,
2359 2562 2407 2606 et
2458 2552 2639 2623 Appia:
2683 2551 2855 2605 sorori
2907 2551 3252 2604 charissimw.
3307 2549 3578 2604 Scribant
3621 2552 3779 2621 igitur

2178 2642 2375 2699 Paulus
2403 2650 2458 2699 et
2480 2643 2798 2698 Timotheus
2818 2642 3121 2697 Philemoni
3146 2642 3478 2697 charissimo
3498 2652 3559 2697 et
3587 2658 3778 2713 mepe-

2177 2736 2365 2799 ratori,
2404 2737 2495 2806 qui
2524 2736 2643 2791 ideo
2665 2734 3019 2790 charissimus
3053 2734 3228 2787 dictus
3249 2742 3352 2798 est,
3398 2733 3547 2803 quod
3578 2734 3633 2787 in
3692 2749 3776 2787 eo-

2176 2825 2299 2880 dem
2351 2823 2555 2879 Christi
2578 2840 2743 2894 opere
2796 2831 3065 2878 versetur.
3100 2823 3286 2891 Appia:
3327 2838 3550 2892 quoque
3581 2824 3773 2883 sorori,

2175 2933 2295 2987 quae
2339 2917 2425 2973 vel
2446 2932 2601 2972 soror
2631 2917 2714 2971 vel
2741 2916 2937 2983 conjux
2964 2917 3081 2986 ejus
3130 2916 3376 2971 creditur
3418 2932 3565 2971 esse.
3628 2915 3776 2970 Inter

2176 3010 2311 3065 duos
2358 3010 2555 3080 quippe
2594 3009 2741 3063 viros
2765 3017 2822 3063 et
2864 3007 3213 3077 apostolicos,
3264 3010 3410 3062 inter
3456 3019 3776 3079 cooperato-

2175 3115 2291 3155 rem
2335 3099 2487 3154 Pauli
2525 3106 2580 3155 et
2624 3098 3047 3154 commilitonem
3097 3096 3235 3166 ejus,
3288 3096 3529 3150 medium
3589 3096 3776 3166 Appia

2174 3203 2370 3243 nomen
2423 3188 2705 3252 inseritur,
2758 3195 2819 3240 ut
2882 3187 2976 3240 tali
3012 3202 3079 3241 ex
3137 3194 3371 3255 utroque
3430 3185 3608 3241 latere
3642 3186 3775 3240 fulta

2174 3280 2455 3343 comitatu,
2484 3294 2587 3332 non
2635 3278 2884 3332 videatur
2912 3270 3157 3333 ordinem
3198 3292 3360 3331 sexus
3414 3277 3644 3341 habere,
3678 3278 3769 3333 sed

2174 3370 2372 3424 meriti.
2398 3369 2466 3423 Et
2489 3369 2746 3439 Archippo
2768 3368 3107 3422 commilitoni
3137 3377 3332 3421 nostra.
3365 3366 3525 3421 Hunc
3546 3367 3775 3439 Archip—

2173 3476 2300 3529 pum
2328 3460 2699 3515 arbitrandum
2729 3466 2813 3513 est
2835 3472 2959 3511 cum
2979 3456 3146 3511 Paulo
3172 3465 3227 3511 et
3264 3456 3559 3510 Timotheo
3583 3465 3769 3518 contra

2174 3550 2513 3605 adversarios
2533 3563 2632 3619 pro
2653 3546 2853 3602 Christi
2878 3547 3095 3601 nomine
3116 3546 3470 3599 dimicantem
3494 3546 3771 3601 exstitisse

2100 3651 2144 3712 ρ
2176 3640 2435 3695 victorem
2460 3680 2474 3703 ,
2534 3647 2590 3693 et
2635 3644 2923 3707 propterea
2966 3652 3108 3690 nunc
3157 3636 3590 3691 commilitonem
3631 3638 3767 3701 dici,

2176 3732 2319 3801 quod
2350 3732 2403 3784 in
2433 3730 2623 3785 eodem
2652 3730 2947 3784 certamine
2976 3728 3224 3798 belloque
3274 3730 3642 3797 superaverit.
3698 3729 3765 3783 Et

2176 3823 2405 3877 ecclesia:
2441 3838 2559 3892 qum
2605 3831 2681 3874 est
2718 3821 2772 3873 in
2812 3822 2967 3874 domo
3023 3830 3133 3873 tua.
3198 3819 3475 3875 Scribitnr
3526 3821 3765 3876 ecclesia:

2176 3927 2295 3982 quae
2336 3912 2389 3965 in
2422 3914 2581 3965 domo
2610 3912 2726 3981 ejus
2765 3918 2865 3965 est.
2904 3912 3100 3965 Verum
3144 3910 3246 3965 hoc
3291 3912 3613 3981 ambiguum
3661 3920 3759 3975 est,

2176 4010 2359 4055 utrum
2405 4001 2647 4055 ecclesia:
2678 4017 2796 4069 qua:
2850 4001 2904 4055 in
2961 4002 3119 4057 domo
3168 4000 3429 4071 Archippi
3477 4003 3570 4065 sit,
3621 4003 3759 4056 anei

2174 4108 2294 4163 qua:
2334 4092 2389 4146 in
2434 4093 2593 4146 domo
2635 4091 3003 4155 Philemonis;
3058 4092 3154 4145 sed
3182 4099 3243 4144 ut
3278 4092 3486 4145 certius
3514 4102 3753 4161 putatur,

2175 4199 2282 4239 non
2312 4184 2380 4237 ad
2404 4183 2684 4251 Archippi,
2715 4183 2809 4236 sed
2839 4183 2906 4235 ad
2941 4182 3275 4235 Philemonis
3302 4180 3651 4237 referendum
3682 4195 3759 4239 est

2150 4289 2481 4345 personam,
2510 4273 2597 4326 cui
2628 4274 2743 4341 ipsa
2774 4288 2989 4342 quoque
3017 4271 3241 4341 epistola
3268 4273 3584 4342 deputatur.

2246 4363 2422 4435 (Vers.
2448 4364 2526 4433 '5.)
2557 4359 2740 4416 Gratia
2767 4364 2906 4416 vobis
2931 4372 2979 4415 et
3018 4380 3123 4433 pax
3160 4380 3191 4416 a
3221 4362 3331 4416 Dea
3376 4361 3541 4417 Patre
3589 4375 3755 4418 nostra

2173 4465 2221 4509 et
2252 4454 2476 4508 Domino
2516 4454 2641 4508 Jcsu
2674 4453 2903 4507 Christo.
2953 4454 3144 4507 Adhuc
3171 4469 3199 4506 a
3225 4454 3437 4507 duobus
3484 4456 3550 4508 ad
3583 4456 3756 4524 plures

2174 4546 2448 4610 scribitur,
2484 4554 2539 4600 et
2572 4545 2626 4598 in
2653 4545 2903 4597 omnibus
2930 4558 3066 4613 pene
3095 4543 3351 4613 Epistolis
3379 4544 3589 4613 aequale
3611 4547 3753 4614 prin-

2174 4638 2371 4705 cipium
2392 4644 2494 4699 est,
2543 4643 2599 4689 ut
2630 4636 2858 4705 gratiam
2900 4642 2957 4688 et
3002 4650 3189 4704 pacem
3215 4650 3244 4687 a
3276 4635 3389 4688 Deo
3416 4634 3604 4699 Patre,
3634 4646 3686 4690 et
3723 4650 3752 4689 a

2168 4726 2390 4781 Christo
2416 4726 2641 4780 Domino
2665 4726 3008 4795 imprecetur.
3035 4725 3113 4778 Ex
3134 4741 3241 4794 quo
3261 4728 3571 4781 ostenditur
3598 4742 3751 4780 unam

2170 4816 2293 4872 Filii
2321 4818 2603 4887 Patrisque
2623 4831 2742 4871 esse
2762 4826 3033 4882 naturam,
3056 4832 3177 4870 cum
3202 4818 3343 4871 idem
3370 4828 3549 4887 potest
3592 4818 3751 4871 Filius

2168 4918 2425 4979 prmstare
2475 4910 2616 4977 quod
2663 4908 2845 4971 Pater,
2878 4916 2931 4962 et
2969 4908 3021 4962 id
3061 4908 3260 4961 dicitur
3289 4908 3454 4962 Pater
3496 4918 3749 4977 pimstare

2090 4998 2144 5057 D
2170 5002 2311 5069 quod
2331 5000 2517 5053 Filius.
2537 4999 2721 5053 Gratia
2747 5009 2926 5053 autem
2952 5006 3056 5062 est,
3088 4999 3213 5067 quia
3242 4999 3389 5053 nullo
3413 5001 3632 5063 merito,
3655 5014 3747 5053 nec

2167 5104 2330 5159 opere
2380 5089 2671 5142 salvamur.
2703 5088 2838 5152 Pax,
2887 5103 2993 5156 qua
3044 5088 3469 5141 reconciliantur
3517 5088 3747 5158 BeOper

2165 5178 2438 5233 Christum
2487 5195 2663 5233 suum.
2698 5180 2848 5232 Licet
2896 5177 3095 5231 Paulus
3117 5187 3171 5231 et
3198 5179 3517 5233 Timotheus
3550 5181 3744 5248 pariter

2167 5270 2427 5333 scribant,
2456 5277 2509 5322 et
2540 5267 2606 5321 ad
2636 5268 3025 5331 Philemonem,
3050 5280 3103 5321 et
3134 5268 3383 5337 Appiam,
3434 5278 3491 5323 et
3520 5269 3743 5337 Archip-

2166 5378 2311 5431 pum,
2347 5372 2523 5417 tamen
2560 5364 2613 5416 in
2661 5363 3009 5430 sequentibus
3034 5362 3363 5431 approbatur
3392 5360 3593 5416 Paulus
3632 5374 3741 5415 tan-

2166 5453 2536 5505 tantummodo
2566 5452 2631 5505 ad
2659 5452 3024 5506 Philemonem
3048 5451 3305 5515 scribere,
3338 5461 3394 5505 et
3425 5468 3592 5505 unum
3621 5468 3739 5506 cum

2161 5561 2268 5599 uno
2289 5545 2658 5600 sermocinari.
2685 5543 2863 5615 (Vcrs.
2878 5543 2955 5615 4.)
2978 5540 3189 5597 Gratias
3204 5560 3301 5613 ago
3319 5542 3428 5596 Deo
3457 5562 3595 5601 meo.
3618 5562 3739 5597 sem-

2160 5636 2562 5707 permemoriam
2590 5636 2876 5704 tuifaciens
2896 5636 2949 5687 in
2977 5634 3297 5687 orationibus
3322 5634 3471 5687 meis.
3498 5634 3736 5702 Haecjam

2161 5742 2265 5779 non
2295 5734 2354 5778 ut
2380 5724 2599 5787 Paulus,
2650 5734 2703 5777 et
2730 5724 3043 5779 Timotheus
3072 5724 3393 5790 Philemoni,
3426 5733 3477 5778 et
3510 5724 3733 5779 czrteris.
