3906 6330
149 395 256 450 915

1318 382 1564 439 EXPOS.
1610 380 1830 436 EPIST.
1873 381 1965 434 AD
2004 380 2290 436 PIIILEM..

3317 386 3424 440 9H

147 505 248 562 sed
298 503 444 560 solus
489 499 687 556 Paulus
717 501 782 554 ad
826 499 1001 553 solum
1049 496 1421 550 Philemonem
1476 495 1732 564 loquitur.
1765 497 1814 554 A
1842 492 1978 545 riam
2013 493 2352 560 prodegcrat.
2385 490 2497 544 lloc
2535 504 2603 544 ne
2655 489 2776 560 quis
2823 499 2975 559 putet
3002 499 3226 559 temere,
3264 507 3318 548 ct
3361 511 3424 550 nt

148 597 307 650 Hunc
332 600 510 648 autem
532 606 738 646 morem
763 588 1036 644 scribendi
1076 587 1128 640 in
1166 585 1286 639 aliis
1310 584 1564 653 Epistolis
1611 583 1727 652 ejus

148 685 394 742 invenire
421 697 729 753 possumus,
751 680 896 749 quod
918 691 1041 732 cum
1067 674 1132 731 ad
1155 675 1338 744 plures
1364 681 1420 728 ct
1459 673 1642 742 plures
1676 672 1730 727 in

142 775 466 847 praefatione
495 781 786 844 ponantur,
831 777 1018 840 postea
1053 783 1152 838 per
1178 776 1351 822 totum
1380 781 1576 834 corpus
1606 765 1730 833 Epi-

145 867 328 932 stolas,
356 881 495 920 unus
519 865 798 934 disputans
823 861 1126 916 inducatur.
1157 857 1308 926 Quod
1329 871 1456 912 vero
1485 856 1579 920 ait,
1607 870 1732 924 gra—

146 958 256 1012 tias
279 971 378 1026 ago
403 955 514 1009 Deo
539 969 660 1008 meo
690 966 924 1020 semper,
956 957 1010 1005 et
1038 948 1356 1003 memoriam
1387 947 1464 999 tui
1513 944 1651 998 facio
1675 944 1728 997 in

144 1048 486 1104 orationibus
510 1047 664 1109 meis,
689 1044 939 1112 ambigue
967 1042 1169 1097 dictum
1195 1047 1278 1095 est
1304 1047 1485 1093 utrum
1531 1036 1731 1106 gratias

144 1148 276 1210 agat
300 1140 411 1193 Deo
451 1153 682 1205 semper,
723 1151 789 1188 an
825 1135 1138 1188 memoriam
1174 1129 1290 1199 ejus
1319 1128 1482 1183 faciat
1513 1128 1566 1181 in
1601 1143 1728 1181 ora-

143 1231 384 1286 tionibus
422 1229 532 1282 suis
576 1240 808 1294 semper.
842 1224 949 1278 Sed
978 1232 1156 1277 tamen
1189 1229 1480 1288 utrumque
1508 1218 1730 1288 intelligi

142 1325 346 1387 potest,
377 1316 519 1385 quod
549 1316 635 1369 ille
665 1315 757 1384 qui
791 1312 1048 1382 praecepit
1093 1310 1235 1375 aliis,
1281 1315 1342 1362 ut
1387 1309 1442 1362 in
1479 1307 1731 1363 omnibus

140 1407 351 1477 gratias
379 1413 540 1476 agant
567 1405 699 1467 Deo,
731 1401 891 1456 nullis
921 1399 1187 1467 angustiis
1213 1396 1416 1466 poterit
1437 1396 1727 1460 coarctari,

138 1505 204 1552 ut
231 1498 430 1568 gratias
457 1511 666 1566 semper
688 1496 798 1548 Deo
823 1493 937 1562 ipse
964 1505 1070 1544 non
1100 1490 1317 1544 referat.
1343 1487 1398 1543 Si
1429 1495 1608 1542 autem
1630 1501 1730 1555 pro

137 1588 349 1643 sanctis
375 1595 428 1640 et
468 1585 780 1639 melioribus
819 1582 1119 1651 quibusque
1145 1579 1341 1635 Paulus
1366 1593 1579 1647 semper
1607 1592 1731 1631 ora-

134 1677 258 1743 bat,
297 1686 514 1734 sanctus
554 1685 736 1731 autem
761 1684 817 1730 et
838 1674 1119 1730 Philemon
1147 1681 1260 1737 est,
1294 1678 1500 1730 tantam
1522 1671 1728 1725 habens

135 1768 195 1822 in
246 1785 304 1824 se
350 1769 509 1822 fidem
538 1776 592 1822 et
617 1767 961 1831 charitatem,
991 1771 1051 1818 ut
1079 1780 1186 1820 non
1231 1763 1402 1817 solum
1433 1760 1616 1815 auditu
1648 1761 1721 1824 ei,

1833 582 1964 638 libet
1987 599 2018 637 a
2047 584 2202 637 nobis
2224 582 2429 646 fictum,
2460 581 2512 635 in
2542 582 2890 650 sequentibus
2915 582 3107 636 discat.
3133 583 3423 652 Nunquam

1832 674 1976 729 cnim
2009 673 2210 728 Paulus
2253 672 2476 737 diceret,
2511 671 2566 726 Si
2600 672 2726 740 quid
2755 673 2929 726 nocuit
2958 673 3070 738 tibi,
3099 685 3189 727 aut
3250 674 3420 741 debet,

1832 767 1927 820 hoc
1951 766 2082 819 mihi
2111 765 2332 834 imputo.
2364 762 2476 833 Ego
2506 762 2708 817 Paulus
2741 765 2926 833 scripsi
2951 780 3066 818 mea
3094 782 3278 830 manu,
3327 783 3420 837 ego

1833 855 2091 918 reddam;
2133 868 2234 908 nec
2277 867 2505 922 sponsor
2529 851 2610 906 rei
2631 851 2785 906 fieret
2809 852 3019 918 ablaue,
3062 855 3165 908 nisi
3190 863 3334 910 esset
3365 854 3424 911 id

1831 944 1975 1013 quod
2001 943 2238 998 ablatum
2275 943 2453 997 fuerat
2481 943 2820 1011 dissipatum.
2865 942 2965 997 llic
2994 943 3158 1014 igitur
3182 961 3304 1000 cum
3351 946 3421 1001 oh

1832 1031 2226 1087 confessionem
2255 1032 2459 1086 Christi
2489 1032 2687 1086 Paulus
2711 1033 2895 1086 Romae
2922 1042 3066 1088 esset
3097 1035 3149 1087 in
3177 1051 3417 1101 carcere,

1830 1123 2057 1177 credidit
2074 1122 2129 1176 in
2153 1121 2437 1176 Dominum
2460 1121 2665 1187 Jesum,
2683 1123 2816 1176 etab
2831 1137 2897 1176 eo
2928 1123 3236 1192 baptizatus
3259 1127 3421 1196 digna

1830 1213 2150 1282 pmnitentia
2171 1213 2413 1266 maculas
2443 1213 2564 1266 vita:
2591 1213 2787 1281 prioris
2809 1213 3084 1280 abstersit,
3118 1216 3170 1270 in
3209 1225 3418 1271 tantmn

1830 1311 1891 1356 ut
1944 1303 2232 1372 Apostolus
2290 1303 2720 1358 conversationis
2765 1303 2881 1371 ejus
2927 1307 3081 1360 testis
3115 1306 3290 1371 fieret,
3325 1310 3419 1378 qui

1830 1390 2098 1461 quondam
2117 1392 2334 1449 Petrum
2351 1392 2812 1459 increpucratnon
2837 1402 2985 1448 recto
3010 1397 3144 1463 pede
3168 1397 3221 1451 in
3242 1397 3417 1451 Evan-

1829 1484 1954 1554 gelii
1983 1485 2210 1539 veritate
2235 1484 2591 1553 gradientem.
2618 1484 2891 1550 Quantum
2927 1486 3096 1556 igitur
3126 1489 3194 1542 ad
3223 1504 3418 1558 pecca-

1831 1581 1944 1628 tum
1977 1583 2032 1628 ct
2058 1575 2126 1628 ad
2162 1573 2374 1628 facinus
2417 1575 2652 1643 pertinet
2698 1575 2838 1644 quod
2888 1576 3133 1632 homines
3178 1579 3415 1642 laeserat,

1828 1662 2044 1718 veniam
2084 1678 2190 1716 non
2243 1669 2505 1716 meretur.
2566 1662 2837 1729 Quantum
2883 1681 3012 1720 vero
3061 1668 3126 1722 ad
3174 1669 3418 1740 Apostoli

1828 1755 2195 1808 testimonium
2239 1754 2330 1823 qui
2387 1755 2492 1809 scit
2531 1769 2654 1809 eum
2685 1756 2844 1825 plene
2897 1772 3017 1812 esse
3072 1763 3415 1823 eonversmn,

134 1873 328 1912 verum
350 1872 512 1926 opere
539 1864 888 1920 nosceretur;
927 1864 982 1910 et
1016 1869 1115 1924 pro
1142 1853 1458 1909 Philemone
1498 1849 1724 1905 Paulum
1753 1845 1800 1904 B
1829 1844 2016 1914 grandi
2043 1844 2280 1916 pondere
2311 1846 2578 1915 premitur
2609 1848 2704 1918 qui
2731 1858 2986 1918 rogatur;
3021 1851 3145 1920 quia
3189 1866 3220 1906 e
3257 1867 3420 1907 servo

133 1961 355 2018 semper
405 1960 590 2000 orasse
631 1945 891 2014 credibile
917 1953 1023 2006 est,
1071 1957 1179 2012 quo
1229 1941 1439 1996 scilicet
1492 1940 1624 1994 fides
1673 1945 1728 1992 et

133 2035 379 2090 charitas
409 2050 573 2103 quam
602 2035 838 2089 habebat
856 2033 912 2086 in
935 2032 1173 2096 Christo,
1215 2039 1269 2085 et
1313 2031 1365 2085 in
1387 2045 1574 2086 omnes
1602 2044 1726 2083 san-

133 2135 259 2182 ctos
317 2125 456 2196 ejus,
509 2139 608 2195 per
660 2123 1205 2180 communicationem
1259 2121 1403 2186 ﬁdei,
1436 2130 1492 2176 et
1533 2136 1724 2190 opera-

133 2218 342 2273 tionem
364 2216 655 2287 agnitionis
679 2216 732 2270 in
754 2215 900 2270 omni
927 2216 1087 2280 bono,
1120 2213 1322 2269 Christi
1352 2213 1725 2268 misericordia

132 2315 466 2361 servaretur.

209 2393 390 2466 (Vers.
429 2394 508 2464 5.)
533 2393 764 2448 Audiens
787 2393 1095 2448 charitatem
1117 2400 1288 2456 tuam,
1309 2399 1358 2445 et
1381 2390 1539 2459 [idem
1563 2407 1722 2460 quam

133 2486 296 2541 trabes
343 2485 396 2540 in
439 2485 667 2540 Domino
717 2486 867 2550 Jesu,
898 2494 945 2538 et
993 2485 1049 2540 in
1078 2500 1256 2538 omnes
1294 2491 1524 2536 sanctos.
1575 2479 1728 2548 Quod

130 2577 459 2632 charitatem
485 2577 709 2632 haberet
745 2575 1024 2630 Philemon
1046 2575 1100 2628 in
1131 2575 1376 2638 Domino,
1436 2589 1543 2629 non
1593 2571 1729 2627 dim-

132 2665 262 2721 cilis
309 2665 683 2736 interpretatio
711 2672 813 2729 est,
845 2665 970 2733 quia
1020 2672 1142 2734 post
1164 2665 1332 2719 Deum
1363 2663 1587 2734 diligere
1633 2662 1723 2733 ju-

129 2756 332 2810 hemur
363 2764 418 2809 et
451 2756 760 2824 proximos;
797 2761 852 2808 et
890 2769 997 2808 non
1035 2754 1208 2809 solum
1238 2756 1398 2811 fidem
1440 2763 1496 2809 et
1549 2753 1728 2808 chari-

131 2854 306 2901 tatem
345 2846 397 2900 in
451 2847 643 2911 Deum,
696 2846 834 2900 etin
866 2856 1083 2901 sanctos
1137 2848 1256 2916 ejus
1286 2845 1530 2900 sufﬁcere
1572 2847 1729 2900 nobis

128 2949 295 3004 posse
325 2937 630 3000 credamus,
657 2935 750 2989 sed
777 2943 835 2988 ut
862 2936 914 2990 id
936 2937 1078 3005 quod
1103 2937 1378 2990 credimus
1401 2951 1565 3005 opere
1587 2951 1730 2990 com-

130 3026 371 3095 pleatur.
404 3026 581 3096 (Vers.
614 3026 692 3097 6.)
728 3023 794 3079 Ut
827 3028 1230 3081 communicatio
1253 3028 1376 3096 ﬁdei
1397 3037 1502 3082 tua?
1522 3028 1729 3082 evidens

129 3117 230 3184 ﬂat
252 3117 307 3170 in
343 3117 608 3187 agnitione
630 3117 797 3170 omnis
828 3117 947 3170 boni
975 3117 1028 3170 in
1064 3114 1272 3170 Christo
1298 3115 1448 3170 Jesu.
1501 3117 1730 3183 Quantis

129 3185 393 3274 gradibus
417 3205 738 3274 quantisque
761 3204 1086 3274 profectibus
1111 3206 1442 3275 apostolicus
1466 3206 1517 3259 in
1534 3205 1724 3259 altiora
1754 3185 1798 3248 (ἶ

130 3310 319 3349 sermo
363 3309 421 3347 se
453 3294 654 3348 tendit!
711 3303 769 3348 ut
823 3294 1084 3364 quidquid
1117 3294 1243 3348 boni
1301 3295 1355 3348 in
1403 3294 1717 3349 Philemone

131 3386 410 3448 laudatur,
444 3385 510 3439 de
539 3385 905 3455 apostolorum
934 3385 1182 3453 exelnplo
1210 3392 1458 3438 sumatur
1486 3403 1497 3436 :
1529 3392 1586 3438 et
1605 3385 1729 3439 inde

130 3479 336 3534 bonum
363 3478 455 3541 sit,
487 3478 611 3546 quia
642 3478 706 3532 de
733 3477 934 3531 Christi
969 3475 1118 3530 fonte
1157 3475 1408 3530 ducatur.
1440 3476 1618 3546 (Vers.
1650 3475 1728 3545 7.)

131 3568 406 3622 Gaudium
459 3568 596 3620 enint
638 3583 884 3636 magnum
912 3565 1104 3630 habui,
1130 3574 1179 3618 et
1219 3565 1626 3618 consolationem
1673 3566 1730 3618 in

133 3658 401 3712 charitate
457 3665 571 3719 tua,
619 3655 741 3725 quia
785 3655 979 3708 viscera
1019 3663 1319 3707 sanctorum
1368 3655 1726 3722 requieverunt

132 3762 231 3816 per
257 3753 325 3808 te,
353 3743 537 3812 frater.
567 3743 784 3797 Plenius
826 3741 1061 3796 inculcat
1089 3750 1144 3795 et
1171 3742 1361 3796 edocet
1390 3755 1559 3810 quare
1579 3741 1733 3794 dixe-

134 3837 213 3890 rit
240 3835 456 3890 Gratias
481 3852 578 3903 ago
622 3835 732 3888 Deo
759 3851 894 3896 meo,
953 3849 1156 3902 semper
1182 3834 1488 3887 memoriam
1532 3833 1609 3885 tui
1649 3832 1731 3900 fa-

133 3929 285 3981 ciens
311 3928 361 3980 in
385 3926 706 3979 orationibus
733 3926 883 3979 meis.
912 3926 1142 3995 Dignam
1167 3925 1434 3993 siquidem
1467 3931 1588 3977 erat
1606 3939 1730 3993 age-

136 4033 203 4072 re
229 4016 434 4087 gratias
461 4015 572 4069 Deo
600 4030 812 4084 semper
837 4030 933 4084 pro
961 4015 1224 4068 charitate
1244 4014 1596 4078 Philemonis,
1636 4013 1728 4082 qui

135 4109 417 4163 internum
446 4107 622 4161 cordis
645 4105 916 4170 affectum,
938 4113 992 4159 et
1010 4105 1306 4175 profundos
1335 4106 1500 4161 animi
1523 4113 1732 4161 sancto«

136 4213 266 4253 rum
289 4213 538 4252 recessus
563 4197 904 4266 suscipiendo
930 4195 1358 4267 rcfrigeraverat.

214 4307 398 4378 (Vers.
423 4305 478 4369 8,
510 4304 588 4372 9.)
612 4305 829 4373 Propter
851 4304 990 4374 quod
1019 4305 1238 4356 multam
1262 4305 1513 4372 fiduciam
1533 4307 1728 4361 habens

137 4398 199 4450 in
229 4396 441 4450 Christo
463 4394 588 4448 Jesu
611 4393 902 4462 imperandi
923 4392 1015 4445 tibi
1051 4393 1189 4462 quod
1216 4394 1284 4446 ad
1312 4411 1417 4447 rem
1473 4397 1727 4464 pertinet;

138 4496 192 4540 et
217 4495 428 4556 propter
447 4484 752 4537 charitatem
791 4484 956 4552 magis
988 4483 1218 4548 obsecro,
1243 4501 1362 4537 cum
1386 4485 1457 4538 sis
1479 4485 1622 4550 talis,
1675 4495 1729 4539 ut

140 4575 354 4629 Paulus
399 4593 573 4640 senex,
604 4591 740 4628 nunc
779 4584 952 4628 autem
995 4584 1060 4628 et'
1092 4577 1292 4630 vinctus
1337 4576 1464 4630 Jesu
1513 4575 1726 4632 Christi.

144 4668 333 4722 Multis
387 4683 512 4738 erga
542 4666 910 4721 Philemonem
942 4667 1190 4722 laudibus
1238 4678 1362 4722 ante
1412 4671 1727 4738 praemissis,

141 4774 274 4827 cum
305 4773 392 4812 res
423 4758 542 4834 talis
570 4759 640 4811 sit
669 4773 767 4826 pro
796 4773 901 4826 qua
928 4767 1215 4826 rogaturus
1246 4769 1349 4822 est,
1377 4775 1496 4828 qum
1517 4768 1570 4813 et
1593 4776 1731 4829 pra:-

142 4851 315 4906 stanti
343 4851 412 4904 sit
439 4849 584 4903 utilis
612 4859 666 4904 et
692 4849 923 4919 roganti,
971 4857 1180 4918 poterat
1205 4849 1402 4904 Paulus
1432 4851 1602 4918 magis
1630 4851 1731 4903 im-

143 4956 345 5011 perare
373 4954 533 5008 quam
559 4947 776 5007 petere;
833 4940 926 4994 sed
971 4939 1072 4993 hoc
1101 4954 1166 4992 ex
1199 4939 1393 4993 fiducia
1427 4939 1515 4993 illa
1547 4940 1729 4994 venie-

144 5033 264 5091 liat,
287 5028 429 5099 quod
454 5028 544 5098 qui
591 5036 736 5082 tanta
770 5028 839 5082 ob
863 5027 1135 5082 Christum
1172 5042 1334 5096 opera
1365 5037 1725 5098 perpetrarat,

147 5119 344 5189 utique
383 5120 555 5187 impar
584 5118 665 5172 sui
720 5118 770 5171 in
823 5118 1032 5173 caeteris
1056 5133 1176 5172 esse
1230 5133 1333 5171 non
1365 5125 1595 5185 poterat.
1626 5117 1732 5172 Sed

152 5213 275 5266 vult
304 5211 473 5281 magis
514 5219 696 5279 petere
723 5226 882 5279 quam
904 5211 1118 5279 jubere,
1144 5209 1330 5280 grandi
1375 5210 1606 5277 petentis
1635 5225 1730 5263 au-

151 5303 409 5359 ctoritate
444 5301 739 5370 proposita,
800 5315 894 5370 per
943 5316 1107 5369 quam
1147 5299 1433 5368 Apostolus
1459 5301 1732 5362 obsecrat,

150 5403 209 5448 et
240 5408 402 5446 senex
433 5399 486 5444 et
517 5390 726 5444 vinctus
775 5388 901 5444 Jesu
927 5390 1153 5444 Christi.
1183 5390 1377 5444 Totum
1407 5396 1587 5461 autem
1636 5404 1736 5457 pro

151 5496 267 5549 quo
298 5486 471 5545 rogat,
531 5477 660 5533 illud
687 5487 790 5533 est.
841 5477 1125 5534 Onesimus
1169 5494 1355 5533 servus
1406 5475 1738 5533 Philemonis

157 5570 340 5638 fugam
379 5566 521 5619 furto
541 5568 822 5638 cuumlans
855 5567 1098 5635 (pandam
1128 5566 1202 5620 rei
1256 5565 1562 5621 domestica:
1589 5581 1737 5620 com—

157 5659 374 5729 pilarat.
425 5657 523 5711 llic
551 5672 774 5727 pergens
801 5659 866 5713 ad
891 5657 1117 5724 Italiam,
1154 5674 1219 5713 nc
1242 5659 1306 5713 de
1327 5659 1573 5727 proximo
1603 5657 1736 5712 faci-

157 5747 262 5801 lius
289 5753 474 5816 posset
502 5745 848 5814 apprehendi,
904 5747 1184 5815 pecuniam
1216 5747 1416 5803 domini
1460 5762 1554 5816 per
1581 5746 1737 5802 luxu-

1756 4526 1808 4585 D

1825 1937 2054 2006 fugitivo
2079 1945 2245 2008 atque
2291 1947 2510 2008 raptore
2539 1939 2788 1995 minister
2815 1942 3044 2010 apostoli
3073 1942 3246 1999 factus
3274 1958 3412 2000 erat.

1824 2026 1977 2094 Quod
2008 2035 2189 2082 autem
2239 2028 2383 2082 aliud
2436 2030 2672 2084 habebat
2695 2029 2987 2100 Apostolus
3033 2033 3414 2099 ministerium,

1824 2118 1927 2173 nisi
1976 2117 2254 2188 Evangelii
2305 2118 2509 2174 Christi
2559 2119 2723 2175 Jcsu?
2771 2119 2890 2175 iam
2935 2137 3041 2176 non
3069 2125 3220 2192 quasi
3254 2141 3284 2178 a
3323 2127 3420 2180 do-

1825 2207 1992 2272 mino,
2047 2209 2142 2263 sed
2185 2209 2337 2277 quasi
2377 2225 2406 2262 a
2461 2225 2722 2265 conservo
2751 2219 2806 2265 et
2836 2214 3239 2283 coevangclista
3268 2216 3416 2286 igno-

1826 2306 2071 2352 sceretur
2099 2299 2148 2353 ei
2173 2298 2266 2369 qui
2295 2313 2487 2352 servus
2534 2306 2680 2354 esset
2709 2297 2910 2354 Christi
2942 2301 3192 2358 similiter
3221 2311 3276 2358 et
3317 2305 3422 2359 mi-

1826 2389 2021 2443 nister.

1900 2498 2074 2568 (Vers.
2113 2497 2224 2569 10.)
2256 2497 2480 2552 Obsecro
2501 2509 2550 2553 te
2578 2516 2672 2570 pro
2706 2517 2816 2554 meo
2839 2501 2952 2570 [ilio
2977 2519 3127 2572 quem
3154 2507 3311 2574 genui
3359 2507 3418 2559 in

1827 2586 2046 2641 vinculis
2069 2585 2336 2642 Onesimo.
2383 2588 2582 2643 Volens
2628 2590 2920 2658 impetrare
2973 2595 3116 2660 quod
3161 2595 3414 2662 postulat,

1819 2677 1932 2746 jam
1962 2695 2067 2733 non
2097 2694 2194 2748 pro
2217 2694 2374 2734 servo
2417 2679 2765 2743 Philemonis,
2800 2683 2892 2736 sed
2940 2697 3037 2750 pro
3067 2683 3177 2738 filio
3207 2700 3305 2740 suo
3361 2701 3420 2741 se

1830 2768 2021 2822 asserit
2045 2769 2354 2838 deprecari,
2383 2778 2436 2824 et
2457 2769 2546 2824 illo
2584 2771 2693 2825 filio
2737 2787 2894 2840 quem
2927 2784 3190 2842 genuerat
3220 2775 3273 2830 in
3301 2777 3420 2830 vin-

1829 2855 1966 2911 culis
1993 2856 2290 2927 Evangelii,
2325 2858 2424 2912 boc
2453 2867 2536 2914 est
2581 2875 2740 2928 quem
2765 2875 2865 2928 pro
2891 2861 3092 2916 Christi
3127 2864 3420 2936 Evangelio

1830 2946 2152 3001 sustinebat.
2209 2945 2387 3018 (Vers.
2440 2949 2552 3018 Η.)
2595 2949 2700 3015 Qui
2748 2950 2840 3004 tibi
2883 2952 3170 3022 aliqttando
3215 2952 3420 3010 inutilis

1832 3035 1949 3104 fuit.
1977 3035 2116 3103 Tibi,
2145 3038 2340 3106 inquit,
2372 3038 2494 3103 soli,
2519 3055 2625 3093 non
2655 3042 2888 3095 caeteris.
2911 3039 3062 3096 Nunc
3087 3059 3117 3097 e
3145 3047 3422 3100 contrario

1830 3128 2081 3182 utilitatis
2108 3129 2565 3198 compensatione,
2600 3146 2705 3199 qua
2733 3139 2787 3183 et
2808 3131 2910 3201 ipsi
2939 3132 3156 3187 domino
3179 3142 3232 3188 et
3252 3134 3423 3191 Paulo

1831 3217 1980 3271 utilis
2020 3225 2125 3283 est,
2178 3218 2498 3287 carterisque
2543 3235 2639 3288 per
2669 3219 2916 3286 Paulum,
2964 3221 3084 3291 plus
3135 3225 3419 3282 eharitatis

1830 3316 2089 3372 meretur,
2123 3322 2283 3376 quam
2304 3309 2412 3363 odii
2451 3318 2577 3363 ante
2615 3319 2905 3365 meruerat.
2941 3312 3093 3368 Unde
3118 3315 3192 3367 ait
3223 3333 3234 3368 :
3270 3332 3413 3370 nunc

1832 3405 2005 3449 autem
2053 3407 2101 3450 et
2126 3398 2219 3452 tibi
2262 3408 2308 3452 et
2340 3399 2470 3452 mihi
2500 3400 2644 3454 utilis
2674 3401 2850 3471 (Vcrs.
2882 3402 3027 3473 12.);
3078 3405 3205 3472 quia
3242 3404 3335 3459 illo
3362 3406 3416 3460 in

1832 3502 2050 3542 carcere
2074 3489 2408 3559 vinculisque
2455 3491 2694 3557 detento,
2734 3501 2919 3562 posset
2944 3493 2995 3548 ei
3035 3494 3088 3548 in
3122 3494 3414 3566 Evangelio

1832 3575 2162 3630 ministrare.
2202 3576 2280 3632 Tu
2308 3588 2480 3632 autem
2510 3579 2660 3633 illum
2713 3591 2769 3634 ut
2810 3597 2925 3634 mea
2955 3583 3152 3637 viscera
3185 3587 3414 3654 suscipe.

1831 3663 2050 3718 Viscera
2076 3666 2381 3736 significant
2401 3668 2672 3722 interdum
2707 3671 2887 3725 cordis
2911 3670 3183 3738 affectum,
3226 3681 3283 3728 et
3306 3675 3419 3743 ple—

1831 3767 1957 3806 nam
1988 3767 2054 3807 ex
2097 3754 2276 3810 animo
2311 3757 2664 3822 voluntatem,
2709 3775 2832 3813 cum
2877 3768 3047 3815 totum
3087 3761 3346 3832 quidquid
3385 3781 3416 3818 a

1831 3845 1987 3900 nobis
2024 3854 2109 3900 est
2139 3848 2430 3918 suscipitur
2468 3864 2498 3902 a
2530 3859 2735 3920 rogato.
2767 3850 2940 3904 Aliter
2968 3861 3172 3918 autem,
3223 3871 3418 3909 omnes

1829 3931 1984 3991 liberi
2026 3934 2234 3990 viscera
2262 3945 2387 3990 sunt
2414 3937 2756 4008 intelligenda
2787 3949 3091 4008 parentum.
3133 3941 3297 4007 Quem
3323 3961 3418 4013 ego

1833 4023 2102 4078 voluerant
2151 4043 2354 4081 meeum
2380 4030 2620 4094 retinere,
2652 4040 2706 4082 ut
2728 4047 2823 4099 pro
2862 4041 2910 4084 te
2933 4034 3060 4085 mihi
3100 4035 3422 4091 ministraret

1820 4114 1884 4166 ‘in
1911 4114 2128 4169 vinculis
2169 4115 2440 4186 Evangelii
2477 4117 2649 4188 (Vcrs.
2687 4119 2797 4189 15.)
2820 4120 3025 4176 “circo
3051 4124 3221 4177 filium
3254 4141 3414 4180 suum

1833 4211 1888 4255 et
1919 4203 2085 4258 filium
2112 4207 2444 4261 vinculorum
2472 4219 2525 4262 et
2547 4209 2854 4266 ministrum
2885 4212 3161 4283 Evangelii
3208 4214 3260 4268 in
3299 4216 3422 4272 vin-

1831 4293 1966 4347 culis
1995 4296 2270 4349 constituti
2301 4297 2532 4351 inculcat
2573 4310 2733 4369 alque
2765 4302 3008 4370 replicat,
3037 4313 3096 4357 ut
3136 4305 3420 4364 Philemon

1833 4383 1921 4436 ille
1947 4384 2240 4452 prudenter
2272 4395 2326 4440 et
2354 4388 2744 4456 dispensawrie
2770 4400 2977 4446 tantum
3017 4393 3069 4446 in
3102 4395 3420 4462 praefatione

1836 4471 2102 4538 laudatus,
2147 4490 2253 4528 non
2294 4477 2516 4531 auderet
2564 4495 2782 4549 negare,
2817 4497 2883 4536 ne
2913 4483 3025 4537 suis
3057 4483 3314 4542 laudibus
3336 4487 3417 4542 vi-

1838 4564 2058 4618 deretur
2105 4565 2372 4636 indignus.
2425 4567 2601 4638 (Vers.
2650 4571 2761 4642 M.)
2795 4571 2919 4626 Sine
2972 4573 3191 4627 consilio
3238 4587 3414 4631 autem

1837 4663 1926 4706 tuo
1952 4653 2080 4708 nihil
2111 4653 2247 4708 volui
2273 4655 2477 4724 facere;
2505 4660 2580 4711 uti
2625 4678 2688 4714 ne
2712 4661 2846 4714 velut
2895 4680 2959 4716 ea:
2989 4668 3293 4723 necessitate
3327 4670 3418 4723 bo-

1837 4759 1958 4794 num
1987 4752 2133 4796 tuum
2160 4756 2310 4810 esset,
2348 4737 2831 4805 scd‘roluntaritun.
2865 4754 3044 4808 Potuit
3076 4757 3253 4826 itaque
3288 4775 3417 4829 apo-

1835 4833 2003 4887 stolus
2025 4832 2217 4888 Paulus
2239 4837 2440 4905 absque
2464 4839 2734 4896 voluntate
2758 4843 3082 4901 Philemonis
3104 4847 3415 4906 Onesimum

1836 4921 1936 4975 sibi
1963 4923 2270 4977 ministrum
2298 4934 2598 4992 retentare;
2630 4930 2722 4982 sed
2750 4932 2792 4983 si
2821 4933 2922 4986 hoc
2944 4934 3060 4988 sine
3086 4935 3416 4994 Philemonis

1838 5010 2111 5066 voluntate
2133 5010 2367 5078 fecisset,
2399 5015 2597 5068 bonum
2619 5019 2833 5085 quidem
2871 5022 2988 5074 erat
3008 5023 3164 5093 ejus,
3191 5029 3284 5081 sed
3312 5045 3415 5083 non

1839 5103 2220 5157 voluntarium.
2253 5104 2406 5170 Quod
2428 5115 2609 5162 autem
2632 5123 2736 5162 non
2758 5119 2877 5164 erat
2896 5112 3278 5180 voluntarium,
3309 5119 3416 5172 alio

1839 5208 2037 5261 genere
2082 5195 2410 5263 arguebatur
2462 5212 2568 5250 non
2614 5213 2733 5253 esse
2773 5200 2990 5256 bonum.
3036 5202 3175 5258 Nihil
3219 5206 3416 5278 quippe

1842 5283 2039 5338 bonum
2069 5285 2172 5339 dici
2191 5296 2391 5356 potest,
2416 5291 2558 5358 quod
2581 5290 2883 5346 ultroneum
2909 5304 3012 5349 est.
3047 5295 3123 5350 Ex
3147 5313 3254 5367 quo
3275 5299 3416 5368 Apo-

1842 5374 1965 5427 stoli
1995 5377 2382 5434 consideranda
2421 5383 2727 5448 prudentia,
2779 5385 2869 5454 qui
2897 5385 3099 5444 idcirco
3130 5387 3414 5461 fugitivum

1842 5481 2054 5522 servum
2088 5471 2314 5525 remittit
2355 5473 2418 5526 ad
2445 5473 2742 5538 dominum,
2794 5484 2851 5528 ut
2879 5478 3049 5545 possit
3076 5481 3291 5535 domino
3318 5499 3416 5538 suo

1842 5562 2117 5630 prodesse,
2148 5563 2237 5631 qui
2269 5564 2523 5633 prodesse
2551 5582 2654 5620 non
2686 5575 2897 5635 poterat
2927 5569 2970 5622 si
3013 5569 3230 5624 domino
3273 5581 3415 5626 tene-

1843 5663 1991 5710 retur
2011 5652 2253 5707 absente.

1913 5744 2099 5816 (Vcrs.
2129 5743 2186 5798 l5
2206 5745 2250 5818 .)
2273 5743 2515 5800 Forsitan
2543 5747 2656 5804 ideo
2693 5748 2940 5803 discessit.
2965 5749 3193 5806 Pulchre
3235 5761 3412 5806 autin:
