3906 6342
469 386 570 441 9ιό

1549 387 1676 443 CLA
1689 389 1822 447 UDll
1863 384 2326 444 TAURINENSIS
2365 385 2671 445 EPISCOPI

3634 395 3736 451 916

461 505 666 558 addens
693 501 938 571 forsitan,
967 499 1289 555 sententiam
1323 504 1671 569 temperavit;
1695 502 1904 558 occulta
1919 509 2043 556 sunt
2069 503 2116 562 Α
2146 513 2243 567 per
2267 514 2428 568 quam
2450 499 2495 553 si
2527 501 2826 568 transieris,
2861 516 3085 575 eamque
3129 507 3193 561 ad
3232 507 3362 561 illud
3409 509 3499 563 ubi
3536 525 3745 579 penna-

461 595 657 667 quippe
675 593 876 662 judicia
904 593 1020 658 Dei,
1049 601 1102 646 et
1134 593 1478 647 temerarium
1506 602 1590 648 est
1623 595 1779 664 quasi
1802 594 1868 649 de
1894 602 2043 649 certo

461 685 812 755 pronuntiare
847 683 989 752 quod
1018 682 1237 737 dubium
1260 691 1363 738 est.
1396 681 1669 750 Forsitan,
1699 685 1891 754 inquit,
1928 685 2045 741 ideo

462 776 719 831 discessit.
747 775 940 840 Caute,
972 775 1176 840 timide,
1215 773 1551 845 trepidando,
1575 784 1630 830 et
1660 790 1767 831 non
1795 770 1908 831 toto
1939 777 2046 831 fixo

463 869 654 939 gradu.
688 864 745 922 Si
776 881 879 921 non
905 866 1177 935 posuisset
1207 865 1449 935 forsitan,
1475 867 1724 922 omnibus
1754 870 1926 924 servis
1964 868 2047 923 fu-

461 958 714 1026 giendum
741 965 905 1021 esset,
931 966 988 1010 ut
1011 955 1251 1026 Apostoli
1283 955 1474 1011 fierent
1515 958 1780 1028 discipuli.
1823 960 1903 1013 Ad
1947 959 2044 1013 ho-

462 1063 576 1100 ram
601 1055 725 1101 ate.
758 1045 912 1113 Quod
937 1053 1114 1100 autem
1141 1045 1208 1099 ad
1235 1045 1418 1099 horam
1462 1033 1660 1114 iunxit,
1706 1048 1898 1103 horam
1949 1064 2048 1119 pro

461 1147 703 1206 tempore
721 1136 980 1191 debemus
1008 1135 1275 1204 accipere.
1306 1135 1387 1189 Ad
1409 1138 1868 1206 comparationem
1901 1142 2046 1196 enim

461 1228 797 1290 teternitatis,
823 1237 984 1280 omne
1014 1233 1225 1295 tempus
1257 1225 1423 1280 breve
1451 1234 1552 1281 est.
1599 1227 1777 1297 (Vers.
1822 1230 1906 1285 16.
1939 1229 2046 1302 )Ut

463 1324 714 1370 trterrtum
768 1313 918 1368 illum
988 1315 1259 1384 reciperes,
1311 1317 1431 1385 jam
1483 1334 1586 1371 non
1634 1320 1768 1372 sicut
1823 1337 2048 1387 servum,

461 1406 552 1460 sed
601 1422 696 1476 pro
742 1421 889 1460 servo
947 1404 1312 1458 charissimam
1364 1405 1604 1475 fratrem.
1653 1409 1842 1465 Nullus
1891 1421 2050 1466 aeter-

464 1512 567 1552 nus
608 1497 858 1553 dominus
907 1498 1050 1553 servi
1108 1498 1222 1564 sui;
1269 1505 1510 1568 potestas
1565 1502 1761 1572 quippe
1813 1501 1950 1571 ejus,
1996 1514 2054 1561 et

463 1590 746 1659 utriusque
803 1590 1063 1655 conditio,
1120 1599 1295 1646 mone
1337 1589 1542 1645 finitur.
1581 1591 1869 1651 Onesimus
1920 1610 2050 1652 vero

468 1679 553 1748 qui
606 1693 674 1734 ex
727 1678 831 1733 nde
883 1678 1086 1734 Christi
1153 1679 1328 1736 factus
1389 1688 1623 1738 aeternus
1692 1693 1778 1740 est
1847 1694 2052 1742 aeterno

465 1767 784 1834 Philemoni,
815 1769 942 1839 quia
971 1770 1024 1823 in
1047 1769 1322 1825 Christum
1359 1779 1413 1824 et
1445 1772 1554 1841 ipse
1580 1775 1900 1842 crediderat,
1943 1778 2045 1846 spis

2147 591 2379 644 nendum
2410 598 2493 644 est
2512 590 2783 658 retuleris,
2815 595 2980 649 uteris
3000 609 3083 660 ea,
3127 604 3181 650 et
3219 598 3450 652 abusive
3484 615 3591 652 non
3627 617 3746 670 pru-

2145 679 2264 748 prie
2288 681 2482 736 diceris
2503 682 2629 738 frui.
2666 682 2723 737 Si
2763 700 2892 739 vero
2927 687 3208 742 inhmseris
3247 704 3311 743 ac
3346 693 3738 758 permanseris,

2147 766 2314 822 finem
2337 769 2392 824 in
2423 784 2485 824 ea
2515 786 2720 840 ponens
2745 772 2944 827 laetitite
2974 781 3100 838 tute,
3126 781 3252 829 tunc
3278 790 3410 829 vero
3434 786 3490 830 et
3531 780 3746 847 proprie

2145 855 2252 912 frui
2279 859 2535 918 dicendus
2558 878 2646 930 es;
2679 864 2932 932 quoniam
2957 879 3064 918 non
3099 863 3386 918 fruendum
3426 875 3512 920 est
3554 868 3660 920 nisi
3688 884 3741 922 ι-

2147 947 2234 1003 illa
2263 950 2542 1018 Trinitatc,
2569 954 2622 1009 id
2648 964 2731 1009 est
2762 971 2971 1010 summo
3013 963 3067 1009 et
3105 955 3539 1011 ineommutabili
3583 958 3740 1011 bono.

2149 1038 2318 1109 Reﬁce
2340 1045 2535 1097 viscera
2557 1061 2671 1098 mea
2691 1046 2746 1099 in
2781 1043 3008 1100 Christo.
3052 1044 3205 1100 Sicut
3241 1047 3357 1116 ipse
3403 1048 3520 1101 vult
3563 1047 3741 1102 Phile-

2149 1131 2427 1187 monefrui
2452 1133 2506 1186 in
2527 1134 2771 1203 Domino,
2790 1137 2862 1191 ita
2887 1138 3094 1191 viscera
3113 1153 3207 1192 sua
3224 1138 3566 1204 Onesimum,
3585 1156 3746 1209 quem

2150 1228 2203 1274 et
2227 1224 2473 1293 superius
2505 1226 2693 1281 eodem
2727 1231 2944 1284 nomine
2977 1231 3286 1300 appellavit,
3316 1231 3467 1285 reﬁci
3502 1232 3624 1284 vult
3657 1247 3751 1300 per.

2150 1309 2536 1368 Philemonem.
2571 1314 2849 1383 Conﬁdens
2872 1319 2928 1370 in
2950 1319 3240 1372 obedientia
3272 1329 3363 1372 tua
3403 1321 3597 1388 scripsi
3632 1322 3744 1383 tibi,

2150 1402 2316 1455 sciens
2364 1405 2612 1472 quoniam
2659 1415 2706 1458 et
2751 1422 2907 1475 super
2924 1406 2980 1459 id
3026 1409 3164 1477 quod
3185 1409 3302 1462 dico
3339 1410 3524 1478 facies.
3563 1409 3744 1480 (νει-ε.

2151 1492 2390 1559 2i.)Qui
2442 1497 2783 1566 prmsumpsit
2843 1497 2908 1552 de
2954 1511 3019 1553 eo
3063 1514 3224 1568 quem
3283 1511 3576 1570 rogaturus
3643 1513 3744 1564 est,

2153 1582 2321 1652 ipsam
2373 1583 2766 1652 quodammodo
2793 1589 3265 1656 prmsumptionem
3305 1590 3647 1659 prtejudicat,
3683 1607 3745 1645 ne

2168 1673 2217 1726 ei
2256 1687 2450 1744 negare
2496 1673 2657 1729 liceat
2699 1678 2840 1745 quod
2875 1687 3114 1748 rogatur.
3137 1678 3304 1734 Porro
3335 1682 3376 1734 si
3403 1682 3507 1733 scit
3539 1681 3632 1734 ille
3657 1684 3744 1750 qui

2153 1765 2389 1833 postulat
2409 1765 2528 1835 plus
2575 1782 2736 1837 quam
2767 1777 2987 1838 rogatur
3020 1779 3263 1839 rogatum
3294 1785 3413 1825 esse
3449 1772 3741 1836 faciurum,

465 1862 571 1915 ritu
594 1861 862 1916 libertatis
876 1869 1118 1930 accepto,
1136 1859 1250 1930 jam
1273 1878 1378 1918 non
1401 1878 1612 1930 servus,
1633 1866 1726 1920 sed
1753 1865 1922 1921 frater
1939 1841 2050 1922 cte-

2154 1857 2273 1912 ideo
2293 1858 2503 1913 minora
2525 1859 2678 1928 petit,
2702 1868 2760 1913 ut
2797 1859 2996 1915 habeat
3037 1869 3257 1931 rogatus
3289 1861 3654 1916 voluntariam
3695 1875 3747 1918 et

463 1952 542 2020 pit
566 1966 687 2006 esse
708 1951 774 2006 de
794 1965 968 2016 servo,
998 1949 1167 2006 frater
1189 1953 1565 2020 charissimus,
1589 1953 1758 2010 frater
1787 1965 2043 2025 :eternus,

462 2041 857 2110 mternoetipse
870 2041 1112 2111 apostolo
1135 2042 1460 2113 dominoque
1482 2060 1579 2100 suo
1598 2063 1611 2112 ;
1636 2047 1720 2101 cui
1735 2045 2049 2104 Onesimum

465 2137 524 2183 ut
553 2131 733 2184 carnis
763 2131 1021 2195 conditio,
1047 2131 1214 2185 multo
1245 2133 1474 2202 amplius
1502 2143 1688 2203 postea
1715 2137 1937 2206 spiritus
1960 2153 2049 2194 co-

463 2221 704 2293 pulabat.
736 2223 803 2277 Et
832 2231 944 2277 tum
976 2225 1191 2294 quidem
1223 2225 1439 2294 quando
1460 2235 1578 2281 erat
1604 2227 1651 2281 ei
1684 2227 1959 2296 subjectus
1995 2229 2050 2283 in

467 2327 653 2378 carne,
681 2328 788 2367 non
819 2321 937 2367 erat
962 2315 1010 2367 ei
1035 2314 1254 2383 junctus
1282 2315 1336 2368 in
1367 2315 1612 2370 Domino.
1646 2317 1724 2370 Ex
1755 2332 1861 2386 quo
1896 2318 2050 2373 intel-

464 2399 704 2470 ligimus,
751 2415 968 2455 servum
999 2402 1090 2471 qui
1121 2403 1414 2457 crediderit
1461 2404 1514 2457 in
1570 2403 1804 2469 Christo,
1853 2406 2050 2477 duplici

463 2488 682 2544 domino
705 2504 807 2545 suo
833 2488 952 2560 lege
977 2491 1296 2559 constringi,
1320 2498 1377 2545 ut
1398 2492 1448 2545 ei
1470 2500 1524 2546 et
1553 2494 1732 2548 carnis
1756 2496 2047 2551 necessita-

465 2585 520 2631 te
548 2577 807 2648 jungatur
840 2579 908 2633 ad
941 2587 1174 2647 tempus,
1211 2588 1266 2634 et
1296 2580 1350 2633 in
1380 2588 1640 2636 aeternum
1669 2582 1860 2652 spiritu
1888 2599 2051 2655 copu-

466 2667 624 2721 letur.
653 2666 838 2738 (Vers.
858 2667 968 2740 17.)
984 2667 1040 2724 Si
1054 2685 1176 2740 ergo
1190 2670 1346 2725 [tabes
1359 2687 1439 2725 me
1449 2672 1884 2744 socium,.suscipe
1900 2674 2050 2730 illum

464 2758 601 2812 sicut
624 2774 726 2812 me.
751 2757 904 2825 Quod
927 2760 1076 2826 dicit,
1113 2761 1420 2832 hujusmodi
1444 2772 1528 2819 est
1551 2781 1564 2817 :
1591 2762 1645 2819 Si
1671 2780 1756 2820 me
1779 2766 1862 2821 vis
1887 2767 2051 2823 habe-

469 2862 528 2904 re
575 2849 800 2915 socium,
840 2850 1037 2907 habeto
1067 2859 1122 2908 et
1155 2851 1487 2921 Onesimum,
1505 2871 1666 2927 quem
1697 2872 1797 2930 ego
1831 2874 2051 2916 consor-

469 2943 576 2991 tem
605 2944 660 2992 et
689 2936 857 2994 lilium
885 2947 940 2994 et
967 2941 1178 2997 viscera
1226 2959 1344 2998 mea
1393 2945 1585 3000 habeo.
1632 2947 1802 3014 Quem
1853 2951 1898 3004 si
1942 2968 2051 3007 non

468 3028 745 3097 suscipere
772 3045 872 3085 nec
893 3031 1094 3088 habere
1124 3032 1378 3100 volueris,
1395 3045 1449 3090 et
1470 3036 1584 3107 ipse
1618 3038 1883 3110 intelliges
1909 3045 2052 3112 quod

469 3130 556 3169 me
576 3117 776 3173 habere
812 3134 917 3175 non
956 3122 1152 3190 possis.

540 3226 867 3301 (Vers.18.)
891 3228 949 3284 Si
981 3240 1153 3286 autem
1192 3231 1392 3306 aliquid
1416 3237 1590 3289 nocuit
1630 3246 1721 3290 aut
1761 3237 1926 3303 debet,
1953 3238 2049 3290 hoc

470 3320 594 3373 mihi
614 3321 831 3390 imputo.
855 3321 1098 3378 lmitator
1124 3323 1327 3381 domini
1373 3328 1476 3393 sui,
1517 3337 1572 3383 et
1602 3328 1875 3384 Christum
1910 3331 1962 3384 in
1992 3345 2050 3384 se

469 3407 776 3476 loquentem
804 3412 1029 3478 habens,
1057 3428 1118 3468 ea
1148 3415 1302 3485 juxta
1341 3418 1485 3473 vires
1517 3433 1644 3474 suas
1674 3421 1833 3494 debet
1869 3419 2051 3476 facere

470 3513 590 3567 qua:
611 3498 875 3556 Christus.
902 3501 960 3556 Si
981 3503 1122 3557 enim
1152 3503 1240 3559 ille
1277 3506 1616 3564 infirmitates
1638 3519 1849 3564 nostras
1871 3519 2052 3579 porta-

471 3588 569 3652 vit,
610 3596 667 3643 et
713 3588 901 3658 plagas
963 3599 1178 3646 nostras
1218 3593 1407 3661 doluit,
1451 3595 1598 3664 juste
1633 3597 1916 3667 Apostolus
1954 3613 2052 3667 pro

472 3676 728 3733 Onesimo
750 3694 806 3734 se
829 3681 1069 3750 opponit,
1093 3691 1147 3736 et
1166 3685 1390 3753 spondet
1417 3701 1535 3756 qure
1568 3687 1654 3742 ille
1693 3687 1941 3744 debebat.
1983 3689 2052 3744 Ut

472 3773 653 3821 autem
675 3782 837 3836 supra
860 3770 1115 3836 diximus,
1143 3779 1314 3825 totum
1350 3773 1478 3827 illud
1514 3785 1598 3830 est
1634 3779 1776 3844 quod
1811 3777 2050 3831 ablatum

473 3855 637 3921 furto,
661 3865 714 3912 et
738 3858 948 3914 luxuria
973 3861 1264 3929 perditum,
1296 3877 1401 3917 non
1431 3872 1645 3933 poterat
1667 3866 2050 3936 absolvi,quod

474 3946 753 4002 Philemon
769 3949 954 4019 grandi
984 3953 1159 4019 pretio
1179 3954 1582 4023 compensabat,
1602 3957 1728 4010 dum
1761 3972 1862 4026 pro
1894 3972 2050 4012 servo

473 4035 719 4107 fugitivo,
744 4049 796 4094 ct
815 4043 1040 4109 pecunia
1062 4042 1291 4110 perdita,
1325 4043 1546 4100 fratrem
1575 4047 1950 4101 charissimum
1996 4055 2052 4101 et

475 4130 700 4184 fratrem
730 4131 991 4199 reciperet
1009 4142 1290 4199 mternum,
1318 4142 1372 4188 et
1393 4149 1488 4205 per
1514 4151 1638 4205 eum
1676 4135 1778 4190 sibi
1810 4138 2048 4205 Aposto-

474 4219 584 4273 lum
618 4218 818 4274 faceret
834 4220 1148 4276 debitorem.
1177 4223 1288 4292 Ego
1311 4222 1513 4278 Paulus
1533 4226 1716 4296 scripsi
1738 4243 1848 4281 mea
1867 4243 2047 4294 manu,

475 4325 568 4378 ego
595 4307 828 4362 reddam.
866 4309 1052 4380 (Vers.
1088 4312 1210 4383 19.)
1244 4313 1397 4379 Quod
1447 4313 1736 4369 Onesimus
1776 4314 1920 4370 furto
1964 4331 2051 4369 ra-

473 4405 610 4474 puit,
630 4418 730 4474 ego
760 4410 844 4458 m’e
880 4404 1116 4471 spondeo
1145 4402 1499 4458 redditurum.
1534 4404 1704 4472 llujus
1745 4405 2049 4473 sponsionis

475 4496 699 4567 epistola
737 4496 852 4550 haec
908 4503 963 4549 et
1016 4510 1208 4549 manus
1258 4495 1419 4550 testis
1466 4504 1547 4550 est
1592 4495 1829 4565 propria,
1886 4510 2047 4564 quam
2076 4516 2128 4574 D

476 4602 584 4641 non
642 4585 797 4640 solito
864 4600 1010 4639 more
1067 4587 1285 4651 dictavi,
1345 4587 1437 4641 sed
1464 4601 1580 4640 mea
1649 4600 1810 4639 manu
1875 4585 2047 4655 ipsam

475 4676 794 4746 conscripsi.
849 4675 910 4728 Et
951 4692 1051 4729 non
1093 4677 1266 4731 dicam
1324 4677 1438 4742 tibi,
1493 4676 1630 4746 quod
1675 4684 1726 4730 et
1780 4684 1829 4729 te
1877 4677 2047 4744 ipsum

474 4765 605 4819 mihi
625 4764 794 4818 debes.
830 4763 1053 4834 Propter
1095 4781 1398 4820 sermonem
1447 4765 1591 4819 enim
1638 4765 1837 4820 Christi
1890 4780 2050 4833 quem

475 4858 575 4912 tibi
614 4855 999 4925 evangelizavi,
1027 4873 1123 4927 per
1178 4872 1338 4926 quem
1392 4866 1448 4912 et
1517 4855 1856 4911 Christianus
1921 4853 2053 4909 etl‘co

477 4957 599 5003 etus
629 4958 730 5013 est,
777 4955 828 5001 te
877 4948 1006 5002 mihi
1056 4949 1228 5017 ipsum
1272 4947 1450 5002 debes.
1493 4946 1646 5012 Quod
1702 4946 1747 4999 si
1789 4959 1938 4999 meus
1971 4957 2050 5009 es,

477 5049 535 5097 et
556 5051 646 5096 tua
670 5042 849 5097 omnia
887 5054 1005 5095 mea
1047 5049 1192 5104 sunt,
1216 5038 1498 5094 Onesimus
1526 5049 1738 5106 quoque
1789 5036 1878 5104 qui
1933 5043 2054 5089 tuus

478 5143 585 5199 est,
625 5147 778 5188 meus
833 5132 1190 5187 est.Poteram
1225 5129 1388 5198 igitur
1432 5143 1498 5182 eo
1556 5127 1632 5181 uti
1672 5134 1731 5179 ut
1773 5139 1913 5188 meo,
1962 5124 2056 5178 sed

479 5225 743 5281 voluntati
775 5232 879 5279 tua:
917 5222 1184 5292 relinquo,
1215 5229 1276 5276 ut
1297 5220 1603 5276 mercedem
1651 5218 1850 5274 habeas
1907 5217 2057 5287 igno-

481 5314 699 5372 scendo.
732 5312 819 5367 Ita
845 5353 859 5378 ,
886 5311 1068 5382 frater,
1103 5327 1196 5381 ego
1232 5320 1281 5364 te
1311 5310 1463 5380 fruar
1512 5309 1566 5362 in
1615 5305 2054 5377 Domino.(Vers.

482 5406 608 5479 20.)
662 5405 721 5462 Si
772 5406 918 5462 enim
965 5418 1072 5458 non
1122 5403 1414 5457 addidisset
1465 5401 1521 5454 in
1569 5399 1812 5463 Domino,
1859 5397 1952 5452 sed
2011 5406 2059 5449 te

481 5501 636 5568 fruar
705 5504 912 5552 tantum
978 5493 1223 5557 dixisset,
1266 5493 1318 5546 in
1385 5506 1451 5545 eo
1497 5488 1862 5543 constituisset
1912 5501 2060 5556 spem

483 5583 831 5643 beatitudinis
849 5599 958 5640 sua:
974 5600 988 5648 ;
1006 5596 1313 5652 quanquam
1334 5581 1497 5635 etiam
1519 5577 1846 5632 vicinissime
1867 5576 2064 5630 dicitur

485 5679 614 5740 frui,
643 5694 763 5733 cum
793 5677 1079 5732 dilectione
1107 5675 1203 5727 uti.
1237 5673 1369 5728 Cum
1400 5673 1543 5726 enim
1576 5671 1726 5724 adest
1760 5670 1849 5738 qui
1891 5666 2063 5737 diligi-

487 5787 596 5842 tur,
633 5774 791 5828 ctiam
836 5768 1243 5825 delectationem
1278 5780 1459 5820 secum
1492 5777 1709 5818 necesse
1755 5769 1836 5816 est
1877 5770 2060 5830 gerat;

2149 1949 2412 2019 majorum
2433 1950 2779 2019 praestatione
2799 1951 3124 2006 mercedem.
3160 1949 3218 2006 Si
3249 1961 3426 2005 autem
3457 1951 3742 2006 Philemon

2149 2039 2255 2096 hoc
2281 2039 2347 2094 ad
2393 2040 2625 2096 hominis
2673 2049 3000 2110 praeceptum
3044 2040 3196 2107 facit,
3227 2050 3433 2110 quanto
3457 2043 3636 2112 magis
3667 2043 3744 2095 fa-

2150 2133 2256 2189 ciet
2295 2132 2362 2188 οι
2393 2133 2733 2188 dilectionem
2763 2133 2897 2187 Dei?
2942 2132 3096 2188 Unde
3145 2141 3198 2188 et
3252 2134 3448 2188 merito
3497 2134 3739 2202 Apostoli

2150 2237 2285 2278 voce
2338 2222 2608 2288 laudatur,
2656 2223 2798 2294 quod
2851 2225 3103 2279 mandata
3155 2223 3272 2292 ejus
3327 2240 3496 2293 opere
3552 2240 3745 2296 perpe-

2152 2312 2330 2366 trarit.

2223 2399 2755 2471 (Vers.22.)Simul
2787 2409 2961 2454 autem
3000 2409 3050 2455 et
3087 2418 3218 2471 para
3263 2403 3390 2456 mihi
3432 2402 3739 2471 hospitium.

2152 2487 2266 2543 Hoc
2320 2488 2524 2544 idcirco
2555 2489 2684 2544 dicit
2711 2496 2772 2542 ut
2807 2489 2935 2543 dum
2977 2503 3100 2544 eum
3130 2499 3409 2560 exspectat
3459 2489 3742 2546 Philemon

2152 2580 2219 2636 ad
2245 2595 2302 2636 se
2324 2595 2443 2636 esse
2474 2589 2779 2646 venturum,
2804 2580 2976 2651 magis
3011 2579 3176 2635 faciat
3208 2583 3354 2652 quod
3389 2591 3616 2651 rogatus
3637 2591 3738 2647 est,

2151 2683 2207 2730 et
2244 2682 2304 2729 ut
2359 2681 2616 2728 venturus
2660 2673 2728 2728 ad
2773 2688 2970 2728 novam
3013 2674 3296 2729 veritatem
3343 2676 3738 2744 pnedicaturus

2152 2764 2490 2830 cruciﬁxum,
2520 2773 2575 2820 ct
2613 2764 2852 2820 inaudita
2899 2765 3148 2834 dogmata
3196 2765 3493 2829 delaturus,
3537 2768 3739 2822 sciebat

2154 2856 2221 2911 ad
2250 2871 2307 2910 se
2330 2856 2586 2925 plurimos
2623 2870 3011 2919 concursuros;
3045 2865 3099 2912 et
3142 2871 3360 2912 necesse
3403 2866 3525 2911 erat
3573 2859 3737 2926 pluri-

2153 2960 2321 3012 mum,
2358 2953 2418 2999 ut
2446 2945 2636 3000 domus
2666 2945 2720 2998 in
2744 2944 2943 3000 celebri
2973 2955 3116 3001 esset
3148 2947 3295 3001 urbis
3321 2946 3464 3011 loco,
3499 2951 3735 3017 adquam

2154 3037 2310 3094 facile
2339 3037 2961 3102 convcniretur;deinde
2987 3047 3046 3091 ut
3065 3039 3132 3093 ab
3161 3039 3306 3092 omni
3328 3039 3737 3107 importunitate

2155 3144 2344 3195 vacua,
2374 3138 2431 3182 ut
2453 3128 2648 3198 ampla,
2679 3144 2798 3198 qua:
2824 3129 3088 3202 plurimos
3120 3137 3336 3197 caperet
3365 3129 3668 3193 audientes,
3686 3141 3737 3183 et

2155 3233 2222 3273 ne
2251 3219 2495 3288 proxima
2525 3218 2950 3288 spectaculorum
2982 3219 3132 3281 locis,
3172 3235 3236 3273 ne
3259 3220 3403 3289 turpi
3427 3221 3626 3275 vicinia
3649 3220 3738 3276 de-

2155 3310 2418 3364 testabilis
2450 3327 2461 3362 :
2489 3317 2766 3379 postremo
2794 3319 2852 3363 ut
2879 3310 2931 3362 in
2958 3309 3117 3378 plano
3139 3311 3316 3379 potius
3338 3319 3484 3364 esset
3514 3312 3643 3376 sita;
3670 3312 3734 3365 ob

2152 3413 2312 3467 quam
2340 3413 2556 3453 causam
2581 3413 2704 3452 eum
2734 3399 2939 3452 aestima
2966 3399 3127 3452 etiam
3163 3398 3347 3452 Romae
3387 3400 3438 3452 in
3470 3402 3735 3454 conducto

2151 3487 2416 3542 mansisse
2443 3488 2677 3544 biennio.
2709 3486 2817 3542 Nec
2847 3502 3011 3556 parva
3045 3495 3102 3539 ut
3132 3502 3254 3540 reor
3273 3497 3391 3540 erat
3413 3488 3729 3549 mansio,ad

2152 3593 2310 3648 quam
2337 3577 2641 3633 Judteorum
2680 3579 2849 3631 turba:
2877 3577 3113 3645 quotidie
3155 3577 3522 3631 conﬂuebant.
3573 3577 3732 3646 Spero

2151 3669 2287 3721 enim
2307 3683 2397 3738 per
2419 3668 2678 3721 orationes
2701 3675 2894 3721 vestras
2916 3666 3106 3719 donari
3127 3683 3206 3720 me
3227 3668 3388 3719 vobis.
3418 3666 3611 3719 Filium
3643 3680 3732 3734 pa-

2153 3761 2221 3814 tri
2247 3761 2388 3814 Deus
2421 3767 2640 3829 rogatus
2666 3759 2922 3830 indulget,
2951 3767 3006 3812 et
3032 3758 3202 3812 frater
3227 3773 3367 3826 sarpe
3403 3756 3589 3812 fratris
3617 3773 3732 3811 ora-

2153 3850 2301 3904 tione
2340 3858 2616 3916 servatur;
2642 3850 2915 3920 apostolus
2939 3865 3066 3904 vero
3094 3850 3258 3904 totius
3287 3849 3548 3904 Ecclesia:
3569 3852 3733 3917 preci.

2151 3939 2253 3995 bus
2303 3940 2633 4004 conceditur,
2680 3941 2748 3995 ob
2795 3954 2982 3993 eorum
3023 3940 3114 4008 qui
3163 3953 3288 3992 eum
3325 3939 3564 3993 audituri
3611 3948 3732 3994 sunt

2152 4029 2457 4085 utilitatem.
2504 4031 2571 4085 Et
2599 4032 2702 4086 hoc
2746 4031 2945 4086 donum
2988 4046 3097 4085 non
3144 4041 3253 4084 tam
3297 4031 3351 4084 in
3388 4047 3514 4085 eum
3544 4030 3731 4086 dicitur

2153 4133 2272 4174 esse
2297 4119 2643 4188 quidiﬂ'ertur
2663 4121 2920 4189 martyrio
2942 4121 3008 4174 ad
3028 4121 3345 4190 martyrium
3368 4131 3722 4188 praeparatus,

2153 4223 2314 4279 quam
2341 4209 2394 4262 in
2431 4223 2524 4264 eos
2553 4209 2620 4263 ad
2656 4224 2791 4277 quos
2836 4208 3110 4278 apostolus
3154 4209 3412 4262 mittitur.
3455 4208 3607 4275 Quod
3643 4224 3728 4262 au-

2155 4307 2262 4355 tem
2298 4300 2489 4355 crebro
2525 4299 2722 4354 Paulus
2760 4301 2811 4353 in
2851 4314 3071 4354 carcere
3101 4299 3283 4364 fuerit,
3313 4308 3367 4352 et
3398 4298 3468 4353 de
3507 4300 3726 4353 vinculis

2153 4389 2412 4444 liberatus
2443 4391 2531 4453 sit,
2566 4390 2679 4458 ipse
2700 4388 2804 4442 alio
2824 4388 2943 4443 loco
2979 4388 3108 4442 dicit
3140 4406 3151 4440 :
3198 4388 3252 4440 in
3283 4390 3582 4441 carceribus
3626 4389 3725 4456 fre-

2153 4488 2400 4549 quenter;
2449 4479 2513 4532 de
2535 4477 2730 4546 quibus
2761 4493 3142 4546 nonnunquam
3172 4477 3386 4531 Domini
3405 4478 3726 4532 auxiliocre-

2153 4573 2251 4627 bro
2280 4572 2410 4640 ipsis
2439 4570 2873 4640 persecutoribus
2896 4569 3027 4623 nihil
3049 4569 3269 4638 dignum
3293 4569 3348 4622 in
3374 4585 3440 4623 eo
3463 4578 3634 4624 morte
3648 4569 3721 4622 in-

2155 4664 2491 4718 venientibus
2518 4662 2905 4717 dimittebatur.
2940 4659 3179 4714 Necdum
3204 4658 3575 4712 Christianum
3607 4673 3723 4712 san-

2153 4756 2366 4826 guinem
2393 4754 2619 4808 Neronis
2644 4753 2850 4822 gladius
2874 4749 3341 4812 dedicaverat,sed
3366 4764 3465 4817 pro
3491 4750 3723 4802 novitate

2153 4844 2551 4913 praedicationis
2582 4844 2695 4897 sive
2719 4859 2748 4895 a
2769 4841 2970 4896 Judaeis
2996 4839 3381 4902 invidentibus,
3415 4839 3531 4892 sive
3557 4838 3623 4892 ab
3648 4837 3725 4891 his

2153 4935 2244 5004 qui
2276 4949 2370 4988 sua
2398 4934 2653 4988 videbant
2678 4932 2815 4987 idola
2857 4929 3083 4994 destrui,
3128 4928 3195 4983 ad
3241 4927 3482 4982 furorem
3525 4924 3725 4996 populis

2153 5023 2436 5080 concitatis
2465 5022 2613 5077 missi
2643 5024 2697 5076 in
2726 5035 3015 5084 carcerem,
3048 5034 3260 5073 rursum
3287 5018 3494 5086 impetu
3517 5017 3725 5073 etfuro-

2155 5128 2214 5168 re
2237 5112 2476 5180 deposito
2499 5112 2837 5166 laxabantur.
2869 5110 2936 5164 Et
2959 5110 3061 5165 hoc
3089 5109 3164 5163 ita
3197 5123 3338 5173 esse,
3386 5116 3448 5162 ut
3485 5107 3722 5172 dicimus,

2157 5203 2518 5274 apostolorum
2563 5203 2696 5259 Acta
2749 5211 3034 5266 testantur,
3085 5201 3139 5255 in
3186 5201 3382 5270 quibus
3405 5208 3474 5254 et-
3497 5201 3722 5270 Agrippa

2156 5297 2391 5366 loquitur
2413 5298 2479 5350 ad
2499 5296 2717 5350 Festum
2746 5295 2982 5365 potuisse
3021 5292 3217 5347 dimitti
3258 5291 3488 5345 Paulum
3533 5293 3580 5344 si
3626 5305 3724 5344 non

2158 5386 2475 5455 appellasset
2499 5385 2785 5450 Cmsarem,
2824 5393 2880 5438 et
2905 5383 3030 5453 quia
3064 5381 3263 5436 nullam
3293 5381 3567 5435 invenerit
3598 5393 3723 5435 cau-

2160 5490 2292 5540 sam,
2329 5484 2524 5546 praeter
2546 5474 2868 5544 quaestiones
2897 5473 3154 5541 quasdam
3194 5469 3261 5525 de
3309 5469 3571 5538 religione
3613 5482 3728 5538 pro-

2161 5565 2296 5634 pria,
2324 5566 2390 5620 de
2426 5565 2659 5633 quodam
2704 5561 2828 5618 Jesu
2871 5577 3033 5632 quem
3082 5559 3276 5615 Paulus
3322 5559 3508 5612 vivere
3543 5555 3726 5628 [ιι-παὶ-

2163 5665 2330 5712 caret.
2367 5657 2444 5711 Ex
2482 5671 2590 5725 quo
2634 5654 3145 5716 animadvertemus,
3177 5659 3229 5704 et
3264 5666 3293 5704 a
3340 5649 3555 5704 etc-teris
3591 5645 3726 5714 judi-

2167 5751 2313 5809 cibus
2344 5747 2589 5803 similiter
2627 5761 2718 5804 cos
2755 5745 2992 5816 potuisse
3029 5741 3245 5809 dimitti,
3301 5741 3350 5794 id
3389 5749 3581 5808 agente
3634 5739 3726 5789 Du-

3853 102 3869 278 η
