3906 6326
149 385 257 440 Si?

1482 380 1732 437 BREVIS
1770 381 1858 438 CH
1868 383 2141 440 RONICA.

3311 389 3414 441 ﬁlii

153 502 306 554 mino
337 505 394 551 ut
435 495 490 549 ln
541 502 652 550 toto
693 492 825 549 orbe
885 507 1022 548 nova
1073 491 1385 561 praedicatio
1436 493 1756 549 dissemina-
1786 499 1835 558 Α
1865 514 2006 562 rum,
2041 511 2162 552 cum
2207 497 2272 551 ad
2295 497 2658 553 Philemonem
2685 477 3438 570 EpistolamsoriberetJlar-

159 601 337 643 I‘BIUI'.

235 675 429 746 (Vera.
461 673 552 737 25,
584 673 710 745 24.)
748 671 956 728 Salutat
1004 680 1052 724 te
1091 670 1368 741 Epaphras
1420 674 1751 744 concaptivus

156 781 310 818 meus
340 765 393 817 in
423 761 628 817 Christo
667 761 818 824 Iesu,
841 759 1076 826 Marcus,
1100 761 1456 827 Aristarchus,
1476 761 1753 829 Demas,et

160 852 356 919 Lucas,
382 853 652 924 adjutores
674 853 795 906 mei.
818 851 874 906 1d
898 852 1039 920 quod
1063 852 1115 906 in
1137 852 1403 922 principio
1423 853 1751 921 dicebamus,

161 947 423 1014 quoniam
451 945 520 1000 ad
549 943 898 999 Colossmses
937 942 1233 1013 Epistolam
1265 943 1452 998 eodem
1488 952 1751 1014 tempore,

159 1046 221 1092 et
244 1051 338 1107 per
358 1037 607 1091 eumdem
622 1049 741 1090 esse
766 1035 1019 1105 scriptam
1046 1035 1282 1104 bajulum
1312 1035 1632 1104 litterarum,
1648 1054 1754 1108 quo

164 1130 236 1183 ad
258 1128 626 1183 Philemonem
650 1142 862 1197 quoque
884 1127 1090 1198 scripta
1108 1135 1213 1192 est,
1241 1129 1404 1183 etiam
1438 1144 1625 1184 eorum
1663 1131 1755 1200 qui

161 1220 486 1283 salutantur,
527 1220 744 1274 nomina
784 1219 980 1275 docent
1004 1237 1015 1272 :
1041 1234 1165 1273 nam
1203 1220 1331 1275 etin
1374 1221 1489 1290 ipsa
1531 1222 1606 1275 ita
1645 1220 1757 1277 fere

161 1310 464 1366 scribitur:
493 1309 704 1365 Salutat
723 1327 809 1365 vos
835 1311 1172 1365 Aristarchus
1218 1312 1547 1381 concaptivus
1588 1329 1754 1379 meus,

163 1414 218 1458 et
243 1403 456 1458 Marcus
479 1404 818 1459 consobrinus
840 1403 1125 1468 Barnabas,
1149 1413 1198 1456 et
1236 1402 1513 1473 Epaphras
1554 1405 1642 1475 qui
1681 1416 1757 1459 est

163 1511 237 1549 ea:
255 1495 397 1548 vobis
417 1511 595 1549 servus
620 1492 834 1550 Christi.
856 1495 925 1548 Et
943 1494 1102 1564 paulo
1141 1492 1368 1549 inferius
1392 1513 1404 1548 ε
1433 1493 1637 1550 Salutat
1668 1514 1757 1552 vos

165 1585 344 1638 Lucas
364 1584 595 1638 medicus
613 1584 972 1649 charissimus,
990 1591 1036 1637 et
1054 1583 1263 1637 Demus.
1281 1582 1350 1637 Et
1372 1584 1525 1638 dicite
1539 1585 1761 1649 Archip-

163 1692 276 1745 po:
311 1673 440 1729 Vide
485 1674 833 1728 ministerium
872 1673 1011 1744 quod
1055 1672 1293 1743 accepisti
1331 1673 1386 1726 in
1413 1672 1656 1737 Domino,
1703 1683 1758 1727 ut

168 1762 308 1816 illud
331 1761 570 1834 impleas.
593 1761 663 1816 Et
687 1779 936 1816 memores
961 1770 1121 1815 estote
1142 1760 1468 1815 vinculorum
1503 1778 1754 1816 meorum.

1854 600 1972 639 cum
1997 585 2164 654 ponit,
2187 599 2344 653 quem
2369 593 2496 654 pulo
2518 586 2788 656 Evangelii
2813 590 3167 660 scriptorem;
3219 600 3273 644 et
3311 592 3438 646 Ari—

1855 685 1935 728 sta
1945 676 2149 740 rchum,
2167 673 2318 743 cujus
2332 691 2490 745 supra
2507 673 2730 731 fecimus
2743 680 3067 734 mentionem
3088 697 3100 744 ;
3123 689 3174 734 et
3189 682 3408 736 Demam
3423 722 3438 746 ,

1855 767 1921 820 de
1943 781 2048 835 quo
2088 766 2142 819 in
2183 766 2289 820 alio
2330 766 2447 820 loco
2488 767 2652 821 dicit:
2680 768 2873 824 Demas
2914 787 3002 826 me
3038 771 3361 841 dereliquit;
3388 781 3444 826 et

1855 854 2056 909 Lucam
2078 855 2360 918 medicum,
2391 856 2481 924 qui
2502 857 2850 928 Evangelium
2887 869 2939 914 et
2979 861 3140 915 Actus
3181 861 3446 931 apostolo-
3513 904 3518 909 .

1857 961 1973 1000 rum
1999 945 2250 1000 Ecclesiis
2271 947 2556 1004 scribendo
2580 949 2814 1004 tradidit.
2840 948 3118 1016 Quomodo
3140 953 3282 1007 enim
3304 967 3442 1020 apo-

1856 1035 1978 1091 stoli
2000 1050 2030 1089 e
2051 1037 2406 1105 piscatoribus
2428 1039 2653 1107 piscium
2675 1041 2969 1108 piscatores
3000 1042 3273 1097 hominum
3312 1044 3439 1098 facti

1857 1136 2004 1195 sunt,
2028 1130 2101 1183 ita
2122 1129 2212 1184 hic
2233 1129 2297 1184 de
2318 1131 2526 1184 medico
2547 1146 2833 1200 corporum
2859 1134 2911 1186 in
2946 1134 3212 1188 medicum
3252 1150 3442 1190 versus

1856 1229 1940 1276 est
1959 1222 2289 1286 animarum;
2317 1222 2383 1277 de
2402 1237 2508 1290 quo
2529 1230 2585 1277 et
2607 1223 2659 1276 in
2701 1224 2805 1277 alio
2843 1224 2962 1278 loco
3001 1224 3169 1278 dicit:
3198 1225 3440 1279 Misimus

1859 1329 1975 1365 cum
1998 1311 2088 1365 illo
2112 1312 2351 1381 fratrem,
2367 1313 2518 1382 cujus
2544 1313 2660 1368 laus
2683 1325 2754 1367 est
2777 1315 2832 1367 in
2855 1314 3140 1384 Evangelia
3159 1332 3250 1385 per
3265 1332 3444 1370 omnes

1859 1400 2159 1466 Ecclesias;
2180 1401 2333 1471 cujus
2354 1402 2490 1458 liber
2507 1403 2935 1474 quotiescunque
2954 1404 3152 1475 legitur
3178 1405 3232 1459 in
3271 1404 3446 1460 eccle—

1860 1493 1962 1558 sia,
1986 1493 2144 1548 toties
2163 1491 2277 1560 ejus
2299 1494 2564 1548 medicina
2587 1509 2690 1549 non
2715 1504 2910 1550 cessat.

1932 1583 2120 1653 (Vers.
2143 1583 2474 1655 25.)Gratia
2494 1583 2705 1638 Domini
2725 1586 2888 1639 nostri
2920 1585 3049 1639 Jesu
3091 1584 3286 1639 Christi
3327 1603 3448 1640 cum

1860 1672 2044 1741 spiritu
2065 1681 2254 1726 vestro.
2273 1671 2410 1726 Cum
2429 1671 2572 1726 enim
2595 1673 2650 1726 in
2676 1673 2867 1741 spiritu
2908 1675 3079 1742 gratia
3101 1674 3283 1729 divina
3330 1673 3450 1729 fue-

1861 1763 1953 1827 rit,
1991 1769 2162 1817 totum
2208 1763 2480 1818 hominem
2531 1763 2662 1818 facit
2720 1764 3037 1833 spiritalem,
3080 1773 3137 1818 ut
3172 1765 3450 1821 adhaereat

167 1852 234 1910 Si
251 1853 408 1908 aliter
425 1868 492 1908 ex
518 1867 582 1908 eo
603 1852 803 1921 aliquis
827 1867 933 1907 non
957 1859 1112 1922 putat
1131 1851 1338 1921 pariter
1350 1852 1759 1922 scriptas,un
1786 1867 1834 1926 Β
1863 1852 2090 1906 Domino
2116 1859 2295 1906 mente
2325 1860 2380 1906 et
2407 1866 2652 1921 corpore,
2691 1862 2747 1907 et
2790 1850 3074 1922 impleatur
3112 1854 3168 1909 in
3218 1869 3282 1909 eo
3303 1853 3450 1923 quod

167 1944 243 1999 ad
263 1943 614 1998 Colossenses
633 1958 806 2012 pauca
829 1943 939 1998 sint
960 1946 1177 2000 nomina
1197 1959 1318 2014 qua:
1341 1943 1429 1998 hic
1453 1959 1557 1999 non
1580 1942 1761 1998 feran-

170 2041 266 2088 tur
287 2034 544 2102 ascripta,
571 2033 709 2088 sciat
734 2049 839 2087 non
874 2048 1065 2090 omnes
1101 2033 1352 2089 omnibus
1405 2041 1500 2088 aut
1550 2033 1755 2088 amicos

167 2138 295 2180 esse
316 2132 410 2178 aut
433 2131 628 2190 notos;
649 2132 704 2178 et
725 2124 884 2189 aliter
902 2125 1170 2194 privatam
1192 2125 1258 2179 ad
1284 2139 1447 2179 unum
1466 2125 1761 2189 hominem,

169 2211 332 2268 aliter
367 2211 643 2283 publicam
689 2212 757 2267 ad
798 2214 1107 2268 universam
1145 2213 1441 2285 Ecclesium
1480 2213 1767 2282 epistolam

170 2301 314 2356 ﬁeri.
339 2300 441 2368 Qui
461 2301 534 2356 sit
554 2309 736 2356 autem
768 2301 1050 2372 Epaphras
1087 2303 1440 2372 concaptivus
1479 2302 1656 2368 Pauli,
1698 2317 1767 2357 ex

167 2406 240 2447 eo
259 2393 406 2462 quod
422 2393 512 2448 hic
535 2393 774 2448 additum
817 2401 917 2460 est,
958 2395 1014 2448 in
1051 2394 1256 2449 Christo
1289 2394 1438 2460 Iesu,
1481 2410 1768 2464 possumus

173 2482 468 2551 suspicari,
490 2483 681 2537 eadem
703 2497 828 2537 eum
849 2482 1033 2538 Romae
1056 2499 1154 2554 pro
1181 2483 1396 2539 Christo
1415 2485 1628 2539 vincula
1651 2499 1770 2539 sus-

171 2576 403 2632 tinuisse
425 2591 545 2647 qua:
567 2577 823 2642 Paulum;
848 2587 903 2631 et
923 2578 1163 2632 vinctum
1194 2576 1420 2643 Christi,
1460 2577 1534 2632 ita
1573 2592 1769 2632 conca-

170 2668 382 2737 ptivum
404 2682 619 2738 quoque
642 2668 759 2738 ejus
778 2669 1019 2738 potuisse
1037 2667 1163 2724 dici.
1187 2669 1296 2724 Aut
1324 2675 1473 2723 certe
1511 2668 1589 2723 ita
1627 2669 1771 2738 quod

171 2758 372 2814 nobilis
391 2768 447 2813 et
464 2759 577 2830 ipse
599 2761 671 2814 sit
691 2761 744 2815 in
766 2761 1041 2830 apostolis,
1063 2769 1125 2815 ut
1139 2761 1478 2816 Andronicus
1497 2770 1549 2816 et
1570 2759 1726 2815 Junia
1751 2778 1766 2825 ;

173 2848 245 2904 de
265 2849 461 2917 quibus
483 2850 739 2904 scribitur
774 2850 840 2904 ad
876 2850 1189 2906 Romanos:
1217 2849 1456 2905 Salutate
1498 2851 1768 2905 Androni-

180 2948 368 2992 cumet
393 2938 614 2993 Iuniam
634 2950 881 3010 cognatos
904 2950 953 2994 et
980 2941 1309 3012 concaptivos
1341 2958 1499 3004 meos,
1535 2941 1625 3011 qui
1647 2949 1770 2995 sunt

174 3029 377 3085 nobiles
400 3032 456 3084 in
476 3031 746 3102 apostolis,
769 3033 860 3103 qui
881 3043 928 3088 et
949 3042 1069 3088 ante
1089 3050 1169 3088 me
1201 3033 1412 3103 fuerunt
1445 3034 1499 3088 in
1539 3031 1767 3089 Christo.

175 3117 311 3176 Haec
332 3122 398 3176 de
419 3122 688 3193 Epaphra.

251 3207 520 3266 Caeterum
543 3222 920 3281 cooperatores
939 3214 1214 3286 Evangelii
1232 3223 1286 3270 et
1301 3216 1633 3271 vinculorum
1651 3233 1775 3272 suo—
1802 3210 1847 3272 C

1865 1942 2124 2011 scriptum
2147 1950 2264 1997 est:
2290 1940 2394 2007 Qui
2419 1942 2650 1997 adhaeret
2671 1943 2914 2008 Domino,
2952 1960 3087 1998 unus
3119 1945 3331 2015 spiritus
3351 1953 3448 1999 est.

1863 2032 2286 2102 lnterpretantur
2307 2041 2487 2088 autem
2510 2034 2801 2089 secundum
2825 2034 3103 2099 Hebraeos,
3125 2035 3340 2100 Paulus,
3358 2036 3455 2091 ad-

1867 2124 2161 2189 mirabilis;
2186 2124 2518 2189 Timotheus,
2538 2125 2845 2190 benelicus;
2869 2125 3165 2191 Philemon,
3203 2125 3336 2179 mire
3358 2125 3455 2180 du-

1867 2223 2045 2280 natus,
2069 2215 2182 2269 sive
2202 2229 2264 2270 os
2281 2215 2454 2284 panis,
2477 2215 2546 2270 ab
2580 2229 2676 2269 ore
2707 2230 2812 2270 non
2847 2215 2915 2269 ab
2934 2230 3086 2282 osse;
3109 2215 3301 2285 Appia,
3325 2231 3458 2270 con-

1867 2305 2046 2360 tinens
2057 2313 2150 2359 aut
2162 2305 2385 2360 libertas
2403 2322 2416 2370 ;
2438 2305 2762 2374 Archippus,
2795 2304 3070 2376 longitudo
3084 2311 3289 2375 operis;
3313 2305 3458 2362 One—

1868 2397 2060 2464 simus,
2084 2398 2446 2468 respondens;
2470 2397 2769 2468 Epaphras,
2795 2396 3018 2468 frugifer
3033 2406 3083 2452 et
3121 2399 3310 2453 videns
3339 2397 3455 2453 sive

1869 2503 2248 2555 succrescens;
2293 2489 2522 2555 Marcus,
2562 2489 2792 2545 sublime
2828 2491 3175 2556 mandatum;
3211 2490 3455 2547 Aristar—

1868 2578 2023 2643 chus,
2047 2593 2202 2633 mons
2222 2579 2436 2647 operis;
2459 2578 2672 2642 Demas,
2700 2578 2897 2643 silens;
2937 2578 3130 2645 Lucas,
3176 2579 3291 2648 ipse
3331 2595 3459 2634 con-

1871 2684 2113 2738 surgens.
2140 2669 2270 2735 Quae
2289 2669 2507 2723 nomina
2527 2667 2573 2723 si
2588 2668 2740 2738 juxta
2773 2668 3272 2738 interpretationem
3296 2683 3452 2723 suam

1870 2768 2197 2824 voluerimus
2220 2767 2539 2837 intelligere,
2561 2783 2668 2823 non
2689 2777 2772 2823 est
2805 2766 3018 2823 diiiicile
3044 2786 3056 2822 :
3081 2769 3457 2824 admirabilem

1871 2867 2032 2928 atque
2052 2857 2350 2913 beneﬁcum
2370 2859 2634 2930 praecipue
2654 2860 2721 2915 ad
2735 2874 2858 2914 eum
2881 2862 3117 2916 scribere
3131 2862 3215 2916 cui
3244 2861 3462 2915 univer-

1873 2963 1931 3005 sa
1951 2964 2204 3005 concessa
2229 2959 2357 3004 sunt
2376 2951 2528 3016 vitia,
2548 2958 2604 3005 et
2624 2966 2685 3005 os
2707 2951 2824 3020 ejus
2857 2960 3039 3020 pateat
3086 2953 3153 3007 ad
3176 2953 3453 3015 coelestia;

1872 3041 2065 3096 deinde
2085 3042 2150 3096 ad
2185 3042 2548 3097 continentem
2588 3048 2644 3095 et
2681 3041 2905 3096 liberam
2949 3051 3003 3099 et
3041 3043 3452 3114 longitudinem.

1873 3132 2124 3203 Explicit.

1153 3470 1645 3556 CLAUDII
1721 3475 2526 3568 CHRONOLOGI

238 3618 448 3695 Quem
487 3621 954 3685 'l‘aurinensem
994 3623 1372 3702 episcopum
1411 3643 1539 3687 non
1585 3634 1827 3690 temere
1880 3632 2323 3710 suspicamur,
2368 3635 2483 3716 qui
2530 3655 2699 3702 anno
2732 3657 3002 3700 ncncxiv
3036 3643 3348 3706 scribebat
3375 3689 3404 3719 ,η

1446 3764 1730 3827 BREVIS
1773 3767 2205 3832 CHRONICA.

1015 3903 1176 3965 (Apud
1199 3902 1449 3954 Labbeum
1499 3903 1807 3957 Bibliotheca
1832 3921 1954 3958 nova
1981 3915 2432 3978 manuscriptornm,
2461 3929 2505 3977 p.
2531 3917 2663 3980 309.)

261 4118 398 4184 Quia
425 4115 586 4187 igitur
617 4113 824 4168 fautore
845 4113 955 4168 Deo
984 4129 1155 4170 annos
1189 4131 1218 4169 a
1246 4118 1554 4176 conditione
1583 4125 1769 4179 mundi

185 4222 319 4262 cum
365 4207 504 4261 serie
545 4204 914 4276 generationis
955 4202 1112 4272 juxta
1140 4204 1460 4263 Hebraicam
1485 4213 1768 4267 veritatem

184 4297 401 4366 pariter
435 4295 719 4349 adnotatos
746 4293 856 4348 Deo
881 4289 1105 4360 iuvante
1150 4311 1342 4364 magna
1391 4311 1456 4350 ex
1486 4307 1641 4366 parte
1681 4317 1772 4356 su-

183 4387 377 4458 perius
403 4383 515 4454 jam
551 4384 908 4447 ostendimus,
936 4397 1078 4437 nunc
1107 4385 1325 4438 eosdem
1354 4388 1532 4442 denuo
1557 4392 1771 4464 recapi-

185 4476 416 4532 tulando
446 4475 605 4529 latius
633 4488 984 4542 exponemus.

263 4568 433 4638 Igitur
472 4567 814 4635 omnipotens
841 4562 1068 4620 Creator
1096 4581 1219 4620 cum
1255 4568 1565 4624 universum
1594 4573 1773 4640 perfe-

186 4659 362 4715 cisset
392 4656 572 4710 mundi
603 4662 877 4719 ornatum,
920 4655 1081 4709 tertia
1113 4657 1200 4710 die
1226 4668 1347 4725 post
1372 4669 1622 4715 ornatum
1653 4664 1775 4718 coeli

186 4752 438 4810 condidit
480 4750 774 4804 hominem.
817 4748 918 4816 Qui
957 4757 1184 4804 ornatus
1212 4751 1355 4817 coeli,
1391 4753 1443 4806 id
1487 4763 1570 4809 est
1608 4757 1686 4810 sol
1724 4765 1779 4812 et

186 4841 349 4916 luna;
393 4849 448 4894 et
478 4838 667 4902 stellae,
703 4838 913 4892 ratione
947 4838 1182 4893 veridica
1217 4839 1271 4893 in
1306 4843 1628 4909 mquinoctio
1659 4861 1778 4900 ver-

189 4929 306 4986 nali
348 4929 692 4982 inveniuntur
719 4928 896 4998 primo
934 4942 1056 4983 esse
1090 4937 1286 4982 ereatce
1322 4933 1464 4999 quod
1495 4936 1635 5002 apud
1680 4951 1778 4991 nos

188 5018 490 5076 secundum
538 5018 654 5072 dies
716 5018 922 5072 solares
978 5034 1055 5072 ιιι
1109 5017 1228 5071 Kal.
1279 5019 1482 5088 Aprilis
1541 5024 1777 5079 solemus

189 5123 511 5177 nuncupare
536 5122 551 5162 :
575 5116 631 5162 et
655 5108 728 5162 ita
755 5109 964 5162 ratione
991 5108 1217 5163 deducta
1245 5125 1275 5162 x
1299 5109 1415 5164 Kal.
1433 5110 1633 5181 Aprilis
1654 5113 1777 5168 luna

190 5200 429 5271 septima
483 5199 689 5254 decima
764 5199 1038 5253 invenitur
1091 5199 1454 5269 protOplastus
1500 5202 1670 5258 Adam
1711 5221 1778 5259 ex

193 5298 363 5344 terrae
406 5287 533 5341 limo
574 5302 694 5343 esse
743 5287 1009 5343 formatus
1052 5290 1257 5358 pariter
1301 5299 1465 5359 atque
1511 5294 1781 5350 animatus

193 5378 494 5433 secundum
537 5379 679 5433 hanc
725 5389 964 5434 nostram
1005 5383 1460 5450 supputationem.
1499 5383 1780 5441 Secundus

193 5467 372 5522 Adam
390 5466 640 5524 Christus
663 5469 758 5522 Dei
784 5469 968 5533 Filius,
987 5471 1127 5525 Deus
1151 5473 1357 5541 pariter
1373 5481 1428 5528 et
1442 5475 1622 5539 homo,
1642 5477 1782 5533 Deus

195 5564 329 5611 ante
358 5559 573 5625 secula,
594 5559 755 5615 homo
794 5561 847 5614 in
879 5561 985 5615 line
1010 5563 1352 5629 saeculorum,
1383 5564 1526 5620 Deus
1554 5567 1618 5621 de
1647 5569 1778 5633 Deo,

199 5649 367 5703 homo
391 5649 457 5706 de
482 5652 720 5716 homine,
745 5653 886 5706 Deus
907 5653 972 5709 de
989 5653 1150 5708 Patre
1175 5655 1290 5710 sine
1321 5656 1476 5711 initio
1503 5669 1555 5712 et
1583 5671 1777 5725 matre,

199 5739 366 5796 homo
423 5759 449 5794 a
503 5752 649 5797 certe
701 5744 851 5799 initio
901 5744 966 5800 (lc
1013 5753 1184 5801 matre
1229 5747 1345 5802 sine
1387 5748 1600 5804 homine
1630 5761 1779 5821 patre

1875 4128 2066 4182 eodem
2097 4136 2354 4197 tempore,
2387 4131 2480 4184 sed
2523 4145 2628 4185 non
2658 4133 2845 4186 eadem
2896 4133 3048 4201 feria,
3080 4137 3132 4192 id
3162 4149 3245 4194 est
3274 4157 3302 4194 κ
3334 4142 3452 4199 lial.

1876 4218 2077 4287 Aprilis
2113 4219 2384 4272 invenitur
2425 4223 2785 4277 resnrrexisse
2822 4240 2851 4277 a
2881 4228 3129 4282 mortuis.

1951 4305 2008 4360 Si
2042 4307 2167 4376 quis
2195 4307 2334 4362 forte
2373 4309 2550 4364 minus
2581 4309 2983 4380 Scripturarum
3015 4316 3314 4374 divinarum
3347 4331 3460 4377 stu-

1879 4394 1981 4449 diis
2014 4397 2257 4450 eruditus
2299 4399 2364 4452 de
2398 4397 2500 4452 hoc
2529 4414 2692 4468 opere
2732 4402 2979 4458 dubitare
3021 4411 3326 4475 tentavcrit,
3371 4429 3457 4468 το-

1802 4464 2004 4540 Ddeat
2050 4486 2118 4540 ad
2161 4487 2372 4542 divinos
2434 4464 2727 4543 secundum
2790 4491 3110 4549 Hebraioam
3175 4464 3455 4557 veritatem

1879 4574 2111 4644 scriptos
2160 4575 2349 4641 libros,
2390 4585 2445 4631 et
2481 4579 2740 4647 quidquid
2787 4581 2982 4636 ibidem
3037 4585 3321 4653 invenerit,
3366 4605 3461 4646 eos

1879 4653 2062 4719 teneat
2102 4674 2156 4719 et
2198 4667 2406 4732 credat,
2447 4685 2640 4736 meque
2678 4671 2937 4728 damnare
2984 4676 3226 4732 desistat.
3275 4681 3460 4752 Neque

1878 4753 2020 4806 enim
2057 4753 2381 4813 Christianis
2430 4755 2512 4811 fas
2553 4767 2638 4812 est
2685 4760 2847 4815 talem
2893 4763 3024 4820 dare
3075 4772 3455 4828 auctoritatem

1878 4844 2154 4898 hominum
2210 4846 2516 4912 chronicis,
2571 4850 2745 4918 qualis
2793 4852 2969 4907 danda
3019 4865 3102 4909 cst
3151 4859 3254 4912 illis
3307 4864 3458 4918 libris

1879 4934 1970 5003 qui
2001 4934 2232 5003 Spiritus
2278 4939 2449 4992 sancti
2497 4951 2623 4994 sunt
2668 4945 2990 5000 auctoritate
3030 4964 3126 5017 per
3165 4955 3457 5020 prophetas

1880 5027 2083 5096 scripti.
2126 5026 2191 5080 Et
2217 5029 2262 5082 si
2289 5028 2442 5097 cujus
2474 5028 2611 5084 forte
2649 5031 2701 5085 in
2733 5034 2834 5088 hac
2872 5049 2928 5087 re
2966 5037 3234 5094 obstinata
3264 5046 3460 5099 mentis

1881 5119 2134 5187 perdurat
2181 5119 2443 5187 intentio,
2508 5132 2596 5176 eat
2633 5124 2697 5177 ad
2729 5123 2942 5181 Iudaeos
2981 5128 3234 5188 Ecclesia:
3278 5135 3458 5189 inimi-

1881 5225 2007 5274 cos,
2037 5218 2091 5264 et
2131 5211 2181 5262 in
2222 5226 2410 5266 eorum
2449 5214 2721 5269 codicibus
2761 5215 2984 5272 llebnua
3025 5220 3201 5292 lingua
3237 5225 3458 5294 scriptis

1882 5314 2143 5354 annorum
2175 5315 2437 5355 summam
2468 5303 2728 5371 requirat,
2769 5316 2822 5360 et
2852 5309 3111 5378 quidquid
3148 5312 3343 5368 ibidem
3375 5318 3455 5369 in-

1883 5388 2106 5451 venerit,
2137 5389 2239 5443 hoc
2287 5391 2472 5444 credat
2510 5401 2564 5444 et
2608 5401 2804 5459 teneat,
2852 5399 2996 5464 quia,
3049 5409 3104 5452 ut
3155 5403 3228 5456 ait
3265 5405 3454 5460 beatus

1880 5476 2210 5546 Augustinus
2257 5479 2310 5532 in
2362 5479 2497 5534 libro
2536 5483 2600 5536 de
2639 5484 2867 5540 Civitatc
2899 5489 2989 5542 Dci
3045 5508 3130 5555 xv,
3165 5495 3210 5546 ci
3257 5497 3449 5564 lingua:

1882 5566 2058 5633 potius
2103 5569 2354 5622 credatur
2395 5571 2535 5624 unde
2578 5583 2658 5626 cst
2707 5575 2757 5627 in
2801 5576 2955 5629 aliam
3003 5596 3096 5648 per
3135 5583 3453 5652 interpretes

1886 5659 2022 5711 facta
2063 5659 2360 5715 translatio.

1953 5751 2128 5805 Adam
2159 5767 2185 5804 a
2219 5751 2302 5804 die
2335 5753 2654 5809 conditionis
2682 5772 2789 5812 sum
2816 5774 2955 5815 anno
2982 5762 3076 5817 L30
3100 5766 3281 5832 genuit
3301 5766 3447 5821 Sctb.
