3906 6382
403 360 506 417 919

1479 355 1760 412 CLAUDII
1801 352 2265 409 TAURINENSIS
2305 354 2614 413 EPISCOPI

3597 357 3708 412 920

471 472 603 529 Setlt
651 487 776 526 cum
821 479 968 526 esset
1014 485 1282 526 annorum
1340 469 1464 534 105,
1521 467 1706 540 genuit
1745 467 1910 529 Enos,
1942 471 1997 518 et
2024 468 2075 526 Α
2099 475 2155 521 et
2185 475 2410 536 quartus
2449 470 2730 538 epactalis,
2762 486 2876 524 xxu
2910 468 3128 525 fuerunt
3167 470 3221 525 in
3250 469 3490 541 Epaeta,
3521 479 3578 526 et
3606 469 3711 525 fuit

403 561 608 632 impleti
635 570 761 617 sunt
791 561 906 617 dies
932 561 1056 616 vita:
1089 559 1262 615 Adam
1303 560 1356 614 in
1381 561 1665 615 nativitate
1695 558 1838 612 Enos
1866 555 1991 610 255.

474 651 619 707 Enos
649 668 792 707 anno
829 652 951 706 vitae
988 666 1099 706 sua:
1126 650 1196 706 90
1230 651 1418 722 genuit
1441 649 1668 714 Cainan,
1702 658 1756 703 et
1793 647 2024 719 impletis

403 755 532 802 sunt
558 747 677 803 dies
699 747 826 802 vita:
851 747 1025 801 Adam
1057 747 1111 800 in
1143 746 1427 800 nativitate
1453 745 1659 800 Cainan
1690 744 1814 799 525.

473 835 678 896 Cainan
707 852 848 892 anno
876 836 1002 890 vita:
1028 851 1138 890 suae
1166 835 1233 889 70
1262 835 1449 907 genuit
1476 834 1779 896 Malalehel,
1810 842 1865 888 et
1891 835 1993 887 im-

400 929 536 1000 pleti
592 914 718 986 sunt
764 931 878 986 dies
916 930 1042 984 vita:
1080 929 1252 984 Adam
1303 931 1358 983 in
1401 929 1686 984 nativitate
1720 928 1997 984 Malalehel

403 1023 530 1077 395.

474 1115 754 1171 Malalehel
785 1131 926 1170 anno
952 1116 1076 1170 vita:
1110 1131 1222 1170 sua:
1247 1115 1316 1170 60
1344 1115 1531 1186 genuit
1559 1115 1763 1176 Jareth,
1799 1122 1853 1169 et
1900 1115 1998 1168 im-

402 1207 529 1277 pleti
561 1214 688 1260 sunt
728 1207 853 1260 anni
903 1207 1029 1261 vitae
1054 1207 1224 1261 Adam
1257 1207 1309 1260 in
1340 1207 1627 1260 nativitate
1656 1204 1842 1259 Jarctli
1870 1205 1994 1259 460.

475 1295 662 1352 Jaretlt
700 1312 843 1352 anno
873 1297 995 1351 vita:
1025 1313 1138 1351 suae
1167 1297 1237 1350 62
1263 1297 1447 1366 genuit
1476 1297 1680 1360 Enocb,
1707 1305 1761 1350 et
1793 1297 1996 1366 impleti

402 1396 530 1443 sunt
557 1388 683 1442 anni
708 1387 836 1442 vitae
863 1388 1035 1442 Adam
1074 1388 1126 1442 in
1166 1387 1447 1442 nativitate
1475 1387 1660 1442 Enocb
1693 1388 1817 1441 622.

472 1479 661 1534 Ειιοοιι
705 1495 848 1534 anno
882 1480 1009 1534 vitae
1056 1495 1167 1534 suae
1195 1479 1263 1535 65
1310 1479 1494 1548 genuit
1531 1479 1914 1539 Matliusalem.
1947 1487 1999 1532 et

401 1570 609 1640 impleti
640 1578 764 1626 sunt
803 1570 930 1624 anni
955 1571 1079 1625 vita:
1105 1570 1275 1625 Adam
1322 1571 1377 1625 in
1411 1571 1694 1626 nativitate
1725 1570 2000 1635 Mathusa-

401 1658 508 1714 lem
547 1659 673 1723 687,
701 1658 1103 1728 ambulavitque
1127 1659 1311 1714 Enoch
1343 1675 1529 1715 coram
1556 1657 1666 1715 Deo
1707 1668 1995 1730 postquam

404 1748 593 1818 genuit
632 1747 986 1801 Mathusalem
1020 1749 1176 1802 annis
1203 1747 1329 1812 300,
1359 1757 1412 1802 et
1438 1765 1546 1802 non
1594 1749 1845 1818 apparuit
1873 1749 2000 1818 quia

402 1837 525 1892 tulit
565 1853 688 1892 eum
721 1837 864 1892 Deus
900 1853 1042 1891 anno
1071 1837 1138 1890 57
1187 1847 1310 1907 post
1340 1850 1571 1893 mortem
1597 1839 1744 1894 Atla).

479 1927 834 1983 Mathusalem
890 1942 1033 1982 anno
1075 1928 1141 2004 87
1189 1929 1375 2000 genuit
1395 1928 1652 1993 Lamecb,
1699 1938 1754 1983 et
1794 1930 2000 2000 impleti

402 2030 531 2074 sunt
585 2019 712 2073 anni
767 2034 797 2072 a
849 2019 1160 2073 conditione
1208 2019 1396 2073 mundi
1443 2019 1500 2073 in
1549 2027 1735 2073 natum
1766 2019 2001 2074 Lameclt

402 2111 509 2167 874
553 2118 607 2165 et
653 2109 789 2164 vixit
826 2109 1019 2173 Adam,
1055 2118 1342 2180 postquam
1395 2117 1553 2164 natus
1604 2119 1688 2164 est
1745 2109 2000 2174 Lamech,

411 2203 571 2259 annis
597 2201 688 2257 56.

485 2292 722 2348 Lamecli
749 2309 893 2347 anno
923 2294 1049 2347 vitae
1083 2307 1194 2347 sum
1223 2293 1327 2348 182
1355 2293 1543 2361 genuit
1570 2291 1702 2362 Noe,
1733 2308 1876 2346 anno
1902 2292 2005 2345 123

405 2395 533 2457 post
563 2393 790 2438 mortem
817 2383 967 2447 Adae,
994 2391 1048 2437 et
1076 2383 1280 2450 impleti
1321 2391 1445 2436 sunt
1467 2382 1594 2436 anni
1639 2398 1669 2434 a
1696 2382 2004 2436 conditione

407 2473 593 2531 mundi
631 2473 685 2526 in
715 2471 1059 2526 nativitatem
1090 2469 1201 2523 Noe
1233 2468 1391 2523 1065.

483 2563 590 2619 Noe
628 2578 770 2618 anno
808 2562 934 2616 vitae
981 2575 1091 2615 sure
1147 2560 1252 2614 500
1293 2560 1479 2630 genuit
1525 2568 1637 2613 tres
1676 2559 1816 2613 ﬁlios
1853 2559 2000 2624 Seni,

406 2653 574 2708 Cham
607 2664 662 2708 et
689 2651 907 2723 Japliet,
943 2659 999 2705 et
1027 2665 1168 2704 anno
1197 2655 1325 2704 vitm
1373 2649 1518 2702 illius
1556 2647 1659 2701 600
1688 2649 1836 2702 venit
1863 2647 2000 2702 dilu—

409 2747 554 2799 vium
585 2745 882 2799 secundum
909 2742 1026 2797 dies
1063 2741 1304 2804 lunares,
1336 2755 1520 2795 mense
1547 2741 1742 2810 primo,
1774 2741 2002 2809 septima

411 2837 624 2890 decima
671 2835 759 2889 die
804 2833 1039 2895 mensis;
1094 2831 1391 2886 secundum
1444 2831 1652 2885 solares
1696 2847 1823 2886 vero
1865 2831 1999 2895 dies,

409 2924 665 2980 Kalendis
692 2923 918 2994 Aprilis,
963 2922 1094 2977 luna
1145 2922 1378 2991 septima
1408 2921 1652 2986 decima;
1701 2937 1866 2991 quem
1893 2921 2003 2976 He-

409 3015 562 3079 braei,
591 3014 683 3084 qui
716 3028 931 3067 menses
960 3028 1067 3066 non
1104 3027 1132 3064 a
1159 3012 1292 3076 sole,
1328 3011 1422 3066 sed
1454 3027 1484 3064 a
1512 3012 1633 3064 luna
1661 3018 2002 3082 computant,

410 3107 694 3176 septimum
738 3104 1006 3158 decimum
1049 3103 1192 3160 diem
1253 3110 1582 3157 vocaverunt
1630 3102 1793 3172 primi
1851 3117 2003 3157 men-

2099 575 2174 613 vn
2208 560 2334 613 ldus
2367 559 2542 613 Martii
2581 562 2784 615 mensis
2809 560 3123 625 Neomenia,
3156 562 3206 616 id
3246 571 3335 616 est
3377 579 3536 618 novat
3563 562 3710 618 luna

2105 651 2454 722 principium.
2502 651 2568 705 Et
2608 651 2726 707 hate
2764 651 2866 706 fuit
2907 653 3201 719 secundum
3237 653 3505 709 llebrzeos
3544 654 3707 725 primi

2108 746 2312 800 mensis
2342 745 2575 810 initium,
2604 754 2660 798 et
2688 747 2814 799 anni
2843 746 3189 815 principium.

2173 835 2337 891 Juxta
2384 839 2525 892 hanc
2569 845 2810 891 nostram
2861 838 3318 908 supputationem,
3350 854 3478 906 qua:
3511 837 3571 890 ﬁt
3611 852 3709 908 per

2099 929 2215 986 dies
2251 931 2480 991 solarcs,
2515 929 2694 985 exisse
2722 929 3071 984 inveniuntur
3099 931 3164 985 de
3193 946 3321 985 arca
3361 930 3502 994 Noe,
3533 939 3586 984 et
3614 930 3706 983 ﬁlii

2101 1023 2217 1092 ejus
2258 1023 2449 1091 quinto
2487 1021 2672 1076 Nonas
2718 1022 2921 1075 mensis
2953 1019 3096 1085 Maii,
3141 1020 3271 1074 luna
3297 1021 3569 1091 vigesima
3624 1035 3711 1074 sc-

2100 1115 2290 1183 ptima,
2343 1113 2667 1182 stetisseque
2716 1111 3066 1166 inveniuntur
3108 1112 3164 1165 in
3210 1122 3340 1166 arca
3385 1111 3548 1178 juxta
3593 1111 3713 1166 dies

2101 1206 2306 1261 solares
2336 1221 2538 1259 annum
2572 1204 2870 1271 integrum,
2903 1203 2993 1272 qui
3037 1202 3166 1257 facit
3192 1202 3308 1257 dies
3333 1202 3443 1256 563
3473 1213 3532 1256 et
3570 1216 3709 1269 qua-

2103 1298 2201 1351 dra
2238 1313 2364 1361 una,
2406 1297 2458 1349 id
2487 1307 2571 1349 est
2599 1296 2764 1350 horas
2795 1309 2913 1358 sex,
2949 1302 3004 1349 et
3043 1295 3413 1350 hebdomadas
3445 1305 3712 1364 quatuor,

2105 1387 2155 1441 id
2179 1395 2261 1440 est
2291 1385 2406 1440 dies
2436 1385 2536 1449 28;
2570 1392 2763 1454 quater
2801 1385 2943 1439 enim
2987 1395 3192 1452 septem
3225 1382 3362 1437 riunt
3391 1383 3483 1438 28.

2178 1478 2306 1533 Sem
2337 1494 2459 1533 cum
2492 1486 2640 1533 esset
2683 1486 2900 1532 centum
2931 1491 3216 1541 annorum,
3247 1477 3437 1547 genuit
3465 1474 3714 1530 Arfaxad

2105 1571 2328 1627 biennio
2375 1578 2500 1640 post
2544 1568 2827 1633 diluvium,
2867 1569 2992 1638 quia
3023 1569 3092 1624 98
3123 1584 3268 1624 anno
3312 1569 3444 1623 vita:
3473 1583 3593 1622 suae
3622 1582 3715 1622 ve.

2109 1662 2188 1715 nit
2217 1659 2497 1714 diluvium.

2175 1751 2401 1805 Arfaxat
2432 1765 2574 1804 anno
2603 1750 2726 1804 vita:
2756 1764 2868 1804 suae
2913 1748 2982 1803 55
3015 1749 3202 1819 genuit
3231 1749 3392 1812 Sale;
3425 1751 3481 1802 in
3516 1749 3715 1804 nativi-

2034 1849 2078 1906 B
2109 1851 2219 1898 tate
2259 1842 2385 1896 Sale
2417 1841 2625 1911 impleti
2664 1849 2790 1897 sunt
2817 1841 2944 1896 anni
2974 1850 3099 1910 post
3132 1841 3396 1896 diluvium
3423 1841 3517 1896 '57.

2181 1934 2305 1989 Sale
2358 1951 2501 1988 anno
2551 1934 2672 1988 vitae
2703 1949 2815 1988 sum
2842 1933 2906 1986 5!
2950 1932 3135 2002 genuit
3163 1931 3377 1995 cher;
3420 1934 3472 1986 in
3502 1932 3711 1987 nativi-

2109 2036 2222 2082 tate
2254 2026 2431 2080 liebcr
2461 2026 2667 2096 impleti
2697 2021 2823 2082 sunt
2849 2025 2975 2080 anni
2999 2034 3124 2094 post
3147 2025 3414 2079 diluvium
3443 2025 3535 2079 67.

2183 2117 2360 2170 lleber
2390 2130 2532 2169 anno
2561 2116 2686 2169 vita:
2732 2130 2844 2170 sua:
2869 2115 2943 2169 ’54
2973 2115 3157 2185 genuit
3185 2114 3350 2182 Faleg
3374 2133 3389 2179 ;
3429 2115 3484 2168 in
3511 2114 3712 2168 nativis

2111 2215 2219 2261 tate
2263 2205 2430 2276 Faleg
2481 2205 2734 2275 impletus
2763 2213 2847 2260 est
2887 2220 3063 2260 annus
3108 2215 3230 2274 post
3265 2205 3532 2260 diluvium
3589 2204 3711 2266 101,

2109 2301 2203 2368 qui
2240 2299 2341 2354 fuit
2371 2315 2546 2352 annus
2591 2299 2716 2352 vitae
2761 2297 2874 2351 Noe
2908 2297 3002 2350 70l
3029 2315 3043 2361 ;
3073 2308 3128 2351 et
3155 2299 3258 2352 hac
3300 2298 3512 2352 ratione
3544 2297 3713 2351 dedu-

2114 2403 2200 2446 eta
2231 2392 2433 2445 vixisse
2464 2390 2738 2444 invenitur
2773 2387 2886 2442 Noe
2914 2396 3038 2458 post
3060 2387 3259 2443 factam
3286 2389 3604 2461 linguarum
3633 2389 3714 2443 di-

2107 2481 2369 2535 visionem
2409 2479 2567 2533 annis
2590 2478 2717 2534 249.

2178 2571 2342 2641 Faleg
2394 2571 2786 2640 interpretatur
2840 2569 3058 2632 divisio,
3097 2569 3182 2623 cui
3234 2579 3520 2640 propterea
3555 2579 3713 2639 pater

2107 2662 2215 2717 tale
2244 2676 2440 2717 nomen
2470 2660 2746 2730 imposuit,
2777 2660 2904 2730 quia
2933 2668 3174 2729 tempore
3200 2660 3502 2715 nativitatis
3533 2661 3710 2730 ipsius

2109 2765 2255 2809 terra
2306 2767 2405 2822 per
2458 2751 2766 2822 linguarum
2825 2748 3200 2805 confusionem
3252 2749 3424 2804 divisa
3466 2758 3574 2805 est.
3611 2749 3712 2816 Qui

2108 2858 2250 2897 anno
2299 2842 2424 2896 vita:
2466 2856 2580 2895 suac
2607 2840 2677 2894 50
2705 2840 2894 2910 genuit
2935 2839 3088 2904 Reu;
3128 2839 3180 2893 in
3222 2841 3510 2894 nativitate
3561 2839 3705 2905 Rea,

2107 2933 2360 3004 impletus
2379 2941 2463 2987 est
2491 2947 2667 2986 annus
2694 2939 2823 3000 post
2857 2930 3119 2985 diluvium
3155 2930 3274 2984 151.

2178 3024 2294 3080 Rcu
2330 3038 2472 3077 anno
2503 3022 2628 3076 vitce
2652 3037 2763 3076 sua:
2809 3021 2879 3075 52
2907 3021 3096 3092 genuit
3132 3020 3344 3076 Serucb
3371 3038 3385 3086 ;
3414 3022 3469 3074 in
3508 3022 3708 3076 nativi-

2108 3123 2218 3169 tate
2247 3113 2454 3168 Seruch
2485 3111 2689 3180 impleti
2717 3119 2844 3165 sunt
2868 3111 2992 3165 anni
3024 3120 3147 3180 post
3174 3111 3436 3166 diluvium
3475 3110 3606 3164 155.

407 3197 504 3261 sis,
532 3196 758 3265 septima
784 3192 943 3258 feria,
974 3209 1136 3263 quam
1164 3210 1261 3248 nos
1287 3193 1571 3248 sabbatum
1602 3209 2000 3263 nuncupamus,
2033 3201 2078 3266 ρ
2181 3203 2396 3259 semen
2449 3217 2592 3257 ειηηο
2645 3201 2771 3255 vim
2829 3217 2941 3257 ευω
3004 3199 3074 3256 30
3119 3201 3306 3272 κεηυίι
3354 3201 3614 3263 Nachor;
3659 3201 3709 3255 ίη

408 3290 687 3357 ingressus
726 3293 810 3339 est
847 3283 961 3338 Noe
1003 3284 1057 3337 in
1103 3299 1310 3349 arcam,
1356 3291 1411 3337 et
1446 3284 1550 3338 hac
1591 3284 1706 3353 ipsa
1744 3285 1828 3338 die
1859 3285 2009 3339 venit

416 3378 699 3433 diluvium.
736 3377 930 3430 Mirum
969 3377 1356 3445 omnipotentis
1381 3375 1479 3430 Dei
1516 3376 1775 3445 judicium
1815 3376 1867 3430 in
1907 3376 2006 3430 liu-

414 3482 635 3522 manum
669 3483 854 3535 genus,
883 3466 1024 3536 quod
1049 3481 1147 3535 per
1172 3464 1342 3520 Adam
1374 3467 1499 3520 luna
1530 3467 1761 3535 septima
1791 3467 2005 3521 decima

414 3558 624 3627 accepit
658 3557 895 3620 initium,
928 3557 983 3609 in
1026 3572 1133 3610 non
1170 3557 1523 3612 custodiendo
1553 3557 1646 3610 Dei
1676 3566 2005 3627 prceeeptum

414 3646 639 3715 septima
670 3646 878 3700 decima
918 3645 972 3698 in
1003 3644 1202 3700 diluvio
1232 3646 1538 3700 incurreret
1575 3646 1768 3700 mortis
1806 3646 2008 3716 suppli-

415 3736 582 3789 cium.

486 3825 641 3879 Anno
667 3823 792 3878 vitze
820 3822 933 3877 Noe
993 3822 1098 3877 600
1133 3822 1337 3892 impleti
1391 3832 1517 3877 sunt
1561 3825 1688 3876 anni
1737 3840 1765 3876 a
1815 3825 2003 3880 condi—

417 3914 566 3968 tione
592 3913 778 3967 mundi
811 3911 978 3976 1656;
1020 3925 1086 3966 eo
1116 3913 1262 3965 enim
1291 3926 1434 3965 anno
1459 3904 1567 3981 quo
1597 3911 1858 3965 diluvium
1888 3911 2006 3976 fuit,

417 4019 596 4059 annus
637 4002 933 4057 bissextilis
974 4002 1227 4055 exstitit:
1259 4010 1314 4054 et
1347 4001 1392 4053 si
1431 4016 1582 4055 more
1627 4009 1814 4056 nostro
1858 4009 2006 4056 com”-

417 4104 740 4168 putareutur
776 4093 926 4149 feria:
954 4092 1038 4147 vel
1073 4091 1344 4156 Kalendae,
1372 4100 1554 4145 essent
1587 4092 1704 4160 ipso
1739 4106 1880 4145 anno
1906 4091 2012 4144 Ka—

418 4189 591 4244 lendae
639 4187 842 4241 mensis
888 4185 1133 4239 Januarii
1187 4183 1321 4238 feria
1369 4192 1610 4253 quarta:
1653 4192 1707 4239 et
1743 4184 1868 4252 quia
1911 4183 2010 4238 fuit
2052 4207 2056 4211 ·

420 4294 596 4334 annus
623 4279 758 4349 cycli
801 4278 994 4332 solaris
1016 4276 1073 4340 4,
1123 4275 1325 4330 idcirco
1354 4291 1409 4329 χι
1459 4274 1678 4331 fuemut
1723 4276 1776 4329 in
1804 4277 2009 4345 Epacta

421 4378 478 4424 et
521 4384 620 4423 xm
649 4367 922 4422 Kalendas
946 4366 1150 4436 Aprilis
1191 4363 1293 4418 fuit
1322 4363 1637 4430 Neomenia,
1671 4365 1723 4418 id
1748 4373 1832 4418 est
1859 4380 2012 4419 nova:

421 4463 564 4516 lunae
601 4461 950 4531 principium,
991 4467 1047 4513 et
1084 4457 1252 4527 ipsius
1288 4457 1414 4510 anni
1462 4457 1758 4511 secundum
1796 4471 2012 4510 menses

2112 3292 2395 3348 nativitate
2449 3291 2667 3347 Nacbor
2730 3291 2936 3361 impleti
2990 3300 3116 3347 sunt
3187 3292 3316 3346 anni
3383 3301 3511 3362 post
3564 3291 3708 3346 dilu-

2111 3384 2256 3437 vium
2291 3382 2414 3438 193.

2180 3474 2399 3530 Nacltor
2455 3489 2598 3528 anno
2659 3475 2790 3528 vita:
2845 3488 2957 3528 suae
3020 3474 3090 3530 28
3144 3473 3333 3544 genuit
3390 3473 3614 3537 Thare;
3655 3473 3706 3526 in

2110 3566 2389 3620 nativitate
2464 3564 2642 3619 Thare
2724 3562 2932 3634 impleti
2992 3571 3122 3618 sunt
3190 3563 3318 3616 anni
3375 3571 3501 3632 post
3564 3559 3705 3617 dilu-

2111 3656 2255 3709 vium
2281 3655 2407 3708 222.

2183 3745 2363 3800 Titare
2411 3759 2554 3800 anno
2583 3747 2709 3798 vita:
2738 3759 2850 3798 sure
2874 3743 2941 3797 70
2971 3744 3158 3814 genuit
3189 3743 3399 3798 Abram
3424 3760 3440 3808 ;
3485 3743 3539 3797 in
3568 3744 3708 3798 nati-

2117 3838 2286 3891 vitate
2315 3835 2476 3890 Abra:
2503 3834 2706 3903 impleti
2740 3844 2866 3890 sunt
2890 3835 3018 3890 anni
3044 3843 3168 3905 post
3189 3834 3455 3890 diluvium
3479 3836 3607 3890 292.

2183 3927 2338 3981 Anno
2382 3927 2509 3979 vitae
2537 3925 2649 3980 Noe
2696 3925 2801 3979 892
2825 3935 2985 3980 natus
3029 3934 3112 3981 est
3143 3925 3447 3990 Abraham,
3477 3927 3569 3995 qui
3613 3926 3709 3981 fuit

2113 4032 2286 4071 annus
2312 4018 2434 4070 vitae
2488 4015 2615 4070 Sem
2660 4015 2797 4081 390;
2837 4016 3038 4071 vixisse
3087 4017 3364 4071 invenitur
3410 4017 3549 4081 Noe,
3591 4023 3707 4088 post

2114 4107 2451 4160 nativitatem
2482 4104 2733 4170 Abralne,
2767 4106 2926 4160 annis
2952 4105 3040 4161 58.

2183 4197 2347 4252 Fiunt
2381 4198 2563 4266 igitur,
2591 4195 2746 4266 juxta
2769 4197 3234 4267 supputationem,
3256 4212 3288 4250 a
3318 4197 3528 4252 diluvio
3541 4209 3703 4268 usque

2113 4288 2181 4342 ad
2232 4287 2572 4342 nativitatem
2602 4285 2858 4352 Abrahae,
2908 4286 3039 4341 anni
3095 4286 3226 4353 292,
3255 4294 3313 4342 et
3338 4302 3368 4341 a
3400 4289 3703 4344 conditione

2114 4379 2300 4432 mundi
2330 4377 2488 4433 1918.
2873 4445 2941 4498 ΠΙ

421 4552 645 4606 lunares
673 4551 833 4620 primi
867 4548 1071 4604 mensis
1116 4547 1356 4611 initium,
1386 4547 1701 4616 impletique
1739 4555 1864 4601 sunt
1895 4547 2010 4616 ipso
2036 4555 2089 4613 1)
2186 4539 2370 4594 Tertia
2394 4537 2578 4593 mundi
2605 4547 2738 4593 mtas
2762 4553 2793 4591 a
2825 4538 3108 4593 nativitate
3142 4541 3312 4610 capit
3349 4541 3590 4597 Abraha:
3617 4558 3702 4613 pa.

421 4657 567 4696 anno
604 4639 729 4694 anni
763 4637 973 4692 Juluilzei
1023 4653 1051 4691 a
1097 4637 1486 4691 constitutione
1528 4637 1713 4692 mundi
1746 4637 1837 4702 '53,
1873 4637 2010 4707 cyeli

422 4727 833 4786 decemnovales
857 4725 950 4790 82,
977 4725 1093 4779 dies
1118 4725 1427 4779 bissextiles
1454 4724 1580 4777 414.

1187 4813 1250 4867 ll.

501 4909 748 4965 Secunda
793 4907 980 4965 szeculi
1013 4914 1188 4971 aetate,
1229 4907 1407 4974 prima
1443 4905 1605 4974 hujus
1645 4906 1751 4970 die,
1785 4922 1904 4975 qua:
1932 4916 2016 4961 est

427 5002 638 5056 decima
688 5001 916 5069 septima
962 4999 1077 5053 dies
1125 4999 1329 5053 mensis
1374 4999 1894 5067 sccundi,egressus
1931 5005 2014 5052 est

431 5092 548 5147 Noe
585 5092 652 5146 de
687 5105 834 5155 arca,
890 5103 1029 5143 uxor
1058 5086 1194 5156 ejus,
1223 5096 1279 5142 et
1307 5087 1427 5152 ﬁlii,
1460 5097 1517 5142 et
1559 5103 1756 5142 uxores
1783 5087 2014 5141 ﬁliorum

431 5180 568 5250 ejus,
595 5180 682 5235 die
710 5180 885 5249 prima
912 5177 1068 5241 feria,
1092 5193 1254 5246 quam
1285 5192 1383 5231 nos
1412 5186 1631 5246 propter
1656 5177 2016 5232 resurrectio-

431 5286 556 5328 nem
586 5269 798 5324 Domini
827 5268 1163 5322 Dominicam
1217 5281 1592 5334 nuncupamus
1628 5284 1640 5318 :
1683 5269 1826 5333 quia,
1877 5266 2019 5320 sicut

433 5377 597 5433 supra
627 5359 741 5429 jam
771 5358 904 5422 dixi,
934 5357 980 5411 si
1009 5371 1164 5410 more
1204 5365 1392 5410 nostro
1432 5354 1550 5422 ipso
1582 5363 1825 5422 tempore
1871 5368 2017 5407 com-

431 5461 754 5525 putarentur
781 5451 926 5506 feria:
951 5450 1034 5503 vel
1055 5449 1327 5513 Kalendm,
1355 5456 1539 5502 essent
1577 5448 1692 5518 ipso
1721 5462 1880 5510 anno,
1909 5465 2017 5519 quo

433 5547 638 5619 egressi
676 5553 800 5600 sunt
824 5544 890 5599 de
932 5559 1078 5608 arca,
1113 5543 1370 5597 Kalendae,
1407 5543 1611 5597 mensis
1636 5541 1903 5607 Januarii,
1937 5541 2016 5596 fe-

434 5641 518 5694 ria
544 5639 730 5708 quinta
765 5651 907 5690 anno
931 5635 1107 5705 primo
1139 5641 1259 5703 post
1286 5633 1606 5687 bissextum.
1650 5632 1717 5686 Et
1744 5633 1870 5701 quia
1916 5631 2018 5687 fuit

437 5744 610 5784 annus
645 5727 862 5798 quintus
904 5723 1036 5797 cyeli
1083 5723 1307 5789 solaris,
1340 5723 1430 5792 qui
1472 5733 1553 5776 cst
1597 5722 2014 5789 deeemnovalis,

2116 4630 2390 4696 triarchte,
2426 4630 2520 4699 qui
2549 4645 2672 4684 cum
2700 4629 2770 4683 75
2799 4644 3067 4685 annorum
3103 4641 3267 4695 esset,
3318 4648 3465 4688 anno
3498 4633 3565 4687 17
3589 4641 3701 4705 post

2116 4729 2347 4775 mortem
2399 4719 2532 4783 Noe,
2565 4720 2657 4788 qui
2692 4719 2794 4774 fuit
2819 4735 2994 4774 annus
3030 4721 3159 4775 vitae
3197 4719 3328 4775 Sem
3369 4722 3502 4788 465,
3534 4733 3589 4778 et
3612 4739 3700 4795 pa-

2118 4814 2215 4867 tris
2244 4814 2326 4866 sui
2354 4811 2533 4866 Thare
2585 4812 2709 4877 145,
2744 4813 2932 4868 relicta
2964 4824 3123 4884 gente
3171 4822 3228 4870 et
3255 4817 3436 4885 patria
3484 4834 3604 4881 sua,
3629 4832 3706 4874 se-

2116 4906 2349 4962 cundum
2382 4905 2622 4959 divinum
2673 4905 2975 4970 oraculum,
3029 4907 3174 4960 venit
3215 4907 3270 4961 in
3322 4916 3528 4964 terram
3561 4909 3699 4966 Cha-

2119 5012 2284 5061 naan,
2325 4996 2599 5064 accipiens
2629 4997 3047 5065 promissionem
3070 4999 3413 5053 nasciturum
3445 5001 3513 5055 de
3551 5001 3699 5056 sentio

2120 5104 2189 5144 ne
2229 5103 2327 5142 suo
2383 5086 2744 5151 Salvatorem,
2784 5088 2837 5141 in
2885 5086 2992 5159 quo
3039 5090 3501 5145 benedicerentur
3525 5105 3702 5147 omnes

2119 5190 2304 5248 gentes
2363 5181 2647 5236 crediturae
2689 5180 2743 5233 in
2790 5179 3083 5244 Christum,
3135 5189 3190 5234 et
3218 5181 3459 5251 seipsum
3499 5184 3556 5237 in
3583 5197 3702 5254 gen-

2120 5279 2229 5324 tem
2262 5285 2512 5339 magnam
2542 5283 2661 5323 esse
2700 5267 2940 5323 futuram
2971 5287 2985 5322 :
3018 5283 3250 5337 quarum
3288 5285 3396 5324 una
3425 5270 3701 5341 spiritalis,

2122 5360 2292 5413 altera
2327 5367 2410 5414 est
2447 5359 2735 5429 promissio
2775 5359 3032 5414 carnalis.

2193 5449 2286 5504 llis
2326 5450 2658 5519 temporibus
2696 5449 2866 5504 Ninus
2913 5459 2968 5503 et
3011 5447 3332 5504 Semiramis
3366 5449 3422 5503 in
3474 5447 3702 5522 Assyrii!

2122 5549 2501 5609 regnaverunt.

2191 5632 2462 5686 Abraham
2508 5646 2649 5684 anno
2679 5631 2802 5686 vita:
2849 5645 2959 5686 sua:
2998 5631 3318 5694 centesimo,
3375 5632 3554 5701 patris
3583 5642 3698 5686 vero

2123 5723 2202 5775 sui
2235 5721 2411 5774 Tit-are
2447 5721 2564 5787 170,
2597 5730 2648 5776 et
2696 5721 2819 5777 Sem
2853 5720 2976 5789 190,
3035 5720 3222 5792 genuit
3271 5720 3423 5776 [sane
3465 5722 3536 5775 42
3566 5733 3696 5776 anno
