3906 6322
156 378 253 434 921

1448 377 1615 436 BRE\
1628 378 1690 435 IS
1726 379 2087 438 CHRONICA.

3282 396 3389 453 922

147 497 279 557 post
306 496 531 542 mortem
556 487 687 543 Noe.
726 487 826 555 Qui
857 486 1007 544 Isaac
1052 489 1253 560 primus
1278 498 1335 544 et
1364 488 1511 544 solus
1534 490 1587 543 in
1613 498 1723 545 tota
1750 493 1801 552 Α
1828 504 1952 543 num
1977 491 2075 544 erit
2100 507 2273 545 semen
2299 499 2446 546 tuum
2468 496 2521 548 in
2546 504 2685 549 terra
2706 537 2719 562 ,
2757 514 2861 552 non
2890 516 3013 563 sua,
3054 509 3108 556 et
3132 488 3390 565 servitute

155 576 491 633 Testamenti
520 581 726 635 Veteris
752 582 893 635 serie
927 581 1122 652 legitur
1149 589 1336 635 octava
1364 582 1450 635 die
1471 595 1591 636 esse
1627 582 1727 636 cir-

154 667 451 729 cumcisus,
491 668 632 737 quod
664 684 768 723 non
819 672 935 724 sine
979 684 1174 739 magno
1204 671 1463 739 mysterio
1508 670 1725 740 privile-

151 754 305 822 gium
329 755 577 810 donatum
603 766 685 810 est
709 757 818 812 ﬁlio
850 759 1239 827 promissionis.

226 844 374 898 Isaac
404 860 541 899 anno
568 848 689 901 vitae
715 863 823 901 sua:
850 847 917 901 60
946 858 1000 902 et
1026 850 1195 917 patris
1225 850 1305 902 sui
1338 848 1457 913 160,
1485 851 1577 920 qui
1604 859 1725 905 erat

152 952 330 991 annus
372 939 491 991 vita:
534 938 657 993 Sem
706 939 827 1004 550,
858 949 979 1009 post
1009 950 1238 995 mortem
1272 942 1381 996 Noe
1415 958 1555 996 anno
1590 943 1720 1007 102,

152 1028 243 1080 avi
273 1044 399 1081 vero
436 1030 517 1082 sui
548 1029 721 1083 Thare
754 1030 839 1094 25,
882 1031 1070 1099 genuit
1106 1032 1245 1085 Esau
1274 1041 1327 1085 et
1357 1031 1542 1086 Iacob.
1578 1031 1724 1085 Vixit

150 1135 285 1175 vero
323 1120 593 1175 Abraham
624 1131 907 1191 postquam
958 1128 1070 1178 nati
1119 1136 1242 1178 sunt
1291 1125 1434 1178 Esau
1475 1134 1529 1178 et
1558 1123 1723 1180 Iacob

148 1211 309 1267 annis
342 1212 425 1276 15,
460 1222 514 1267 et
537 1214 671 1267 vixit
697 1212 842 1277 Sem,
870 1223 1153 1283 postquam
1183 1224 1426 1269 mortuus
1446 1224 1530 1268 est
1549 1214 1721 1269 Abra-

148 1301 278 1354 ham
305 1303 459 1356 annis
504 1302 594 1365 55,
633 1312 688 1357 et
711 1304 915 1371 impleti
940 1312 1064 1359 sunt
1110 1304 1225 1358 dies
1260 1304 1395 1358 ⁴111το
1424 1305 1564 1358 illius
1594 1306 1719 1359 anni

146 1389 275 1445 600.
314 1391 450 1445 Ante
485 1392 740 1447 diluvium
762 1394 895 1446 vixit
914 1409 1084 1448 annos
1109 1395 1197 1457 98,
1229 1403 1282 1447 et
1310 1402 1435 1463 post
1465 1393 1721 1447 diluvium

145 1480 276 1543 502,
305 1491 358 1535 et
379 1491 623 1537 mortuus
640 1491 721 1537 est
742 1497 884 1536 anno
905 1483 1030 1537 vita:
1048 1499 1157 1538 suae
1180 1483 1283 1536 600
1306 1484 1395 1551 qui
1416 1492 1533 1536 erat
1548 1498 1722 1537 anuus

144 1570 274 1625 vita:
310 1572 459 1625 Isaac
486 1572 575 1625 101
622 1582 675 1625 et
719 1572 883 1627 Jacob
920 1572 1018 1637 50;
1052 1574 1104 1626 in
1127 1574 1409 1628 nativitate
1428 1572 1718 1627 Iacobim~

142 1662 278 1730 pleti
315 1670 438 1715 sunt
469 1663 793 1718 annitertia:
842 1664 1017 1718 aetatis
1061 1663 1183 1727 160,
1233 1672 1287 1718 et
1334 1680 1365 1717 a
1416 1664 1719 1718 conditione

142 1754 331 1806 mundi
361 1753 525 1808 2108.
1022 1751 1029 1759 ’

1822 594 1919 633 eos
1943 578 2175 635 alﬁcient
2201 582 2357 636 annis
2376 582 2499 636 400.
2533 584 2646 639 Non
2672 587 2876 657 itaque,
2903 590 3047 658 quod
3069 592 3163 657 ait,
3194 595 3246 649 in
3273 612 3392 652 sero

1824 669 1997 724 vitute
2030 672 2274 740 redigent
2302 688 2432 738 eos,
2462 676 2528 728 ad
2554 675 2656 729 400
2687 691 2854 731 annos
2888 680 3230 736 referendum
3270 696 3388 753 est,

1826 763 2084 830 tanquam
2111 774 2206 830 per
2232 769 2312 815 tot
2334 778 2507 818 annos
2547 778 2640 818 eos
2666 765 2951 821 habuerint
3002 772 3056 824 in
3087 775 3387 843 servitute;

1825 851 1919 905 sed
1944 850 2211 905 referendi
2237 860 2361 905 sunt
2399 852 2507 907 400
2529 855 2654 907 anni
2700 856 2767 909 ad
2795 857 2849 911 id
2874 861 3015 926 quod
3041 861 3242 917 dictum
3272 873 3387 931 est;

1824 940 2165 1011 Peregrinum
2192 946 2289 997 erit
2323 962 2495 1000 semen
2523 955 2673 1000 tuum
2701 950 2755 1003 in
2784 958 2922 1003 terra
2950 969 3050 1007 non
3087 972 3184 1009 sua
3213 976 3231 1012 :
3263 960 3388 1027 quia

1822 1033 1937 1086 sive
1966 1033 2021 1087 in
2048 1044 2194 1088 terra
2220 1034 2474 1090 Chanaan
2492 1078 2505 1101 ,
2535 1039 2646 1093 sive
2674 1039 2727 1095 in
2754 1040 2988 1111 Egypto
3006 1086 3019 1109 ,
3046 1050 3388 1119 peregrinum

1823 1128 1941 1174 erat
1997 1122 2125 1175 illud
2178 1139 2394 1191 semen,
2456 1135 2741 1195 antequam
2774 1130 3087 1188 haereditate
3117 1148 3391 1194 sumerent

1822 1218 2027 1264 terram
2059 1226 2123 1265 ex
2154 1215 2513 1283 promissione
2540 1218 2657 1282 Dei,
2686 1228 3035 1289 posteaquam
3064 1240 3128 1278 ex
3155 1227 3390 1299 Egypto

1821 1298 2033 1353 liberati
2069 1310 2211 1367 sunt,
2241 1311 2301 1358 ut
2322 1319 2420 1373 per
2445 1307 2677 1373 speciem
2698 1306 3001 1375 locutionis,
3032 1329 3189 1382 quam
3212 1298 3392 1386 gram-

1822 1387 2007 1440 matici
2031 1388 2365 1458 hyperbaton
2396 1401 2605 1457 vocant,
2644 1395 2846 1449 dictum
2882 1413 2998 1452 esse
3023 1400 3387 1473 intelligatur:

1822 1479 1877 1524 et
1906 1482 1989 1526 est
2019 1488 2209 1529 sensus
2230 1478 2315 1531 vel
2338 1478 2473 1533 ordo
2501 1482 2787 1536 verborum
2815 1484 3079 1541 :Sciendo
3102 1490 3239 1544 scias
3267 1494 3391 1561 quia

1821 1563 2162 1631 peregrinum
2210 1566 2316 1618 erit
2349 1582 2533 1622 semen
2563 1576 2715 1623 tuum
2752 1571 2805 1625 in
2838 1580 2982 1627 terra
3015 1580 3119 1629 non
3162 1593 3257 1631 sua
3285 1579 3390 1633 400

1822 1650 2001 1703 anuis.
2050 1652 2185 1706 Illud
2214 1664 2395 1709 autem
2427 1657 2804 1726 interpositum
2834 1660 3061 1731 legatur,
3103 1666 3169 1719 Et
3197 1668 3249 1720 in
3278 1684 3391 1722 ser-

1818 1738 1993 1794 vitute
2034 1742 2280 1811 redigent
2305 1758 2431 1809 eos,
2455 1754 2510 1799 et
2537 1749 2806 1804 nocebunt
2829 1751 2953 1817 illis,
2988 1755 3061 1807 ita
3096 1764 3157 1808 ut
3193 1758 3259 1811 ad
3287 1757 3391 1811 400

218 1842 383 1899 1330b
437 1855 617 1899 autem
662 1861 803 1901 anno
849 1846 973 1901 vim
1020 1862 1129 1902 sum
1160 1846 1221 1902 91
1256 1847 1441 1916 genuit
1490 1846 1711 1916 Ioseph,
1744 1838 1790 1897 Β
1820 1830 2896 1906 annosistainterpositiononpertineat;
2922 1842 2975 1896 in
2991 1852 3227 1899 extrema
3247 1850 3390 1905 enim

143 1933 239 2002 qui
267 1943 385 1988 erat
426 1952 597 1991 annus
630 1938 751 1991 vita:
784 1936 935 1993 Isaac
968 1938 1058 1992 151
1086 1954 1100 2002 ;
1139 1938 1388 1992 venditus
1429 1945 1513 1991 est
1536 1947 1715 1992 autem

146 2026 272 2079 vita:
297 2041 406 2080 suae
440 2028 526 2091 16,
558 2028 648 2095 qui
691 2028 789 2081 fuit
814 2044 988 2083 annus
1034 2028 1157 2082 vitae
1193 2027 1360 2082 Iacob
1390 2028 1513 2094 107,
1540 2029 1709 2097 patris

141 2131 277 2171 vero
301 2118 383 2171 sui
434 2117 553 2171 167.
593 2118 897 2173 Permansit
948 2133 1134 2173 servus
1190 2118 1345 2173 annis
1377 2117 1461 2183 14,
1499 2127 1555 2172 et
1580 2119 1714 2173 edu-

140 2214 261 2260 ctus
312 2208 377 2261 de
421 2223 639 2262 carcere
700 2216 783 2262 est
828 2223 970 2262 anno
1015 2207 1083 2262 50
1131 2208 1255 2262 vitae
1291 2224 1419 2273 suae,
1474 2209 1566 2279 qui
1616 2209 1718 2262 fuit

143 2312 323 2351 anuus
369 2298 490 2351 vitae
534 2295 701 2352 Iacob
730 2298 852 2362 121,
886 2306 941 2351 et
964 2297 1114 2352 Isaac
1150 2298 1317 2368 patris
1350 2299 1429 2352 sui
1470 2298 1590 2351 181.
1624 2297 1719 2352 Se-

140 2388 378 2442 cundum
407 2390 543 2442 hanc
564 2390 826 2442 rationem
852 2389 1050 2443 vixisse
1076 2389 1345 2442 invenitur
1382 2387 1550 2451 Isaac,
1574 2397 1717 2456 post-

141 2494 307 2546 quam
336 2480 559 2532 eductus
590 2480 653 2533 de
679 2493 898 2533 carcere
921 2487 1001 2533 est
1029 2478 1248 2547 Ioseph,
1275 2480 1430 2533 annis
1458 2488 1710 2547 quatuor,

139 2569 271 2636 quia
309 2568 408 2621 185
431 2583 692 2621 annorum
724 2576 840 2622 erat
874 2569 1087 2637 quando
1128 2578 1371 2623 mortuus
1401 2578 1503 2634 est,
1537 2578 1593 2625 et
1626 2572 1715 2628 hic

137 2663 261 2707 erat
290 2669 462 2709 annus
496 2656 616 2709 vitae
648 2654 813 2709 Iacob
858 2655 979 2719 125,
1021 2656 1113 2725 qui
1143 2656 1303 2711 etiam
1332 2668 1453 2725 post
1481 2667 1715 2717 mortem

141 2745 319 2814 patris
344 2746 428 2799 sui
463 2760 603 2800 anno
624 2746 813 2813 quinto
844 2744 1119 2799 descendit
1152 2746 1206 2799 in
1242 2744 1535 2817 Aigyptum
1573 2766 1716 2806 anno

138 2835 270 2888 vitae
291 2832 488 2904 Ioseph
513 2834 603 2899 59,
634 2834 757 2889 vitae
778 2848 907 2889 vero
928 2848 1035 2889 sua:
1052 2835 1153 2890 150
1170 2835 1445 2890 descendit
1469 2838 1524 2890 in
1550 2837 1715 2909 Egy-

124 2938 285 2994 ptum
304 2926 357 2979 in
373 2926 650 2980 animabus
686 2924 773 2982 70.

214 3014 527 3069 Manscrunt
559 3015 654 3068 ﬁlii
691 3014 855 3070 Israel
902 3016 957 3069 in
1008 3015 1248 3086 Egypto
1278 3026 1399 3086 post
1430 3018 1713 3073 introitum

136 3106 310 3161 Iacob
348 3107 503 3160 annis
529 3106 632 3159 215
655 3147 669 3171 ,
728 3112 850 3175 post
881 3114 1111 3161 mortem
1163 3123 1287 3162 vero
1316 3106 1516 3179 Ioseph
1556 3110 1713 3165 annis

1814 1927 1971 1989 parte
1991 1936 2253 1975 annorum
2270 1937 2496 1979 summa:
2508 1924 2687 1993 hujus,
2702 1928 2803 1982 hoc
2819 1938 2900 1983 est
2920 1940 3042 2000 post
3058 1942 3284 1990 mortem
3306 1936 3391 1992 Io-

1817 2011 1970 2079 seph,
2004 2011 2203 2066 factum
2247 2024 2331 2069 est
2362 2022 2420 2069 ut
2449 2016 2505 2069 in
2526 2016 2758 2088 AZgypto
2807 2021 3033 2089 populus
3058 2022 3154 2078 Dei
3195 2026 3387 2083 duram

1814 2110 2138 2171 peragerent
2161 2105 2472 2160 servitutem

1886 2197 2142 2253 Testatur
2167 2200 2456 2271 Apostolus
2504 2204 2557 2257 in
2589 2204 2824 2275 Epistola
2872 2210 2939 2264 ad
2966 2211 3257 2270 Hebraeos:
3295 2215 3391 2270 Fs"-

1816 2288 1880 2343 de
1908 2289 2117 2360 Moyses
2142 2291 2415 2347 celebravit
2444 2293 2673 2362 Pascha,
2716 2307 2763 2352 et
2806 2302 3076 2371 sanguinis
3111 2306 3382 2374 eﬂ'usione,

1816 2396 1879 2433 ne
1903 2383 1994 2451 qui
2022 2383 2257 2438 vastabat
2301 2386 2563 2455 μνίγηὶιίυο
2611 2387 2854 2459 Ᾰῐεγρῖί,
2904 2392 3121 2449 laederet
3147 2414 3252 2450 eos.
3286 2398 3387 2452 Sed

1815 2470 1940 2537 quia
1964 2470 2032 2525 ab
2054 2472 2207 2527 initio
2228 2474 2412 2529 mundi
2447 2491 2615 2545 usque
2643 2478 2710 2531 ad
2728 2494 2967 2548 pnesens
2992 2491 3200 2554 tempus
3220 2502 3391 2543 annos

1813 2558 1898 2613 vel
1922 2569 2112 2617 aetates
2158 2570 2459 2632 temporum
2489 2566 2811 2635 inquirendo
2840 2574 3203 2640 pervenimus,
3243 2594 3388 2633 nunc

1814 2650 1985 2719 ipsius
2011 2650 2233 2706 Pascha:
2259 2660 2489 2722 tempus,
2522 2656 2605 2710 vel
2659 2658 2824 2724 diem,
2854 2676 2976 2729 quae
3001 2665 3150 2733 prior
3197 2667 3249 2719 in
3280 2676 3392 2723 toto

1818 2750 2057 2811 tempore
2078 2742 2287 2798 Veteris
2320 2743 2652 2801 Testamenti
2697 2749 2967 2805 celebrata
2997 2761 3100 2819 est,
3129 2756 3393 2812 subtiliter

1816 2831 2173 2901 inquiramus.
2205 2832 2262 2887 Si
2290 2834 2371 2888 vis
2398 2833 2557 2902 hujus
2586 2835 2808 2892 Pascha:
2854 2856 3013 2896 nosse
3042 2852 3273 2914 tempus,
3306 2846 3391 2901 vel

1813 2919 1977 2984 diem,
2011 2921 2093 2975 vel
2123 2921 2333 2988 feriam,
2362 2932 2455 2977 aut
2491 2925 2672 2979 lunam
2701 2968 2714 2992 ,
2756 2943 2907 2983 sume
2938 2946 3105 2987 annos
3142 2938 3208 2988 ab
3238 2936 3393 2990 initio

1815 3012 2019 3077 mundi,
2052 3014 2144 3083 qui
2171 3024 2296 3069 sunt
2336 3031 2504 3085 usque
2535 3018 2599 3071 ad
2627 3018 2680 3073 id
2717 3029 2924 3090 tempus
2947 3023 3117 3089 2.153;
3152 3027 3249 3080 hos
3275 3043 3394 3095 par«

1818 3106 1921 3159 tire
1946 3120 2044 3174 per
2072 3115 2320 3175 quartam
2362 3118 2592 3176 partem,
2647 3118 2701 3163 et
2728 3111 2814 3166 dic
2844 3132 2855 3165 :
2898 3123 3088 3182 quater
3118 3118 3218 3172 600
3257 3119 3392 3173 ﬁunt

142 3196 266 3249 144.
316 3196 458 3249 Inter
504 3168 746 3250 mortem.
781 3194 979 3264 Ioseph
1022 3204 1092 3250 ‘et
1151 3168 1486 3251 nativitatem
1544 3198 1709 3269 Moysi

1814 3168 1974 3260 2400,
2001 3205 2055 3250 et
2084 3168 2478 3266 supersunt-55.
2508 3168 2707 3256 Iterum
2741 3202 2827 3255 die
2859 3220 2871 3254 :
2901 3168 3093 3272 quater

136 3283 359 3338 fucrunt
406 3284 531 3336 anni
578 3283 681 3349 64,
731 3286 856 3354 quia
888 3284 957 3340 80
1002 3300 1264 3339 annorum
1311 3295 1429 3341 erat
1477 3287 1709 3358 Moyses,

135 3375 355 3442 quando
409 3375 659 3444 apparuit
716 3376 766 3428 ei
810 3375 1105 3441 Dominus,
1168 3384 1221 3430 et
1281 3378 1430 3432 misit
1479 3392 1602 3432 eum
1639 3381 1709 3434 ad

136 3466 499 3524 Pharaonem.

208 3565 266 3619 Si
298 3560 419 3633 quis
454 3559 551 3616 ista
582 3560 823 3623 dubitat,
859 3558 942 3612 vel
972 3558 1270 3613 calculandi
1318 3569 1373 3613 et
1406 3559 1711 3617 inveniendi

130 3672 403 3713 summam
437 3666 699 3710 annorum
728 3665 833 3707 non
864 3650 1027 3703 habet
1070 3650 1383 3712 scientiam,
1417 3659 1596 3704 sumat
1641 3652 1709 3705 ab

128 3746 358 3819 introitu
385 3744 549 3799 Iacob
582 3745 632 3797 in
680 3743 1003 3813 Egyptum,
1052 3747 1103 3795 et
1156 3739 1397 3793 inveniet
1442 3756 1613 3808 usque
1644 3742 1709 3795 ad

126 3844 368 3891 mortem
405 3833 601 3902 Ioseph
636 3848 806 3887 annos
836 3833 893 3884 71
933 3846 947 3884 :
976 3832 1062 3885 his
1102 3830 1238 3885 adde
1266 3829 1365 3893 64,
1396 3828 1535 3885 ﬁunt
1581 3829 1706 3894 155,

125 3926 262 3995 quia
286 3925 354 3979 64
385 3940 526 3978 anno
556 3933 680 3993 post
733 3930 962 3977 mortem
992 3920 1189 3991 Ioseph
1241 3921 1509 3975 Invenitur
1544 3928 1709 3976 natus

124 4029 253 4070 esse
280 4014 506 4083 Moyses.
538 4013 634 4067 His
662 4013 797 4065 adde
820 4010 889 4066 80
935 4026 1105 4065 annos
1130 4012 1256 4065 vitce
1302 4010 1533 4080 Moysis,
1580 4012 1707 4081 quia

124 4102 203 4160 80
232 4116 497 4156 annorum
528 4110 646 4155 erat
679 4100 917 4170 Moyses,
970 4099 1127 4154 sicuti
1170 4100 1281 4170 jam
1318 4099 1449 4160 dixi,
1491 4100 1705 4168 quando

124 4194 334 4249 missus
358 4201 443 4247 est
480 4192 546 4245 ad
573 4191 943 4254 Pharaonem;
984 4189 1049 4242 ad
1078 4189 1178 4243 155
1207 4190 1344 4243 adde
1372 4190 1463 4254 80,
1492 4197 1544 4244 et
1568 4189 1703 4243 ﬁunt

123 4282 257 4338 215.
287 4283 330 4336 A
356 4283 529 4352 prima
573 4282 737 4351 igitur
769 4279 1127 4348 promissione
1155 4278 1383 4331 Abrahae
1422 4293 1593 4345 usque
1634 4280 1704 4332 ad

122 4374 410 4428 introitum
428 4369 593 4423 Iacob
618 4370 669 4421 in
701 4368 1018 4437 Egyptum,
1052 4366 1268 4419 fuerunt
1310 4366 1437 4418 anni
1478 4366 1612 4431 215,
1646 4374 1701 4420 et

1813 3294 1868 3340 et
1893 3296 2180 3355 supersunt
2218 3286 2281 3341 15
2309 3304 2322 3351 ;
2350 3296 2543 3355 quater
2567 3289 2724 3353 terni,
2758 3290 2844 3354 12,
2874 3301 2929 3345 et
2962 3304 3209 3363 superest
3242 3297 3261 3349 1
3288 3316 3302 3362 ;
3333 3308 3391 3352 et

1815 3375 2057 3430 invenies
2085 3377 2227 3444 quod
2254 3377 2460 3445 primus
2484 3392 2656 3431 annus
2685 3386 2812 3433 tunc
2855 3382 3123 3436 exstiterit
3143 3394 3261 3453 post
3287 3389 3391 3441 bis-

1813 3472 2045 3518 sextum.
2082 3464 2244 3519 Sume
2277 3467 2439 3535 igitur
2478 3468 2623 3537 ipsos
2653 3469 2768 3522 dies
2796 3471 3124 3537 bissextiles,
3161 3477 3250 3544 qui
3277 3476 3391 3532 fue-

1812 3564 1939 3608 runt
1976 3557 2030 3609 in
2055 3564 2165 3609 toto
2200 3564 2347 3611 retro
2392 3564 2632 3626 tempore
2681 3556 2805 3622 615,
2843 3560 2941 3614 hos
2973 3562 3109 3617 adde
3140 3564 3205 3617 ad
3235 3581 3392 3634 supe-

1810 3643 1983 3697 riores
2008 3659 2198 3710 annos,
2227 3654 2282 3699 et
2308 3646 2551 3701 invenies
2574 3663 2839 3702 summam
2876 3666 3060 3705 eorum
3092 3654 3230 3707 5066
3258 3671 3271 3708 :
3305 3658 3389 3711 his

1809 3732 2006 3786 iterum
2056 3733 2193 3788 adde
2246 3749 2341 3789 sex
2372 3735 2509 3800 dies,
2566 3752 2704 3805 quos
2735 3739 3087 3796 intercalares
3114 3759 3385 3811 vocamus,

1808 3828 1863 3875 et
1892 3830 2052 3876 erunt
2079 3822 2238 3876 5072.

1878 3932 1945 3987 Et
1970 3942 2029 3987 ut
2060 3933 2253 4014 feriam
2286 3936 2455 4007 ipsius
2505 3939 2631 3993 anni
2684 3941 2927 3997 invenire
2948 3944 3144 4012 possis,
3183 3947 3387 4014 partire

1807 4023 2168 4093 supradictam
2191 4010 2479 4091 summam,
2510 4036 2565 4081 et
2600 4030 2685 4083 dic
2710 4030 2908 4099 septies
2929 4010 3034 4084 400
3064 4010 3200 4087 ﬁunt
3221 4033 3382 4098 2800,

1807 4122 1861 4169 et
1895 4123 2187 4184 supersunt
2214 4115 2338 4168 272.
2396 4116 2595 4170 Iterum
2635 4120 2721 4173 dic
2751 4120 2951 4189 septies
2986 4121 3054 4174 50
3088 4122 3223 4175 ﬁunt
3255 4124 3381 4189 210,

1804 4210 1859 4257 et
1887 4214 2176 4272 supersunt
2204 4202 2301 4268 62;
2335 4213 2389 4260 et
2416 4222 2630 4260 rursum
2660 4210 2857 4278 septies
2912 4212 3093 4264 octoni
3126 4212 3263 4266 ﬁunt
3288 4212 3379 4279 56,

1802 4302 1857 4348 et
1885 4304 2177 4363 supersunt
2224 4310 2356 4360 sex;
2398 4305 2451 4350 et
2482 4297 2722 4352 invenies
2748 4299 2890 4368 quod
2938 4298 3075 4353 feria
3120 4314 3270 4356 sexta
3304 4316 3383 4357 se.

1803 4383 2037 4437 cundqu
2075 4384 2190 4438 dies
2222 4384 2426 4438 solares
2474 4387 2682 4439 exstitit
2712 4390 3033 4456 principium
3067 4391 3192 4444 anni
3219 4408 3381 4461 quam

121 4462 255 4521 inde
272 4474 439 4529 usque
456 4459 522 4511 ad
544 4457 827 4511 ιτειηείίυηι
856 4456 1021 4509 maris
1048 4454 1221 4557 ‘R‘Ibr‘i
1250 4454 1507 4557 ληηίεῗίξ
1527 4474 1539 4508 ³
1724 4498 1777 4557 D
1804 4488 1901 4528 nos
1958 4488 2108 4527 more
2160 4475 2438 4544 gentilium
2480 4454 2747 4531 Kalendas
2793 4454 3076 4534 Ian—uarias
3108 4454 3379 4550 nuncupao

118 4554 181 4608 in
215 4565 421 4605 summa
448 4548 571 4611 450,
605 4555 659 4601 ct
684 4548 786 4601 hoc
813 4554 898 4601 est
923 4545 1064 4614 quod
1086 4546 1162 4598 ait
1182 4544 1470 4615 Apostolus
1491 4546 1544 4598 in
1577 4546 1700 4615 Epi-

120 4644 266 4699 stola
318 4643 384 4695 ad
435 4640 654 4697 Galatas
716 4656 728 4689 :
782 4636 899 4690 Hoc
932 4646 1110 4689 autem
1149 4636 1266 4688 dico
1315 4635 1700 4689 Testamentum

123 4735 495 4803 conﬁrmatum
542 4749 573 4784 a
611 4730 763 4791 Deo,
824 4744 929 4797 qua
986 4740 1098 4797 post
1158 4726 1263 4782 450
1325 4744 1490 4781 annos
1555 4728 1698 4797 facta

118 4835 199 4881 est
224 4823 326 4877 lea‘.

198 4934 361 4988 Fiunt
414 4933 576 5005 igitur
610 4948 640 4986 a
687 4930 963 4985 nativitate
1012 4930 1280 4995 Abrahae,
1338 4933 1479 4986 unde
1537 4932 1695 4985 tertia

118 5041 248 5081 esse
284 5024 446 5092 coepit
488 5022 717 5076 labentis
767 5020 945 5076 smculi
994 5029 1159 5086 tetas,
1199 5035 1370 5090 usque
1401 5022 1466 5075 ad
1499 5022 1695 5075 transi—

120 5126 242 5170 tum
300 5114 464 5167 maris
516 5113 681 5166 Rubri
735 5112 860 5165 anni
919 5110 1023 5164 505
1056 5153 1070 5174 ,
1122 5119 1179 5165 01.
1225 5126 1255 5163 a
1313 5110 1695 5165 constitutione

120 5203 312 5258 mundi
365 5217 535 5271 usque
592 5202 657 5255 ad
715 5201 993 5255 introitum
1058 5198 1223 5255 Iacob
1286 5201 1337 5253 in
1397 5199 1691 5270 Egyptum

120 5295 254 5349 anni
280 5294 440 5357 2238,
468 5300 523 5347 et
558 5292 679 5346 inde
710 5306 879 5362 usque
912 5290 979 5343 ad
1009 5291 1297 5344 transitum
1328 5290 1492 5343 maris
1525 5289 1693 5345 Rubri

120 5382 437 5438 anni2451.
942 5432 947 5439 ,

196 5473 302 5527 Sed
329 5472 462 5527 dicit
488 5470 712 5538 aliquis,
761 5468 1042 5535 Quomodo
1090 5477 1267 5538 potest
1314 5467 1430 5523 ﬁeri
1476 5476 1535 5522 ut
1579 5476 1689 5523 tam

119 5561 311 5633 paucis
347 5560 441 5613 ﬁlii
488 5557 649 5612 Israel
682 5558 734 5609 in
778 5567 921 5611 terra
965 5556 1183 5629 Egypti
1230 5558 1477 5611 steterint
1504 5558 1685 5622 annis,

122 5668 245 5709 cum
293 5650 576 5720 Scriptura
628 5649 747 5703 libri
784 5649 1058 5705 Genescos
1088 5656 1274 5703 narret
1301 5650 1442 5717 quod
1488 5648 1689 5703 dixerit

125 5744 265 5798 Deus
296 5742 362 5796 ad
386 5740 654 5793 Abraham
686 5757 697 5791 z
730 5738 871 5795 Scito
891 5755 1245 5807 prwnosrens,
1294 5738 1416 5803 quia
1446 5738 1681 5807 pcregri~

1802 4578 1941 4617 mus.
1972 4562 2170 4617 Iterum
2211 4580 2367 4619 sume
2392 4567 2700 4635 superiores
2732 4584 2901 4623 annos
2940 4570 3100 4634 2455,
3130 4572 3229 4625 hos
3256 4587 3379 4641 par-

1802 4653 1903 4707 tire
1941 4667 2039 4722 per
2087 4652 2349 4707 decimam
2403 4670 2597 4709 nonam
2646 4666 2889 4725 partem;
2920 4668 2975 4714 et
3030 4661 3136 4726 dic,
3171 4664 3377 4727 centies

1800 4746 1985 4800 decem
2025 4755 2300 4801 etenovcm
2325 4748 2461 4801 ﬁunt
2494 4748 2645 4812 1900,
2685 4758 3045 4819 etsupersunt
3092 4752 3234 4807 553:
3276 4756 3374 4810 hos

1801 4836 1997 4891 iterum
2028 4837 2230 4906 partire
2259 4838 2357 4891 sub
2386 4837 2628 4890 eamdem
2673 4848 2901 4907 partem,
2934 4848 2989 4893 et
3022 4840 3109 4895 dic
3138 4856 3151 4895 :
3182 4842 3369 4897 decem

1797 4926 1985 4981 novies
2014 4926 2083 4980 20
2122 4925 2256 4980 ﬁunt
2293 4927 2413 4989 280,
2448 4934 2502 4980 et
2551 4938 2837 4996 supersunt
2886 4930 3030 4995 163;
3070 4931 3168 4985 hos
3196 4934 3372 4989 denuo

1795 5015 1999 5084 partire
2038 5030 2136 5083 per
2189 5015 2431 5069 eamdem
2470 5024 2678 5085 partem
2731 5018 2999 5083 similiter,
3042 5029 3095 5074 et
3124 5022 3245 5075 dic:
3279 5024 3369 5079 de-

1796 5121 1914 5160 cem
1936 5108 2121 5162 novies
2151 5120 2339 5159 novem
2357 5106 2492 5160 ﬁunt
2518 5108 2610 5160 171
2627 5148 2640 5171 ,
2664 5116 2720 5162 et
2745 5120 3033 5176 supersunt
3060 5112 3194 5176 duo;
3232 5115 3370 5169 adde

1794 5212 1959 5250 unum
1985 5204 2039 5251 et
2085 5196 2218 5250 ﬁunt
2268 5197 2389 5261 tria,
2424 5206 2479 5251 et
2520 5199 2758 5252 invenies
2803 5200 2946 5267 quod
2983 5202 3173 5255 tertius
3208 5201 3370 5257 fuerit

1794 5304 1968 5343 annus
1991 5287 2127 5358 cycli
2163 5287 2377 5353 solaris,
2408 5289 2605 5357 quiest
2632 5288 3029 5344 decemnovalis
3059 5308 3070 5343 :
3106 5293 3363 5347 subtrahe

1791 5386 2063 5442 unum,‘et
2093 5389 2377 5434 remanent
2428 5381 2571 5434 duo:
2602 5380 2716 5448 ipse
2774 5392 2858 5435 est
2895 5382 3159 5437 secundus
3189 5399 3364 5437 annus

1790 5480 1994 5540 epactae
2021 5471 2244 5525 lunaris.
2277 5470 2477 5526 Iterum
2506 5470 2593 5524 dic
2622 5488 2634 5523 :
2669 5472 2927 5527 undecies
2952 5473 3062 5526 bini
3112 5473 3247 5527 ﬁunt
3270 5475 3362 5537 22,

1792 5570 1971 5614 tantos
2000 5562 2143 5614 enim
2170 5561 2286 5614 dies
2320 5561 2487 5613 habet
2522 5560 2574 5612 in
2606 5560 2812 5614 duobus
2846 5561 3001 5614 annis
3030 5561 3219 5615 solaris
3242 5579 3364 5617 cur-

1791 5665 1881 5703 sus
1904 5648 2133 5718 amplius
2168 5648 2362 5702 lunari.
2396 5648 2490 5701 IIis
2519 5648 2655 5701 adde
2680 5648 2733 5713 8,
2764 5657 2819 5701 et
2860 5647 2993 5700 ﬁunt
3024 5650 3112 5702 50.
3148 5650 3210 5703 Et
3237 5650 3363 5719 quia

1788 5754 1959 5793 annus
1990 5737 2333 5793 cmholismus
2377 5736 2496 5803 fuit,
2546 5737 2678 5792 tanti
2711 5737 3029 5792 exstiterunt
3063 5739 3113 5791 in
3144 5748 3354 5809 cpacta.
