3906 6340
490 389 594 447 923

1549 380 1824 441 CLAUDII
1864 379 2322 437 TAURINENSIS
2360 379 2665 436 EPISCOPI

3640 379 3748 432 911

492 502 692 558 Iterum
720 517 872 560 sume
893 516 1156 558 summam
1199 501 1410 557 numeri
1442 508 1657 558 centum
1684 500 1756 554 22
1801 511 2064 554 annorum
2093 499 2145 558 Α
2169 509 2353 549 mense
2395 493 2682 559 dedicavit,
2722 492 2813 562 qui
2853 491 2956 546 fuit
2995 505 3167 547 annus
3211 490 3572 546 duodecimus
3604 489 3751 558 regni

494 594 738 664 triginta,
789 593 881 663 qui
916 591 1146 647 fuerunt
1184 593 1238 646 in
1272 598 1483 660 epaeta,
1539 597 1595 646 et
1620 595 1901 644 remanent
1940 585 2061 650 102,

499 689 556 738 et
594 681 837 739 invenies
865 681 1010 751 quod
1030 679 1325 736 secundum
1361 679 1476 734 dies
1505 676 1729 740 solares,
1749 674 1924 746 pridie
1943 673 2068 728 Idus

494 769 696 840 Aprilis
725 768 860 824 feria
889 769 1124 824 secunda
1161 767 1287 822 luna
1313 774 1506 837 quarta
1555 765 1764 822 decima
1800 760 2072 818 exstiterit

495 860 672 928 ipsum
695 856 922 912 Pascha.
951 856 1111 912 Juxta
1136 857 1251 912 dies
1279 871 1410 912 vero
1445 856 1664 910 lunares
1691 870 1752 909 tu
1774 852 1891 907 Kal.
1920 851 2071 921 Apri-

495 949 564 1004 lis
585 947 687 1002 fuit
710 946 1023 1012 Neomenia,
1063 947 1119 1001 id
1146 955 1232 1001 est
1276 960 1428 1002 novae
1475 945 1616 1001 lunae
1641 943 1988 1015 principium,
2018 945 2072 995 et

496 1036 658 1105 primi
687 1035 891 1090 mensis
912 1034 1116 1090 lunaris
1145 1035 1356 1090 initium
1391 1042 1446 1090 et
1472 1034 1599 1104 anni
1629 1031 1970 1103 principium.

571 1122 878 1181 Secundum
901 1139 1032 1180 vero
1059 1124 1492 1194 supputationem
1533 1130 1800 1188 nostram,
1848 1135 1969 1190 quae
2012 1116 2074 1172 ﬁt

497 1230 597 1286 per
622 1215 739 1269 dies
778 1214 1000 1280 solares,
1024 1214 1148 1270 Idus
1171 1213 1404 1284 Apriles,
1451 1213 1581 1268 luna
1615 1213 1806 1281 quinta
1838 1208 2068 1270 decima,

499 1304 671 1360 altera
699 1305 785 1361 die
823 1311 948 1374 post
988 1304 1219 1370 Pascha,
1246 1303 1590 1360 inveniuntur
1627 1302 1805 1357 exisse
1850 1299 1946 1353 ﬁlii
1992 1298 2072 1352 Is-

500 1394 613 1449 rael
649 1395 716 1450 de
741 1393 1018 1459 Ramesse,
1045 1401 1100 1447 et
1136 1393 1347 1448 venisse
1384 1393 1439 1447 in
1468 1392 1668 1448 Soeoth
1702 1399 1758 1448 et
1783 1391 1848 1447 de
1875 1387 2076 1444 Socoth

501 1497 634 1537 xvtn
651 1481 768 1536 Kal.
785 1481 933 1548 Maii,
963 1483 1088 1536 luna
1115 1490 1269 1536 sexta
1297 1482 1505 1538 decima
1535 1482 1590 1536 in
1608 1479 1920 1552 Pbyairoth,
1942 1485 1997 1532 et
2020 1492 2074 1533 vi

505 1566 622 1624 Kal.
671 1569 840 1636 Junii,
870 1570 996 1626 luna
1023 1572 1220 1641 prima,
1254 1573 1346 1641 qui
1393 1580 1479 1628 est
1528 1571 1644 1626 dies
1689 1571 1894 1640 primus
1928 1569 2077 1624 tertii

506 1660 712 1714 mensis
739 1659 968 1725 lunaris,
997 1668 1261 1715 venerunt
1304 1661 1371 1715 ad
1414 1667 1650 1716 montem
1683 1658 1854 1725 Sinai,
1887 1665 1943 1712 et
1982 1672 2077 1712 ac-

508 1757 770 1820 ceperunt
808 1749 981 1820 legem
1033 1750 1146 1806 Deo
1180 1750 1432 1820 loquente
1473 1751 1544 1806 ad
1584 1765 1644 1806 se
1686 1763 1785 1819 per
1830 1748 2078 1819 angelum

2166 583 2272 641 sui.

2237 673 2477 729 Roboam
2507 672 2646 728 ﬁlius
2671 671 2976 728 Salomonis
3005 671 3247 742 regnavit
3273 670 3433 724 annis
3467 669 3556 722 17.

2235 766 2372 822 Abia
2399 765 2539 820 ﬁlius
2567 764 2810 820 Roboam
2837 764 3081 835 regnavit
3115 763 3280 817 annis
3299 760 3497 815 tribus.

2237 858 2346 914 Asa
2384 859 2526 914 ﬁlius
2555 859 2690 914 Abia
2724 861 2965 930 regnavit
2994 844 3161 912 annis
3187 857 3274 910 41.

2238 946 2498 1018 Josaphat
2525 946 2666 1002 ﬁlius
2694 945 2800 1002 Asa
2838 948 3080 1017 regnavit
3111 945 3267 1000 annis
3294 944 3387 1002 25.

2237 1034 2422 1090 Joram
2456 1036 2595 1090 ﬁlius
2622 1033 2882 1104 Josaphat
2915 1036 3158 1105 regnavit
3177 1034 3334 1088 annis
3354 1042 3500 1089 octo.

2239 1126 2464 1182 Azarias
2482 1125 2624 1180 ﬁlius
2650 1123 2834 1180 Joram
2860 1126 3103 1196 regnavit
3132 1139 3273 1179 anno
3296 1140 3426 1178 uno.

2240 1216 2455 1271 Athalia
2489 1215 2734 1286 regnavit
2762 1215 2919 1269 annis
2951 1222 3180 1284 septem.

2242 1305 2370 1360 Joas
2405 1304 2543 1358 ﬁlius
2577 1303 2787 1357 Azariae
2815 1304 3056 1374 regnavit
3086 1304 3242 1357 annis
3267 1303 3353 1356 40.

2243 1397 2487 1451 Amasias
2517 1394 2658 1450 ﬁlius
2685 1393 2813 1450 Joas
2840 1395 3083 1466 regnavit
3119 1397 3277 1449 annis
3300 1395 3390 1448 29.

2244 1484 2489 1550 Azarias,
2524 1483 2617 1553 qui
2650 1490 2705 1537 et
2733 1482 2893 1540 Ozias
2917 1483 3058 1540 ﬁlius
3085 1484 3339 1548 Amasiae,
3369 1486 3624 1556 regnavit
3665 1499 3756 1537 an-

2177 1574 2261 1629 nis
2287 1573 2376 1628 52.

2245 1662 2493 1727 Joatham
2518 1662 2657 1718 ﬁlius
2679 1663 2824 1720 Ozias
2852 1664 3096 1735 regnavit
3117 1664 3276 1720 annis
3313 1678 3427 1719 sex.

2249 1753 2512 1808 Exechias
2544 1752 2790 1823 regnavit
2814 1753 2971 1808 annis
2996 1754 3082 1809 I9.

505 1838 682 1908 pridie
713 1838 980 1894 Kalendas
995 1838 1164 1904 Junii,
1197 1840 1283 1894 die
1319 1839 1762 1910 quinquagesimo
1796 1844 1918 1907 post
1951 1837 2074 1908 agni
2104 1823 2152 1882 Β
2250 1843 2523 1899 narrasses
2547 1842 2688 1898 [nius
2719 1843 2965 1899 Ezechia:
2987 1845 3232 1914 regnavit
3271 1846 3428 1900 annis
3451 1844 3542 1900 55.

505 1918 853 1992 occisionem,
889 1925 1025 1982 feria
1053 1927 1308 1992 secunda,
1352 1926 1480 1981 luna
1523 1933 1735 1998 quarta,
1763 1939 1871 1996 quo
1913 1925 2002 1982 die
2022 1932 2079 1980 et

506 2015 712 2074 Pascha
747 2018 801 2072 in
827 2015 1061 2088 Egypto
1086 2017 1513 2073 celebraverunt.

579 2109 787 2180 Moyses
831 2123 974 2164 anno
1013 2110 1137 2164 vita:
1182 2124 1292 2164 suae
1341 2108 1410 2165 80
1459 2109 1710 2164 eductum
1744 2123 1811 2163 ex
1843 2105 2079 2178 Egypto

508 2199 650 2254 rexit
688 2198 943 2269 populum
976 2199 1070 2253 Dei
1095 2199 1259 2254 Israel
1293 2199 1348 2253 in
1382 2199 1596 2254 deserto
1629 2198 1788 2255 annis
1811 2198 1904 2265 40,
1940 2213 2080 2268 quo-

513 2299 630 2344 rum
654 2288 830 2358 primo
866 2303 1008 2344 anno
1047 2289 1454 2346 tabernaculum
1494 2290 1725 2347 Domino
1753 2290 2077 2356 construxit,

512 2389 565 2438 et
602 2390 806 2452 septem
841 2382 1118 2438 mensibus
1163 2397 1324 2436 omne
1364 2396 1500 2452 opus
1541 2380 1850 2455 perﬁciens,
1894 2395 2082 2437 mense

511 2471 705 2541 primo,
734 2471 860 2524 anni
888 2471 1108 2525 secundi
1136 2470 1308 2540 prima
1331 2469 1418 2526 die
1450 2471 1651 2525 mensis
1674 2471 1866 2535 erexit,
1891 2483 2082 2524 secun-

511 2561 638 2616 dum
679 2560 794 2616 dies
834 2559 1037 2615 salares
1081 2560 1196 2630 ipso
1229 2573 1370 2614 anno
1397 2573 1492 2638 xui
1522 2557 1640 2612 Kal.
1687 2555 1909 2628 Aprilis,
1945 2556 2080 2613 feria
2185 2604 2200 2620 .

515 2652 681 2724 prima
711 2651 812 2706 fuit
837 2650 1153 2726 Neomenia,
1189 2643 1354 2706 idest
1387 2665 1538 2705 nova:
1568 2648 1708 2704 lunae
1731 2648 2078 2719 principium,

509 2752 565 2796 et
595 2742 756 2814 primi
784 2743 984 2800 mensis
1007 2742 1258 2796 initium:
1295 2749 1352 2796 et
1375 2740 1583 2796 Pascha
1615 2739 1959 2796 Hebrzeorum
1997 2739 2079 2795 fe-

513 2832 594 2887 ria
621 2832 870 2901 septima,
903 2838 1098 2900 quarto
1122 2829 1303 2885 Nonas
1337 2829 1558 2899 Aprilis,
1588 2829 1713 2882 luna
1749 2835 1945 2898 quarta
1988 2829 2082 2883 de-

512 2925 650 2980 cima
684 2938 842 2993 quam
871 2922 946 2977 illi
970 2930 1217 2991 quartam
1241 2920 1504 2976 decimam
1530 2920 1689 2990 primi
1720 2919 1919 2974 mensis
1939 2919 2081 2974 diem

511 3013 807 3071 secundum
843 3012 954 3068 dies
981 3011 1196 3065 lunares
1226 3009 1494 3082 appellare
1524 3016 1936 3065 consueverunt.

582 3103 702 3159 Jam
735 3104 803 3158 ab
833 3105 934 3158 hoc
964 3110 1204 3173 tempore
1239 3117 1336 3171 per
1383 3103 1545 3157 duces
1586 3110 1640 3158 et
1681 3101 1893 3169 judices
1937 3114 2082 3155 sum-

514 3214 660 3254 mam
704 3211 966 3252 annorum
1012 3195 1290 3265 requirere
1322 3210 1428 3249 non
1456 3194 1610 3249 nobis
1639 3193 1854 3248 videtur
1892 3193 2084 3246 immo-

515 3287 766 3352 randum,
814 3301 938 3341 eum
977 3293 1086 3339 tam
1123 3277 1398 3339 evidenter
1447 3284 1673 3339 historia
1716 3283 1838 3338 libri
1876 3282 2084 3353 Regum

514 3385 784 3434 testetur:
847 3375 1047 3431 factum
1104 3384 1187 3430 est
1243 3375 1406 3446 igitur
1445 3374 1976 3443 quadringentesimo
2031 3380 2086 3428 et

513 3469 842 3539 octogesimo
867 3481 1008 3520 anno
1045 3465 1367 3535 egressionis
1397 3465 1628 3519 ﬁliorum
1658 3463 1820 3520 Israel
1854 3465 1921 3519 de
1941 3448 2086 3518 terra

515 3560 731 3632 A‘ngpti
761 3560 814 3613 in
841 3573 982 3613 anno
1013 3565 1224 3627 quarto,
1258 3571 1440 3612 mense
1474 3556 1589 3622 Zio,
1633 3557 1746 3625 ipse
1771 3564 1853 3612 est
1883 3556 2086 3611 mensis

517 3653 786 3709 secundus
822 3652 963 3722 regis
992 3649 1294 3705 Salomonis
1335 3663 1496 3718 super
1523 3648 1705 3713 Israel,
1738 3655 1791 3703 et
1817 3647 2088 3703 aediﬁcare

516 3744 680 3814 coepit
713 3743 929 3797 domum
963 3741 1195 3805 Domini,
1227 3756 1258 3795 e
1290 3740 1484 3808 quibus
1528 3738 1818 3793 subtractis
1849 3738 1886 3791 4
1929 3738 2085 3792 Salo-

516 3836 689 3891 monis
716 3841 767 3888 et
794 3832 864 3886 40
894 3832 1082 3896 David,
1107 3830 1429 3900 colliguntur
1459 3844 1644 3883 omnes
1673 3829 1799 3882 anni
1819 3826 1887 3882 ab
1915 3842 2090 3898 egres—

518 3941 581 3980 su
608 3924 839 3978 ﬁliorum
875 3921 1040 3977 Israel
1087 3937 1153 3975 ex
1181 3919 1412 3991 Egypto
1438 3934 1606 3988 usque
1637 3919 1704 3973 ad
1737 3919 1971 3988 primum
1999 3933 2090 3972 an-

515 4030 644 4071 num
673 4011 822 4082 regni
851 4011 1018 4065 David
1041 4009 1176 4075 I56;
1206 4025 1235 4064 a
1267 4010 1440 4079 prima
1476 4009 1832 4077 promissione
1856 4007 2089 4062 Abrahae

515 4116 685 4174 usque
711 4101 777 4156 ad
821 4099 1133 4170 praedictum
1176 4113 1373 4152 annum
1411 4098 1644 4167 primum
1697 4096 1849 4168 regni
1894 4096 2086 4161 David,

516 4193 734 4249 fuerunt
759 4192 884 4246 anni
914 4189 1048 4256 866;
1090 4204 1120 4242 a
1154 4189 1434 4243 nativitate
1475 4202 1604 4243 vero
1645 4187 1878 4243 Abraba:
1919 4201 2089 4256 usque

516 4286 585 4340 ad
615 4283 864 4340 eumdem
901 4295 1104 4335 annum
1145 4287 1272 4335 sunt
1314 4280 1442 4333 anni
1467 4279 1591 4334 9-H.

1257 4367 1346 4424 IV.

2247 1935 2419 1991 Amon
2446 1935 2587 1990 ﬁlius
2607 1935 2851 1990 Manasse
2885 1937 3130 2006 regnavit
3165 1937 3322 1994 annis
3344 1938 3580 1993 duobus.

2249 2025 2424 2082 Josias
2462 2025 2603 2080 ﬁlius
2626 2025 2800 2081 Amon
2821 2026 3064 2097 regnavit
3095 2026 3253 2082 anuis
3275 2026 3362 2080 51.

2250 2114 2484 2171 Joachaz
2513 2114 2655 2170 ﬁlius
2679 2113 2838 2170 Josia:
2857 2131 3015 2185 quem
3038 2116 3281 2170 vinctum
3304 2114 3523 2171 Nechao
3545 2116 3758 2171 Pharao

2181 2222 2276 2264 rex
2301 2205 2523 2278 Egypti
2551 2207 2805 2278 perduxit
2829 2206 2886 2261 in
2928 2205 3241 2278 Egyptum,
3276 2209 3526 2276 regnavit
3559 2209 3758 2262 mensi-

2181 2300 2283 2355 bus
2308 2298 2503 2353 tribus.

2250 2655 2466 2710 Domini
2497 2653 2791 2712 Salvatoris
2819 2653 2875 2708 in
2919 2667 3084 2709 carne
3114 2668 3181 2711 ex
3213 2652 3354 2708 libro
3399 2652 3591 2709 Esdrae
3639 2671 3760 2724 pro—

2181 2747 2359 2818 pheta
2410 2756 2467 2802 et
2509 2748 2736 2803 historia
2775 2745 2901 2801 libri
2952 2744 3380 2800 Maehabteorum
3429 2754 3488 2801 et
3539 2744 3757 2814 Joseplxi

2182 2846 2346 2908 atque
2403 2837 2643 2892 Africani
2707 2835 3125 2907 historiographi
3174 2850 3343 2904 usque
3396 2837 3465 2890 ad
3513 2834 3758 2889 Romana

2182 2935 2424 2999 tempora
2455 2926 2862 2996 comprehendit
2914 2941 3086 2981 annos
3113 2925 3236 2988 589,
3289 2934 3345 2980 et
3392 2927 3468 2979 ita
3521 2925 3582 2978 ﬁt
3630 2937 3689 2979 ut
3732 2939 3759 2976 a

2181 3017 2570 3073 constitutione
2603 3016 2788 3070 mundi
2834 3029 3003 3084 usque
3040 3015 3109 3069 ad
3159 3013 3508 3068 Nativitatem
3539 3014 3754 3068 Domini

2185 3107 2486 3163 Salvatoris
2520 3107 2574 3160 in
2620 3120 2808 3172 carne,
2836 3119 2957 3175 quae
2993 3103 3136 3159 facta
3172 3112 3257 3159 est
3289 3118 3432 3159 anno
3479 3102 3760 3166 Octaviani

2151 3196 2155 3229 !
2186 3198 2415 3255 Caesaris
2438 3196 2528 3262 42,
2553 3196 2871 3268 colligantur
2890 3210 3079 3252 omnes
3097 3196 3221 3250 anni
3247 3195 3407 3251 3952.

2259 3288 2366 3344 Sed
2393 3297 2448 3342 et
2470 3288 2525 3342 in
2548 3287 2686 3342 libro
2710 3285 3120 3350 Chronieorum,
3157 3301 3318 3354 quem
3358 3286 3502 3341 idem
3545 3296 3762 3341 sanctus

2185 3381 2268 3435 vir
2295 3395 2403 3435 non
2429 3380 2550 3450 plus
2582 3377 2814 3433 mirabili
2833 3378 3063 3434 veritate
3090 3392 3253 3447 quam
3291 3377 3574 3432 celeritate
3611 3393 3750 3433 eom-

2183 3471 2491 3541 prehendit,
2549 3469 2768 3525 eosdem
2817 3482 2988 3523 annos
3039 3467 3200 3521 simili
3250 3467 3412 3521 modo
3466 3466 3759 3521 secundum

2188 3560 2508 3615 Hebraicam
2533 3559 2815 3614 veritatem
2847 3573 2878 3612 a
2925 3558 3311 3612 constitutione
3352 3559 3563 3622 numdi,
3596 3571 3761 3627 usque

2187 3651 2256 3705 ad
2276 3650 2623 3706 Nativitatem
2676 3647 2887 3705 Domini
2936 3649 2990 3702 in
3033 3661 3198 3704 carne
3242 3647 3498 3703 similiter
3543 3648 3759 3703 adnota-

2191 3740 2288 3793 vit.

2262 3827 2417 3883 Unde
2443 3827 2722 3882 sciendum
2753 3835 2836 3882 est
2883 3835 3045 3896 atque
3073 3825 3383 3881 ﬁrmissime
3415 3827 3753 3889 credendum,

2188 3923 2243 3970 et
2277 3915 2583 3970 nullomodo
2611 3915 2984 3980 dubitandum,
3018 3931 3205 3970 omnes
3247 3931 3420 3971 annos
3449 3932 3480 3970 a
3507 3918 3759 3972 constitu-

2189 4007 2335 4061 tione
2364 4007 2571 4071 mundi,
2611 4006 2908 4061 secundum
2935 4005 3251 4061 Hebraieam
3282 4008 3572 4061 veritatem
3600 4022 3760 4075 usque

2191 4096 2257 4150 ad
2284 4096 2619 4150 eversionem
2651 4094 3009 4159 Hierusalem,
3035 4110 3153 4163 qua:
3184 4095 3329 4149 facta
3356 4103 3444 4150 est
3481 4097 3756 4150 undecimo

2192 4198 2338 4238 anno
2362 4183 2602 4239 Sedeeia:
2631 4199 2661 4238 a
2692 4183 3184 4240 Nabuchodonosor
3211 4201 3316 4239 non
3341 4201 3504 4254 posse
3541 4187 3755 4256 amplius

2189 4279 2369 4334 minus
2394 4277 2508 4334 ﬁeri
2537 4295 2550 4332 :
2581 4278 2675 4333 sed
2705 4277 2844 4333 sicut
2863 4293 3022 4348 supra
3043 4293 3153 4348 jam
3179 4279 3414 4345 ostendi,
3444 4279 3525 4334 ita
3552 4282 3752 4335 tenendi

2084 4426 2086 4432 ,
2192 4377 2335 4423 sunt.

587 4461 789 4529 Quarta
836 4459 1016 4515 sceculi
1062 4465 1196 4513 aetas
1235 4457 1421 4526 incipit
1464 4472 1496 4511 a
1529 4471 1705 4527 primo
1746 4470 1886 4511 anno
1938 4447 2087 4526 regni
2115 4497 2168 4557 D
2264 4457 2534 4526 Quidquid
2564 4471 2691 4511 vero
2735 4457 2999 4526 reliquum
3047 4467 3290 4528 superest
3345 4467 3560 4530 tempus
3600 4478 3754 4530 usque

518 4553 706 4616 David,
756 4558 810 4606 et
856 4556 1165 4620 perseverat
1218 4562 1388 4617 usque
1439 4548 1508 4602 ad
1563 4546 2088 4616 transmigrationem

517 4641 822 4712 Babylonis,
866 4655 984 4708 qua:
1026 4637 1167 4693 facta
1198 4646 1297 4700 est
1342 4652 1441 4707 per
1477 4636 1970 4694 Nabuchodonosor
1999 4653 2088 4692 re-

517 4744 661 4801 gem,
688 4728 891 4782 habens
921 4742 1090 4780 annos
1106 4724 1260 4794 juxta
1290 4725 1607 4779 Hebraicam
1629 4725 1913 4780 veritatem
1951 4725 2086 4791 474;

514 4822 669 4891 juxta
724 4816 867 4873 LXX
929 4817 1286 4886 Interpretum
1342 4816 1746 4872 translationem
1799 4815 2029 4886 amplius
2074 4833 2086 4868 :

519 4910 893 4983 generationes
913 4907 1067 4978 juxta
1104 4918 1362 4976 utrosque
1395 4908 1609 4962 codices
1650 4907 1736 4960 17.

590 5000 759 5055 David
784 5015 876 5054 rex
900 4999 1050 5068 prior
1081 5013 1148 5052 ex
1182 4999 1323 5052 tribu
1355 4997 1494 5053 Juda
1532 4999 1774 5069 regnavit
1814 4998 1970 5053 annis
1998 4997 2086 5052 40.

590 5090 844 5145 Salomon
898 5088 1040 5141 ﬁlius
1094 5087 1263 5141 David
1335 5088 1581 5158 regnavit
1631 5089 1788 5143 annis
1847 5088 1939 5155 40,
2000 5090 2090 5156 qui

521 5189 715 5251 quarto
766 5192 905 5232 anno
955 5175 1104 5246 regni
1152 5176 1233 5230 sui
1295 5178 1560 5233 aediﬁcare
1611 5180 1776 5249 empit
1833 5180 2090 5250 templum

523 5271 748 5327 Domino
792 5269 847 5322 in
869 5267 1190 5332 Jerusalem,
1229 5266 1468 5322 collectis
1510 5270 1578 5323 ab
1606 5284 1828 5340 egressu
1858 5270 2092 5325 ﬁliorum

519 5357 684 5417 Israel
706 5372 772 5412 ex
805 5354 1038 5426 Egypto
1072 5354 1228 5409 annis
1251 5354 1378 5420 480,
1409 5363 1468 5409 ut
1493 5354 1696 5426 Regum
1725 5373 1937 5428 quoque
1957 5358 2094 5414 liber

523 5445 829 5505 testimonio
863 5452 966 5510 est,
1015 5443 1156 5507 quod
1191 5443 1244 5497 in
1277 5444 1502 5514 ﬁguram
1551 5446 1787 5500 universi
1829 5450 2087 5518 corporis.

523 5554 631 5609 quo
655 5538 708 5592 in
737 5538 841 5592 hoc
863 5535 1061 5591 saeculo
1087 5534 1291 5590 Christi
1320 5536 1615 5592 aediﬁcatur
1653 5537 1891 5610 Ecclesia
1929 5540 2090 5594 nimi-

526 5643 644 5684 rum
674 5634 876 5692 actum,
915 5639 1034 5695 quas
1080 5624 1132 5680 in
1164 5623 1345 5682 futuro
1374 5635 1612 5696 tempore
1646 5629 1922 5698 perﬁcitur
1951 5633 2095 5700 quod

529 5719 784 5791 templum
823 5726 1026 5788 septem
1076 5718 1232 5773 anuis
1277 5718 1522 5788 perfecit,
1562 5730 1613 5775 ct
1657 5723 1881 5791 septimo
1918 5725 2090 5778 octavi

2195 4550 2264 4603 ad
2301 4549 2589 4603 adventum
2615 4545 2825 4603 Domini
2852 4548 2907 4601 in
2950 4563 3113 4602 carne
3149 4550 3414 4620 majorum
3459 4561 3755 4606 nostrorum

2194 4641 2288 4711 qui
2315 4641 2598 4696 ehronicas
2637 4640 2969 4708 scripserunt
2997 4680 3011 4705 ,
3053 4638 3256 4708 judicio
3305 4641 3572 4712 relinquo.
3631 4643 3754 4696 Nam

2196 4734 2240 4788 si
2270 4734 2323 4788 in
2354 4734 2438 4788 liis
2478 4747 2585 4786 non
2627 4730 2861 4786 fallimur
2902 4732 3082 4795 annis,
3126 4732 3219 4801 qui
3267 4740 3391 4801 post
3431 4735 3755 4788 eversionem

2193 4822 2491 4878 Jerusalem
2539 4822 2910 4891 comprehensi
2984 4829 3128 4886 sunt,
3187 4821 3518 4892 colliguntur
3579 4839 3755 4877 omnes

2196 4913 2325 4967 anni
2362 4929 2393 4967 a
2429 4911 2736 4966 conditione
2770 4912 2953 4966 mundi
2990 4927 3162 4981 usque
3201 4913 3268 4967 ad
3302 4922 3624 4982 prsesentem
3669 4929 3754 4966 au-

2195 5019 2344 5070 num,
2380 5004 2469 5072 qui
2496 5012 2579 5059 est
2606 5002 2996 5058 Incarnationis
3020 5004 3231 5058 Domini
3268 5005 3439 5058 nostri
3461 5003 3588 5058 Jesu
3611 5003 3756 5058 Chrio

2194 5092 2259 5146 sti
2291 5092 2417 5158 8H,
2455 5107 2562 5162 quo
2593 5093 2696 5161 piae
2725 5093 3114 5148 recordationis
3145 5102 3198 5147 et
3233 5093 3386 5147 bonae
3414 5108 3628 5163 semper
3653 5109 3756 5147 me-

2195 5183 2381 5237 moria:
2407 5182 2630 5238 Carolus
2671 5183 2934 5254 gloriosus
2973 5184 3222 5253 princeps
3253 5200 3320 5238 ex
3365 5185 3470 5239 hoc
3517 5185 3755 5256 migravit

2195 5273 2408 5328 mortali
2436 5275 2649 5340 smculo,
2695 5283 2749 5329 et
2776 5275 2826 5330 ei
2855 5275 2975 5345 pius
3003 5276 3253 5346 princeps
3290 5285 3494 5332 sancta
3535 5276 3627 5332 Dei
3667 5277 3757 5330 Ee-

2200 5363 2376 5418 clcsis:
2416 5367 2693 5421 catholicae
2721 5365 3022 5421 Ludovicus
3062 5368 3324 5422 successit
3361 5368 3609 5438 imperio,
3641 5370 3753 5423 anni

2200 5451 2357 5505 4766.

2274 5539 2377 5594 Sed
2423 5549 2483 5596 ut
2511 5543 2747 5611 apertius
2776 5552 3031 5612 appareat
3069 5545 3209 5612 quod
3235 5544 3490 5611 dicimus,
3520 5558 3751 5616 euripum

2201 5635 2418 5688 eosdem
2449 5649 2618 5690 annos
2654 5649 2748 5704 per
2770 5644 3015 5703 quartam
3057 5644 3284 5705 partem,
3325 5647 3380 5692 ct
3418 5638 3543 5692 die:
3579 5650 3752 5707 quam

2202 5728 2378 5793 mille,
2432 5727 2598 5797 1000,
2658 5736 2711 5782 et
2763 5740 3049 5796 supersunt
3093 5729 3226 5796 760;
3287 5739 3478 5798 quater
3530 5741 3750 5794 ventum,
