3906 6312
173 408 286 464 925

968 411 1143 468 LOCA
1183 411 1494 480 ΟυίΕΒΛΜ
1534 415 1627 469 EX
1666 412 1832 473 EJUS
1868 415 2205 476 OPERlBUS
2246 423 2633 479 EXCERPTA.

3311 430 3415 486 926

170 515 300 580 400,
327 524 382 570 et
409 525 696 587 supersunt
718 517 852 582 566;
891 528 1081 589 quater
1105 522 1396 593 nonaginta
1421 523 1548 588 560,
1573 531 1627 578 et
1649 540 1742 578 su-
1773 531 1819 589 Α
1847 530 2127 595 erubesco,
2151 534 2273 600 quia
2297 535 2525 590 lectione
2565 553 2669 591 non
2701 536 2916 604 doceor,
2952 555 3052 595 nec
3073 541 3138 596 de
3176 545 3414 611 periculo

170 615 404 675 persunt
452 623 572 675 sex,
619 625 684 664 ex
726 611 919 678 quibus
955 626 1172 667 assume
1203 623 1432 682 quatuor
1474 624 1528 669 et
1567 631 1752 684 super-

170 703 299 749 sunt
327 697 471 751 duo:
518 713 756 767 praesens
786 700 929 754 enim
975 716 1167 767 annus,
1211 702 1304 771 qui
1352 719 1493 758 nunc
1533 713 1634 769 est,
1672 719 1752 758 se-

169 789 382 843 cundus
409 798 494 844 est
508 799 630 860 post
657 792 969 846 bissextum.

245 872 379 929 Item
403 876 522 930 dic:
552 878 740 932 decem
767 878 951 932 novies
993 877 1210 933 ducenti
1256 879 1415 946 5800,
1466 889 1521 936 et
1563 897 1751 952 super-

172 971 302 1017 sunt
327 964 464 1030 966;
503 967 688 1021 decem
720 967 906 1022 novies
929 968 1315 1038 quinquaginta
1337 970 1459 1036 950,
1489 982 1544 1026 et
1571 987 1754 1040 super-

171 1061 302 1105 sunt
349 1053 446 1119 16;
502 1054 638 1110 adde
678 1073 840 1109 unum
892 1065 947 1110 et
980 1057 1112 1110 ﬁunt
1157 1059 1222 1111 17
1258 1078 1269 1112 :
1324 1075 1561 1129 praesens
1605 1062 1750 1116 enim

171 1157 369 1208 annus,
407 1145 498 1212 qui
535 1161 676 1200 nunc
706 1154 806 1209 est,
839 1146 1076 1201 decimus
1116 1148 1375 1217 septimus
1420 1163 1616 1215 annus,
1667 1161 1751 1206 est

170 1232 311 1302 cycli
339 1232 551 1300 solaris,
584 1236 673 1304 qui
698 1245 781 1290 est
820 1237 1231 1292 decemnovalis.
1277 1237 1548 1296 Subtrahe
1582 1257 1748 1297 unum

168 1331 230 1377 et
258 1333 534 1378 remanent
564 1325 660 1391 16;
709 1335 895 1381 sextus
939 1326 1179 1382 decimus
1210 1344 1383 1384 annus
1425 1339 1511 1385 est
1546 1341 1750 1400 epactaa

169 1414 399 1470 lunaris.
465 1416 731 1473 Undecies
784 1419 907 1474 deni
957 1419 1078 1484 110,
1127 1420 1382 1476 undecies
1429 1423 1544 1477 seni
1588 1425 1657 1479 66
1693 1434 1749 1480 et

169 1505 311 1559 ﬁunt
342 1506 474 1570 176;
507 1507 592 1562 his
623 1509 761 1563 adde
785 1518 927 1574 octo,
978 1519 1033 1564 et
1064 1509 1196 1564 ﬁunt
1237 1513 1338 1568 184
1373 1531 1384 1566 :
1417 1514 1517 1569 hos
1544 1517 1748 1583 partire

166 1608 268 1664 per
296 1595 628 1665 trigesimam
666 1609 900 1666 partem,
928 1609 983 1654 et
1015 1601 1119 1664 dic,
1164 1603 1340 1657 sexies
1367 1605 1589 1673 triginta
1621 1605 1743 1671 180,

165 1692 227 1736 et
247 1695 536 1752 supersunt
563 1685 616 1751 4,
658 1695 712 1741 et
741 1688 981 1744 invenies
1023 1691 1166 1759 quod
1211 1691 1265 1745 in
1311 1693 1560 1762 praesenti
1605 1709 1747 1750 anno

167 1773 272 1842 ipsi
303 1783 529 1830 currunt
566 1776 634 1830 ad
661 1777 800 1832 lunm
835 1794 1075 1833 cursum.

1850 616 2100 686 formido,
2155 624 2281 690 quia
2334 640 2452 691 qua:
2514 641 2618 679 non
2680 625 2796 697 lego
2851 645 2951 684 nec
3007 647 3292 700 praesumo,
3347 653 3414 692 ne

1850 713 2218 776 transgressor
2249 713 2494 766 inveniar
2525 715 2689 771 divini
2739 718 2963 785 oraculi,
3017 722 3109 789 qui
3159 727 3415 791 apostolis

1850 797 1916 851 de
1947 797 2048 851 hoc
2069 799 2526 871 interrogantibus
2554 804 2627 857 ita
2671 808 2942 876 respondit
2970 827 2982 861 :
3025 809 3102 864 De
3129 810 3214 865 die
3241 824 3416 869 autem

1849 887 1939 940 illo
1970 899 2016 941 et
2046 890 2175 943 hora
2203 908 2353 945 nemo
2382 896 2500 960 scit,
2533 913 2694 967 neque
2737 899 2905 968 angeli
2933 901 3199 968 caelorum,
3241 920 3416 975 neque

1847 975 2014 1032 Filius
2044 981 2144 1033 nisi
2171 981 2332 1036 Pater
2356 983 2518 1039 solus.
2553 985 2658 1040 Sed
2685 988 2811 1056 quid
2840 995 2922 1043 est
2946 992 3086 1060 quod
3117 993 3276 1048 Pater
3295 1010 3417 1063 pos—

1847 1066 1919 1120 sit
1948 1068 2063 1124 sine
2088 1071 2286 1128 virtute
2314 1085 2405 1128 aut
2430 1076 2566 1130 sciat
2590 1077 2792 1146 absque
2831 1081 3090 1149 sapientia
3131 1099 3246 1149 sua,
3291 1099 3414 1140 cum

1847 1163 2136 1226 utrumque
2162 1160 2234 1214 sit
2275 1162 2442 1229 Patri,
2475 1163 2529 1218 id
2575 1175 2660 1221 est
2703 1167 2876 1222 virtus
2904 1177 2958 1224 et
3001 1173 3258 1240 sapientia
3293 1190 3414 1239 sua,

1848 1246 1941 1299 sed
1969 1246 2091 1302 Filii
2143 1253 2354 1309 nescire
2400 1263 2504 1321 est,
2551 1273 2649 1313 nos
2679 1261 2982 1316 nescientes
3026 1262 3093 1318 de
3129 1265 3230 1320 hoc
3278 1266 3416 1322 velle

1845 1350 2088 1393 manere.
2148 1340 2415 1398 Caeterum
2471 1348 2681 1403 cunctis
2718 1350 2771 1403 in
2828 1366 3113 1408 commune
3173 1355 3417 1412 ﬁdelibus

1846 1427 2134 1484 suademus
2169 1439 2229 1486 ut
2253 1434 2367 1489 sive
2394 1435 2514 1505 quis
2554 1452 2620 1493 ex
2657 1439 2919 1495 Hebraica
2944 1444 3171 1498 veritate
3203 1459 3322 1513 quae
3349 1445 3417 1500 ad

1845 1529 1944 1570 nos
1967 1532 2064 1586 per
2084 1519 2302 1576 beatum
2333 1524 2678 1596 interpretem
2719 1528 3103 1601 Hieronymum
3128 1549 3261 1603 pura
3296 1549 3418 1603 per-

1845 1607 2055 1662 venisse
2083 1610 2246 1664 etiam
2272 1613 2514 1670 hostibus
2536 1615 2736 1672 Judaais
2760 1619 2814 1672 in
2845 1621 3132 1684 manifesto
3172 1631 3273 1689 est,
3303 1623 3417 1679 sive

1845 1717 1910 1756 ex
1957 1701 2100 1755 LXX
2137 1701 2498 1773 lnterpretum
2543 1708 2891 1762 translatione
2960 1725 3080 1779 quae
3125 1712 3208 1765 vel
3239 1711 3417 1767 minus

1846 1794 2073 1849 sollicite
2117 1794 2294 1863 primo
2338 1783 2483 1850 edita
2529 1805 2633 1863 est,
2680 1806 2740 1853 ut
2775 1799 2929 1854 multi
2975 1809 3243 1865 astruunt,
3273 1802 3415 1858 vela

243 1861 298 1918 Si
346 1873 526 1920 autem
573 1877 847 1936 quaeratur
890 1886 921 1924 a
954 1886 1040 1925 me
1084 1886 1243 1940 quam
1281 1872 1440 1945 longo
1477 1883 1741 1944 tempore,
1772 1861 1820 1920 Β
1848 1861 2136 1954 gentilibus
2164 1893 2436 1956 corrupta,
2467 1894 2526 1940 ut
2551 1861 2710 1942 beato
2738 1887 3041 1959 Augustino
3063 1861 3290 1956 videtur,
3320 1907 3416 1947 seu

165 1960 263 2005 aut
303 1965 433 2024 quot
486 1959 641 2013 annis
686 1959 877 2014 debeat
916 1976 1158 2029 praesens
1205 1965 1433 2020 mortale
1487 1967 1744 2020 saeculum

162 2042 493 2111 perdurare,
560 2047 769 2101 nescire
818 2063 904 2102 me
953 2048 1157 2115 fateor,
1202 2052 1329 2120 quia
1369 2067 1475 2106 non
1530 2054 1740 2122 uspiam

162 2144 256 2184 me
298 2130 491 2202 legisse
545 2135 882 2201 reminiscor,
931 2147 985 2191 et
1033 2138 1154 2192 ideo
1207 2154 1310 2194 nec
1355 2140 1423 2195 de
1472 2141 1741 2211 imperitia

1849 1983 1997 2030 certe
2025 1991 2090 2030 ex
2111 1975 2354 2044 utrisque
2382 1976 2666 2032 commisto
2693 1992 2856 2047 opere
2885 1980 3181 2036 codicibus.
3210 2020 3224 2034 .
3253 2021 3266 2035 .
3301 2021 3314 2036 .
3348 2021 3361 2036 .
3396 2020 3412 2038 .

1850 2061 2052 2118 Caetera
2082 2063 2287 2118 desunt.

170 2266 1864 2294 ~————_—_—_

752 2384 1011 2461 LOCA
1085 2383 1532 2475 QUfEDAM
1608 2383 2032 2462 CLAUDII
2109 2382 2797 2462 TAURINENSIS

721 2537 1037 2618 Excerpta
1072 2558 1149 2600 ex
1185 2537 1662 2599 Commentariis
1699 2537 1828 2618 ejus
1865 2539 1935 2599 in
1996 2535 2326 2615 Epistolas
2377 2537 2581 2598 sancti
2643 2537 2852 2604 Pauli.

983 2676 1146 2741 (Rich.
1173 2678 1376 2739 Simon.,
1398 2677 1526 2726 Hist.
1551 2677 1658 2726 crit.
1695 2675 1814 2726 Nov.
1838 2675 2054 2726 Testem.
2071 2709 2086 2736 ,
2110 2675 2199 2726 lib.
2239 2689 2308 2735 ιιι,
2332 2687 2440 2738 cap.
2466 2676 2567 2737 23.)

232 2873 337 2940 Qui
377 2890 493 2928 cum
538 2875 592 2927 in
631 2874 802 2944 forma
838 2874 935 2928 Dei
975 2884 1124 2930 esset.
1169 2873 1418 2947 (Philipp.
1451 2890 1512 2939 ιι,
1552 2871 1627 2945 6).
1676 2873 1734 2927 In

153 2963 333 3020 forma
360 2965 492 3030 Dei,
525 2965 744 3034 aqualis
782 2965 965 3031 Patri,
1007 2966 1063 3020 in
1093 2965 1263 3021 forma
1293 2967 1432 3022 servi
1465 2965 1731 3021 mediator

155 3057 256 3112 Dei
286 3064 341 3110 et
366 3057 641 3110 hominum
671 3055 831 3111 homo
859 3057 1105 3116 Christus
1129 3055 1376 3112 Jesus....
1402 3054 1519 3110 Non
1551 3056 1730 3125 itaque

1838 2878 1954 2926 stus
1993 2869 2138 2925 enim
2177 2871 2434 2926 Dominus
2477 2878 2532 2925 et
2572 2871 2816 2927 Salvator
2859 2882 3066 2940 noster,
3111 2875 3276 2931 Filius
3317 2877 3412 2934 Dei

1836 2975 1998 3016 verus
2025 2960 2319 3016 secundum
2347 2961 2703 3029 divinitatem,
2734 2972 2789 3017 et
2820 2963 2958 3018 ﬁlius
2996 2966 3226 3020 hominis
3252 2983 3412 3024 verus

1835 3053 2128 3109 secundum
2157 3067 2394 3106 carnem.
2429 3052 2543 3106 Non
2573 3070 2635 3108 ex
2667 3070 2731 3110 eo
2757 3057 2899 3125 quod
2930 3067 3012 3111 est
3041 3073 3200 3128 super
3228 3059 3406 3114 omnia

152 3147 427 3200 immerito
451 3135 729 3215 Scriptura
755 3154 1043 3214 utrumque
1073 3147 1220 3213 dicit,
1253 3156 1308 3202 et
1338 3147 1596 3217 aequalem
1625 3146 1730 3200 Pa-
1759 3152 1804 3214 ρ
1834 3144 1975 3198 Deus
1997 3143 2309 3198 benedictus
2330 3144 2382 3197 in
2409 3145 2602 3198 saecula
2626 3162 2691 3200 ex
2712 3149 2916 3202 semine
2943 3149 3106 3202 David
3129 3159 3285 3205 natus
3306 3159 3409 3216 est,

151 3235 226 3289 tri
251 3234 469 3300 Filium,
495 3242 550 3289 et
574 3235 789 3290 Patrem
816 3235 1072 3303 majorem
1096 3236 1252 3290 Filio.
1277 3237 1408 3291 lllud
1433 3237 1576 3291 enim
1601 3252 1730 3307 pro—

149 3334 278 3398 pter
301 3326 528 3380 formam
570 3326 665 3380 Dei
693 3341 708 3379 :
739 3327 842 3381 hoc
868 3334 1047 3380 autem
1081 3336 1303 3397 pr0pter
1334 3326 1563 3382 formam
1591 3327 1733 3383 servi

149 3415 274 3471 sine
302 3415 408 3468 ulla
438 3413 753 3470 confusione
780 3415 1159 3486 intelligitur...

227 3502 351 3559 Non
381 3505 618 3575 rapinam
647 3504 932 3559 arbitratus
958 3514 1052 3570 est,
1085 3513 1188 3561 etc.
1224 3505 1434 3579 (Ibid.).
1479 3547 1493 3560 .
1538 3546 1552 3562 .
1599 3548 1612 3562 .
1657 3547 1671 3563 .
1713 3549 1726 3562 .

148 3685 339 3755 Neque
391 3687 755 3755 usurpationis
806 3695 923 3741 erat
965 3688 1107 3757 quod
1145 3688 1464 3742 naturaliter
1489 3690 1732 3759 posside-

145 3775 265 3839 bat,
296 3781 353 3828 ut
381 3774 570 3844 rapina
596 3775 896 3841 diceretur;
927 3777 1020 3831 sed
1047 3785 1252 3833 natura:
1280 3778 1471 3842 inerat,
1499 3787 1559 3832 ut
1584 3787 1730 3834 esset

146 3864 397 3933 (equalis.

148 3992 239 4048 Ea:
265 3994 573 4064 pra’fatione
602 3993 981 4068 Commentarii
1001 3997 1055 4068 in
1083 3995 1376 4066 Epistolam
1401 3997 1626 4068 primam
1656 3999 1726 4052 ad

780 4063 1094 4120 Corinthios.

221 4174 472 4229 Brumale
498 4182 707 4245 tempus
731 4177 846 4231 vias
871 4178 1134 4246 palatinas
1160 4186 1344 4233 terens
1367 4180 1542 4235 eundo
1566 4187 1621 4234 et
1645 4195 1727 4234 re-

145 4264 388 4330 deundo,
427 4266 604 4320 minus
633 4265 758 4320 licet
794 4267 1014 4336 implere
1048 4283 1207 4336 supra
1241 4277 1722 4322 commemoratum

146 4368 425 4419 amorem;
475 4363 596 4423 post
640 4356 870 4409 medium
914 4356 1055 4408 veris
1098 4356 1436 4423 procedendo
1480 4365 1722 4414 armatus

145 4457 476 4511 pergameno
499 4442 702 4510 pariter
726 4458 846 4495 cum
875 4457 1023 4495 arma
1053 4441 1250 4506 ferens,
1279 4458 1444 4514 pergo
1472 4445 1539 4497 ad
1565 4459 1725 4498 excu-

148 4529 270 4582 bias
317 4529 612 4583 maritimas
658 4544 778 4584 cum
832 4531 1025 4586 timore
1074 4532 1389 4587 excubando
1436 4534 1722 4588 adversum

143 4618 427 4688 Agarenos
466 4628 521 4674 et
563 4620 791 4686 Mauros,
831 4629 988 4675 nocte
1027 4628 1217 4676 tenens
1254 4621 1509 4691 gladium,
1555 4631 1611 4676 et
1638 4623 1724 4677 die

145 4709 318 4765 libros
349 4718 401 4764 et
427 4711 713 4776 calamum,
750 4711 970 4782 implere
999 4728 1199 4766 conans
1234 4721 1468 4782 emptum
1510 4714 1719 4770 deside-

149 4815 937 4857 rnum............

619 4912 704 4966 Ea:
727 4914 907 4967 eadem
933 4914 1257 4983 praefatione.

221 5024 420 5080 Fateor
453 5042 538 5081 me
573 5027 820 5095 primitus
849 5028 1070 5082 invitum
1104 5029 1415 5092 accessisse,
1447 5039 1501 5084 et
1536 5031 1588 5084 in
1619 5033 1721 5086 hoc

144 5132 307 5186 opus,
336 5125 391 5171 et
416 5117 467 5170 in
491 5117 856 5172 Pentateucho
886 5133 1044 5188 quem
1070 5118 1304 5188 postulas
1335 5119 1721 5189 imperantibus

144 5208 413 5265 fratribus
436 5211 488 5265 in
509 5210 690 5265 schola
712 5213 1041 5278 constitutis,
1068 5214 1260 5281 quibus
1281 5214 1401 5267 viva
1427 5230 1558 5269 voce
1586 5217 1721 5269 scri-

144 5309 338 5370 pturas
373 5299 661 5363 tradebam,
694 5303 1036 5372 praecipiente
1063 5303 1152 5372 pio
1179 5303 1421 5374 principe
1449 5306 1719 5362 Ludovico

143 5389 496 5459 imperatore,
533 5391 840 5459 compulsus
868 5393 1027 5446 etiam
1058 5408 1088 5446 a
1125 5407 1420 5449 memorato
1455 5397 1714 5467 principe,

142 5484 209 5534 ut
241 5493 344 5532 non
383 5486 590 5531 tantum
627 5479 788 5532 verba
822 5495 918 5550 per
951 5480 1268 5535 oblivionem
1306 5483 1572 5550 palantem
1611 5493 1718 5539 tra-

144 5567 352 5631 derem,
375 5567 468 5621 sed
491 5566 651 5621 etiam
675 5567 882 5622 calamo
904 5568 989 5622 diu
1011 5571 1377 5636 permanentia
1399 5573 1714 5640 scriberem,

146 5665 204 5712 ut
236 5657 376 5724 quod
401 5670 497 5710 ore
524 5658 833 5725 promebam
861 5658 1065 5721 calamo
1092 5661 1471 5728 scriptitarcm.

221 5744 325 5810 Qui
354 5755 427 5800 est
456 5762 607 5816 super
639 5749 815 5801 omnia
835 5745 990 5813 Deus,
1012 5757 1113 5802 etc.
1151 5749 1324 5818 (lima.
1353 5769 1424 5817 ιχ,
1455 5753 1526 5824 FS).
1560 5756 1710 5810 Chri-

1834 3234 1927 3288 sed
1955 3248 2017 3287 ex
2053 3233 2140 3286 illa
2170 3233 2485 3289 inﬁrmitate
2512 3250 2671 3303 quam
2701 3238 2937 3306 suscepit
2971 3252 3034 3291 ex
3063 3239 3236 3293 nobis.

1904 3321 2088 3377 Gratia
2114 3324 2252 3378 vobis
2283 3333 2330 3377 et
2361 3341 2466 3394 pax
2503 3342 2534 3378 a
2565 3324 2672 3378 Deo
2709 3325 2867 3380 Patre
2897 3338 3072 3380 nostro
3102 3338 3150 3381 et
3186 3327 3408 3384 Domino

1834 3415 1961 3471 Iesu
1991 3417 2216 3470 Christo.
2253 3415 2302 3488 (Ι
2330 3415 2452 3471 Cor.
2487 3433 2524 3480 ι,
2557 3419 2633 3488 5).
2664 3417 2741 3472 Ne
2771 3418 2947 3473 Patris
2976 3427 3066 3472 aut
3096 3435 3286 3475 nomen
3316 3431 3411 3476 aut

1831 3507 2029 3562 donum
2071 3508 2303 3563 tacuisse
2338 3509 2634 3574 videretur,
2669 3519 2723 3564 et
2757 3513 3114 3581 suspicionem
3146 3512 3283 3568 forte
3318 3524 3409 3570 aut

1830 3599 2172 3654 occasionem
2216 3599 2372 3653 daret
2415 3600 2647 3666 unionis,
2692 3600 2849 3656 docet
2876 3601 3148 3656 Christum
3191 3604 3407 3672 quidem

1829 3685 1934 3740 rite
1971 3686 2352 3751 invocandum,
2397 3689 2493 3742 sed
2529 3703 2741 3742 omnem
2782 3692 3012 3758 gratiam
3050 3707 3168 3746 esse
3207 3684 3404 3760 Patris,

1827 3785 1886 3831 ut
1912 3778 2046 3832 duos
2067 3778 2157 3846 qui
2181 3778 2234 3832 in
2258 3793 2422 3832 unum
2447 3787 2571 3833 sunt
2599 3795 2694 3848 per
2718 3780 3051 3837 divinitatem
3075 3784 3402 3851 ostenderet,

1827 3876 1883 3923 et
1907 3867 2084 3923 Patris
2111 3869 2487 3922 auctoritatem
2516 3868 2817 3938 praeferret.
2861 3909 2874 3923 .
2918 3908 2932 3923 .
2974 3911 2986 3924 .
3030 3910 3042 3924 .
3084 3910 3097 3924 .
3140 3910 3154 3925 .

1896 3955 2037 4010 Deus
2067 3965 2179 4010 erat
2210 3959 2266 4010 in
2302 3954 2507 4010 Christo
2549 3956 2634 4028 (II
2669 3955 2790 4011 Cor.
2821 3974 2871 4022 v,
2902 3957 3010 4028 19).
3052 3959 3220 4015 Filius
3259 3963 3401 4017 enim

1826 4047 2144 4102 naturaliter
2168 4048 2374 4119 legatus
2403 4057 2486 4102 est
2516 4047 2694 4102 Patris
2731 4050 2915 4103 Dei....
2949 4051 3108 4105 Pater
3135 4054 3279 4106 enim
3308 4069 3406 4123 per

1826 4135 1878 4190 id
1904 4136 2226 4205 intelligitur
2250 4152 2371 4190 esse
2397 4138 2450 4189 in
2480 4137 2634 4201 Filio,
2666 4139 2809 4206 quod
2838 4154 2940 4192 una
2971 4154 3155 4194 eorum
3182 4143 3251 4195 sit
3276 4144 3403 4197 sub-

1825 4226 2043 4279 stantia.
2074 4225 2150 4278 lbi
2176 4234 2261 4280 est
2287 4227 2430 4279 enim
2458 4227 2638 4281 unitas
2676 4228 2765 4282 ubi
2792 4229 2934 4282 nulla
2957 4238 3041 4284 est
3065 4231 3302 4297 domina,
3339 4247 3402 4287 ac

1822 4328 1919 4382 per
1958 4314 2061 4368 hoc
2091 4315 2324 4370 invicem
2358 4315 2590 4385 mquales
2627 4326 2769 4370 sunt.
2810 4356 2823 4371 .
2865 4357 2878 4370 .
2920 4357 2933 4370 .
2976 4357 2990 4372 .
3035 4359 3048 4372 .
3092 4359 3105 4373 .
3149 4361 3162 4373 .
3207 4361 3219 4375 .
3266 4360 3280 4374 .
3324 4358 3339 4375 .
3383 4362 3396 4377 .

2203 4501 2268 4554 In
2295 4502 2464 4571 Epist.
2499 4503 2567 4555 ad
2618 4501 2779 4556 Hebr.
2808 4519 2904 4569 vn,
2936 4505 3020 4558 17.

1894 4589 1986 4644 Ille
2011 4588 2442 4663 (Melchisedech)
2467 4592 2711 4646 carnales
2736 4594 2984 4648 victimas
3010 4610 3114 4649 non
3141 4596 3399 4652 offerebat

1823 4680 1926 4733 nisi
1955 4694 2146 4747 panem
2183 4691 2237 4734 et
2269 4681 2473 4745 vinum,
2505 4682 2644 4735 sicut
2675 4681 2922 4738 Christus
2952 4683 3272 4738 oblationem
3303 4702 3395 4754 pa-

1823 4771 1906 4824 nis
1935 4781 1988 4824 et
2013 4772 2125 4825 vini
2155 4771 2387 4827 oil'erens
2413 4773 2524 4827 Deo
2549 4774 2722 4837 Patri,
2757 4774 2806 4828 id
2842 4784 2924 4829 est
2951 4791 3142 4846 corpus
3180 4787 3234 4831 et
3272 4794 3394 4832 san-

1821 4857 2032 4927 guinem
2069 4875 2254 4924 suum,
2294 4876 2453 4928 quam
2491 4861 2810 4916 oblationem
2846 4865 3084 4932 quotidie
3120 4865 3393 4923 oll‘erimus

1821 4963 1982 5016 super
2009 4948 2178 5004 altare
2207 4959 2262 5005 et
2287 4952 2564 5005 sumimus.

2159 5060 2224 5115 In
2256 5061 2544 5131 Epistolam
2575 5064 2644 5116 ad
2675 5061 3031 5134 Philippenses

1890 5151 2049 5206 Putat
2075 5153 2270 5221 aliquis
2297 5168 2402 5207 non
2435 5153 2856 5223 Scripturarum,
2887 5158 2979 5211 sed
3003 5168 3237 5214 nostram
3270 5177 3388 5218 esse

1819 5242 2136 5295 sententiam
2163 5241 2472 5309 episcopum
2501 5250 2556 5296 et
2585 5244 2950 5313 presbyterum
2975 5262 3138 5300 unum
3165 5265 3304 5314 esse,
3334 5260 3388 5305 et

1819 5331 1962 5384 aliud
1998 5331 2190 5392 rotatis,
2232 5331 2377 5385 aliud
2409 5346 2527 5385 esse
2567 5346 2758 5386 nomen
2787 5332 2978 5398 ofﬁcii,
3014 5337 3215 5407 relegat
3241 5339 3384 5408 Apo-

1817 5419 1939 5473 stoli
1964 5418 2127 5472 verba
2150 5419 2216 5473 ad
2238 5418 2605 5490 Philippenscs
2629 5420 2887 5476 dicentis:
2918 5422 3118 5478 Paulus
3142 5436 3189 5479 et
3221 5425 3387 5482 Timo-

1816 5511 1980 5574 theus,
2011 5517 2114 5562 etc.

1817 5597 2135 5651 Retractatio
2167 5598 2376 5652 Claudii
2401 5601 2625 5676 episcopi
2646 5601 2710 5657 de
2736 5606 3030 5676 auctoribus
3059 5607 3382 5676 explanatio-

2089 5685 2211 5720 mmt
2241 5685 2394 5737 super
2422 5669 2713 5738 Epistblam
2739 5674 2808 5724 ad
2841 5674 3103 5729 Hebra’os.

1880 5755 2010 5810 Illud
2043 5771 2251 5826 quoque
2280 5757 2333 5811 in
2371 5757 2681 5828 praefatione
2708 5776 3050 5827 commoneo,
3087 5767 3213 5820 mihi
3256 5767 3376 5820 cha-
