3906 6322
464 399 568 457 9'27

1586 385 1906 445 LUDOV‘lCl
1945 384 1965 441 l
2002 382 2477 442 COGNOMENTO
2512 383 2598 438 ΡΠ

3639 375 3739 425 εκε

469 508 708 570 rissime,
749 513 809 558 ut
845 502 987 558 scias
1025 499 1312 571 Origenem
1359 497 1462 551 tria
1501 496 1770 550 volumina
1812 496 1866 547 in
1910 496 2050 548 hanc
2077 496 2129 554 Α
2153 492 2393 547 calamus
2422 490 2727 557 Trinitatis,
2772 490 2950 561 lingua
2980 489 3215 559 Spiritus
3256 486 3465 547 sancti,
3499 492 3746 537 terrenus

468 598 764 669 Epistolam
791 593 1196 661 conscripsisse,
1224 605 1383 658 quem
1405 597 1461 643 et
1487 602 1586 641 nos
1605 602 1672 640 ex
1697 593 1850 656 parte
1878 584 2049 639 secuti

468 702 655 745 sumus
689 704 702 740 :
741 684 1108 754 Apollinarem
1150 680 1314 735 etiam
1359 686 1415 733 et
1460 676 1745 746 Didymum
1789 674 2049 743 quosdam

468 775 954 834 Commentariolos
981 772 1248 835 edidisse;
1278 785 1309 824 e
1342 769 1537 839 quibus
1580 768 1707 822 licet
1743 778 1915 836 pauca
1957 765 2050 818 de—

466 869 787 939 cerpsimus,
814 867 966 936 plura
995 865 1157 920 etiam
1189 878 1255 916 ex
1287 862 1456 916 sancti
1484 860 1586 913 viri
1615 856 1898 925 Augustini
1929 870 2050 909 sen-

470 962 685 1025 tentiis,
726 976 861 1029 quas
897 974 994 1028 per
1032 958 1271 1011 diversos
1308 953 1424 1021 ejus
1457 952 1622 1006 libros
1656 948 1897 1004 invenire
1936 946 2052 1016 qui-

467 1056 666 1119 vimus,
695 1055 835 1107 hanc
860 1051 1207 1121 exposuimus
1234 1047 1549 1118 Epistolam,
1574 1052 1628 1099 et
1654 1041 1908 1098 nonnulla
1934 1055 2055 1109 quae

470 1143 626 1198 nobis
671 1143 994 1197 videbantur
1044 1140 1337 1209 adjecimus
1384 1138 1497 1191 sive
1547 1134 1947 1195 subtraximus,
1998 1137 2057 1184 ut

470 1231 741 1286 studiosus
772 1232 956 1285 statim
986 1231 1040 1284 in
1071 1229 1335 1298 principio
1376 1228 1635 1281 lectorum
1670 1232 1925 1294 agnoscat
1957 1223 2059 1276 hoc

470 1336 607 1391 opus
635 1321 717 1376 vel
746 1322 977 1374 alienum
1007 1335 1127 1374 esse
1156 1319 1237 1373 vel
1268 1326 1527 1371 nostrum.
1578 1336 1587 1351 -

757 1448 1062 1505 ELOGIUM
1101 1447 1344 1503 SANCTI
1383 1444 1772 1502 AUGUS'I‘INI.

543 1578 962 1636 Amantissimus
1008 1581 1221 1637 Domini
1272 1579 1645 1635 sanctissimus
1688 1576 2053 1647 Augustinus,

545 1724 573 1752 ι
613 1711 865 1778 Scilicet,
897 1712 965 1765 ad
990 1711 1279 1765 Romanos.

2156 584 2337 647 homo,
2364 581 2460 637 sed
2487 580 2723 636 caelestis
2753 580 2997 651 angelus,
3030 579 3083 632 in
3111 574 3509 647 qumstionibus
3539 571 3749 626 solven-

2155 674 2239 728 dis
2268 682 2478 735 acutus,
2522 672 2575 725 in
2610 671 2951 726 revincendis
2990 668 3258 724 bmreticis
3289 667 3747 732 circumspectus,

2156 766 2211 817 in
2242 762 2577 832 explicandis
2615 760 2913 829 Scripturis
2951 757 3225 813 canonicis
3259 766 3483 817 cautus,
3520 762 3630 806 etc.
3673 751 3748 803 Ex

2156 853 2325 923 ipsius
2360 851 2531 907 sancti
2564 850 2666 905 viri
2706 850 3010 914 sententiis,
3048 863 3181 916 quas
3219 860 3319 915 pro
3356 841 3599 897 diversis
3636 840 3752 908 ejus

2156 945 2308 1000 libris
2346 943 2585 997 invenire
2623 941 2924 1009 quivimus,
2964 941 3106 995 hanc
3144 935 3500 1004 exposuimus
3535 929 3751 999 Episto-

2156 1036 2264 1089 lam
2293 1048 2343 1100 ᾳ,
2374 1034 2551 1103 aliqua
2588 1032 2751 1086 etiam
2788 1048 2855 1085 ex
2882 1028 3130 1099 Origenis
3166 1024 3517 1094 Expositione
3551 1020 3753 1074 ibidem

2160 1126 2519 1193 adjunximus,
2569 1123 2821 1178 nonnulla
2868 1123 3062 1182 etiam,
3111 1128 3170 1172 ut
3211 1116 3369 1171 nobis
3412 1115 3595 1167 visum
3646 1120 3753 1171 est,

2160 1214 2631 1285 pertractavimus.
2658 1212 2870 1266 Nullam
2899 1209 3317 1266 admonitionem
3345 1203 3635 1257 meliorem
3665 1214 3755 1267 pos

2164 1308 2240 1361 tui
2286 1307 2546 1369 invenire,
2590 1320 2751 1374 quam
2799 1302 3049 1373 Epistolaa
3077 1301 3264 1369 prima:
3307 1296 3462 1350 Pauli
3494 1292 3752 1363 apostoli,

2160 1414 2323 1467 quam
2361 1397 2503 1459 misi,
2540 1396 2664 1461 quia
2704 1403 2818 1449 tota
2853 1393 2976 1447 inde
3006 1392 3200 1461 agitur,
3243 1396 3301 1441 ut
3340 1385 3536 1439 merita
3580 1380 3756 1435 bonn-

2160 1503 2289 1543 num
2316 1487 2483 1547 tollat,
2502 1487 2641 1541 unde
2665 1486 2899 1539 maxime
2916 1499 3056 1538 nunc
3072 1478 3319 1536 monachi
3347 1474 3679 1547 gloriantur,
3704 1480 3756 1523 ct

2157 1577 2389 1649 gratiam
2415 1575 2512 1631 Dei
2537 1574 2897 1631 commendet.

498 1844 3741 1914 Μ

1730 2005 1901 2048 ANNO
1945 2004 2174 2048 DOMINI
2220 2003 2486 2048 DCCCXL.

1110 2162 2857 2395 LUDOVICUS
3008 2172 3118 2381 Ι

485 2552 1467 2677 COGNOMENTO
1551 2548 1941 2689 PIUS,
2040 2548 2860 2666 IMPERATOR
2943 2546 3745 2663 AUGUSTUS.

1756 2778 2478 2820 ψ

959 2949 2091 3097 aLUDOVICI
2232 2952 2564 3088 PII
2739 2951 3279 3096 VITA

487 3225 739 3287 Incerto
781 3232 1059 3295 auctore,
1102 3218 1206 3281 sed
1241 3219 1349 3296 qui
1384 3236 1447 3280 se
1476 3215 1865 3294 professione
1900 3217 2072 3269 astra

1868 3296 2072 3347 satum

2178 3227 2333 3346 ηὲιιέη
2361 3256 2376 3279 ,
2416 3221 2469 3271 et
2516 3213 2582 3272 in
2610 3212 2859 3290 palatio
2902 3212 3106 3290 ipsius
3160 3212 3581 3289 imperatoris
3632 3226 3764 3268 trr-

2178 3308 2199 3346 s
2232 3308 2267 3346 α
2300 3306 2396 3347 ur.

1868 3306 2073 3348 salum
2112 3306 2396 3349 testatur.

1415 3439 1576 3503 (Apud
1610 3438 1878 3489 Cbcsnlum
1900 3470 1915 3493 ,
1947 3434 2176 3483 Historiae
2203 3432 2496 3484 Francorum
2525 3440 2840 3499 Scriptores.)

1061 3650 1501 3715 PROLOGUS.

568 3763 701 3819 Cum
731 3766 878 3829 gesta
904 3755 1205 3825 priscorum
1235 3752 1375 3806 bona
1403 3747 1635 3810 malave,
1663 3745 1897 3800 maxime
1924 3744 2071 3814 prin-

493 3858 698 3926 cipum,
728 3852 793 3905 ad
820 3846 1136 3903 memoriam
1167 3842 1517 3903 reducuntur,
1547 3838 1757 3907 gemina
1790 3837 1841 3889 in
1866 3837 1946 3890 eis
1969 3835 2074 3888 uti—

497 3924 623 4001 litas
648 3938 949 4009 legentibus
983 3932 1278 3988 confertur.
1311 3929 1429 3983 Alia
1462 3928 1603 3982 enim
1633 3941 1822 3981 eorum
1850 3924 2071 3978 utilitati

494 4044 549 4090 et
572 4028 912 4089 mdiﬁcationi
936 4032 1180 4093 prosunt,
1199 4022 1303 4075 alia
1325 4012 1567 4075 cautelae.
1587 4018 1723 4084 Quia
1743 4017 1886 4071 enim
1915 4016 2073 4086 primi

499 4126 552 4178 in
584 4120 798 4177 sublimi
829 4116 993 4170 veluti
1039 4112 1254 4183 specula
1283 4111 1617 4171 consistunt,
1662 4116 1713 4161 et
1753 4108 1873 4167 idco
1909 4106 2076 4159 latere

498 4219 785 4281 nequeunt,
819 4222 883 4261 co
920 4207 1058 4259 fama
1095 4218 1281 4258 eorum
1310 4202 1472 4255 latius
1500 4206 1856 4269 propagatur,
1892 4211 1997 4265 quo
2020 4204 2079 4249 et

498 4304 743 4360 diffusius
773 4300 1011 4354 cernitur
1036 4314 1050 4361 ;
1089 4304 1142 4350 et
1163 4302 1313 4347 tanto
1340 4292 1539 4361 quique
1562 4290 1773 4344 illorum
1796 4288 1937 4341 bono
1958 4286 2077 4353 plu-

500 4396 624 4450 rimi
670 4392 998 4451 alliciuntur,
1039 4393 1242 4455 quanto
1282 4381 1736 4452 prominentiores
1781 4392 1839 4431 se
1879 4374 2077 4428 imitari

500 4484 817 4555 gloriantur.
846 4478 969 4531 Hace
1000 4477 1071 4530 ita
1099 4491 1158 4530 se
1185 4474 1385 4528 habere
1415 4470 1678 4539 majorum
1702 4466 1935 4535 produnt
1958 4477 2078 4516 mo-

501 4578 777 4633 numenta,
816 4568 909 4637 qui
954 4565 1213 4620 relatione
1258 4577 1353 4617 sua
1400 4559 1768 4628 posteritatem
1811 4556 2080 4610 instruere

502 4662 846 4722 studuerunt,
886 4656 1115 4725 quisque
1142 4652 1443 4722 principum
1468 4664 1574 4717 quo
1602 4646 1736 4701 calle
1774 4643 2077 4699 mortalium

504 4755 608 4808 iter
638 4750 864 4804 triverit.
906 4748 1145 4811 Quorum
1192 4758 1289 4796 nos
1334 4741 1569 4795 studium
1609 4738 1901 4799 imitantes,
1929 4733 2079 4788 nolu-

506 4859 628 4897 mus
652 4854 773 4894 esse
796 4838 880 4891 vel
911 4835 1267 4906 prmscntibus
1310 4829 1613 4893 inolliciosi,
1654 4826 1737 4881 vel
1774 4825 1969 4879 futuris
2000 4824 2081 4877 in-

505 4933 636 4995 vidi,
670 4930 762 4986 sed
789 4931 954 4984 Actus
978 4927 1263 4994 Vitamquc
1289 4923 1400 4979 Deo
1429 4920 1675 4976 amabilis
1697 4927 1858 4987 atque
1888 4916 2077 4970 ortho-

508 5022 633 5077 doxi
679 5018 1021 5089 imperatoris
1049 5015 1325 5078 Ludovici,
1358 5012 1495 5082 stylo
1526 5011 1650 5064 licet
1677 5009 1857 5062 minus
1902 5006 2079 5068 docto,

508 5110 896 5168 contradimus.
922 5106 1117 5159 Fateor
1137 5105 1302 5167 cnim,
1320 5111 1375 5157 et
1396 5103 1598 5170 absque
1621 5097 1741 5152 fuco
1765 5094 2084 5150 adulationis

508 5204 649 5265 dico,
681 5200 808 5269 quia
839 5196 1140 5252 succumbit
1161 5198 1557 5261 cujusque,non
1581 5190 1701 5245 dico
1725 5183 2083 5252 meum,quod

509 5292 861 5363 perexiguum
891 5296 996 5352 est,
1034 5287 1125 5340 sed
1155 5297 1472 5352 magnorum
1511 5280 1817 5349 ingenium,
1847 5273 2085 5329 materia:

583 5436 609 5464 ι
638 5422 768 5488 Quze
791 5418 1008 5489 scripsit
1026 5419 1122 5489 illic
1151 5426 1338 5489 auctor
1359 5428 1531 5489 usque
1559 5411 1625 5465 ad
1648 5420 1900 5489 tempora.
1916 5406 2084 5489 impe-

510 5493 580 5547 rii
603 5474 880 5551 Ludovici,
903 5474 1191 5557 profitetur
1217 5488 1269 5539 in
1299 5474 1525 5557 Prologo
1558 5496 1615 5557 se
1644 5474 1909 5557 _Ade'mar_i
1931 5474 2086 5556 nobi-

466 5628 467 5631 η
512 5546 705 5617 lissimi
732 5576 796 5614 ac
840 5546 1173 5631 devotissimi
1215 5546 1765 5629 monacliivrelatione
1804 5546 2086 5631 didicisse,

516 5614 606 5701 qui
635 5632 808 5685 cidem
842 5628 1110 5681 Ludovico
1139 5642 1352 5701 coaevus
1380 5634 1436 5701 et
1469 5619 1808 5677 conuutritus
1838 5616 1954 5667 fuit.
1986 5614 2090 5694 Ρο-

514 5684 740 5755 έιόιῆοω
773 5704 949 5771 autem
980 5713 1074 5771 per
1095 5695 1326 5771 scipsum
1350 5694 1545 5747 vidisse
1576 5698 1735 5771 atque
1761 5684 2088 5771 cquiperisse

515 5772 802 5840 significat,
838 5769 959 5821 dum
980 5756 1156 5820 'rcbus
1177 5756 1477 5819 'iutcrcssct
1515 5756 1778 5830 palati-ius.
1815 5756 2080 5810 (lictorum

2106 3650 2149 3711 C
2182 3655 2363 3702 tantae.
2390 3650 2602 3705 Etenim
2629 3654 2951 3709 auctoritate
2977 3655 3154 3709 divina
3187 3655 3483 3718 discimus,
3528 3665 3765 3711 sanctam

2182 3735 2509 3806 Sapientiam
2548 3742 2742 3797 docere
2772 3746 3140 3808 sobrietatem,
3175 3746 3504 3813 sapientiam
3534 3755 3590 3801 et
3610 3748 3767 3815 justi-

2180 3828 2334 3892 tiam,
2367 3840 2422 3883 et
2448 3832 2736 3899 virtutem,
2779 3836 2975 3904 quibus
3012 3837 3144 3890 nihil
3188 3845 3273 3890 est
3315 3838 3533 3892 dulcius
3570 3840 3621 3892 in
3666 3841 3767 3892 vita

2181 3916 2527 3973 hominibus:
2566 3936 2795 3989 quarum
2839 3924 2927 3977 ille
2966 3924 3042 3985 ita
3087 3926 3371 3979 comitatui
3420 3927 3654 3980 indivise
3684 3928 3769 3979 ad-

2182 4006 2358 4072 haesit,
2392 4018 2454 4062 ut
2480 4012 2720 4067 nescires
2745 4015 2926 4083 potius
2954 4030 3114 4084 quam
3142 4015 3194 4069 in
3221 4031 3287 4069 eo
3316 4015 3584 4069 admirari
3610 4018 3741 4071 debe

2184 4113 2291 4152 res.
2325 4096 2463 4164 Quid
2499 4102 2643 4155 enim
2668 4101 2783 4170 ejus
2806 4104 3099 4158 sobrietate
3126 4104 3364 4167 sobrius,
3398 4120 3524 4172 quae
3553 4106 3660 4158 alio
3682 4122 3771 4158 nn-

2185 4190 2329 4245 mine
2355 4191 2635 4260 frugalitas
2656 4194 2767 4249 sive
2791 4197 3142 4266 temperantia
3162 4198 3517 4251 nominatur?
3536 4199 3617 4251 Ita
3634 4200 3767 4252 enim

2186 4295 2249 4333 ea
2278 4295 2405 4335 usus
2426 4289 2531 4343 est,
2555 4291 2615 4335 ut
2642 4282 2772 4337 illud
2794 4286 3215 4340 vetustissimum
3241 4288 3594 4356 proverbium
3630 4300 3679 4341 et
3711 4291 3769 4339 ad

2188 4368 2383 4423 caelum
2414 4386 2584 4440 usque
2619 4372 2944 4428 celebratum
2984 4376 3033 4430 ei
3062 4376 3224 4430 fuerit
3248 4375 3766 4437 familiarissimum.

2186 4474 2292 4527 quo
2324 4460 2553 4514 dicitur:
2600 4462 2683 4515 Ne
2712 4464 2836 4533 quid
2864 4466 3037 4519 nimis.
3078 4466 3353 4535 Sapientia
3377 4485 3513 4523 vero
3545 4470 3769 4524 delectu-

2186 4548 2348 4603 batur
2387 4564 2449 4603 ea
2480 4566 2640 4619 quam
2674 4551 2966 4621 Scriptura:
3009 4558 3333 4611 auctoritate
3378 4558 3653 4613 didicerat
3690 4559 3767 4612 di-

2188 4646 2344 4692 ccnte
2370 4658 2380 4690 :
2428 4639 2561 4693 Ecce
2588 4643 2745 4695 timor
2774 4643 3005 4708 Domini,
3035 4647 3147 4715 ipsa
3188 4657 3261 4700 est
3290 4649 3579 4717 sapientia.
3615 4649 3772 4704 Justi-

2191 4728 2318 4780 tiam
2366 4744 2526 4797 porro
2557 4739 2759 4799 quanto
2788 4733 3015 4789 coluerit
3044 4734 3235 4790 affectu
3255 4777 3267 4801 ,
3305 4745 3476 4791 testes
3523 4751 3655 4792 sunt
3690 4741 3769 4808 qui

2190 4820 2306 4889 ejus
2336 4836 2532 4876 novere
2556 4823 2787 4878 studium
2820 4841 2926 4894 quo
2954 4825 3233 4897 flagrabat,
3261 4836 3321 4881 ut
3343 4830 3583 4898 quisque
3608 4834 3773 4884 homi-

2146 4961 2160 4987 ;
2191 4927 2321 4965 num
2349 4912 2482 4966 ordo
2516 4915 2689 4967 ordini
2719 4930 2816 4969 suo
2843 4916 2989 4984 justa
3017 4918 3369 4987 persolveret,
3399 4931 3457 4973 et
3485 4921 3771 4974 Dominum

2114 4974 2165 5032 D

2193 5017 2356 5071 super
2381 5004 2583 5068 omnia,
2616 5006 2921 5074 proximum
2949 5022 3077 5061 vero
3118 5016 3373 5075 tanquam
3416 5024 3476 5063 se
3506 5009 3769 5079 diligeret.

2190 5091 2309 5146 Jam
2345 5109 2473 5148 vero
2498 5096 2671 5152 virtus
2705 5096 2839 5152 adeo
2879 5099 2927 5154 ei
2974 5099 3288 5165 coaluerat,
3318 5110 3378 5155 ut
3407 5110 3493 5155 tot
3523 5118 3591 5158 ac
3620 5106 3776 5156 tantis

2190 5183 2432 5252 pulsatus
2458 5186 2633 5251 malis,
2660 5187 2940 5243 lacessitus
2961 5198 3068 5244 tam
3094 5192 3322 5259 privatis
3347 5208 3512 5261 quam
3540 5194 3774 5247 externis

2194 5278 2427 5348 injuriis,
2454 5280 2599 5335 nullo
2627 5289 2825 5346 tamen,
2848 5282 2958 5336 Deo
2978 5284 3222 5346 custode,
3249 5293 3443 5352 pectus
3470 5284 3591 5353 ejus
3612 5285 3774 5338 invin-

2197 5412 2360 5466 editio
2382 5412 2647 5485 istanuuc
2675 5415 2946 5485 rccognita
2968 5416 3236 5485 variisque
3259 5417 3312 5469 in
3337 5416 3476 5471 locis
3495 5418 3771 5471 emendata

2195 5488 2304 5563 est,
2352 5484 2419 5563 ad
2464 5483 2623 5563 fidem
2673 5483 2904 5563 duorqu
2952 5501 3081 5563 mss.
3133 5483 3286 5563 eod.)
3336 5502 3570 5563 quormu
3618 5501 3773 5540 unum

2194 5556 2626 5620 antiquissimum
2676 5556 3105 5608 sulnuinistravit
3143 5556 3473 5610 bibliotheca
3522 5556 3767 5609 Tlmana.

2196 5620 2535 5744 ῗὶιὲῗέγὶξτειυιο
2583 5625 2848 5680 recentior
2880 5633 3122 5679 servatur
3159 5626 3211 5679 in
3261 5625 3595 5681 bibliotheca
3627 5626 3764 5679 Alei.

2240 5706 2416 5747 Cliﬁ'll.
