3906 6318
155 352 264 409 9'29

1704 342 1881 400 VITA.

3300 359 3407 416 950

154 467 318 522 cibile
351 464 523 535 potuit
547 461 861 531 injuriarmn
892 462 1125 531 pondere
1145 461 1337 532 frangi.
1364 459 1464 516 Uni
1494 466 1727 512 tantum-
1752 456 1805 514 A
1831 456 2008 513 dicere
2032 459 2328 528 supersedi.
2357 459 2586 515 Rediens
2606 475 2737 531 ergo
2762 477 2877 527 rex,
2909 465 3106 534 reperit
3126 466 3403 537 conjugem

153 561 316 614 modo
343 560 410 612 ab
437 558 642 613 aimulis
671 557 1039 611 ascribebatur
1075 556 1242 624 culpa:
1266 553 1631 614 succubuisse,
1664 565 1729 603 eo

152 650 299 718 quod
322 648 479 702 nimis
514 647 748 702 clemens
778 654 938 702 esset.
970 645 1079 700 Nos
1110 655 1290 699 autem
1319 660 1441 699 cum
1473 641 1730 713 Apostolo

152 739 397 793 dicamus
420 739 614 793 talibus
638 751 652 791 :
689 738 903 790 Dimitte
925 735 1003 789 illi
1025 736 1159 789 hanc
1184 735 1453 805 injuriam.
1487 732 1590 787 Sed
1614 733 1729 786 haec

152 839 335 885 utrum
366 844 493 884 vera
522 828 631 883 sint
671 842 866 889 necne,
895 826 1173 897 perlegens
1202 825 1427 894 quisque
1467 823 1608 877 scire
1635 835 1729 891 po-

152 920 301 973 terit.
330 919 498 981 Porro
524 933 643 987 quae
669 918 860 986 scripsi
901 932 1066 985 usque
1101 917 1167 971 ad
1197 925 1438 986 tempora
1477 914 1721 983 imperii,

149 1011 443 1063 Atlhemari
474 1009 790 1063 nobilissimi
830 1017 886 1063 et
920 1008 1252 1063 devotissimi
1296 1008 1543 1061 monachi
1587 1007 1724 1060 rela-

154 1100 300 1153 tione
324 1099 503 1162 didici,
535 1098 624 1167 qui
652 1098 701 1153 ei
732 1112 942 1152 cozevus
966 1105 1020 1153 et
1042 1097 1380 1152 connutritus
1404 1104 1507 1149 est.
1538 1094 1724 1150 Poste-

152 1188 299 1243 riora
328 1195 526 1253 autem,
560 1189 683 1257 quia
708 1203 807 1259 ego
833 1187 1051 1242 interfui
1078 1188 1239 1241 rebus
1279 1186 1563 1256 palatinis,
1605 1200 1723 1255 quae

148 1282 261 1334 vidi
285 1290 337 1335 et
365 1281 663 1350 comperire
687 1280 855 1349 potui,
890 1279 1029 1349 stylo
1057 1277 1377 1333 eontradidi.

283 1422 680 1500 INCIPIT
740 1422 1253 1500 NARRATIO
1306 1421 1597 1499 VleE.

224 1552 638 1606 Famosissimus
665 1566 846 1620 regum
865 1592 879 1616 ,
926 1542 1161 1620 nullique
1190 1567 1286 1606 suo
1314 1560 1551 1621 tempore
1570 1559 1719 1622 post-

145 1645 447 1713 ponendus,
480 1642 726 1706 Carolus,
760 1657 881 1697 cum
907 1651 1031 1711 post
1058 1643 1261 1696 obitum
1287 1651 1592 1713 paternum,
1616 1642 1722 1697 fra-

148 1735 356 1802 trisque
378 1732 719 1787 Carlomanni
753 1731 1044 1785 infaustum
1074 1731 1403 1798 occubitum,
1438 1732 1617 1802 populi
1642 1748 1721 1788 re-

1832 548 2212 621 llildegardam
2241 552 2420 607 binam
2445 552 2675 608 edidisse
2693 556 2897 624 prolem
2926 558 3239 612 masculum.
3264 558 3405 624 Quo-

1831 655 1951 694 rum
1993 656 2150 704 unus,
2183 642 2473 697 immatura
2518 653 2691 697 morte
2728 654 3058 714 praereptus,
3100 655 3224 701 ante
3268 664 3405 719 pene

1829 729 1967 782 mori
2013 745 2175 797 quam
2205 730 2305 785 sub
2336 731 2457 785 luce
2488 731 2667 785 vivere
2705 734 2886 801 coepit.
2926 735 3107 801 Alter,
3145 752 3406 805 prospero

1826 826 2021 872 eventu
2048 828 2292 873 materno
2323 819 2474 875 fusus
2498 830 2682 886 utero,
2710 822 3040 879 infantilibus
3066 826 3407 880 nutriebatur

1827 906 2132 975 impendiis.
2162 907 2281 962 Nati
2314 916 2438 963 sunt
2479 919 2659 965 autem
2696 928 2836 966 anno
2877 913 3262 970 incarnationis
3293 916 3403 969 Do-

1826 996 1957 1050 mini
2000 1000 2173 1053 nostri
2200 997 2324 1053 Jesu
2355 1000 2556 1055 Christi
2603 1002 3079 1073 septingentesimo
3119 1013 3403 1075 septuage-

1825 1087 1963 1141 simo
1996 1096 2209 1143 octavo.
2246 1088 2351 1143 Sed
2379 1105 2500 1144 eum
2518 1092 2616 1159 qui
2637 1092 2871 1147 vividam
2899 1093 3247 1161 promittebat
3276 1108 3403 1161 qua-

1825 1175 2049 1243 litatem,
2097 1194 2219 1233 cum
2250 1193 2350 1247 per
2372 1178 2710 1249 baptismatis
2752 1189 3148 1236 sacramentum
3192 1181 3400 1235 renasci

1824 1269 2156 1338 contigisset,
2189 1269 2515 1326 Ludovicum
2545 1272 2767 1326 vocitari
2810 1276 2948 1341 patri
2993 1274 3213 1342 placuit,
3246 1274 3401 1341 eique

1823 1372 2070 1427 regnum,
2099 1361 2239 1428 quod
2280 1360 2381 1414 sibi
2419 1361 2687 1416 nascendo
2720 1362 3013 1427 dicaverat,
3054 1363 3396 1416 contradidit.

1824 1445 2013 1502 Sciens
2041 1465 2204 1518 porro
2232 1465 2327 1504 rex
2354 1451 2780 1520 sapientissimus
2805 1460 2966 1520 atque
3004 1451 3401 1521 perspicacissi-

1823 1552 1945 1592 mus
1986 1538 2243 1603 Carolus,
2288 1556 2510 1610 regnum
2547 1556 2665 1595 esse
2694 1541 2857 1596 veluti
2888 1557 3080 1609 corpus
3105 1541 3395 1609 quoddam,

1822 1636 1875 1679 et
1904 1643 2045 1682 nunc
2072 1629 2196 1693 isto,
2229 1645 2373 1684 nunc
2400 1630 2490 1684 illo
2513 1630 2850 1685 incommodo
2872 1631 3102 1699 jactari,
3134 1630 3239 1683 nisi
3270 1644 3398 1684 con-

1821 1716 1943 1771 silio
1969 1726 2023 1771 et
2050 1716 2382 1783 fortitudine,
2406 1719 2554 1773 velut
2580 1719 2897 1789 quibusdam
2924 1720 3167 1783 medicis,
3195 1720 3399 1773 sanitas

145 1824 345 1893 gnique
388 1823 720 1877 Francorum
762 1822 1087 1890 suscepisset
1123 1822 1340 1876 unicum
1379 1824 1711 1890 gubernacu-

1822 1815 2041 1875 aceepta
2074 1816 2294 1873 tutetur,
2334 1809 2615 1878 episcOpos
2644 1810 2857 1877 quidem
2891 1810 3049 1863 modo
3077 1823 3183 1877 quo
3220 1808 3400 1862 decuit

147 1913 293 1977 lum,
335 1912 642 1967 invincibile
685 1912 786 1966 sibi
831 1912 1127 1965 arbitratus
1173 1920 1257 1965 est
1298 1910 1483 1967 adfore
1529 1912 1717 1967 salutis

142 2001 629 2069 prosperitatisque
651 1998 977 2071 suffragium,
1004 2000 1051 2055 si
1078 2001 1334 2056 Ecclesiae
1354 2003 1471 2071 paci
1498 2017 1718 2057 concor-

144 2088 355 2157 diaeque
399 2089 788 2143 adminiculans
809 2129 823 2154 ,
862 2089 1114 2158 pacificos
1141 2091 1355 2160 quidem
1390 2092 1489 2146 sub
1519 2092 1717 2147 unione

147 2178 384 2232 fraterna
417 2179 620 2232 arctius
648 2179 893 2243 vinciret,
917 2179 1142 2234 rebelles
1180 2189 1357 2235 autem
1383 2196 1532 2251 aequa
1563 2197 1718 2236 seve-

142 2267 306 2321 ritate
346 2267 682 2336 percelleret,
729 2284 827 2322 nee
867 2284 975 2323 non
1020 2278 1074 2322 et
1103 2271 1373 2338 oppressis
1420 2287 1449 2324 a
1495 2273 1715 2341 paganis

142 2372 302 2427 opem
332 2356 515 2421 ferret,
542 2359 635 2413 sed
658 2367 712 2413 et
736 2359 877 2427 ipsos
904 2358 1192 2415 Christiani
1216 2362 1448 2415 nominis
1471 2361 1716 2416 inimicos

142 2449 213 2503 ad
272 2449 594 2518 agnitionem
651 2448 1147 2517 confessionemque
1206 2450 1447 2504 veritatis
1499 2465 1714 2520 quoquo

142 2541 306 2595 modo
334 2540 670 2609 perduceret.
710 2539 805 2594 His
835 2541 994 2610 igitur
1020 2541 1303 2595 conatibus
1333 2541 1478 2610 regni
1510 2541 1590 2594 sui
1622 2555 1714 2594 au-

136 2630 312 2700 spicia
335 2630 609 2694 dedicans,
655 2638 709 2684 et
749 2628 962 2684 Christo
1002 2629 1196 2684 tuenda
1224 2637 1276 2684 et
1314 2629 1712 2683 corroboranda

141 2719 506 2783 committens,
540 2727 823 2788 postquam
849 2734 935 2773 res
962 2718 1205 2773 Francia:
1224 2759 1238 2783 ,
1279 2726 1438 2787 prout
1477 2718 1635 2773 libuit
1658 2726 1715 2773 et

141 2806 281 2861 utile
299 2807 579 2877 judicavit,
624 2808 734 2863 Deo
772 2818 1069 2873 annuente,
1106 2808 1426 2878 composuit,
1455 2809 1523 2863 ad
1548 2808 1715 2878 Aqui-

140 2897 349 2951 taniam
367 2898 598 2962 transiit,
616 2899 831 2953 recidua
850 2896 988 2953 bella
1011 2898 1379 2962 meditantem,
1395 2906 1447 2953 et
1469 2897 1712 2954 llunoldo

140 2988 376 3056 quodam
409 2996 633 3058 tyranno
654 2997 895 3053 auctore,
915 2986 1027 3055 jam
1045 2987 1260 3056 jamque
1296 2989 1351 3042 in
1379 3002 1527 3041 arma
1556 3002 1714 3043 ruon

143 3085 276 3140 tem,
308 3076 448 3130 bello
473 3092 754 3147 aggressus
780 3085 881 3131 est.
928 3076 1056 3146 Ejus
1094 3091 1221 3148 ergo
1252 3086 1460 3133 terrore
1494 3086 1712 3134 coactus

137 3175 227 3221 est
254 3167 393 3220 idem
422 3166 697 3220 Hunoldus
734 3175 790 3220 et
810 3165 1153 3236 Aquitaniam
1195 3167 1455 3236 linquere,
1489 3176 1545 3221 et
1573 3167 1709 3238 fugae

138 3258 385 3313 subsidio
402 3258 567 3311 vitam
592 3258 951 3313 delitescendo
971 3267 1129 3327 atque
1150 3259 1452 3314 oberrando
1472 3274 1706 3315 servare.

138 3347 238 3402 His
262 3348 518 3418 peractis,
545 3356 599 3401 ct
627 3349 784 3402 rebus
808 3356 916 3402 tam
938 3349 1162 3417 publicis
1182 3365 1340 3418 quam
1366 3350 1591 3419 privatis
1611 3366 1712 3420 pro

134 3440 539 3508 opportunitate
565 3438 862 3507 dispositis,
896 3438 1111 3507 reliquit
1158 3439 1533 3509 Ilildegardam
1560 3440 1712 3494 nobi-

134 3526 400 3581 lissimam
430 3527 831 3597 piissimamque
858 3528 1094 3599 reginam
1127 3529 1179 3582 in
1206 3530 1329 3583 villa
1358 3530 1521 3601 regia,
1556 3532 1709 3601 cujus

136 3617 458 3671 vocabulum
485 3628 569 3672 est
592 3617 970 3689 Cassinogilus,
1001 3620 1208 3688 gemina
1236 3621 1510 3689 gravidam
1535 3622 1704 3690 prole,

132 3714 195 3760 et
228 3708 440 3760 transiit
467 3705 793 3762 Garumnam
818 3707 1033 3762 fluvium
1068 3709 1455 3777 Aquitanorum
1494 3719 1549 3764 et
1575 3711 1709 3765 Vas-

131 3811 335 3849 conum
366 3798 789 3851 conterminum:
829 3813 989 3867 quam
1017 3798 1289 3867 regionem
1306 3798 1618 3869 jamdudum
1652 3800 1706 3853 in

131 3886 467 3941 deditionem
491 3896 818 3956 susceperat,
854 3888 1001 3956 Lupo
1021 3889 1262 3958 principe
1298 3904 1355 3943 se
1385 3898 1439 3945 et
1463 3906 1557 3945 sua
1590 3891 1706 3961 ejus

132 3980 294 4033 nutui
326 3980 572 4035 dedente.
606 3981 803 4036 Ibidem
834 3983 996 4036 etiam
1025 3999 1141 4052 qua:
1165 3987 1535 4054 opportunitas
1568 3987 1706 4042 utili-

132 4081 329 4140 tasque
363 4072 582 4125 dictavit
607 4072 831 4140 expletis
850 4113 863 4135 ,
911 4074 1093 4127 statuit
1122 4073 1363 4144 Pyrentei
1392 4079 1591 4131 montis
1615 4093 1705 4131 su-

126 4171 326 4232 perata
350 4161 657 4217 diieultate
688 4164 753 4217 ad
781 4162 1090 4232 Hispaniam
1128 4181 1380 4235 pergere,
1415 4167 1704 4222 laboranti-

128 4265 241 4320 que
304 4249 551 4304 Ecclesiae
602 4252 700 4305 sub
757 4251 1147 4305 Saracenorum
1188 4254 1533 4313 acerbissimo
1575 4255 1703 4327 jugo

126 4339 352 4393 Christo
373 4338 581 4392 fautore
616 4336 917 4405 suffragari.
950 4338 1050 4404 Qui
1090 4355 1246 4395 mons
1273 4357 1392 4396 cum
1423 4344 1702 4401 altitudine

1817 1894 1921 1950 sibi
1950 1896 2206 1952 devinxit.
2229 1895 2506 1951 Ordinavit
2530 1906 2707 1951 autem
2733 1912 2832 1967 per
2860 1906 3025 1952 totam
3052 1896 3394 1966 Aquitaniam

1818 1986 2047 2041 comites
2088 1986 2444 2055 abbatesque,
2478 2002 2579 2042 nec
2609 2003 2712 2040 non
2744 1987 2877 2041 alios
2916 1988 3211 2057 plurimos,
3258 2001 3396 2055 quos

1817 2088 2002 2128 vassos
2027 2074 2186 2142 vulgo
2210 2084 2437 2138 vocant,
2466 2089 2533 2128 ex
2558 2082 2713 2142 gente
2751 2073 3082 2128 Francorum
3110 2090 3124 2139 ;
3164 2088 3393 2143 quorum

1816 2166 2116 2237 prudentiae
2153 2173 2210 2219 et
2249 2164 2578 2229 fortitudini,
2622 2164 2765 2217 nulla
2793 2164 3115 2231 calliditate,
3158 2163 3301 2218 nulla
3341 2164 3393 2217 vi

1817 2256 2036 2310 obviare
2058 2254 2221 2309 fuerit
2251 2264 2423 2309 tutum
2450 2273 2462 2307 :
2500 2254 2686 2323 eisque
2710 2254 2981 2309 commisit
3006 2270 3192 2309 curam
3219 2253 3392 2323 regni,

1815 2354 1979 2415 prout
1998 2345 2128 2399 utile
2147 2343 2429 2411 judicavit,
2454 2343 2639 2397 finium
2660 2351 2898 2398 tutamen
2924 2343 3280 2411 villarumque
3309 2356 3395 2395 re-

1817 2439 2023 2508 giarum
2046 2437 2424 2506 provisionem.
2449 2437 2516 2490 Et
2538 2437 2789 2507 Bituriga:
2813 2436 3014 2490 civitati
3037 2436 3211 2505 primo
3235 2435 3394 2488 Ilum-

1816 2530 2062 2593 bertum,
2107 2528 2266 2596 paulo
2312 2535 2433 2596 post
2488 2527 2764 2581 Sturhium
2814 2526 3055 2595 praefecit
3096 2526 3387 2581 comitem:

1815 2634 1979 2688 porro
2008 2618 2242 2672 Pictavis
2280 2618 2556 2671 Abbonem
2576 2656 2591 2678 ,
2628 2616 2991 2685 Petragoricis
3027 2624 3206 2669 autem
3234 2615 3391 2669 Wid-

1814 2708 2050 2773 baldum,
2084 2708 2177 2763 sed
2199 2716 2251 2762 et
2275 2708 2528 2761 Arvernis
2555 2705 2773 2759 lterium
2794 2747 2807 2771 ,
2847 2722 2950 2760 nec
2980 2722 3086 2759 non
3118 2705 3393 2775 Wallagia:

1814 2798 2042 2861 Bullum,
2076 2797 2168 2852 sed
2199 2807 2252 2851 et
2278 2796 2485 2851 Tolosae
2508 2795 2860 2861 Cborsonem,
2884 2795 3185 2866 Burdigalis
3216 2794 3393 2866 Sigui-

1815 2904 1964 2953 num,
2003 2888 2377 2957 Albigensibus
2399 2901 2527 2941 vero
2560 2886 2864 2953 Aimonem,
2903 2902 3064 2956 porro
3091 2886 3391 2941 Lemovicis

1817 2976 2191 3048 Rothgarium.

1887 3086 2092 3153 Quibus
2120 3086 2222 3139 n'te
2250 3084 2500 3155 peractis,
2533 3084 2765 3155 Ligerim
2794 3100 2917 3139 cum
2947 3084 3168 3154 reliquis
3203 3091 3389 3137 trans-

1814 3176 2014 3229 meavit
2035 3174 2224 3242 copiis,
2255 3182 2309 3229 et
2332 3173 2594 3237 Lutetias,
2627 3189 2745 3243 qua:
2770 3175 2877 3228 alio
2906 3175 3121 3229 nomine
3150 3174 3393 3227 Parisius

1812 3274 2052 3329 vocatur,
2084 3281 2204 3321 sese
2232 3267 2431 3334 recepit
2460 3265 2628 3336 (779).
2676 3265 2804 3320 Post
2844 3282 2947 3320 non
2994 3265 3219 3320 multum
3260 3281 3391 3320 sane

1813 3363 2022 3425 tempus
2045 3356 2230 3409 incidit
2256 3355 2304 3409 ei
2339 3354 2665 3408 desiderium
2705 3353 2975 3407 dominam
3011 3353 3277 3422 quondam
3300 3367 3389 3406 or-

1810 3446 1894 3502 bis
1936 3447 2118 3513 videre
2162 3446 2407 3508 Romam,
2436 3445 2801 3515 principisque
2837 3446 3201 3513 apostolorum
3225 3452 3386 3512 atque

1810 3538 2043 3591 doctoris
2064 3536 2300 3607 gentium
2324 3536 2470 3589 adire
2493 3536 2698 3599 limina,
2713 3549 2877 3602 seque
2902 3548 3159 3601 suamque
3181 3533 3383 3600 prolem

1807 3627 1886 3681 eis
1913 3625 2328 3681 commendare:
2370 3631 2429 3677 ut
2470 3624 2671 3678 talibus
2714 3624 2889 3677 nitens
2919 3621 3377 3692 suffragatoribus,

1808 3713 2001 3782 quibus
2027 3712 2148 3766 coeli
2173 3720 2433 3780 terraeque
2456 3720 2693 3780 potestas
2714 3712 2971 3765 attributa
2994 3720 3093 3773 est,
3123 3711 3235 3779 ipse
3255 3724 3384 3778 quo-

1806 3818 1912 3871 que
1937 3802 2193 3871 subjectis
2230 3802 2533 3867 consulere,
2561 3801 3108 3870 perduellionumque,
3137 3800 3181 3853 si
3208 3814 3383 3853 emer~

1806 3892 2034 3956 sissent,
2081 3890 2406 3961 proterviam
2450 3897 2727 3958 proterere
2773 3896 2973 3957 posset.
3006 3888 3173 3942 Batus
3213 3887 3377 3940 etiam

1804 3998 1913 4038 non
1944 3982 2215 4037 mediocre
2249 3981 2351 4034 sibi
2392 3980 2688 4033 subsidium
2730 3979 2992 4042 conferri,
3035 3980 3077 4033 si
3110 3995 3139 4032 a
3174 3978 3379 4032 vicario

1805 4088 2012 4136 eorum,
2039 4087 2159 4125 cum
2184 4070 2560 4124 benedictione
2583 4069 2918 4134 sacerdotali,
2943 4079 3049 4122 tam
3076 4071 3186 4138 ipse
3213 4086 3375 4138 quam

1804 4172 1858 4218 et
1889 4163 1981 4217 filii
2008 4162 2123 4230 ejus
2154 4163 2353 4233 regalia
2380 4172 2655 4217 sumerent
2694 4163 2943 4232 insignia.
2988 4162 3117 4227 Qua:
3147 4178 3233 4217 res
3266 4164 3375 4217 Deo

1802 4270 2154 4331 prosperante
2180 4275 2279 4330 pro
2305 4268 2432 4314 voto
2478 4260 2659 4314 cessit.
2692 4259 2889 4313 Ibidem
2934 4258 3235 4313 Ludovicus
3261 4258 3377 4327 ejus

1803 4352 1961 4417 filius,
1990 4368 2251 4407 cunarum
2273 4352 2448 4407 adhuc
2473 4362 2632 4408 utens
2659 4354 2965 4424 gestatorio,
3003 4354 3377 4407 benedictione

127 4427 334 4521 chu-m
367 4440 500 4521 pene
527 4426 1140 4521 contingat,_asperitate
1183 4430 1418 4484 cautium
1461 4434 1698 4499 horreat,
1726 4461 1779 4521 D
1804 4452 2094 4513 regnaturo
2112 4457 2349 4508 congrua
2376 4452 2431 4497 et
2457 4443 2616 4512 regali
2647 4444 2927 4511 insignitus
2948 4450 3029 4496 est
3052 4443 3373 4507 diademate,

127 4517 404 4586 opacitate
427 4515 682 4568 silvarum
713 4517 1065 4581 tenebrescat,
1092 4521 1334 4588 angustia
1365 4523 1464 4577 viae
1490 4525 1571 4579 vel
1603 4542 1701 4596 po-

131 4609 245 4663 tius
274 4608 477 4661 semitae
506 4613 859 4659 commeatum
884 4623 987 4659 non
1010 4608 1167 4661 modo
1198 4618 1401 4664 tantum
1421 4616 1701 4682 exercitui,

128 4697 229 4753 sed
254 4697 436 4766 paucis
459 4696 741 4748 admodum
769 4710 905 4762 pene
929 4696 1264 4760 intercludat,
1287 4697 1501 4754 Christo
1525 4709 1703 4757 tamen

128 4788 347 4839 favente
390 4798 645 4851 prospero
686 4796 935 4837 emensus
967 4792 1051 4838 est
1080 4786 1291 4858 itinere.
1338 4787 1519 4858 Neque
1560 4793 1701 4845 enim

128 4876 279 4945 regis
328 4875 540 4927 animus
587 4874 696 4927 Deo
746 4854 1583 4946 nobilitantegenerosissimus,
1619 4883 1704 4936 vel

126 4968 312 5034 impar
340 4964 613 5033 Pompeio,
642 4965 725 5017 vel
757 4967 969 5033 segnior
1008 4981 1125 5020 esse
1154 4969 1379 5022 curabat
1408 4969 1669 5026 Annibale
1687 5013 1700 5035 ,

128 5060 229 5127 qui,
274 5072 392 5111 cum
424 5072 615 5126 magna
642 5056 723 5110 sui
749 5072 1070 5125 suorumque
1106 5058 1417 5129 fatigatione
1446 5070 1499 5117 et
1524 5064 1703 5131 perdi-

131 5149 284 5200 tione
317 5146 649 5214 iniquitatem
684 5144 798 5213 ejus
836 5145 936 5199 loci
966 5146 1090 5200 olim
1132 5149 1381 5202 evincere
1426 5159 1699 5204 curarunt.

132 5238 245 5291 Sed
274 5237 411 5290 hanc
443 5235 747 5291 felicitatem
778 5238 1052 5299 transitus,
1082 5239 1127 5291 si
1159 5240 1263 5293 dici
1294 5240 1376 5293 fas
1407 5248 1506 5304 est,
1540 5240 1704 5295 foeda-

127 5328 213 5380 vit
246 5325 441 5379 infidus
470 5326 811 5394 incertusque
847 5326 1073 5380 fortuna)
1097 5342 1159 5381 ac
1188 5329 1451 5384 vertibilis
1493 5346 1705 5385 succes-

125 5429 245 5469 sus.
278 5413 416 5465 Dum
440 5414 581 5466 enim
608 5430 726 5482 qua:
766 5415 848 5483 agi
895 5422 1185 5483 potuerunt
1218 5416 1268 5467 in
1302 5416 1556 5484 Hispania
1584 5434 1705 5488 per-

126 5512 253 5561 acta
285 5513 484 5565 essent,
510 5514 565 5557 et
587 5520 846 5573 prospero
876 5506 1067 5559 itinere
1090 5507 1319 5559 reditum
1350 5516 1513 5572 esset,
1546 5509 1703 5563 infor-

127 5595 285 5652 tunio
304 5594 576 5657 obviante,
601 5596 827 5648 extremi
851 5596 1061 5663 quidam
1086 5596 1137 5649 in
1160 5598 1345 5649 eodem
1370 5608 1551 5652 monte
1573 5600 1699 5669 regii

127 5685 258 5741 caesi
285 5692 411 5739 sunt
439 5684 683 5754 agminis.
703 5684 1076 5755 Quorumquia
1094 5686 1305 5754 vulgata
1328 5691 1698 5755 suntnomina,

1805 4548 1902 4601 per
1933 4548 2122 4586 manus
2150 4532 2371 4585 Adriani
2399 4532 2689 4586 venerandi
2730 4532 2987 4585 antistitis
3015 4531 3203 4602 (780).
3242 4532 3375 4585 Per-

1804 4621 1938 4675 actis
1980 4622 2143 4689 igitur
2178 4621 2427 4675 omnihus
2453 4637 2571 4689 qua:
2600 4621 2784 4675 Ronm
2828 4622 3031 4690 agenda
3063 4621 3172 4674 visa
3218 4628 3373 4683 sunt,

1803 4723 1895 4762 rex
1922 4707 2144 4761 Carolus
2174 4723 2296 4762 cum
2328 4708 2451 4763 filiis
2477 4718 2532 4762 et
2565 4710 2800 4762 exercitu
2841 4708 3063 4778 pacifice
3092 4707 3372 4761 Franciam

1804 4797 2014 4866 repetiit
2041 4816 2052 4849 :
2097 4797 2371 4867 filiumque
2397 4814 2549 4852 suum
2575 4800 2899 4852 Ludovicum
2924 4814 3100 4867 regem
3126 4806 3374 4868 regnatu-

1801 4901 1918 4939 rum
1966 4886 2017 4939 in
2061 4886 2406 4956 Aquitaniam
2452 4888 2629 4950 misit,
2676 4902 2989 4955 praeponens
3030 4887 3103 4939 illi
3134 4886 3370 4954 bajulum

1800 4975 2113 5040 Arnoldum,
2165 4975 2406 5043 aliosque
2437 4976 2712 5029 ministros
2762 4975 3134 5030 ordinabiliter
3176 4977 3371 5030 decen-

1802 5070 1990 5132 terque
2020 5065 2350 5118 constituens
2374 5064 2555 5118 tutela:
2576 5065 2766 5134 puerili
2791 5080 3055 5135 congruos
3080 5063 3244 5136 (781).
3269 5064 3369 5129 Qui

1800 5167 1970 5221 usque
1994 5152 2339 5206 Aurelianam
2364 5155 2638 5208 civitatem
2666 5155 2839 5208 cunali
2863 5164 2945 5207 est
2964 5164 3179 5209 evectus
3200 5164 3371 5224 gesta.

1800 5239 1962 5292 mine.
1997 5237 2104 5293 Sed
2129 5240 2199 5294 ibi
2233 5242 2649 5311 congruentibus
2679 5243 2791 5311 ejus
2816 5246 2958 5297 aetati
2990 5244 3155 5297 armis
3182 5246 3364 5298 accin-

1800 5337 1936 5392 ctus,
1971 5343 2111 5397 equo
2140 5332 2440 5401 impositus,
2464 5342 2519 5387 et
2547 5334 2599 5387 in
2627 5334 2970 5401 Aquitaniam
3002 5343 3103 5399 est,
3134 5336 3242 5390 Deo
3268 5352 3365 5389 an-

1800 5430 2019 5485 nuente,
2056 5424 2425 5491 transpositus.
2465 5422 2567 5477 Ubi
2598 5423 2721 5476 dum
2763 5440 2865 5477 non
2912 5424 3094 5477 multis
3127 5434 3369 5479 moratur

1800 5513 1973 5575 annis,
2002 5514 2055 5566 id
2081 5523 2164 5567 est
2189 5522 2432 5583 quatuor,
2467 5514 2729 5583 gloriosus
2752 5531 2843 5568 rex
2881 5515 3101 5568 Carolus
3124 5515 3368 5570 assiduos

1801 5602 2069 5669 durosque
2093 5601 2392 5656 Saxonibus
2414 5602 2675 5657 inferebat
2697 5604 3065 5671 referebatque
3088 5603 3366 5659 conflictus

1802 5688 1968 5760 (783).
2011 5692 2155 5747 inter
2197 5707 2329 5761 quos
2378 5709 2573 5748 cavens
2605 5710 2670 5749 ne
2704 5703 2795 5749 aut
2838 5696 3227 5764 Aquitanorum
3270 5708 3365 5765 po-
