3906 6322
496 354 593 412 951

1614 318 1936 405 Lunovun
1973 344 1994 399 1
2033 341 2508 401 cocuousuro
2542 343 2626 400 ru

3670 349 3776 405 932.

495 463 658 533 pulus
685 469 904 533 propter
938 459 1057 531 ejus
1096 461 1314 530 longum
1350 458 1661 514 abscessum
1701 455 2083 518 insolesceret,
2115 455 2166 512 Α
2191 452 2420 508 Avarica
2451 463 2746 520 remeante,
2771 455 2973 525 accepit
3000 457 3065 509 ab
3093 471 3156 510 eo
3178 459 3502 512 mandatum
3527 459 3582 513 in
3610 460 3782 529 Aqui-

496 563 591 611 aut
615 553 756 610 ﬁlius
780 554 835 608 in
865 553 1223 610 tenerioribus
1257 551 1413 607 annis
1440 550 1848 620 peregrinon
1877 547 2081 618 aliquid

497 644 731 700 disceret
775 660 1018 710 morum,
1062 644 1258 713 quibus
1301 641 1587 698 difﬁculter
1634 641 1917 710 expeditur
1949 647 2080 693 tetas

495 735 664 790 semel
700 735 940 800 imbuta,
969 734 1118 789 misit
1156 742 1212 789 et
1259 733 1545 788 accersivit
1587 731 1756 786 filium
1796 731 1908 800 jam
1940 729 2080 784 bene

495 824 849 892 equitantem,
879 840 1003 879 cum
1032 824 1178 878 omni
1206 823 1402 892 populo
1440 821 1692 886 militari,
1728 819 1933 876 relictis
1960 826 2054 872 tau

494 919 607 966 tum
640 913 1066 978 marchionibus,
1094 913 1186 984 qui
1233 912 1367 967 fines
1397 911 1547 982 regni
1588 918 1801 966 tuentes
1824 951 1838 976 ,
1869 923 2078 972 omnes,

496 1004 541 1057 si
607 1002 748 1058 forte
794 1004 1152 1074 ingruerent,
1208 1004 1441 1059 hostium
1502 1012 1753 1058 arcerent
1808 1002 2076 1058 incursus.

494 1093 592 1149 Cui
616 1094 758 1148 filius
786 1094 1112 1159 Ludovicus,
1144 1109 1243 1164 pro
1280 1109 1470 1164 sapere
1499 1103 1553 1148 et
1577 1107 1736 1163 posse
1764 1092 2082 1148 obedienter

493 1197 711 1254 parens,
732 1186 971 1240 occurrit
995 1187 1061 1239 ad
1083 1185 1492 1240 Patrisbrunam
1508 1185 1654 1258 (786)
1671 1184 1854 1239 habitu
1881 1184 2084 1238 Vasco-

499 1289 629 1329 num
659 1290 782 1330 cum
807 1276 1002 1330 coaevis
1030 1276 1132 1330 sibi
1155 1277 1337 1346 pueris
1370 1276 1604 1340 indutus,
1627 1273 1857 1329 amiculo
1878 1273 2084 1329 scilicet

500 1367 763 1432 rotundo,
793 1367 1020 1422 manicis
1047 1369 1283 1422 camisia:
1305 1366 1532 1431 diffusis,
1561 1366 1864 1422 cruralibus
1887 1366 2085 1421 disten-

503 1454 596 1520 tis,
639 1454 946 1510 calcaribus
985 1456 1231 1526 caligulis
1261 1457 1509 1522 insertis,
1554 1456 1757 1512 missile
1800 1471 1964 1510 manu
2013 1454 2087 1509 fe-

501 1559 630 1601 rens
656 1563 670 1599 :
701 1547 816 1602 haec
839 1548 983 1601 enim
1025 1549 1316 1603 delectatio
1352 1549 1704 1618 voluntasque
1742 1549 2087 1604 ordinaverat

498 1645 748 1708 paterna.
794 1638 988 1694 Mansit
1017 1655 1146 1708 ergo
1173 1656 1294 1695 cum
1326 1647 1479 1710 patre
1516 1641 1640 1695 inde
1674 1655 1844 1709 usque
1873 1641 1940 1695 ad
1968 1639 2079 1694 He-

497 1727 710 1798 risburg
732 1744 853 1783 cum
885 1744 950 1785 eo
977 1730 1203 1795 vadens,
1243 1745 1523 1800 usquequo
1556 1730 1636 1784 sol
1673 1730 1742 1784 ab
1785 1729 1896 1784 alto
1920 1729 2084 1785 decli—

2182 547 2329 600 lania
2357 547 2558 613 redire,
2583 554 2644 600 et
2671 545 2828 600 fratri
2863 544 3088 617 Pippiuo
3114 548 3418 618 suppetias,
3455 566 3582 604 cum
3607 567 3774 620 quau-

2180 637 2256 692 tis
2276 646 2462 706 posset
2481 638 2650 706 copiis
2679 678 2694 703 ,
2735 638 2790 690 in
2819 637 3026 692 Italiam
3053 653 3302 709 pergere.
3333 640 3436 694 Cui
3467 642 3731 696 ohediens
3757 683 3773 706 ,

2181 727 2528 786 Aquitaniam
2575 728 2821 782 autumni
2860 737 3102 797 tempore
3140 729 3301 785 rediit
3325 770 3340 793 ,
3407 732 3774 801 omnibusque

2181 834 2302 889 quae
2329 821 2394 874 ad
2417 828 2659 874 tutamen
2691 820 2843 891 regni
2874 821 3147 889 pertinent
3168 821 3462 884 ordinatis,
3491 837 3595 890 per
3626 839 3774 877 mon-

2184 911 2254 965 tis
2285 911 2478 965 Cinisii
2507 926 2729 980 asperos
2756 919 2813 965 et
2855 909 3121 966 flexuosos
3150 909 3436 966 anfractus
3468 913 3523 966 in
3564 913 3774 968 Italiam

2185 1001 2576 1065 transvehitur,
2629 1008 2790 1069 atque
2821 999 3069 1055 Natalem
3103 1001 3318 1055 Domini
3350 1001 3638 1057 Ravennae
3685 1019 3773 1058 ce-

2182 1083 2400 1144 lebi'ans
2451 1090 2600 1162 (795)
2651 1092 2719 1146 ad
2771 1090 2995 1146 fratrem
3048 1093 3217 1147 venit.
3245 1093 3346 1148 Cui
3395 1094 3730 1162 conjunctus
3759 1136 3773 1156 .

2177 1179 2381 1250 junctis
2407 1181 2612 1236 viribus
2632 1181 3067 1236 Beneventanam
3093 1185 3427 1253 provinciam
3459 1186 3775 1254 ingrediun-

2187 1279 2295 1335 tur,
2327 1279 2521 1325 cuncta
2551 1272 2708 1326 obvia
2735 1273 3082 1342 populantur,
3117 1284 3299 1330 castro
3324 1292 3436 1330 uno
3467 1279 3771 1345 potiuntur.

2185 1359 2372 1416 llieme
2427 1369 2603 1416 autem
2663 1372 2935 1418 transacta
2968 1404 2982 1428 ,
3015 1380 3122 1417 una
3153 1366 3220 1420 ad
3250 1374 3462 1434 patrem
3514 1383 3774 1436 prospere

2186 1451 2583 1518 regrediuntur,
2614 1467 2722 1506 uno
2753 1462 2932 1506 tamen
2985 1454 3170 1508 audito
3221 1454 3528 1510 otfuscante
3582 1471 3773 1511 eorum

2184 1542 2474 1610 plurimam
2500 1540 2854 1606 alacritatem,
2907 1559 2973 1598 eo
3021 1545 3167 1613 quod
3215 1556 3628 1616 compererunt,
3667 1548 3772 1601 fra—

2187 1641 2327 1688 trem
2353 1649 2511 1690 suum
2539 1634 2838 1690 naturalem
2874 1634 3159 1705 Pippinum
3202 1647 3392 1692 contra
3423 1655 3772 1694 communem

2188 1733 2400 1794 patrem
2430 1726 2778 1781 rebellionem
2804 1727 3121 1781 meditatum
3149 1769 3163 1792 ,
3187 1728 3483 1798 pluresque
3514 1731 3772 1784 nobilium

502 1830 640 1871 nans
665 1833 796 1882 axe,
835 1819 1085 1873 ardorem
1112 1819 1358 1874 aestivum
1405 1820 1701 1874 autumnali
1751 1821 2081 1876 condescen-
2112 1793 2160 1853 Β
2190 1814 2348 1883 hujus
2375 1816 2595 1872 sceleris
2625 1817 2872 1872 conscios
2899 1825 3062 1886 atque
3090 1819 3333 1874 irretitos
3357 1828 3410 1874 et
3456 1823 3773 1888 pessume

504 1907 654 1962 sione
685 1916 1032 1976 temperaret.
1061 1909 1226 1978 Cujus
1252 1917 1496 1964 extremo
1532 1918 1773 1978 tempore
1811 1909 2025 1964 licentia
2051 1923 2082 1965 a

503 2006 657 2069 patre
683 2007 923 2069 accepta,
951 1999 1248 2054 hiematum
1276 1999 1328 2053 in
1351 2000 1696 2068 Aquitaniam
1729 2000 1909 2055 rediit.

575 2088 651 2141 Ea
681 2096 999 2158 tempestate
1027 2089 1234 2144 Chorso
1264 2090 1372 2144 dux
1409 2089 1705 2144 Tolosanus
1741 2089 1862 2145 dolo
1905 2088 2086 2159 cujus-

502 2178 628 2233 dam
654 2180 933 2244 Vasconis,
963 2179 1228 2234 Adelerici
1259 2180 1478 2235 nomine
1497 2221 1512 2246 ,
1542 2181 1942 2237 circumventus
1968 2188 2083 2246 est,

503 2277 558 2322 et
587 2277 1049 2323 sacramentorum
1077 2270 1303 2323 vinculis
1329 2270 1636 2332 obstrictus,
1663 2272 1848 2341 sicque
1869 2271 2085 2325 demum

503 2357 572 2411 ab
598 2371 663 2413 eo
690 2357 984 2412 absolutus.
1037 2357 1143 2413 Sed
1186 2359 1345 2429 hujus
1387 2361 1523 2414 ηαξνὶ
1554 2360 1847 2415 ulciscendi
1885 2361 2084 2431 gratia,

502 2462 598 2502 rex
641 2446 943 2501 Ludovicus
981 2458 1034 2501 et
1062 2463 1317 2516 proceres
1337 2489 1350 2513 ,
1380 2465 1608 2518 quorum
1650 2450 1874 2504 consilio
1898 2465 2086 2519 respu-

501 2536 640 2592 blica
670 2537 975 2606 Aquitanici
1007 2539 1157 2608 regni
1200 2538 1712 2607 administrabatur,
1760 2547 2086 2596 conventum

498 2630 805 2701 generalem
838 2632 1238 2685 constituerunt
1264 2631 1316 2685 in
1359 2630 1478 2685 loco
1509 2631 1886 2701 Septimaniaa,
1934 2631 2086 2700 cujus

500 2721 818 2776 vocabulum
848 2731 933 2777 est
962 2721 1456 2778 Mors-Gothorum.
1481 2723 1701 2778 Accitus
1737 2733 1916 2777 autem
1943 2724 2086 2778 idem

502 2809 694 2874 Vasco,
728 2812 979 2867 conscius
1005 2813 1129 2867 facti
1156 2812 1237 2868 sui
1275 2813 1458 2869 venire
1486 2812 1711 2878 distulit,
1749 2813 1919 2868 donec
1944 2814 2090 2868 obsi-

501 2899 628 2954 dum
679 2900 1089 2971 interpositione
1134 2902 1339 2968 fretus,
1387 2903 1606 2958 tandem
1659 2903 1918 2959 occurrit.
1981 2901 2088 2958 Sed

503 2990 817 3045 eorumdem
848 2992 1096 3048 obsidum
1143 2991 1382 3062 periculo
1424 2993 1556 3046 nihil
1599 3008 1822 3062 passus,
1869 2993 2090 3061 insuper

503 3081 820 3137 muneribus
865 3082 1118 3145 donatus,
1168 3090 1382 3138 nostros
1408 3082 1658 3148 reddidit,
1697 3097 1822 3137 suos
1857 3083 2084 3152 recepit,

501 3178 556 3222 et
600 3171 674 3224 ita
703 3172 945 3226 recessit.
980 3171 1193 3226 Estate
1235 3188 1361 3226 vero
1396 3173 1774 3240 subsequente,
1803 3170 1956 3240 jussu
1994 3186 2088 3240 pa-

505 3260 603 3314 tris
630 3259 935 3316 Ludovicus
961 3277 1054 3316 rex
1086 3261 1441 3316 Wormatiam
1474 3260 1808 3331 simpliciter,
1853 3277 1960 3315 non
1989 3276 2086 3316 ex-

502 3349 905 3418 peditionaliter
928 3353 1112 3406 venit:
1151 3361 1205 3406 et
1233 3368 1353 3406 eum
1389 3367 1454 3406 eo
1487 3352 1541 3405 in
1581 3351 1821 3406 hibernis
1852 3351 2089 3422 perstitit

504 3442 673 3513 (788).
707 3442 809 3498 Ubi
833 3441 946 3511 jam
979 3444 1155 3498 dictus
1191 3443 1504 3499 Adelcricus
1545 3451 1667 3497 ante
1709 3459 1864 3513 reges
1910 3444 2089 3499 dicere

501 3545 720 3586 causam
736 3530 922 3599 jussus
945 3543 1108 3602 atque
1130 3534 1364 3598 auditus,
1389 3548 1618 3604 purgare
1648 3533 1860 3602 objecta
1883 3534 2084 3600 volens,

504 3620 601 3674 sed
648 3637 755 3675 non
784 3621 1000 3686 valens,
1040 3624 1373 3692 proscriptus
1413 3632 1575 3693 atque
1619 3624 1958 3679 irrevocabili
2005 3633 2090 3680 est

505 3709 697 3764 exsilio
725 3709 1062 3780 deportatus.
1110 3712 1390 3768 Chorsone
1432 3728 1600 3783 porro
1626 3729 1655 3768 a
1684 3715 1880 3770 ducatu
1910 3713 2090 3784 ,Τοιο-

509 3814 638 3855 sano
678 3803 949 3866 submoto,
993 3804 1063 3856 ob
1106 3802 1258 3870 cujus
1304 3804 1565 3858 incuriam
1602 3812 1810 3858 tantum
1859 3805 2089 3860 dedecus

509 3890 622 3960 regi
651 3898 704 3945 et
733 3889 958 3946 Francis
981 3893 1270 3957 acciderat,
1318 3893 1620 3947 Willelmus
1660 3908 1762 3962 pro
1797 3909 1862 3948 eo
1899 3895 2088 3950 subro-

510 3986 666 4050 gatus
704 3988 787 4034 est
817 3978 984 4051 (789).
1029 3980 1129 4047 Qui
1175 3983 1478 4038 Vasconum
1518 3984 1809 4048 nationem,
1861 3992 1922 4038 ut
1965 3993 2091 4039 sunt

512 4080 705 4124 natura
750 4073 917 4134 leves,
964 4080 1185 4141 propter
1226 4082 1477 4129 eventum
1521 4075 1888 4142 supradictum
1933 4075 2089 4129 valde

507 4159 700 4224 elatos,
729 4167 784 4214 et
823 4169 1041 4229 propter
1066 4161 1470 4216 mulctatiouem
1513 4160 1776 4217 Adelerici
1807 4163 1967 4218 nimis
2005 4178 2089 4218 re-

507 4249 647 4316 perit
687 4249 956 4303 etferatos.
997 4249 1146 4316 Quos
1184 4258 1363 4304 tamen
1393 4258 1500 4304 tam
1539 4261 1664 4305 actu
1695 4267 1855 4319 quam
1881 4254 2088 4310 viribus

505 4339 658 4393 brevi
703 4341 932 4410 subegit,
967 4341 1149 4410 illique
1192 4356 1379 4410 pacem
1427 4342 1682 4412 imposuit
1712 4344 1935 4397 nationi.
1972 4344 2086 4398 Rex

503 4444 636 4484 vero
677 4430 980 4520 Ludovicus
1021 4434 1209 4487 eodem
1240 4450 1381 4488 anno
1410 4432 1556 4506 (790)
1595 4433 1800 4487 Tolosae
1829 4434 2081 4502 placitum
2110 4462 2161 4520 Β

504 4519 757 4588 generale
782 4521 989 4587 habuit,
1019 4521 1200 4592 ibique
1228 4524 1563 4588 eonsistenti,
1590 4524 1898 4578 Abutaurus
1925 4523 2085 4578 Sara-

505 4623 762 4662 cenorum
784 4609 914 4673 dux,
938 4625 1061 4664 cum
1100 4611 1322 4680 reliquis
1350 4626 1515 4681 regno
1543 4610 1865 4679 Aquitanico
1908 4611 2080 4665 conli-

505 4699 838 4765 mitantibus,
872 4702 938 4754 ad
968 4717 1090 4756 eum
1118 4703 1336 4757 nuntios
1371 4703 1546 4766 misit,
1594 4719 1781 4772 pacem
1813 4712 2002 4772 petens
2029 4710 2084 4757 et

506 4789 648 4843 dona
698 4791 843 4860 regia
883 4792 1124 4845 mittens.
1175 4792 1380 4858 Quibus
1424 4793 1720 4846 secundum
1748 4793 2080 4847 voluntatem

508 4877 649 4948 regis
673 4879 927 4946 acceptis,
958 4880 1129 4935 nuntii
1159 4881 1224 4934 ad
1255 4881 1469 4948 propria
1498 4889 1621 4935 sunt
1644 4882 1868 4935 reversi.

575 4967 781 5021 Interea
811 4983 952 5021 anno
978 4968 1117 5023 hunc
1151 4979 1408 5038 sequente
1437 4969 1584 5040 (790)
1613 5009 1626 5033 ,
1658 4970 1800 5038 patri
1833 4971 1946 5040 regi
1977 4988 2072 5026 rex

507 5055 1149 5127 Ludovicuslngelnheim
1176 5060 1432 5123 occurrit,
1455 5061 1577 5114 inde
1609 5060 1929 5131 Renesburg
1958 5078 2081 5118 cum

507 5161 573 5200 eo
601 5146 751 5200 abiit.
785 5147 969 5216 Ibique
1018 5163 1183 5210 ense,
1232 5147 1344 5216 jam
1387 5150 1658 5218 appellens
1706 5153 2082 5206 adolescentiae

509 5245 769 5304 tempora,
803 5237 1078 5292 accinctus
1105 5246 1209 5301 est,
1246 5253 1309 5291 ac
1341 5239 1532 5292 deinde
1557 5249 1765 5306 patrem
1795 5241 1848 5294 in
1876 5242 2081 5297 Avares

509 5327 805 5380 exercitum
829 5328 1111 5383 ducentem
1136 5345 1305 5399 usque
1332 5331 1398 5383 ad
1421 5329 1744 5400 Chuueburg
1766 5333 2077 5395 comitatus,

503 5414 690 5483 jussus
717 5425 802 5470 est
830 5418 1030 5472 reverti
1099 5427 1153 5473 et
1179 5434 1350 5488 usque
1396 5419 1463 5473 ad
1501 5419 1862 5474 reversionem
1899 5431 2079 5491 pater-

512 5521 656 5568 nam,
691 5521 814 5560 cum
852 5507 1110 5562 Fastrada
1142 5525 1361 5564 manere
1390 5511 1594 5580 regina.
1626 5510 1809 5580 Itaque
1860 5529 1981 5567 cum
2017 5529 2079 5568 ea

517 5594 750 5649 hiemem
788 5599 969 5667 exegit
999 5599 1369 5654 imminentem
1395 5641 1407 5661 ,
1460 5609 1612 5669 patre
1643 5601 1695 5654 in
1741 5601 2080 5669 expeditione

511 5693 690 5754 empta
725 5695 1096 5753 permanente.
1152 5689 1220 5744 At
1277 5705 1405 5744 vero
1468 5691 1582 5759 ipso
1632 5691 1698 5744 ab
1741 5691 2080 5760 expeditione

2189 1912 2294 1958 tos.
2324 1903 2546 1960 Concite
2579 1921 2710 1975 ergo
2746 1918 3031 1977 pergentes
3065 1908 3132 1961 ad
3164 1917 3374 1978 patrem
3415 1909 3473 1962 in
3527 1907 3772 1974 Bajoaria

2189 2003 2461 2064 agentem,
2487 2003 2755 2050 venerunt
2778 1996 2831 2050 in
2857 1996 3034 2050 locum
3059 1997 3142 2052 cui
3166 2007 3249 2052 est
3272 1999 3603 2052 vocabulum
3633 1998 3770 2058 Salz,

2187 2092 2244 2138 et
2266 2084 2335 2140 ab
2365 2100 2428 2140 eo
2464 2087 2770 2156 gratissime
2812 2095 2938 2142 sunt
2979 2089 3203 2158 recepti.
3260 2088 3535 2158 Quidquid
3593 2100 3771 2143 autem

2191 2177 2461 2248 superfuit
2489 2180 2716 2244 aestatis,
2762 2182 3004 2235 autumni
3055 2191 3109 2236 et
3155 2183 3392 2244 hiemis,
3440 2187 3567 2237 cu’m
3625 2193 3774 2253 patre

2193 2281 2320 2336 rege
2349 2283 2443 2322 rex
2474 2267 2779 2324 Ludovicus
2825 2271 3006 2342 exegit
3053 2272 3224 2344 (794).
3271 2273 3602 2343 Magnopere
3630 2276 3768 2329 enim

2189 2357 2416 2412 curabat
2445 2373 2538 2412 rex
2566 2369 2742 2428 pater,
2778 2376 2846 2414 ne
2875 2377 3054 2431 regem
3099 2363 3270 2416 filium
3303 2375 3397 2418 aut
3439 2367 3770 2419 nutrimenta

2188 2446 2413 2501 honesta
2444 2448 2696 2513 laterent,
2722 2458 2814 2503 aut
2841 2459 3064 2506 externa
3103 2453 3518 2508 inhaerescentia
3560 2457 3616 2508 in
3670 2456 3765 2508 ali-

2187 2552 2294 2607 quo
2337 2539 2776 2596 dehonestarent.
2830 2542 2931 2609 Qui
2978 2559 3100 2598 cum
3153 2547 3328 2615 primo
3369 2562 3499 2601 vere
3547 2548 3696 2617 (795)
3738 2566 3766 2601 a

2188 2634 2342 2695 patre
2371 2629 2781 2697 dimitteretur.,
2829 2632 3191 2704 interrogatus
3219 2643 3303 2689 est
3332 2637 3402 2691 ab
3433 2652 3522 2699 eo,
3553 2653 3654 2691 cur
3683 2653 3768 2691 rex

2189 2732 2311 2772 cum
2340 2726 2483 2773 esset
2511 2759 2524 2784 ,
2559 2729 2724 2775 tantae
2755 2722 3032 2778 tenuitatis
3061 2733 3205 2778 esset
3233 2725 3287 2778 in
3317 2741 3378 2780 re
3405 2725 3690 2790 familiari,
3716 2739 3768 2781 ut

2188 2826 2291 2865 nec
2320 2810 2753 2870 benedictionem
2785 2817 3002 2884 quidem
3029 2857 3043 2880 ,
3099 2817 3202 2870 nisi
3256 2833 3320 2872 ex
3358 2820 3643 2887 postulato
3674 2821 3767 2874 sibi

2189 2900 2384 2956 oil‘erre
2409 2912 2632 2972 posset,
2662 2904 2954 2973 didicitque
3006 2907 3074 2960 ab
3119 2906 3209 2961 illo
3237 2908 3362 2976 quia
3393 2908 3632 2977 privatis
3658 2918 3765 2962 stu-

2188 2996 2324 3051 dens
2351 2997 2578 3066 quisque
2609 2998 2904 3067 primorum
2927 3039 2940 3063 ,
2972 2999 3250 3070 negligens
3300 3008 3483 3052 autem
3528 3000 3765 3068 publico-

2192 3101 2311 3140 rum
2339 3101 2594 3156 perversa
2624 3088 2742 3142 vice
2772 3127 2787 3152 ,
2817 3087 2944 3141 dum
2975 3088 3188 3156 publica
3213 3095 3506 3142 vertuntur
3554 3091 3611 3142 in
3668 3091 3762 3156 pri-

2190 3183 2335 3240 vata,
2386 3177 2605 3231 nomine
2658 3186 2816 3231 tenus
2864 3177 3116 3232 dominus
3190 3185 3342 3232 actus
3398 3178 3474 3231 sit
3529 3179 3765 3230 omnium

2186 3281 2324 3337 pene
2355 3269 2590 3338 indigus.
2624 3269 2823 3324 Volens
2853 3277 3034 3323 autem
3082 3269 3208 3323 huic
3260 3269 3484 3322 obviare
3541 3271 3757 3323 necessi

2189 3359 2306 3423 tati,
2342 3360 2434 3413 sed
2463 3374 2660 3414 cavens
2687 3374 2756 3414 ne
2787 3359 2884 3413 ﬁlii
2914 3357 3131 3414 dilectio
3178 3357 3316 3427 apud
3355 3358 3652 3426 optimates
3681 3359 3763 3412 ali-

2188 3459 2348 3514 quam
2379 3454 2657 3515 pateretur
2679 3445 2946 3514 jaeturam
2975 3487 2990 3512 ,
3028 3447 3073 3501 si
3107 3446 3210 3501 illis
3256 3447 3461 3515 aliquid
3508 3462 3608 3516 per
3651 3464 3747 3517 pru

2189 3534 2427 3589 dentiam
2457 3536 2698 3592 demeret
2721 3537 2865 3606 quod
2903 3552 3000 3606 per
3047 3536 3384 3593 inscientiam
3415 3537 3721 3591 contulerat
3753 3577 3765 3599 ,

2189 3623 2338 3678 misit
2367 3623 2441 3678 illi
2471 3626 2667 3680 missos
2696 3641 2843 3691 suos,
2879 3625 3254 3681 Willebertum
3285 3625 3514 3687 scilicet,
3569 3627 3762 3680 Bothe-

2188 3715 2460 3783 magensis
2503 3723 2692 3783 postea
2738 3715 2889 3769 urbis
2939 3714 3426 3783 archiepiscopum,
3458 3723 3516 3766 et
3548 3714 3752 3768 Richar-

2188 3801 2315 3855 dum
2343 3803 2596 3857 comitem
2625 3842 2640 3866 ,
2688 3803 2938 3856 villarum
2977 3818 3197 3857 suarum
3231 3803 3595 3871 provisorem,
3623 3818 3757 3871 prie-

2188 3892 2394 3960 cipiens
2425 3901 2484 3946 ut
2509 3892 2649 3947 villze
2677 3907 2797 3960 qua:
2832 3900 3058 3947 eatenus
3089 3892 3210 3946 usui
3240 3893 3547 3946 servierant
3577 3894 3719 3962 regio
3746 3934 3759 3954 ,

2187 3985 2446 4053 obsequio
2499 3984 2914 4040 restituerentur
2958 3984 3172 4054 publico
3223 4001 3236 4038 :
3283 3985 3429 4052 quod
3476 3993 3535 4038 et
3568 3983 3758 4038 factum

2187 4081 2290 4128 est.

2258 4160 2464 4226 Quibus
2490 4161 2745 4231 receptis,
2779 4177 2876 4216 rex
2902 4172 2956 4216 et
2981 4161 3280 4231 prudentiae
3309 4177 3423 4216 sua:
3445 4164 3756 4215 monstravit

2187 4249 2442 4303 continuo
2477 4249 2856 4304 documentum
2886 4289 2900 4313 ,
2955 4258 3013 4304 et
3063 4249 3453 4302 misericordia
3476 4289 3492 4313 ,
3547 4264 3665 4318 qua!
3693 4249 3756 4302 illi

2187 4339 2417 4407 genuina
2444 4340 2721 4408 probatur,
2753 4338 3008 4409 patefecit
3031 4337 3281 4394 affectum
3315 4339 3488 4410 (796).
3521 4340 3656 4394 Nam
3681 4355 3764 4393 or-

2189 4429 2394 4482 dinavit
2432 4430 2662 4497 qualiter
2707 4430 2760 4482 in
2803 4439 3038 4498 quatuor
3065 4429 3200 4484 locis
3227 4430 3458 4485 hiberna
3501 4432 3754 4500 transige-

2185 4527 2286 4583 ret,
2321 4527 2379 4572 ut
2414 4520 2586 4574 tribus
2639 4519 2796 4573 annis
2828 4519 3054 4582 exactis,
3108 4527 3303 4587 quarto
3356 4520 3579 4574 demum
3628 4536 3756 4575 anno

2185 4609 2547 4663 hiematurum
2602 4624 2660 4664 se
2706 4610 2934 4678 quisque
2977 4624 3163 4664 eorum
3214 4610 3520 4678 susciperet
3569 4611 3752 4670 locus,

2185 4698 2557 4752 Tehotuadum
2590 4699 2797 4754 scilicet
2822 4699 3082 4769 palatium
3107 4739 3123 4762 ,
3157 4697 3560 4769 Cassinogilum
3587 4741 3602 4765 ,
3656 4701 3752 4754 An-

2184 4789 2398 4842 diacum
2425 4829 2440 4852 ,
2472 4797 2527 4842 et
2557 4788 2888 4858 Eurogilum.
2921 4787 3050 4854 Quae
3076 4788 3193 4843 loca
3215 4829 3230 4852 ,
3265 4789 3485 4857 quando
3511 4799 3752 4859 quartum

2183 4877 2463 4930 redibatur
2513 4877 2579 4931 ad
2622 4893 2863 4941 annum,
2924 4877 3280 4932 sufficientem
3339 4879 3491 4946 regio
3547 4881 3754 4933 servitio

2184 4967 2509 5022 exhibebant
2559 4982 2870 5035 expensam.
2923 4968 3128 5034 Quibus
3163 4968 3592 5036 prudentissime
3622 4971 3752 5024 ordi-

2184 5061 2346 5123 natis,
2381 5061 2613 5113 inhibuit
2637 5075 2664 5112 a
2698 5059 2924 5128 plebeiis
2948 5059 3172 5113 ulterius
3199 5074 3449 5112 annonas
3476 5062 3745 5116 militares.

2183 5164 2318 5217 quas
2348 5149 2507 5218 vulgo
2539 5147 2782 5203 foderum
2821 5156 3038 5211 vocant,
3092 5148 3229 5202 dari.
3275 5149 3344 5201 Et
3373 5148 3502 5202 licet
3534 5150 3636 5204 hoc
3662 5152 3749 5202 viri

2185 5240 2447 5294 militares
2471 5256 2614 5309 aegre
2646 5239 2889 5302 tulerint,
2921 5247 3102 5292 tamen
3125 5237 3212 5293 ille
3237 5238 3322 5291 vir
3348 5238 3744 5298 misericordiae.

2181 5331 2530 5384 considerans
2554 5338 2606 5383 et
2637 5329 2991 5398 praebentium
3024 5328 3323 5397 penuriam,
3349 5336 3404 5380 et
3430 5328 3747 5398 exigentium

2182 5419 2582 5482 crudelitatem,
2624 5417 2781 5472 simul
2831 5424 2886 5470 et
2950 5426 3304 5483 utrorumque
3353 5416 3743 5484 perditionem.

2183 5507 2351 5562 satius
2389 5506 2652 5574 judicavit
2681 5507 2746 5561 de
2793 5522 2890 5560 suo
2917 5505 3331 5560 subministrare
3379 5507 3496 5559 suis
3530 5547 3546 5569 ,
3601 5523 3744 5576 quam

2183 5598 2258 5650 sic
2295 5597 2652 5665 permittendo
2681 5597 2890 5664 copiam
2923 5597 2999 5649 rei
3033 5594 3403 5648 frumentariae
3428 5635 3442 5657 ,
3473 5612 3601 5650 suos
3629 5598 3743 5649 irre-

2186 5688 2273 5741 tiri
2303 5689 2575 5757 periculis.
2619 5688 2734 5754 Quo
2791 5696 3031 5755 tempore
3058 5686 3375 5758 Albigenscs
3411 5688 3616 5742 tributo
3655 5701 3740 5754 quo
