3906 6332
167 360 276 414 935

1703 354 1876 411 YlTA.

3312 363 3415 421 934

167 474 224 527 in
257 474 433 527 darido
463 473 584 528 vino
613 480 666 526 et
694 487 905 529 annona
933 476 1313 545 gravabantur,
1362 490 1455 529 sua
1508 472 1744 529 liberali-
1773 473 1820 529 Λ
1850 475 2008 538 gente
2034 470 2254 527 subacta
2286 469 2581 539 Saxonum,
2633 472 2804 530 victor
2853 473 3076 533 Carolus
3124 476 3416 546 imperator

168 573 283 618 tate
312 563 589 618 relevavit.
626 563 867 619 Habebat
902 574 1080 620 autem
1112 574 1240 620 tunc
1275 568 1529 637 temporis
1574 565 1741 636 Megi-

163 654 381 708 tiarium
417 669 598 708 secum
628 694 642 719 ,
692 654 913 709 missum
939 656 1040 711 sibi
1068 671 1098 710 a
1128 664 1299 725 patre,
1329 657 1504 711 virum
1531 656 1740 725 sapien-

162 749 278 797 tem
313 751 370 799 et
394 751 696 810 strenuum,
723 760 1059 816 gnarumque
1088 746 1339 801 utilitatis
1366 754 1421 801 et
1444 746 1637 802 honest
1673 746 1744 802 tis

160 833 346 903 regiae.
375 833 431 888 In
466 842 675 888 tantum
702 843 883 889 autem
914 836 1026 905 regi
1062 836 1201 905 patri
1230 837 1344 893 haec
1368 836 1636 906 placuisse
1663 835 1745 891 di-

160 936 381 991 cuntur,
408 934 468 980 ut
493 926 918 982 bacimitationc
956 927 1365 996 stipendiariam
1412 927 1467 981 in
1513 925 1742 982 Francia

162 1015 515 1070 interdiceret
543 1032 814 1071 annonam
843 1016 1136 1073 militarem
1166 1017 1318 1082 dari,
1371 1025 1427 1072 et
1475 1017 1578 1071 alia
1626 1016 1745 1085 plu-

162 1106 299 1159 rima
325 1106 523 1177 corrigi
543 1104 780 1174 juberet,
808 1105 1190 1177 congratulans
1214 1105 1460 1162 felicibus
1490 1104 1583 1159 ﬁlii
1613 1120 1741 1174 pro-

161 1194 411 1250 fcctibus.
469 1196 738 1265 Sequente
791 1210 953 1266 porro
1000 1204 1244 1266 tempore
1293 1195 1545 1250 Tolosam
1596 1193 1745 1249 venit

159 1301 289 1348 rex,
316 1293 371 1340 et
401 1294 723 1341 conventum
768 1286 1075 1355 generalem
1121 1286 1321 1341 ibidem
1362 1285 1569 1341 habuit.
1600 1284 1744 1338 Ade-

158 1376 302 1431 fonsi
327 1376 676 1432 Galletiarum
703 1378 960 1448 principis
982 1370 1195 1441 missos,
1214 1392 1350 1448 quos
1374 1391 1472 1446 pro
1494 1374 1739 1431 amicitia

157 1465 421 1520 ﬁrmanda
451 1466 671 1520 miserat
696 1481 818 1521 cum
846 1465 1000 1521 donis
1019 1506 1033 1530 ,
1062 1466 1300 1535 suscepit
1329 1473 1386 1519 et
1409 1462 1634 1533 paciﬁce
1661 1475 1746 1515 re-

157 1557 330 1612 misit.
370 1556 592 1611 Necnon
628 1563 683 1610 et
712 1556 949 1610 Bahaluc
997 1554 1390 1611 Saracenorum
1431 1553 1603 1617 ducis,
1651 1550 1744 1619 qui

155 1647 297 1702 locis
324 1646 624 1701 montuosis
671 1645 979 1715 Aquitania:
1019 1646 1281 1715 proximis
1315 1643 1742 1715 principabatur,

158 1736 360 1791 missos
400 1749 585 1805 pacem
629 1742 957 1804 petentes'et
984 1734 1124 1791 dona
1155 1733 1392 1791 ferentes
1427 1733 1665 1803 suscepit
1688 1736 1748 1787 et

1836 556 1951 627 jam
1982 560 2209 615 redibat.
2241 559 2337 617 Cui
2378 576 2498 615 cum
2534 562 2675 617 ﬁlius
2699 564 3045 629 occurrisset,
3084 565 3252 620 multo
3292 581 3414 622 eum

1842 647 2146 717 amplexatu
2216 648 2534 705 deosculans
2560 689 2576 715 ,
2640 651 2870 720 plurima
2918 651 3068 707 illum
3116 652 3413 723 gratiarum

1842 737 2055 793 actione
2103 746 2158 793 et
2203 738 2361 794 laude
2414 740 2631 805 extulit,
2679 742 3070 813 utilitatemque
3110 742 3416 818 obsequela;

1844 827 2006 893 illius,
2037 843 2178 897 sape
2222 829 2466 905 iterando
2493 828 2703 885 felicem
2726 846 2784 886 se
2812 832 2905 886 tali
2932 832 3042 888 ﬁlio
3077 831 3413 902 praedicavit.

1843 916 2021 971 Finito
2060 917 2273 973 tandem
2302 919 2510 976 diutino
2535 927 2696 989 atque
2738 924 3118 980 cruentissimo
3144 925 3414 982 Saxonico

1843 1006 2000 1070 bello,
2028 1008 2193 1076 quod,
2216 1015 2278 1062 ut
2300 1006 2498 1075 ferunt,
2531 1010 2753 1081 triginta
2781 1011 2944 1065 trium
2972 1028 3232 1069 annorum
3278 1022 3413 1070 tem-

1843 1111 1944 1166 pus
1970 1098 2274 1168 occupavit,
2324 1096 2627 1155 Ludovicus
2657 1115 2753 1155 rex
2783 1117 2813 1155 a
2840 1109 2998 1171 patre
3030 1103 3283 1159 dimissus
3309 1145 3323 1170 ,
3356 1104 3413 1159 in

1844 1201 2066 1257 regnum
2110 1188 2390 1258 proprium
2416 1191 2484 1245 ad
2513 1190 2737 1247 hiberna
2783 1207 2903 1249 sese
2952 1208 3075 1249 cum
3113 1196 3226 1251 suis
3253 1196 3415 1252 colle-

1843 1275 1941 1345 git.

1915 1362 2102 1420 Hieme
2130 1380 2291 1435 porro
2338 1376 2608 1423 transacta
2653 1368 2826 1444 (802),
2870 1371 3093 1428 Carolus
3123 1373 3415 1443 imperator

1845 1462 2057 1525 tempus
2111 1467 2470 1527 opportunum
2519 1470 2750 1527 nactus,
2800 1470 2859 1516 ut
2903 1471 3027 1532 pote
3075 1464 3142 1519 ab
3177 1464 3416 1520 externis

1843 1544 2129 1613 quiescens
2149 1546 2323 1613 bellis,
2342 1548 2509 1617 etrapit
2530 1549 2815 1606 circumire
2841 1551 2957 1606 loca
2984 1552 3067 1606 sui
3096 1554 3245 1624 regni
3276 1555 3414 1611 mari

1844 1636 2115 1707 contigua.
2156 1635 2308 1703 Quod
2361 1638 2487 1692 dum
2535 1639 2836 1696 Ludovicus
2870 1658 2963 1697 rex
3016 1645 3411 1713 comperisset,

1845 1723 2238 1795 Rotbomagum
2268 1727 2436 1782 misso
2480 1727 2657 1799 legato
2700 1729 3004 1788 Hademaro
3028 1772 3042 1797 ,
3081 1735 3237 1802 petiit
3288 1751 3413 1790 eum

157 1800 540 1892 remisit-Quo
570 1800 813 1894 tempore
839 1840 1035 1880 verens
1065 1840 1133 1880 ne
1159 1825 1403 1895 corporis
1441 1800 1626 1880 nativo
1650 1839 1743 1880 su-
1768 1800 1817 1859 Β
1844 1812 1900 1867 in
1925 1812 2267 1883 Aquitaniam
2294 1816 2581 1884 divertere,
2618 1828 2673 1874 et
2706 1835 2928 1891 regnum
2960 1800 3100 1892 quod
3125 1824 3228 1879 sibi
3253 1825 3415 1884 dede.

152 1923 378 1984 peratus
400 1914 597 1977 calore,
630 1914 682 1968 in
726 1914 1068 1971 multimodos
1090 1915 1316 1971 luxuriae
1338 1921 1620 1984 raperetur
1644 1929 1742 1970 an-

154 2002 388 2070 fractus,
412 2020 533 2061 cum
564 2006 790 2061 consilio
813 2021 1058 2071 suorum,
1106 2006 1567 2076 Hermengardam
1598 2005 1742 2060 futu-

156 2111 281 2151 ram
307 2095 578 2167 reginam,
616 2095 776 2152 claris
804 2104 979 2151 ortam
1006 2096 1294 2163 natalibus,
1322 2105 1383 2149 ut
1411 2105 1538 2166 pote
1570 2096 1741 2151 ﬁliam

150 2185 449 2255 lngrammi
478 2186 731 2251 comitis,
787 2186 890 2241 sibi
944 2186 1192 2241 sociavit.
1239 2186 1522 2242 Ordinavit
1558 2195 1740 2240 autem

152 2275 253 2331 illo
281 2284 521 2347 tempore
561 2276 614 2330 in
657 2277 854 2333 ﬁnibus
898 2278 1292 2348 Aquitanorum
1321 2279 1742 2348 circumquaque

151 2365 524 2422 ﬁrmissimam
572 2366 817 2422 tutelam.
846 2368 980 2423 Nam
1009 2370 1284 2424 civitatem
1325 2369 1621 2433 Ausonam,
1651 2383 1742 2424 ca-

150 2465 332 2509 strum
380 2456 705 2522 Cardonam,
743 2444 1190 2524 Ca'stamserram,
1228 2468 1282 2514 et
1312 2458 1517 2528 reliqua
1544 2458 1739 2527 oppida

149 2546 288 2603 olim
319 2547 532 2603 deserta
554 2587 568 2610 ,
602 2547 868 2613 munivit,
900 2548 1131 2602 habitari
1184 2548 1313 2603 fecit
1334 2588 1349 2613 ,
1384 2557 1440 2604 et
1494 2547 1738 2602 Burrello

147 2637 342 2693 comiti
370 2653 492 2692 cum
513 2638 765 2709 congruis
782 2638 996 2694 auxiliis
1018 2639 1212 2694 tuenda
1232 2638 1523 2695 commisit.
1550 2638 1737 2695 Hieme

148 2736 434 2782 transacta
462 2727 608 2782 misit
636 2726 703 2782 ad
729 2726 876 2781 illum
905 2735 1059 2797 pater
1085 2744 1202 2793 rex,
1242 2736 1302 2782 ut
1329 2729 1395 2783 ad
1437 2741 1496 2784 se
1546 2736 1736 2783 contra

148 2816 400 2873 Saxones
424 2824 662 2882 euntem,
688 2832 810 2872 cum
846 2816 1041 2887 populo
1066 2857 1080 2883 ,
1106 2833 1215 2888 quo
1241 2826 1424 2888 posset
1449 2858 1463 2883 ,
1504 2818 1732 2873 veniret.

146 2904 258 2973 Qui
292 2907 370 2961 ire
396 2922 501 2961 non
526 2905 799 2971 diﬁ‘erens,
832 2906 900 2961 ad
945 2921 1070 2962 eum
1097 2908 1435 2979 Aquasgrani
1467 2908 1613 2961 venit
1640 2949 1654 2972 ,
1683 2914 1737 2963 et

148 3012 280 3053 cum
332 2998 448 3067 ipso
488 2997 555 3051 ad
584 2996 976 3051 Fremersheim
1003 3036 1017 3061 ,
1052 2997 1142 3052 ubi
1180 2996 1433 3066 placitum
1486 2995 1735 3067 generale

149 3085 378 3148 habuit,
424 3098 586 3155 super
636 3085 808 3154 ripam
858 3084 1029 3140 Rheni
1082 3086 1338 3156 perrexit.
1384 3085 1440 3139 In
1496 3085 1729 3140 Saxonia

147 3188 278 3227 cum
322 3181 478 3243 patre
520 3189 689 3243 usque
721 3174 787 3228 ad
816 3174 1036 3229 missam
1083 3176 1254 3229 sancti
1286 3174 1497 3228 Martini
1528 3176 1730 3245 perdu-

148 3267 317 3321 ravit.
348 3268 473 3323 [nde
500 3283 530 3322 a
567 3268 801 3323 Saxonia
842 3282 964 3322 cum
1000 3276 1150 3337 patre
1178 3267 1347 3329 exiit,
1376 3274 1431 3321 et
1472 3266 1526 3320 in
1567 3265 1733 3334 Aqui-

148 3358 378 3419 taniam,
410 3373 600 3429 magna
628 3358 820 3412 hiemis
844 3364 1033 3412 exacta
1061 3364 1235 3426 parte,
1275 3356 1560 3410 concessit.
1594 3354 1730 3410 Suc-

146 3449 380 3502 cedente
424 3463 552 3503 vero
601 3454 787 3503 testate
815 3487 830 3512 ,
878 3463 973 3503 rex
1012 3446 1235 3501 Carolus
1266 3446 1333 3500 ad
1378 3460 1504 3501 eum
1538 3444 1727 3507 misit,

146 3538 418 3593 mandans
449 3546 508 3592 ut
552 3552 735 3593 secum
766 3538 820 3593 in
869 3538 1075 3591 Italiam
1121 3537 1558 3607 proﬁcisceretur
1591 3554 1604 3589 :
1635 3536 1730 3592 sed

147 3637 362 3685 mutato
395 3629 620 3685 consilio
639 3628 823 3697 jussus
841 3636 924 3683 est
949 3628 1091 3683 domi
1118 3642 1358 3683 manere.

222 3720 374 3789 Rege
399 3727 577 3775 autem
610 3720 832 3774 Romam
860 3725 1115 3788 pergente
1143 3758 1157 3783 ,
1198 3717 1505 3786 ibidemque
1532 3716 1728 3771 infulas

147 3810 530 3879 imperatorias
555 3808 883 3878 suscipiente
912 3805 1083 3877 (800),
1132 3820 1228 3860 rex
1261 3804 1569 3859 Ludovicus
1616 3803 1726 3859 To-

144 3898 322 3953 losam
347 3898 475 3952 abiit
505 3898 733 3961 iterum,
777 3904 939 3964 atque
971 3895 1095 3948 inde
1140 3895 1193 3948 in
1237 3892 1551 3963 Hispaniam
1600 3907 1730 3947 con-

144 3990 345 4044 tendit.
378 3988 475 4043 Cui
503 3987 816 4042 Barcinonae
863 3983 1310 4055 apprOpinquanti
1337 4023 1352 4048 ,
1390 3983 1571 4039 Zaddo
1619 3982 1728 4037 dux

140 4080 390 4147 ejusdem
419 4078 653 4133 civitatis
702 4085 959 4145 tanquam
1010 4074 1285 4144 subjectus
1319 4073 1597 4139 occurrit,
1626 4087 1729 4128 nec

145 4182 334 4225 tamen
361 4170 632 4225 civitatem
662 4153 1088 4233 dedidithuam
1114 4165 1516 4237 transgrediens
1541 4180 1656 4229 rex,
1673 4171 1727 4218 et

142 4261 336 4316 Ilerdae
362 4258 782 4329 superveniens,
824 4257 1037 4327 subegit
1065 4256 1209 4310 illam
1252 4264 1413 4323 atque
1440 4255 1721 4310 subvertit.

143 4352 268 4419 Qua
298 4352 472 4406 diruta
504 4390 519 4414 ,
552 4359 606 4405 et
633 4350 844 4403 caeteris
871 4346 1180 4416 municipiis
1204 4345 1429 4400 vastatis
1455 4360 1519 4400 ac
1544 4345 1727 4399 incen-

1842 1910 1928 1956 rat
1962 1903 2198 1959 invisere
2221 1943 2235 1970 ,
2290 1912 2347 1961 et
2377 1907 2444 1961 ad
2483 1906 2658 1962 locum
2684 1911 2777 1979 qui
2802 1909 3166 1984 Cassinogilus
3192 1923 3415 1970 vocatur

1840 1992 2045 2047 venire.
2078 1992 2243 2062 Cujus
2272 1996 2588 2064 petitionem
2635 2008 2792 2068 pater
2818 2001 3204 2060 honorabiliter
3232 2021 3414 2062 susce-

1840 2080 1939 2148 pit,
1978 2089 2033 2136 et
2070 2081 2180 2136 ﬁlio
2216 2084 2416 2152 gratias
2455 2087 2565 2156 egit
2597 2103 2610 2140 :
2643 2088 2813 2156 petita
2864 2098 3042 2145 tamen
3074 2095 3330 2163 negavit,
3360 2103 3415 2149 et

1843 2180 1901 2224 ut
1930 2171 2034 2226 sibi
2060 2171 2336 2227 Turonum
2360 2186 2674 2233 occurreret
2694 2179 2989 2233 mandavit.
3016 2179 3133 2248 Quo
3159 2181 3300 2238 ﬁlius
3324 2200 3413 2239 ve-

1840 2260 2033 2325 niens,
2074 2261 2464 2331 gratulabunde
2510 2267 2673 2322 nimis
2705 2268 2773 2325 ab
2815 2285 2879 2325 eo
2917 2279 3231 2341 susceptus,
3270 2284 3324 2328 et
3359 2275 3414 2329 in

1840 2350 2126 2406 Franciam
2157 2353 2469 2411 redeuntem
2510 2357 2745 2413 Vernum
2768 2376 2938 2430 usque
2962 2373 3282 2431 prosecutus
3308 2375 3410 2428 est.

1836 2439 1882 2492 Α
1917 2455 2025 2509 quo
2072 2440 2417 2510 digrediens,
2480 2444 2534 2498 in
2588 2446 2931 2515 Aquitaniam
2982 2465 3257 2521 regressus
3308 2466 3410 2510 est.

1836 2529 2050 2586 IEstate
2080 2531 2221 2587 hanc
2244 2544 2501 2604 sequente
2522 2536 2669 2611 (803)
2701 2539 2880 2596 Zaddo
2905 2543 3014 2597 dux
3044 2544 3412 2603 Barcinonen-

1836 2623 1913 2678 sis
1942 2639 2139 2681 suasus
2164 2633 2248 2681 est
2273 2641 2304 2680 a
2333 2628 2565 2696 quodam
2595 2630 2700 2685 sibi
2728 2672 2744 2698 ,
2792 2641 2853 2686 ut
2900 2635 3151 2704 putabat,
3190 2639 3365 2694 amico
3399 2680 3413 2705 ,

1837 2713 2147 2771 Narbonam
2201 2733 2375 2788 usque
2418 2721 2732 2788 procedere.
2793 2722 2894 2790 Qui
2946 2729 3367 2798 comprehensus
3395 2772 3411 2796 ,

1834 2802 2109 2861 Ludovico
2148 2807 2261 2878 regi
2307 2816 2391 2863 est
2427 2810 2719 2877 adductus,
2755 2821 2809 2867 et
2837 2816 2979 2884 patri
3007 2816 3199 2875 Carolo
3229 2822 3412 2877 itidem

1834 2895 2145 2964 perductus.
2178 2898 2298 2967 Ipso
2336 2907 2577 2968 tempore
2622 2901 2924 2959 Ludovicus
2973 2920 3069 2961 rex
3104 2918 3292 2965 coacto
3316 2926 3413 2980 po-

1834 2982 1961 3050 pulo
1991 2986 2146 3056 regni
2178 2987 2259 3041 sui
2296 2986 2523 3065 Tolosa},
2559 2989 2625 3044 dc
2653 2990 2737 3045 his
2763 3006 2881 3061 quas
2923 2996 3129 3065 agenda
3155 2997 3413 3053 videban-

1837 3079 1926 3126 tur
1952 3081 2192 3130 tractans
2224 3076 2573 3133 deliberabat.
2602 3078 2980 3151 Burgundione
3008 3101 3239 3156 namque
3267 3104 3412 3144 mor-

1834 3168 1946 3225 tuo,
1995 3162 2282 3218 comitatus
2317 3163 2432 3233 ejus
2480 3166 2833 3225 Fedentiacus
2863 3171 3119 3229 LiutarJo
3145 3185 3229 3230 est
3257 3180 3412 3232 attri-

1832 3248 2013 3305 butus.
2070 3250 2241 3319 Quam
2290 3269 2403 3309 rem
2460 3256 2733 3313 Vascones
2769 3259 2990 3315 moleste
3022 3262 3257 3319 ferentes
3288 3305 3301 3327 ,
3354 3267 3409 3320 in

1832 3346 2039 3394 tantam
2066 3356 2294 3413 erupere
2315 3344 2690 3413 petulantiam,
2716 3358 2775 3403 ut
2803 3350 2967 3405 etiam
2996 3353 3243 3410 homines
3267 3356 3409 3413 illius

1831 3430 1966 3485 alios
1995 3431 2140 3488 ferro
2160 3436 2507 3505 perimerent,
2540 3438 2674 3495 alios
2706 3441 2815 3512 igni
2858 3445 3257 3502 comburerent.
3304 3448 3407 3516 Qui

1830 3520 2007 3610 vocati
2051 3521 2178 3576 dum
2220 3525 2453 3592 primum
2500 3529 2687 3583 venire
2733 3532 3141 3602 detrectarent,
3190 3553 3407 3610 quoquo

1830 3608 1990 3663 modo
2015 3611 2084 3664 ad
2109 3625 2331 3666 causam
2368 3614 2650 3670 dicendam
2679 3631 2936 3674 venerunt
2969 3662 2982 3687 ,
3010 3632 3065 3676 et
3094 3639 3283 3694 poenas
3308 3608 3404 3683 de-

1828 3698 1970 3754 bitas
1993 3716 2092 3769 pro
2122 3701 2317 3759 talibus
2342 3705 2490 3760 ausis
2529 3707 2814 3777 dederunt,
2866 3711 2937 3765 ita
2975 3722 3032 3767 ut
3062 3716 3281 3783 quidam
3325 3726 3406 3775 ta-

1829 3790 1990 3847 lionis
2037 3792 2153 3863 lege
2198 3794 2308 3865 igni
2359 3796 2769 3869 conﬁagrarent.
2803 3802 2898 3858 His
2920 3808 3179 3874 peractis,
3221 3826 3407 3867 succe-

1831 3882 1989 3936 dente
2041 3890 2283 3954 tempore
2310 3886 2477 3958 (804),
2506 3889 2680 3943 visum
2720 3901 2804 3946 est
2844 3895 2956 3966 regi
2997 3906 3054 3951 et
3080 3900 3404 3958 consiliariis

1830 3973 1945 4043 ejus
1987 3984 2047 4030 ut
2076 3979 2142 4032 ad
2172 3977 2529 4035 Barcinonam
2557 3971 2967 4055 oppugnandam
2996 3992 3073 4047 ire
3100 3994 3358 4051 deberent
3387 4016 3399 4053 :

1828 4064 2107 4134 divisoque
2140 4068 2195 4121 in
2246 4077 2353 4123 tres
2393 4078 2577 4138 partes
2622 4075 2897 4142 exercitu,
2951 4094 3117 4133 unam
3185 4084 3401 4151 quidem

1828 4153 2153 4209 Ruscellioni
2212 4156 2328 4226 ipse
2364 4173 2684 4227 permanens
2715 4177 2895 4217 secum
2928 4168 3151 4223 retinuit
3174 4210 3189 4235 ,
3244 4171 3400 4229 alteri

1826 4245 2163 4301 obsidionem
2210 4249 2361 4303 urbis
2402 4247 2671 4317 injunxit,
2721 4254 2808 4307 cui
2856 4254 3181 4328 Rotstagnus
3219 4276 3399 4319 comes

1828 4335 2096 4391 Gerunda;
2123 4336 2337 4406 praefuit
2361 4355 2375 4403 ;
2410 4340 2621 4394 tertiam
2649 4351 2849 4409 autem,
2877 4360 2944 4400 ne
2978 4346 3119 4403 forte
3147 4351 3398 4409 obsidcn~

143 4445 248 4510 sis,
267 4443 333 4498 ad
347 4442 540 4498 Oscam
565 4456 737 4510 usque
763 4439 1048 4510 processit.
1076 4436 1241 4506 Cujus
1267 4452 1427 4508 agros
1454 4436 1722 4506 segetibus
1746 4454 1801 4513 Β
1829 4434 1910 4481 tes
1937 4427 2123 4481 urbem
2144 4428 2434 4498 improvise
2458 4431 2524 4484 ab
2546 4432 2791 4488 hostibus
2813 4448 3224 4508 occuparentur,
3253 4444 3393 4499 ultra

139 4535 336 4607 plenos
364 4548 555 4587 manus
581 4531 833 4585 militaris
856 4529 1047 4594 secuit,
1082 4527 1351 4592 vastavit,
1383 4526 1636 4588 incendit,
1665 4535 1722 4580 et

141 4638 482 4695 quaecunque
524 4632 678 4677 extra
713 4621 986 4675 civitatem
1039 4627 1165 4673 sunt
1212 4625 1443 4687 reperta,
1476 4615 1719 4670 incendio

142 4718 473 4786 tlepascente
499 4721 624 4768 sunt
654 4719 989 4779 consumpta.
1037 4708 1244 4775 Quibus
1271 4706 1515 4776 expletis,
1545 4705 1720 4759 immi-

143 4814 318 4861 nente
347 4805 458 4875 jam
488 4805 682 4867 hieme,
716 4802 780 4856 ad
806 4799 1020 4870 propria
1048 4799 1225 4853 rediit.
1255 4797 1531 4851 Rcdeunte
1557 4809 1719 4865 porro

144 4907 393 4964 tempore
441 4895 626 4949 aestivo
651 4933 664 4955 ,
698 4892 991 4961 imperator
1027 4889 1444 4960 gloriosissimus
1495 4884 1717 4941 Carolus

143 4985 440 5039 SaxOniam
476 4984 629 5054 petiit
674 4980 845 5053 (801),
890 4977 1150 5034 mandans
1195 4979 1322 5043 ﬁlio,
1370 4985 1430 5031 ut
1473 4984 1527 5032 et
1562 4976 1714 5045 ipse,

145 5086 406 5145 tanquam
445 5074 497 5127 in
525 5073 715 5127 eadem
756 5080 899 5125 terra
922 5069 1257 5123 hiematurus
1279 5108 1293 5133 ,
1325 5083 1384 5122 se
1427 5068 1716 5134 subseque-

145 5174 320 5223 retur.
371 5164 520 5231 Quod
572 5164 686 5232 ipse
738 5176 896 5232 agere
968 5160 1272 5225 festinans,
1317 5160 1384 5214 ad
1431 5158 1715 5213 Neusciam

143 5256 318 5315 venit,
351 5253 595 5308 Rhenum
641 5251 841 5305 ibidem
872 5251 1115 5313 transiit,
1140 5257 1193 5304 et
1219 5247 1357 5319 patri
1383 5258 1711 5302 concurrere

140 5344 500 5403 accelerabat.
535 5340 639 5396 Sed
665 5349 953 5408 antequam
982 5339 1049 5392 ad
1091 5354 1212 5392 eum
1257 5338 1495 5400 veniret,
1528 5335 1715 5391 nuntio

139 5432 385 5489 obviavit
430 5438 654 5499 paterno
689 5429 744 5482 in
790 5428 907 5482 loco
954 5427 1106 5496 cujus
1142 5425 1453 5480 vocabulum
1482 5433 1566 5480 est
1594 5425 1715 5480 Ost-

141 5524 308 5586 faloa,
328 5538 448 5576 cum
474 5520 743 5575 mandatis
782 5532 849 5571 ne
882 5517 1002 5585 plus
1033 5517 1085 5569 iu
1116 5516 1436 5570 ambulando
1467 5515 1716 5585 fatigare-

141 5626 255 5674 tur,
301 5613 429 5681 quin
472 5611 649 5679 potius
676 5610 792 5664 loco
818 5607 918 5663 sibi
954 5614 1253 5675 opportuno
1277 5614 1452 5660 castra
1484 5614 1716 5659 metare-

141 5717 250 5769 tur,
277 5711 329 5756 et
361 5716 419 5754 se
463 5703 775 5755 redeuntem
808 5695 1002 5752 ibidem
1050 5696 1369 5766 operiretur.
1401 5694 1531 5749 Tota
1571 5694 1712 5749 cnim

1824 4519 2013 4573 urbem
2044 4520 2233 4573 sedere
2266 4521 2546 4587 prtemisit.
2596 4521 2814 4579 Obsessi
2867 4526 3073 4583 interea
3116 4531 3260 4588 intra
3305 4550 3397 4589 ur-

1820 4607 1964 4673 bem,
1990 4606 2295 4662 Cordubam
2321 4596 2584 4663 miserunt
2609 4612 2972 4684 auxiliumque
3011 4606 3391 4687 pOposcerunt.

1820 4696 1936 4751 Rex
1966 4711 2096 4751 vero
2127 4695 2521 4753 Saracenorum
2549 4701 2792 4769 protinus
2817 4705 3106 4762 auxiliatus
3130 4709 3211 4764 eis
3237 4726 3394 4767 exer-

1819 4789 1988 4843 citum
2016 4790 2237 4844 direxit.
2279 4790 2630 4846 Venientibus
2658 4808 2821 4862 porro
2847 4797 2930 4850 bis
2957 4799 3048 4865 qui
3082 4800 3231 4856 missi
3277 4802 3391 4859 fuc-

1818 4887 1943 4933 rant
1979 4878 2466 4952 Cmsaraugustam,
2492 4881 2718 4936 relatum
2746 4891 2829 4938 est
2852 4886 2931 4941 eis
2966 4887 3033 4943 de
3058 4892 3297 4946 exercitu
3332 4894 3386 4947 in

1818 4970 1905 5025 via
1944 4971 2046 5026 sibi
2075 4972 2289 5027 obviam
2317 4972 2629 5027 constituto.
2678 4974 2811 5030 Erat
2856 4984 3037 5034 autem
3080 4981 3151 5035 'rbi
3183 4984 3389 5039 Willel-

1816 5078 1938 5117 mus
1960 5063 2167 5131 primus
2191 5063 2435 5133 signifer,
2454 5063 2876 5130 Hademarus.et
2895 5084 3017 5123 cum
3042 5072 3122 5126 eis
3151 5073 3385 5130 validum

1817 5151 2096 5206 auxilium.
2136 5151 2287 5218 Quod
2324 5152 2398 5207 illi
2447 5155 2725 5211 audientes
2749 5196 2763 5222 ,
2800 5157 2854 5211 in
2880 5157 3104 5214 Astures
3125 5176 3243 5217 sese
3267 5178 3386 5218 ver-

1817 5250 2017 5307 terunt,
2046 5242 2360 5312 clademque
2383 5245 2464 5299 eis
2486 5246 2774 5315 improvise
2806 5248 3263 5319 importaverunt,
3290 5255 3385 5309 sed

1815 5331 1984 5387 multo
2014 5332 2317 5402 graviorem
2356 5343 2784 5403 reportaverunt.
2827 5336 3033 5404 Quibus
3079 5340 3380 5400 recedenti—

1814 5424 1936 5487 bus,
1964 5423 2134 5477 nostri
2167 5423 2233 5477 ad
2256 5425 2432 5479 socios
2454 5426 2642 5481 urbem
2664 5426 2971 5485 obsidentes
3001 5434 3203 5488 reversi
3231 5445 3378 5500 sunt,

1815 5521 1869 5567 et
1890 5513 1992 5567 illis
2013 5512 2184 5582 juncti
2216 5515 2396 5569 tandiu
2414 5515 2600 5569 urbem
2616 5517 3002 5585 obambientes,
3020 5529 3076 5576 et
3087 5522 3288 5578 nullum
3306 5526 3380 5580 in-

1815 5602 1963 5671 gredi
1992 5611 2083 5656 aut
2104 5605 2283 5673 egredi
2300 5605 2692 5673 permittentes,
2722 5613 3003 5674 vexarunt,
3033 5610 3203 5667 donec
3220 5611 3381 5668 famis

1817 5692 2110 5748 acerbitate
2137 5696 2307 5749 coacti
2338 5704 2461 5750 sunt
2490 5698 2652 5751 etiam
2678 5700 3033 5755 vetustissima
3060 5704 3214 5759 ostiis
3234 5705 3380 5760 coria
