3906 6316
505 352 609 411 955

1608 343 1935 402 LUDOVlCl
1976 342 1997 397 Ι
2035 338 2507 401 COGNOMENTO
2546 345 2626 399 Ρη

3684 349 3777 403 ἰῑῦϐ

504 464 791 521 detrahere
816 501 831 526 ,
862 470 913 515 ct
944 462 996 515 in
1024 460 1204 515 cibum
1244 455 1674 513 infelicissimum
1708 464 1939 511 vertere.
1983 451 2090 507 Alii
2117 450 2168 509 A
2196 451 2407 510 insidiis
2435 472 2500 510 ex
2533 456 2824 524 improviso
2856 471 2951 510 eos
2983 458 3410 526 aggrederentur
3432 497 3446 517 ,
3488 468 3587 511 aut
3636 471 3781 515 certe

430 612 439 619 _
506 564 689 610 autem
738 561 966 607 mortem
1020 549 1407 604 infelicissima:
1455 553 1832 617 praeponentes
1870 546 2013 609 vitae,
2062 558 2093 599 e

506 642 678 696 muris
705 647 875 694 semet
902 638 1205 707 praecipites
1245 636 1565 697 mittebant,
1618 634 1784 702 aliqui
1814 646 1947 687 vero
1995 646 2092 702 spe

507 730 889 787 animabantur
917 728 1068 781 inani
1103 767 1117 791 ,
1158 726 1459 795 cogitantes
1489 722 1634 792 quod
1661 722 1856 776 Franci
1895 719 2091 799 hiemis

507 820 796 891 asperitate
844 834 875 871 a
924 818 1159 872 civitatis
1190 817 1574 871 cohiberentur
1621 814 1921 869 obsidione.
1981 810 2093 866 Sed

506 911 875 967 hancillorum
898 922 1047 977 spem
1076 907 1309 961 abscidit
1331 905 1680 974 prudentium
1698 903 1938 957 virorum
1965 916 2092 956 con-

506 1002 709 1057 silium.
739 1000 978 1055 Advecta
1008 999 1155 1052 enim
1200 997 1559 1063 undecunque
1603 993 1826 1048 materia
1854 1032 1867 1055 ,
1913 1005 2093 1061 cmpe-

506 1101 636 1147 runt
662 1100 943 1145 exstruere
969 1103 1145 1150 casas,
1171 1086 1336 1141 veluti
1363 1086 1417 1139 in
1439 1084 1687 1139 hibernis
1715 1082 1913 1136 ibidem
1939 1096 2092 1134 man-

506 1180 642 1236 suri.
693 1179 849 1246 Quod
901 1185 1190 1232 cernentes
1243 1176 1479 1230 civitatis
1524 1174 1877 1233 habitatores,
1922 1186 1951 1224 a
1996 1186 2091 1241 spe

507 1269 845 1333 deciderunt,
860 1276 916 1322 et
934 1267 1001 1321 ad
1024 1265 1453 1335 desperationem
1476 1264 1723 1316 ultimam
1743 1261 1906 1324 versi,
1934 1275 2090 1315 suum

506 1359 804 1428 principem
839 1356 1110 1410 Zaddonis
1154 1360 1442 1424 cognatum
1500 1350 1883 1412 tradiderunt,
1931 1362 2092 1415 quem

505 1462 605 1516 pro
633 1462 698 1501 eo
724 1445 1138 1506 constituerant,
1172 1442 1389 1496 nomine
1415 1440 1641 1504 Hamur,
1676 1448 1729 1493 et
1759 1454 1818 1494 se
1859 1446 1915 1492 et
1961 1438 2095 1491 civi-

510 1542 698 1599 tatem,
730 1548 991 1588 concessa
1021 1532 1275 1585 facultate
1300 1528 1610 1593 secedendi,
1635 1528 1961 1582 dediderunt
1988 1527 2094 1580 hoc

509 1624 689 1679 modo.
736 1622 872 1677 Cum
920 1621 1063 1675 enim
1120 1619 1277 1691 longa
1338 1619 1537 1673 fessam
1593 1617 1872 1672 obsidione
1921 1617 2095 1671 nostri

511 1722 766 1769 tenerent
792 1715 1005 1776 urbem,
1036 1720 1091 1768 et
1113 1713 1225 1782 jam
1250 1710 1362 1779 jam
1398 1709 1718 1779 capiendam
1759 1716 1853 1763 aut
1879 1708 2097 1761 traden-

2196 544 2408 598 turbata
2435 544 2678 614 regione,
2712 545 2764 597 in
2788 559 3041 613 pavorem
3065 544 3429 598 solverentur.
3458 545 3634 614 Igitur
3660 562 3779 616 rege

2193 631 2477 687 Tortosam
2504 633 2779 697 tendente,
2808 633 3093 689 memorati
3122 633 3228 687 viri
3255 634 3446 687 tandiu
3474 638 3781 703 superiores

2194 723 2251 777 in
2304 724 2442 779 lberi
2496 732 2680 792 partes
2725 723 2973 779 noctibus
3013 732 3236 789 euntes,
3283 724 3482 778 diebus
3527 726 3780 779 silvarum

2194 812 2362 868 lustra
2388 823 2679 879 sectantes,
2710 813 3213 878 obambulaverunt,
3245 829 3536 883 usquequo
3564 816 3781 886 Cingam

2192 913 2248 958 ct
2282 903 2496 959 Iberum
2540 904 2775 957 natando
2802 904 3006 973 pariter
3045 905 3395 959 transierunt.
3448 906 3507 959 ln
3559 923 3671 975 quo
3705 908 3784 960 iti-

2192 1010 2324 1071 nere
2365 1009 2459 1049 sex
2501 995 2617 1048 dies
2660 995 3020 1064 transigentes
3068 997 3299 1064 septima
3348 1004 3779 1051 transmeaan

2194 1084 2297 1151 Qui
2325 1086 2413 1140 ubi
2436 1100 2625 1139 omnes
2653 1084 2951 1140 incolumes
2976 1094 3285 1151 evaserunt,
3309 1094 3520 1140 terram
3546 1088 3782 1140 hostium

2193 1175 2457 1230 latissime
2487 1183 2873 1239 vastaverunt,
2900 1183 2957 1229 et
2980 1190 3149 1245 usque
3178 1175 3357 1229 villam
3385 1190 3586 1230 eorum
3617 1178 3782 1229 maxi-

2197 1282 2363 1331 mam,
2394 1281 2514 1335 qua:
2542 1264 2897 1320 Villa-Ruben
2923 1274 3167 1331 vocatur,
3203 1274 3598 1334 pervenean
3638 1265 3783 1320 Unde

2196 1356 2360 1411 nimis
2385 1371 2640 1426 magnam
2664 1356 2902 1425 praedam
2949 1355 3304 1419 sustulerunt,
3336 1364 3395 1408 ut
3426 1364 3559 1424 pote
3592 1356 3783 1423 impro-

2196 1446 2329 1500 visis
2367 1445 2630 1510 hostibus,
2661 1454 2715 1498 et
2742 1445 2872 1499 nihil
2916 1444 3024 1499 tale
3071 1460 3307 1514 unquam
3353 1444 3780 1515 suspicantibus.

2198 1532 2404 1599 Quibus
2432 1536 2629 1603 gestis,
2661 1533 2729 1586 iis
2758 1533 2851 1601 qui
2892 1534 3123 1587 evadere
3164 1542 3457 1602 potuerunt
3502 1534 3647 1588 hanc
3678 1535 3782 1603 pla.

2199 1636 2321 1693 gam
2349 1622 2507 1691 longe
2556 1621 2770 1691 lateque
2800 1622 3171 1685 nuntiantibus
3192 1663 3207 1687 ,
3256 1622 3485 1677 collecta
3514 1633 3601 1677 est
3630 1623 3785 1677 Sara-

2202 1726 2459 1767 cenorum
2495 1712 2911 1782 Maurorumque
2955 1713 3238 1767 multitudo
3290 1728 3399 1768 non
3438 1716 3669 1768 minima
3691 1755 3707 1779 ,
3736 1724 3784 1769 et

510 1807 635 1862 dam
684 1806 1004 1869 crederent,
1060 1806 1288 1859 honesto
1334 1810 1394 1858 ut
1440 1803 1662 1857 decebat
1718 1802 1799 1857 usi
1826 1798 2051 1856 consilio
2074 1839 2088 1865 ,
2120 1788 2168 1847 Β
2196 1800 2276 1854 eis
2304 1800 2463 1855 obvia
2482 1800 2725 1855 constitit
2746 1800 2813 1853 ad
2838 1800 3039 1855 ostium
3061 1800 3216 1854 vallis
3238 1816 3359 1869 qua:
3382 1801 3589 1855 dicitur
3606 1802 3784 1857 Vallis-

508 1913 691 1969 regem
718 1906 937 1962 vocant,
962 1904 1023 1951 ut
1055 1896 1186 1950 urbs
1226 1894 1361 1949 tanti
1396 1894 1633 1950 nominis
1671 1893 1962 1964 gloriosum
1996 1905 2092 1945 no-

510 1996 636 2037 men
668 1982 781 2052 regi
808 1989 1154 2052 propagaret,
1186 1981 1230 2036 si
1260 1981 1409 2034 illam
1434 1995 1500 2035 eo
1535 1986 1804 2050 praesente
1848 1977 2091 2047 superari

506 2072 867 2141 contingeret.
927 2071 1270 2142 Suggestioni
1322 2070 1449 2125 huic
1492 2070 1779 2125 admodum
1848 2069 2091 2122 honesta:

507 2173 606 2212 rex
652 2172 934 2212 assensum
1002 2157 1253 2225 praebuit.
1303 2155 1466 2211 Venit
1511 2170 1641 2226 ergo
1689 2155 1755 2208 ad
1789 2153 2088 2208 exercitum

509 2263 668 2303 suum
692 2247 883 2303 urbem
914 2246 1203 2302 vallantem
1223 2287 1237 2310 ,
1267 2262 1387 2315 qua:
1428 2244 1755 2299 indesinenti
1809 2256 2089 2312 oppugna—

512 2339 657 2392 tione
683 2352 779 2392 sex
808 2337 1237 2391 hebdomadibus
1270 2335 1585 2404 perduravit
1610 2374 1625 2399 ,
1654 2341 1711 2387 et
1754 2331 1971 2385 tandem
2003 2345 2093 2384 su-

506 2434 694 2497 perata
720 2426 912 2479 victori
941 2439 1131 2477 manus
1158 2423 1322 2477 dedit.
1349 2421 1567 2476 Tradita
1592 2436 1721 2489 ergo
1744 2426 1796 2473 et
1821 2416 2091 2487 patefacta

514 2516 756 2578 civitate,
788 2515 961 2583 primo
992 2512 1207 2582 quidem
1236 2511 1324 2565 die
1366 2511 1617 2565 custodes
1646 2525 1736 2564 rex
1768 2508 1897 2565 illud
1927 2507 2092 2563 desti-

505 2604 677 2667 navit,
705 2604 819 2672 ipse
853 2610 1034 2655 autem
1061 2602 1128 2654 ab
1156 2600 1272 2669 ejus
1313 2600 1563 2669 ingressu
1600 2599 1883 2682 abstinuit,
1913 2597 2093 2652 donec

507 2693 785 2748 ordinaret
812 2690 1043 2759 qualiter
1068 2705 1190 2744 cum
1231 2690 1393 2759 digna
1417 2690 1527 2743 Deo
1554 2688 1850 2759 gratiarum
1876 2687 2092 2742 actione

509 2782 745 2852 cupitum
768 2789 929 2850 atque
952 2788 1257 2850 susceptam
1280 2780 1563 2835 victoriam
1584 2778 1701 2847 ejus
1729 2778 1934 2832 nomini
1960 2792 2093 2832 con-

510 2881 773 2927 secraret.
804 2872 1263 2927 Antecedentibus
1294 2886 1421 2941 ergo
1459 2885 1578 2924 eum
1612 2870 1667 2923 in
1707 2868 2001 2923 crastinum
2038 2874 2093 2921 et

510 2964 806 3017 exercitum
848 2961 963 3030 ejus
1000 2962 1374 3017 sacerdotibus
1416 2968 1471 3014 et
1512 2958 1682 3024 clero,
1714 2974 1837 3012 cum
1866 2956 2092 3013 solemni

512 3061 777 3123 apparatu
816 3062 871 3107 et
921 3053 1170 3107 laudibus
1222 3051 1547 3121 hymnidicis
1591 3057 1803 3120 portam
1852 3047 2092 3103 civitatis

2193 1886 2376 1951 lbana.
2410 1886 2575 1957 Cujus
2623 1888 2781 1943 vallis
2822 1899 3015 1943 natura
3040 1897 3124 1944 est
3148 1929 3162 1955 ,
3188 1900 3248 1943 ut
3278 1891 3395 1959 ipsa
3422 1892 3480 1944 in
3523 1890 3781 1961 profundo

2186 1975 2379 2045 jacens
2399 1978 2528 2031 hinc
2552 1977 2678 2031 inde
2703 1977 2991 2046 praeruptis
3019 1988 3182 2047 atque
3207 1978 3328 2033 altis
3353 1981 3613 2050 cingatur
3638 1997 3783 2035 mon-

2192 2065 2353 2120 tibus.
2390 2064 2563 2132 Quam
2592 2066 2697 2121 nisi
2738 2066 2831 2122 Dei
2866 2068 3106 2138 provisio
3144 2068 3348 2123 intrare
3390 2072 3778 2140 prohibuisset,

2192 2155 2369 2208 nostri
2392 2156 2598 2225 absque
2626 2155 2731 2209 ullo
2760 2171 2901 2225 pene
2932 2157 3169 2211 hostium
3194 2158 3380 2213 labore
3404 2158 3650 2229 lapidum
3676 2162 3779 2215 icti-

2191 2248 2294 2303 bus
2315 2256 2567 2317 poterant
2594 2248 2838 2313 interire,
2872 2248 2956 2303 vel
2993 2250 3047 2303 in
3071 2264 3264 2303 manus
3302 2249 3657 2305 inimicorum
3696 2252 3777 2306 de-

2194 2338 2397 2392 venire.
2431 2336 2501 2390 At
2529 2338 2653 2391 dum
2687 2337 2762 2391 illi
2791 2338 2926 2391 viam
2954 2346 3320 2406 praestruunt,
3379 2340 3558 2395 nostri
3609 2351 3778 2393 autem

2192 2428 2451 2483 aliorsum
2488 2431 2629 2483 viam
2663 2430 2987 2498 apertiorem
3018 2430 3429 2499 planioremque
3459 2441 3675 2500 petunt,
3703 2447 3779 2485 re.

2194 2526 2447 2587 putantes
2483 2519 2651 2573 Mauri
2685 2520 2800 2573 haec
2843 2527 3059 2574 nostros
3092 2535 3200 2575 non
3228 2521 3299 2574 ob
3329 2522 3413 2575 sui
3445 2531 3663 2574 tantum
3699 2537 3787 2575 cu-

2195 2607 2445 2672 stodiam,
2483 2607 2578 2662 sed
2607 2616 2752 2661 metu
2778 2609 2958 2677 potius
2999 2624 3187 2663 eorum
3217 2609 3421 2675 facere,
3451 2625 3485 2663 a
3519 2619 3674 2679 tergo
3695 2626 3778 2664 eos

2193 2697 2569 2767 insequuntur.
2600 2698 2768 2754 Porro
2796 2707 2977 2753 autem
3019 2701 3189 2755 nostri
3224 2702 3465 2769 praedam
3518 2710 3669 2754 retro
3706 2716 3778 2753 re-

2194 2788 2531 2858 linquentes,
2567 2790 2733 2845 facies
2758 2792 3005 2846 hostibus
3044 2792 3414 2859 nudaverunt,
3444 2794 3771 2848 restiterunt.

2195 2879 2521 2950 Christoque
2543 2880 2767 2949 juvante
2795 2884 2939 2952 ipsos
2969 2893 3118 2953 terga
3143 2893 3357 2939 vertere
3382 2885 3771 2954 compulerunt.

2197 2968 2343 3035 Quos
2380 2978 2563 3025 autem
2585 2972 3078 3041 apprehenderunt,
3108 2983 3459 3037 necaverunt,
3494 2984 3554 3028 et
3584 2975 3691 3028 lzeti
3716 2978 3774 3028 ad

2199 3062 2436 3131 praedam
2474 3078 2639 3132 quam
2681 3063 3013 3133 reliquerant
3063 3065 3341 3119 redierunt
3394 3080 3409 3118 :
3450 3081 3519 3121 ac
3568 3066 3774 3119 tandem

513 3146 814 3215 ingressus,
846 3154 899 3199 ct
922 3146 986 3199 ad
1015 3145 1297 3199 ecclesiam
1328 3152 1529 3199 sancta:
1556 3150 1611 3198 et
1634 3142 2095 3199 victoriosissimac
2121 3126 2166 3189 Ο
2197 3160 2320 3223 post
2348 3152 2464 3208 dies
2493 3154 2681 3224 viginti
2706 3170 2817 3209 suae
2844 3157 3215 3227 digressionis,
3240 3158 3307 3211 ad
3337 3172 3524 3228 regem
3552 3159 3773 3223 alacres,

513 3234 725 3297 Crucis,
754 3248 854 3302 pro
885 3235 1109 3287 victoria
1147 3234 1248 3287 sibi
1285 3233 1502 3297 collata,
1532 3234 1828 3303 gratiarum
1852 3234 2094 3290 actiones

513 3324 625 3377 Deo
658 3332 901 3388 acturus,
929 3338 1250 3392 progressus
1274 3331 1360 3377 est
1395 3320 1565 3392 (805).
1598 3322 1767 3376 Porro
1812 3330 1933 3391 post
1978 3324 2093 3377 haec

514 3412 650 3467 Bern
680 3413 878 3466 comite
930 3413 1130 3479 ibidem
1164 3412 1230 3464 ad
1271 3410 1573 3465 custodiam
1620 3412 1808 3466 relicto
1836 3427 1956 3465 cum
1987 3409 2093 3465 Go-

515 3503 731 3557 thorum
763 3502 1011 3567 auxiliis,
1038 3502 1311 3556 hiemandi
1339 3502 1511 3572 gratla
1542 3502 1608 3556 ad
1636 3502 1855 3571 prepria
1886 3516 2093 3563 remea-

516 3593 612 3645 vit.
648 3591 744 3645 Cui
776 3600 951 3659 pater,
968 3597 1245 3660 wmperto
1265 3590 1408 3660 quod
1434 3590 1481 3645 ei
1506 3590 1788 3644 imminere
1813 3590 2096 3644 videbatur

517 3696 548 3735 a
596 3690 750 3751 parte
806 3680 1200 3734 Saracenorum
1245 3680 1526 3749 periculo,
1582 3679 1805 3735 fratrem
1839 3680 2093 3736 Carolum

516 3771 936 3841 suffragatorum
962 3773 1237 3826 mittebat:
1266 3772 1423 3840 eique
1442 3772 1685 3840 Lugduni
1713 3774 1913 3843 agenti,
1948 3783 2002 3827 et
2028 3774 2095 3827 ad

516 3860 701 3915 fratris
727 3861 1052 3930 adjutorium
1092 3861 1443 3931 properanti,
1474 3860 1695 3914 nuntius
1736 3863 1880 3931 regis
1912 3861 2097 3916 fratris

516 3952 773 4017 occurrit,
815 3960 1023 4020 captam
1071 3953 1344 4007 civitatem
1392 3952 1679 4017 nuntiavit,
1709 3961 1765 4007 ct
1791 3968 1859 4007 ne
1888 3952 2097 4023 longius

519 4041 835 4111 fatigaretur
857 4082 871 4107 ,
904 4042 1092 4096 edixit.
1139 4042 1239 4108 Qui
1277 4043 1345 4097 ab
1379 4044 1569 4097 eodem
1598 4042 1716 4098 loco
1766 4043 2095 4113 regrediens,

519 4134 586 4188 ad
622 4142 831 4201 patrem
883 4140 965 4187 est
1009 4148 1282 4188 reversus.
1332 4133 1481 4204 Rege
1520 4148 1681 4202 porro
1721 4134 1994 4189 Ludovico
2043 4136 2097 4189 in

520 4222 809 4289 Aquitania
833 4222 1120 4276 hibernum
1146 4230 1340 4291 agente
1366 4230 1577 4292 tempus
1599 4264 1612 4287 ,
1641 4232 1799 4292 pater
1828 4240 1925 4278 rex
1971 4239 2097 4278 cum

522 4311 799 4365 mandavit
838 4313 1023 4366 venire
1066 4313 1136 4367 ad
1182 4329 1340 4367 suum
1390 4314 1716 4383 colloquium
1753 4315 2095 4387 Aquisgrani,

524 4398 578 4451 in
627 4399 1007 4455 Purilicatione
1052 4410 1256 4456 sancta:
1298 4403 1481 4458 Mariae
1522 4405 1797 4474 genitricis
1834 4406 1947 4459 Dei.
2001 4406 2099 4461 Cui

526 4504 820 4544 occurrens
850 4530 864 4555 ,
895 4502 950 4545 et
975 4508 1253 4560 quousque
1277 4493 1480 4563 placuit
1500 4510 1623 4549 cum
1647 4510 1711 4549 eo
1737 4510 2095 4561 commorans,

528 4582 948 4650 quadragesima).
970 4591 1212 4651 tempore
1253 4584 1432 4637 rediit.
1463 4585 1532 4638 At
1557 4586 1873 4639 succedente
1916 4594 2102 4639 aestate

532 4672 703 4744 (806),
735 4687 857 4725 cum
884 4682 1086 4742 quanto
1116 4674 1291 4727 visum
1331 4683 1416 4728 est
1455 4676 1505 4728 ei
1533 4675 1724 4729 bellico
1757 4684 2017 4744 apparatu
2048 4676 2102 4729 in

532 4770 844 4839 Hispaniam
876 4772 1239 4841 proficiscitur
1262 4813 1276 4838 ,
1307 4773 1685 4843 profectusque
1718 4789 1811 4842 per
1852 4776 2104 4829 Barcino-

535 4872 679 4937 nan’l,
705 4880 761 4925 et
780 4872 1004 4927 veniens
1034 4872 1393 4926 Tarraconam
1416 4913 1429 4936 ,
1468 4888 1604 4941 quos
1632 4872 1829 4927 ibidem
1873 4873 2099 4941 reperit,

537 4971 699 5039 cepit,
723 4970 856 5024 alios
879 4968 1101 5040 fugavit,
1134 4970 1491 5039 universaque
1518 4971 1634 5025 loca
1662 5011 1675 5034 ,
1706 4970 1922 5024 castella
1945 5010 1959 5034 ,
1989 4985 2105 5023 mu-

538 5060 768 5131 nicipia,
811 5074 980 5127 usque
1025 5059 1305 5113 Tortosam
1344 5061 1425 5114 vis
1465 5060 1716 5114 militaris
1758 5060 1998 5122 excidit,
2053 5068 2107 5113 et

540 5148 755 5203 ﬂamma
808 5164 974 5202 vorax
1026 5148 1376 5217 consumpsit.
1428 5150 1635 5203 Interea
1673 5150 1728 5203 in
1774 5150 1910 5212 loco,
1956 5148 2106 5218 cujus

541 5240 857 5294 vocabulum
883 5250 965 5295 est
992 5248 1195 5295 sanch
1223 5239 1493 5295 Columbae
1511 5280 1525 5304 ,
1557 5241 1740 5295 divisit
1773 5242 1954 5309 copias
1983 5255 2106 5295 suas

542 5332 599 5384 in
624 5331 751 5393 duo,
774 5343 934 5397 quam
962 5330 1251 5383 maximam
1279 5329 1495 5398 quidem
1528 5340 1735 5397 partem
1776 5344 1958 5384 secum
1984 5346 2109 5386 con-

542 5428 624 5471 tra
655 5417 936 5473 Tortosam
969 5420 1169 5474 ducens
1195 5436 1207 5470 :
1236 5433 1398 5488 porro
1429 5419 1812 5486 lsembardum,
1848 5420 2109 5475 Hadema-

542 5525 684 5572 rum,
719 5510 909 5564 Beram
929 5552 941 5573 ,
988 5510 1286 5565 Burrellum
1316 5526 1437 5565 cum
1463 5510 1684 5579 reliquis
1708 5513 2108 5581 expeditissime

545 5601 612 5653 ad
652 5602 926 5668 superiora
973 5602 1232 5670 dirigens,
1268 5612 1327 5655 ut
1366 5602 1518 5655 lbero
1564 5600 1781 5655 flumine
1830 5604 2058 5657 transito
2088 5644 2103 5668 ,

546 5690 671 5746 dum
727 5694 905 5748 hostes
954 5696 1006 5748 in
1052 5694 1266 5749 sedibus
1294 5694 1469 5749 securi
1508 5694 1825 5760 residerent,
1870 5695 1936 5751 ab
1989 5696 2108 5751 istis

2192 3242 2535 3311 paucissimis
2575 3258 2795 3299 suorum
2839 3244 3055 3300 amissis
3084 3286 3099 3312 ,
3127 3247 3426 3302 redierunt.
3455 3250 3573 3303 Rex
3602 3262 3774 3306 autem

2192 3330 2500 3387 Ludovicus
2547 3348 2674 3388 suos
2722 3333 2969 3389 lzetanter
3007 3338 3245 3405 recepit,
3306 3346 3360 3391 et
3413 3347 3563 3393 terra
3603 3342 3773 3396 hosti.”

2192 3436 2579 3492 usquequaque
2603 3432 2811 3477 vastata
2838 3426 3054 3480 domum
3088 3428 3265 3481 rediit.

2267 3512 2525 3582 Sequenti
2547 3527 2678 3567 vero
2706 3522 2945 3583 tempore
2982 3516 3177 3571 iterum
3208 3533 3303 3573 rex
3339 3518 3652 3577 Ludovicus
3687 3538 3773 3577 ex-

2193 3604 2519 3675 peditionem
2550 3605 2603 3657 in
2635 3604 2948 3675 Hispaniam
2970 3609 3197 3676 paravit.
3251 3608 3358 3663 Sed
3387 3621 3547 3679 pater
3589 3628 3657 3665 ne
3687 3628 3773 3681 per

2194 3695 2542 3765 semetipsum
2562 3696 2691 3749 illuc
2711 3705 2961 3766 pergeret
2987 3712 3110 3751 eum
3147 3698 3448 3768 impedivit.
3503 3701 3772 3771 Praecepe-

2196 3799 2283 3844 rat
2319 3806 2556 3861 namque
2602 3798 2732 3844 tunc
2774 3792 3031 3860 temporis
3072 3792 3329 3847 fabricari
3379 3810 3550 3848 naves
3593 3807 3768 3849 contra

2196 3879 2657 3934 Nordomannicas
2687 3881 3047 3946 incursiones,
3094 3882 3146 3935 in
3187 3884 3441 3938 omnibus
3476 3883 3771 3937 ﬂuminibus

2196 3987 2317 4041 quae
2345 3972 2480 4025 mari
2510 3970 2816 4025 influebant.
2867 3972 3037 4039 Quam
3059 3988 3245 4027 curam
3272 3976 3440 4029 etiam
3474 3977 3585 4028 lilio
3614 3976 3771 4044 injun-

2200 4062 2279 4115 xit
2306 4061 2633 4135 Rhodanum
2674 4071 2729 4115 et
2772 4062 3102 4116 Garumnam
3136 4072 3190 4116 et
3234 4062 3480 4117 Silidam.
3532 4065 3768 4117 Attamen

2199 4152 2417 4206 misitei
2446 4151 2671 4205 missum
2700 4166 2855 4204 suum
2891 4150 3249 4220 lngobertum,
3288 4153 3379 4220 qui
3414 4152 3509 4205 ﬁlii
3550 4169 3769 4222 presen-

2202 4241 2329 4295 tiam
2359 4239 2659 4309 prteferret,
2689 4249 2744 4293 et
2768 4241 2885 4295 vice
2908 4241 3187 4295 amborum
3210 4252 3402 4298 contra
3424 4242 3611 4298 hostes
3630 4258 3768 4296 exer-

2199 4334 2367 4387 citum
2400 4333 2640 4387 duceret.
2691 4332 2836 4403 Rege
2866 4341 3045 4388 autem
3067 4334 3121 4387 in
3141 4334 3431 4403 Aquitania
3472 4344 3767 4389 remanente

2125 4463 2177 4520 D
2202 4425 2272 4477 ob
2296 4424 2659 4493 supradictam
2690 4439 2928 4488 causam,
2959 4425 3231 4480 exercitus
3266 4425 3385 4493 ejus
3424 4426 3618 4480 itinere
3652 4440 3764 4494 pro.

2203 4527 2366 4583 spero
2394 4512 2746 4566 Barcinonam
2778 4512 2940 4576 venit,
2974 4514 3157 4582 ibique
3180 4516 3366 4568 habito
3402 4516 3549 4569 inter
3578 4531 3635 4569 se
3659 4530 3766 4569 con-

2203 4603 2341 4668 silio,
2366 4606 2632 4672 quomodo
2660 4604 2905 4658 hostibus
2927 4605 3257 4659 clandestina
3282 4619 3507 4675 possent
3531 4621 3765 4674 superve-

2204 4693 2321 4747 nire
2359 4694 2677 4762 irruptione,
2722 4693 3041 4747 invenerunt
3080 4695 3221 4747 hunc
3260 4695 3481 4748 modum
3512 4714 3525 4747 :
3557 4697 3762 4749 scilicet.

2203 4790 2263 4836 ut
2307 4798 2471 4837 naves
2508 4783 2925 4837 transvectorias
2960 4783 3307 4845 fabricantes,
3345 4801 3764 4853 unamquamque

2205 4886 2391 4927 earum
2446 4873 2500 4924 in
2547 4880 2838 4939 quaternas
2892 4872 3225 4939 partirentur
3264 4866 3468 4941 partes,
3520 4884 3764 4942 σιιιδιιδηιις

2206 4978 2331 5032 pars
2352 4970 2609 5030 quaterna
2636 4960 2893 5029 cujusque
2922 4961 3129 5015 duobus
3161 4964 3315 5030 equis
3345 4964 3429 5015 vel
3470 4966 3633 5018 mulis
3659 4966 3762 5017 vehi

2206 5060 2405 5123 posset,
2447 5062 2501 5106 et
2535 5053 2852 5121 przeparatis
2880 5052 3047 5106 clavis
3086 5063 3139 5107 et
3178 5056 3434 5108 marculis
3474 5055 3630 5110 facile
3657 5072 3763 5109 co:-

2207 5146 2346 5215 ptari
2376 5145 2654 5198 valerent:
2679 5145 2797 5212 pice
2830 5160 2955 5199 vero
2990 5154 3043 5197 et
3068 5160 3194 5199 cera
3220 5162 3285 5199 ac
3314 5158 3473 5215 stupa
3510 5162 3757 5227 praepara-

2210 5240 2302 5301 tis,
2322 5253 2446 5291 mox
2471 5245 2531 5290 ut
2559 5237 2624 5290 ad
2646 5236 2841 5289 flumen
2864 5237 3157 5298 veniretur,
3179 5252 3503 5305 compagum
3517 5238 3762 5304 junctum

2209 5327 2422 5382 obcludi
2450 5335 2689 5397 possent.
2737 5326 2829 5380 Sic
2857 5328 3038 5395 itaque
3076 5332 3349 5391 instructi,
3390 5329 3627 5381 maxima
3657 5342 3763 5394 pars

2209 5432 2395 5471 eorum
2425 5433 2545 5471 cum
2574 5418 2829 5485 praedicto
2857 5418 3023 5470 misso
3060 5416 3341 5486 lngoberto
3372 5418 3654 5470 Tortosam
3689 5430 3764 5483 pe-

2214 5510 2389 5563 tierat.
2440 5509 2509 5561 At
2528 5522 2657 5561 vero
2686 5508 2723 5560 ii
2748 5507 2839 5576 qui
2869 5508 2934 5560 ad
2962 5523 3096 5575 opus
3133 5508 3504 5575 supradietum
3543 5514 3665 5559 sunt
3688 5506 3765 5557 de-

2210 5600 2399 5668 putati,
2439 5600 2772 5654 Hademarus
2818 5598 3044 5662 scilicet,
3084 5596 3220 5650 Bera
3266 5607 3317 5649 et
3366 5597 3580 5665 reliqui,
3623 5598 3759 5649 trium

2213 5692 2419 5746 dierum
2452 5704 2670 5745 emenso
2699 5688 2886 5742 itinere
2918 5689 3093 5757 (erant
3114 5689 3258 5743 enim
3288 5688 3409 5742 sine
3431 5687 3759 5755 sagulatibusl
