3906 6332
118 342 227 396 937

1635 336 1813 392 VITA.

3251 343 3357 397 938

115 461 260 511 cmlo
288 474 384 527 pro
411 466 549 511 tecto
603 464 835 523 utentes,
863 460 970 529 igni
1005 458 1135 530 [Αι.,
1175 459 1315 529 fuco]
1345 474 1411 512 ne
1440 458 1585 511 fumo
1609 458 1694 510 de-

1822 455 2129 517 ttveedentes,
2181 454 2355 505 vertis
2410 456 2621 521 quidem
2676 469 2768 509 eos
2815 456 2903 524 qui
2953 457 3363 527 propugnaculis

123 547 588 616 prehenderentur
618 548 1003 612 renuntiantes,
1045 550 1194 603 silvis
1236 564 1293 603 se
1322 549 1409 603 die
1451 548 1698 603 occulen—

122 651 232 706 tes,
269 650 443 705 nocte,
494 652 755 711 quantum
803 658 961 712 posse
1009 644 1260 707 dabatur,
1314 643 1416 696 iter
1459 649 1696 713 agentes,

120 741 322 801 quarto
350 731 435 785 die
458 731 610 785 Ibero
643 733 937 800 compactis
962 733 1188 785 navibus
1211 732 1312 801 ipsi
1335 732 1546 801 quidem
1575 739 1699 785 sunt

122 823 457 891 transpositi,
490 838 655 891 equos
679 832 858 877 autem
881 825 1085 878 natatui
1110 826 1515 879 commiserunt.
1548 824 1699 890 Quod

122 914 325 967 factum
353 929 601 984 magnum
630 922 756 967 voto
781 929 967 969 eorum
996 926 1282 985 pepererat
1305 916 1574 981 effectum,
1596 916 1700 970 nisi

124 1003 321 1057 fuisset
360 1002 623 1056 acerrime
652 1002 1066 1072 deprehensum.
1121 1002 1253 1057 Cum
1282 1005 1424 1058 enim
1455 1002 1701 1058 Abaidun

122 1091 235 1146 dux
276 1090 514 1145 Tortosze
542 1090 725 1144 littora
762 1091 897 1146 lberi
931 1091 1203 1146 obsideret
1244 1091 1495 1155 fluminis,
1538 1100 1592 1144 et
1626 1091 1700 1144 illi

121 1196 264 1250 quos
291 1195 451 1248 supra
489 1180 725 1239 diximus
756 1181 1034 1248 superiora
1077 1180 1219 1234 illius
1255 1181 1414 1233 modo
1448 1180 1702 1248 praedicto

126 1271 573 1335 transmitterem,
638 1270 855 1324 Maurus
888 1272 1105 1338 quidam
1147 1270 1359 1324 lavandi
1400 1270 1570 1338 gratia
1611 1268 1705 1321 llu-

123 1376 255 1416 men
284 1361 573 1431 ingressus,
604 1360 787 1413 fimum
814 1374 844 1412 a
874 1358 1091 1412 flumine
1119 1360 1250 1413 vidit
1274 1358 1401 1414 ferri
1424 1360 1699 1426 equinum.

124 1451 249 1517 Quo
273 1452 410 1514 viso,
443 1450 582 1504 sicut
616 1456 739 1503 sunt
772 1448 951 1501 nimia;
986 1447 1313 1512 calliditatis,
1358 1448 1617 1502 adnatans
1644 1446 1704 1499 fi-

123 1555 382 1608 mumque
409 1538 892 1606 comprehenderis,
933 1544 987 1591 et
1022 1538 1239 1592 naribus
1275 1538 1584 1601 admovens,
1613 1553 1706 1591 ex-

124 1627 683 1693 clamavit:Cernite,
728 1628 998 1696 inquiens,
1043 1644 1076 1684 o
1119 1629 1272 1693 socii,
1313 1644 1507 1683 moneo
1545 1644 1706 1697 quam

128 1730 338 1776 cavete.
391 1718 527 1773 Nam
557 1720 660 1773 hoc
690 1727 902 1774 stercus
937 1734 1043 1773 non
1078 1720 1264 1790 onagri
1287 1726 1389 1784 est,
1423 1719 1505 1773 vel
1529 1718 1707 1786 cujus-

1799 540 2186 609 prmsidebant,
2222 540 2453 609 primum
2495 542 2757 597 lacessere
2781 585 2794 607 ,
2839 544 3030 599 deinde
3072 546 3363 601 missilibus

1800 633 2067 687 incessere
2129 641 2355 687 tentant.
2423 632 2685 704 Oppidani
2745 651 2906 704 porro
2959 644 3366 692 contemnentes

1798 724 2142 795 przcsentium
2170 726 2517 793 paucitatem,
2549 727 2843 782 absentium
2878 730 3159 785 metientes
3186 746 3364 786 seram

1800 814 2168 869 occursionem
2196 854 2212 878 ,
2249 816 2449 884 apertis
2504 816 2676 883 portis
2720 818 3019 886 prosiliunt.
3066 820 3366 891 Pugnatum

1801 906 1925 959 hinc
1957 904 2079 959 inde
2102 912 2183 958 est
2208 907 2363 959 :cazsi
2390 915 2511 960 sunt
2531 907 2597 962 ab
2625 915 2851 977 utraque
2879 917 3047 979 parte,
3074 920 3128 965 et
3151 912 3365 967 tandem

1802 994 1875 1047 illi
1897 1008 2012 1048 sese
2042 993 2095 1046 in
2122 995 2394 1049 civitatem
2418 1007 2756 1066 receperunt,
2785 998 2872 1054 isti
2896 1007 3072 1055 autem
3099 1002 3164 1055 ad
3188 1012 3365 1057 castra

1800 1083 2043 1138 mansuri
2081 1086 2374 1140 redierunt.
2420 1086 2696 1142 Protracta
2735 1090 2898 1159 igitur
2927 1089 3224 1161 obsidione,
3250 1105 3371 1163 per-

1805 1185 1926 1228 acta
1956 1178 2277 1242 vastatione,
2307 1186 2362 1230 et
2401 1192 2731 1246 quaecunque
2768 1180 2881 1234 visa
2909 1188 3036 1235 sunt
3065 1192 3251 1237 contra
3277 1184 3375 1238 ini—

1803 1262 1972 1317 micos
2008 1266 2211 1335 agenda
2249 1281 2345 1335 pro
2384 1266 2477 1320 irae
2513 1266 2895 1333 satisfactione,
2926 1271 2993 1324 ad
3031 1285 3207 1341 regem
3249 1282 3374 1327 sunt

1805 1353 2021 1415 reversi,
2053 1354 2143 1421 qui
2173 1370 2238 1408 co
2266 1364 2504 1423 tempore
2531 1354 2585 1408 in
2616 1355 2763 1409 silvis
2787 1358 3126 1414 venationum
3146 1377 3374 1431 occupa-

1805 1438 1961 1492 batur
1994 1440 2205 1494 studiis.
2256 1440 2384 1495 Erat
2411 1442 2555 1496 enim
2580 1450 2787 1513 tempus
2819 1448 3059 1501 autumni
3096 1460 3373 1518 perextre-

1805 1545 1969 1584 mum.
2013 1531 2261 1601 Reeeptis
2300 1548 2427 1603 ergo
2463 1535 2575 1589 suis
2618 1534 2685 1588 ab
2722 1537 3059 1605 expeditione
3100 1545 3373 1610 praemissa

1806 1619 2172 1686 redeuntibus,
2203 1637 2297 1675 rex
2321 1622 2554 1678 hiemem
2593 1635 2925 1694 sequentem,
2966 1629 3020 1683 in
3056 1632 3170 1687 suis
3202 1634 3378 1687 consi-

1806 1716 1974 1773 stens,
2020 1709 2241 1777 pacifice
2285 1712 2483 1782 exegit.
2514 1711 2587 1767 At
2627 1716 2948 1772 succedente
2983 1726 3171 1775 (estate
3206 1721 3375 1793 (810).

129 1825 349 1878 cunque
387 1809 678 1863 animantis
707 1810 947 1864 herbidis
986 1810 1187 1864 assueti
1231 1811 1496 1880 pastibus,
1531 1812 1704 1867 enim-

1822 1799 1980 1853 tccito
2014 1801 2193 1870 populi
2228 1802 2310 1855 sui
2348 1803 2581 1873 generali
2621 1814 2906 1873 conventu,
2946 1808 3130 1862 retulit
3166 1788 3246 1866 eis
3276 1788 3375 1867 sibi

126 1917 266 1956 vero
302 1900 656 1969 equina-esse
696 1900 813 1954 haec
850 1908 1031 1970 egesta
1070 1908 1315 1955 constat:
1342 1916 1460 1969 qua:
1504 1909 1708 1956 certum

128 1998 223 2044 est
258 1989 423 2043 fuisse
456 1987 742 2054 hordeum,
775 1996 831 2043 et
857 1989 927 2043 ob
970 1989 1073 2044 hoc
1108 2004 1367 2058 equorum
1412 1989 1495 2043 vel
1540 1990 1712 2044 mulo-

131 2083 257 2134 rum
283 2079 507 2149 pabula;
540 2080 765 2148 ideoque
794 2080 1005 2135 cautius
1041 2081 1274 2151 vigilate,
1316 2097 1440 2135 nam
1470 2082 1521 2134 in
1550 2096 1710 2149 supe-

134 2171 375 2226 rioribus
418 2169 655 2224 fluminis
705 2168 880 2237 hujus,
931 2178 991 2224 ut
1032 2185 1216 2235 cerno,
1257 2171 1411 2225 nobis
1454 2180 1715 2239 parantur

132 2261 365 2316 insidiae.
424 2259 707 2327 Extemplo
754 2259 887 2314 duos
939 2274 1161 2313 suorum
1206 2260 1513 2314 conscensis
1561 2260 1713 2328 equis

133 2350 471 2420 speculatum
502 2348 756 2417 dirigunt.
801 2340 925 2414 Qui,
948 2350 1147 2405 nostris
1175 2350 1322 2413 visis,
1356 2350 1496 2421 quod
1528 2364 1714 2403 verum

132 2449 289 2504 erat,
334 2438 616 2493 Abaiduno
667 2438 992 2498 renuntiant.
1041 2438 1111 2491 At
1154 2437 1227 2490 illi
1275 2438 1469 2492 timore
1514 2439 1709 2501 coacti,

133 2528 413 2591 omnibus,
440 2542 560 2595 qua:
581 2526 873 2580 castrensis
908 2512 1166 2579 habitatio
1202 2525 1411 2590 habuit,
1437 2514 1707 2595 posthabi-

138 2618 215 2673 tis
249 2628 409 2687 atque
436 2617 694 2682 dimissis,
732 2615 868 2687 fuga:
907 2629 967 2669 se
1007 2616 1395 2671 commiserunt
1419 2634 1431 2669 :
1455 2616 1716 2671 omnium-

137 2728 248 2781 que
271 2712 582 2767 relictorum
609 2710 775 2764 nostri
796 2710 971 2778 potiti,
1011 2710 1065 2763 in
1102 2709 1315 2763 illorum
1354 2708 1717 2777 papilionibus

139 2801 234 2855 illa
263 2809 389 2855 sunt
410 2808 567 2855 nocte
592 2798 867 2868 hospitali.
916 2797 1019 2853 Sed
1041 2797 1285 2852 Abaidun
1306 2797 1527 2852 collecta
1548 2796 1715 2851 multa

142 2906 308 2945 manu
328 2890 583 2954 hostium,
607 2889 686 2942 eis
710 2888 763 2941 in
782 2888 1075 2941 crastinum
1097 2887 1434 2957 pneliaturus
1454 2888 1711 2941 occurrit.

142 2979 327 3035 Nostri
354 2987 532 3032 tamen
563 2978 743 3032 divino
767 2975 889 3029 freti
916 2976 1129 3039 auxilio,
1170 2975 1295 3031 licet
1322 2978 1557 3046 impares
1580 2976 1720 3031 mu)-

142 3078 309 3137 teque
338 3081 563 3122 numero
590 3067 889 3131 inferiores,
922 3076 1099 3120 tamen
1136 3066 1318 3121 hostes
1351 3066 1536 3138 fugere
1572 3082 1720 3122 com-

142 3157 434 3227 pulerunt,
474 3157 748 3226 multaque
782 3171 968 3211 eorum
1007 3164 1188 3227 strage
1217 3158 1360 3211 viam
1398 3157 1717 3228 fugientium

146 3247 529 3317 impleverunt.
585 3247 652 3300 Et
689 3261 753 3301 eo
794 3262 963 3315 usque
1009 3262 1201 3301 manus
1243 3246 1310 3299 ab
1351 3260 1537 3301 eorum
1576 3249 1719 3303 czede

147 3353 255 3391 non
288 3338 689 3402 continuerunt,
717 3336 887 3391 donec
914 3336 1042 3391 solis
1081 3337 1293 3405 dieique
1332 3336 1532 3392 lumine
1565 3352 1719 3392 rece-

146 3426 336 3490 dente,
377 3434 432 3480 et
470 3427 658 3480 umbra
704 3426 877 3481 noctis
919 3434 1120 3481 terram
1160 3434 1477 3496 occupante,
1520 3427 1722 3482 lumina

146 3517 429 3571 stellarum
464 3524 673 3571 noctem
710 3517 945 3572 solatura
984 3518 1351 3573 succederent.
1405 3518 1499 3573 llis
1537 3520 1722 3590 gestis,

145 3605 368 3660 Christo
393 3606 623 3671 favente,
664 3607 730 3661 ad
760 3622 885 3662 suos
915 3621 1035 3662 sese
1061 3623 1255 3676 magno
1284 3624 1406 3663 cum
1444 3610 1637 3680 gaudio
1672 3618 1724 3663 et

145 3700 344 3768 Opibus
391 3699 737 3767 collegerunt.
785 3698 885 3753 Diu
930 3700 1089 3754 etiam
1135 3700 1292 3754 simul
1335 3700 1551 3754 obsessa
1592 3703 1723 3755 urte

148 3791 372 3852 domum
402 3791 743 3861 repedarunt.

222 3880 392 3935 Porro
426 3897 567 3935 anno
594 3882 720 3936 huic
744 3883 989 3951 proximo
1012 3882 1158 3953 (808)
1182 3882 1483 3939 Ludovicus
1511 3900 1599 3938 rex
1630 3898 1725 3952 per

146 3972 501 4039 semetipsum
551 3971 834 4025 Tortosam
878 3983 1119 4042 repetere
1165 3974 1369 4039 statuit,
1410 3972 1616 4028 habens
1651 3987 1731 4027 se-

148 4074 278 4113 cum
309 4058 668 4122 Heribertum,
694 4059 1026 4124 Liutardum,
1049 4060 1433 4127 lsembardum,
1466 4062 1730 4115 validum-

148 4165 261 4219 que
288 4149 531 4204 Francite
567 4149 1013 4219 supplementum.
1057 4151 1173 4218 Quo
1214 4152 1551 4221 perveniens,
1595 4152 1727 4205 adeo

148 4238 299 4291 illam
328 4238 605 4303 arietibus,
637 4238 1010 4309 mangonibus,
1040 4240 1211 4294 vineis
1231 4248 1285 4293 et
1305 4241 1513 4294 caeteris
1535 4241 1729 4294 instru-

150 4328 353 4381 mentis
381 4327 650 4382 lacessivit
676 4336 730 4380 et
756 4328 1001 4397 protrivit
1040 4327 1351 4393 muralibus,
1391 4336 1449 4382 ut
1487 4331 1633 4383 cives
1666 4330 1730 4383 il-

149 4418 261 4471 lius
308 4432 337 4470 a
382 4432 475 4485 spe
529 4418 871 4481 deciderent,
922 4416 1285 4488 infractosque
1332 4435 1456 4474 suos
1505 4422 1729 4475 adverso
1760 4448 1808 4505 Ι)

150 4512 330 4559 marte
370 4514 688 4569 cernentes,
733 4505 913 4559 claves
957 4506 1191 4560 civitatis
1240 4509 1532 4562 traderent.
1586 4510 1731 4576 Quas

144 4596 249 4650 ille
305 4596 520 4650 rediens
570 4612 691 4650 cum
735 4596 905 4649 multo
947 4594 1127 4650 favore
1171 4599 1309 4665 patri
1350 4599 1549 4652 retulit.
1604 4599 1732 4665 Qua:

152 4700 247 4739 res
282 4698 530 4752 maguum
566 4683 853 4738 Saracenis
892 4692 945 4737 et
979 4684 1176 4738 Mauris
1203 4701 1302 4754 pro
1341 4688 1535 4742 talibus
1567 4690 1733 4758 gestis

154 4775 387 4831 incussit
413 4783 633 4839 metum,
663 4776 971 4829 verentibus
1002 4789 1069 4830 ne
1104 4778 1338 4847 singulas
1367 4780 1607 4835 civitates
1638 4796 1735 4851 par

152 4882 282 4921 sors
323 4863 635 4919 iuvolveret.
678 4864 944 4919 Reversus
982 4874 1066 4920 est
1108 4867 1273 4936 igitur
1310 4885 1404 4924 rex
1450 4886 1481 4924 a
1521 4870 1735 4926 civitate

152 4964 283 5028 post
307 4957 658 5026 quadraginta
690 4957 804 5011 dies
828 4958 1091 5011 inchoata:
1110 4959 1421 5026 obsidionis,
1448 4972 1503 5016 et
1531 4964 1586 5017 in
1616 4978 1738 5032 pro-

155 5046 338 5115 prium
372 5061 429 5100 se
468 5045 692 5100 contulit
731 5062 977 5117 regnum.
1034 5048 1105 5104 At
1147 5060 1267 5120 post
1320 5053 1442 5106 anni
1488 5053 1741 5107 instantis

157 5151 452 5189 excursum
487 5136 656 5206 (809),
682 5140 975 5194 exercitum
1002 5141 1287 5207 ordinavit,
1317 5151 1373 5198 et
1397 5143 1588 5199 Oscam
1618 5160 1738 5199 cum

154 5226 331 5280 misso
370 5227 539 5293 patris
575 5228 859 5284 Heriberto
899 5233 1112 5287 mittere
1139 5236 1345 5289 statuit.
1400 5235 1516 5302 Quo
1554 5252 1742 5306 perve-

158 5315 374 5370 nientes
394 5316 483 5383 qui
515 5316 665 5369 missi
696 5319 930 5385 fuerant,
972 5322 1242 5376 civitatem
1274 5324 1615 5390 obsederunt,
1646 5326 1742 5379 ob-

158 5407 283 5461 vios
310 5421 553 5475 quosque
584 5417 676 5462 aut
701 5411 852 5465 vivos
889 5414 1430 5483 comprehenderunt,
1459 5426 1551 5470 aut
1577 5418 1628 5471 in
1662 5416 1743 5470 fu-

158 5510 285 5566 gam
301 5502 517 5550 coaetos
528 5496 916 5566 compulerunt.
937 5500 1041 5555 Sed
1060 5503 1183 5556 dum
1198 5504 1339 5558 circa
1357 5506 1543 5559 urbem
1559 5507 1722 5560 seden

161 5597 265 5650 tes,
305 5587 569 5657 ignaviori
603 5602 658 5642 se
699 5604 859 5657 quam
890 5592 1068 5646 decuit
1106 5596 1281 5649 studio
1320 5596 1612 5661 resolvunt,
1648 5599 1746 5651 im-

160 5678 462 5748 prudentes
509 5694 571 5734 ac
615 5679 758 5734 leves
798 5682 962 5749 aliqui
1003 5684 1257 5751 juvenum
1299 5688 1519 5757 prapius
1565 5705 1747 5743 muros

568 5792 835 5852 ΡΑϊιιοις
877 5793 946 5856 Cl
961 5795 1029 5854 Υ.

1812 1888 2047 1944 delatum
2092 1906 2396 1957 rumorem,
2436 1894 2578 1963 quod
2617 1896 2863 1964 quaedam
2910 1896 3212 1956 Vasconum
3254 1917 3380 1971 pars

1804 1980 1917 2049 jam
1942 1982 2148 2049 pridem
2187 1983 2240 2037 in
2283 1984 2607 2040 deditionem
2642 1999 2912 2059 suscepta,
2948 2006 3092 2047 nunc
3122 1994 3382 2050 defectio-

1813 2084 1935 2123 nem
1967 2070 2247 2137 meditata,
2290 2073 2345 2126 in
2388 2074 2731 2129 rebellionem
2773 2088 3103 2150 assurgeret,
3148 2083 3216 2137 ad
3257 2099 3384 2153 quo.

1815 2175 1932 2212 rum
1983 2163 2380 2230 reprimendam
2420 2165 2779 2234 pervicaciam
2822 2170 2899 2225 ire
2932 2172 3142 2242 publica
3178 2176 3383 2233 utilitas

1814 2249 2125 2317 postularet.
2172 2252 2324 2307 Hane
2366 2255 2506 2324 regis
2546 2256 2873 2314 voluntatem
2913 2276 3101 2317 omnes
3138 2264 3385 2321 laudibus

1815 2348 2213 2407 prosequuntur
2251 2356 2265 2394 :
2304 2358 2406 2398 nec
2458 2343 2581 2400 talia
2620 2347 2673 2400 in
2713 2349 2940 2404 subditis
2969 2354 3384 2417 contemnenda,

1817 2428 1911 2482 sed
1962 2430 2140 2497 potius
2185 2432 2524 2489 severissime
2572 2440 2864 2493 resecanda
2916 2446 3198 2496 testantur.
3243 2443 3385 2498 Moto

1817 2516 1980 2585 igitur
2015 2526 2070 2571 et
2111 2518 2371 2588 disposito
2404 2531 2561 2589 prout
2606 2527 2842 2593 oportuit
2883 2530 3159 2594 exercitu,
3204 2532 3383 2603 Aquas

1818 2606 1998 2661 villam
2028 2611 2296 2676 pervenit,
2328 2619 2381 2666 et
2412 2622 2469 2665 ut
2495 2614 2562 2667 ad
2588 2629 2645 2668 se
2669 2616 2934 2682 venirent,
2973 2621 3063 2689 qui
3106 2622 3377 2678 infidelital

1817 2698 1888 2753 tis
1914 2699 2381 2769 insimulabantur,
2405 2702 2587 2771 jussit.
2614 2704 2718 2760 Sed
2749 2708 2853 2764 illis
2880 2712 3063 2767 venire
3089 2713 3366 2770 detractant

1818 2788 1984 2854 tibus,
2006 2790 2073 2844 ad
2093 2806 2277 2846 eorum
2301 2794 2493 2848 vicinia
2516 2796 2748 2862 devenit,
2771 2808 3072 2872 cunctaque
3096 2817 3279 2859 eorum
3300 2805 3392 2861 de-

1819 2881 2062 2949 populari
2100 2898 2260 2937 manu
2295 2884 2513 2939 militari
2534 2888 2809 2955 permisit.
2854 2888 2935 2944 Ad
2972 2891 3219 2949 ultimum
3256 2911 3388 2951 cun—

1820 2970 1923 3025 rtis
1960 2986 2079 3040 quae
2122 2972 2189 3026 ad
2236 2988 2330 3027 eos
2366 2975 2637 3043 pertinere
2677 2976 2997 3033 videbantur
3034 2987 3388 3054 consumptis.

1824 3060 1926 3130 lpsr
1962 3060 2229 3130 supplices
2262 3071 2541 3129 venerunt,
2572 3072 2627 3119 et
2668 3067 2883 3122 tandem
2913 3071 3123 3125 veniam
3166 3074 3393 3143 perditis

1825 3150 2075 3205 omnibus
2113 3168 2308 3223 magno
2351 3169 2450 3223 pro
2486 3171 2708 3211 munere
2746 3169 3075 3215 meruerunt.
3128 3161 3395 3232 Superato

1823 3250 2001 3295 autem
2039 3258 2177 3312 pene
2220 3245 2418 3299 dimcili
2460 3246 2836 3316 Pyrenearum
2880 3251 3110 3307 transitu
3154 3252 3388 3323 Alpium,

1821 3330 2203 3401 Pampalonam
2242 3335 2554 3391 descendit:
2579 3344 2633 3391 et
2664 3337 2717 3393 in
2757 3339 2863 3394 illis
2894 3356 3055 3410 quam
3087 3342 3176 3396 diu
3217 3344 3390 3400 visum

1823 3429 1907 3474 est
1934 3431 2173 3478 moratus
2201 3424 2353 3490 locis,
2379 3440 2440 3479 ea
2471 3442 2590 3496 quae
2610 3428 2825 3483 utilitati
2851 3437 2960 3485 tam
2985 3432 3210 3501 publica;
3229 3450 3389 3505 quam

1824 3510 2047 3579 privatae
2091 3515 2449 3570 conducerent
2482 3518 2769 3573 ordinavit.
2822 3518 2926 3575 Sed
2960 3536 3081 3576 cum
3118 3538 3217 3592 per
3253 3524 3395 3593 ejus-

1825 3601 1944 3655 dem
1985 3605 2181 3656 montis
2218 3605 2563 3659 remeandum
2607 3604 2746 3660 foret
2785 3609 3080 3677 angustias,
3123 3610 3395 3668 Vascones

1825 3690 2062 3744 nativum
2106 3702 2485 3764 assuetumque
2527 3695 2741 3751 fallendi
2780 3713 2983 3754 morem
3018 3714 3272 3755 exercere
3310 3718 3396 3759 co-

1825 3779 1957 3842 nati,
1992 3795 2114 3834 ntox
2142 3790 2263 3835 sunt
2295 3784 2543 3852 prudenti
2572 3788 2767 3840 astutia
2804 3787 3140 3856 deprehensi,
3171 3792 3397 3847 consilio

1826 3872 1969 3923 cauti
1999 3880 2158 3940 atque
2190 3873 2397 3927 cautela
2423 3876 2595 3929 vitati.
2643 3875 2762 3931 Uno
2789 3879 2933 3933 enim
2959 3896 3169 3948 eorum,
3199 3883 3290 3953 qui
3327 3886 3395 3939 ad

1826 3963 2227 4029 provocandam
2271 3975 2637 4031 processerat,
2679 3970 3067 4037 comprehenso
3108 3980 3268 4041 atque
3301 3990 3397 4044 ap-

1826 4069 1993 4122 penso
2015 4095 2028 4118 ,
2070 4054 2289 4123 reliquis
2319 4070 2455 4124 pene
2492 4058 2738 4114 omnibus
2775 4074 2970 4115 uxores
3004 4070 3097 4116 aut
3138 4063 3231 4117 ﬁlii
3270 4078 3396 4120 sunt

1827 4146 2019 4215 erepti,
2050 4162 2325 4215 usquequo
2362 4163 2427 4203 eo
2461 4150 2628 4203 nOstri
2665 4152 3010 4218 pervenirent
3031 4168 3137 4221 quo
3162 4154 3310 4211 fraus
3338 4158 3398 4209 it-

1826 4237 2000 4291 lorum
2038 4238 2236 4291 nullam
2279 4240 2386 4309 regi
2435 4240 2516 4294 vel
2565 4242 2825 4296 exercitui
2864 4252 3044 4313 posset
3084 4244 3281 4302 inferre
3314 4249 3399 4319 ja-

1827 4335 2058 4380 cturam.

1906 4415 1999 4469 llis
2026 4417 2193 4486 gestis
2219 4459 2231 4482 ,
2262 4420 2313 4471 in
2347 4420 2557 4489 propria
2602 4435 2692 4474 rex
2750 4422 3081 4492 populusque
3128 4425 3246 4494 ejus
3289 4428 3399 4481 Deo

1834 4506 2065 4573 propitio
2089 4509 2357 4560 concessit
2387 4508 2465 4577 (8|
2484 4508 2551 4579 l).
2581 4509 2645 4562 Et
2672 4512 2813 4580 regis
2841 4513 3056 4581 quidem
3082 4513 3148 4567 ab
3180 4515 3397 4569 ineunte

1832 4604 2009 4660 mtate,
2044 4598 2136 4651 scd
2160 4605 2284 4652 tunc
2309 4615 2466 4668 quam
2494 4602 2747 4667 maxime,
2776 4604 2919 4658 circa
2942 4605 3178 4660 divinum
3198 4606 3399 4661 cultum

1834 4694 1889 4738 et
1925 4695 2124 4739 sancta:
2157 4686 2408 4742 Ecclesia:
2433 4690 2815 4748 exaltationem
2844 4695 3118 4764 piissimus
3142 4697 3400 4753 incitaba-

1837 4784 1923 4827 tur
1954 4776 2205 4839 animus;
2251 4777 2321 4830 ita
2353 4786 2412 4831 ut
2465 4794 2569 4833 non
2608 4783 2765 4835 modo
2821 4798 3034 4853 regem,
3088 4786 3182 4840 sed
3234 4788 3403 4856 ipsius

1834 4880 1996 4934 opera
2037 4867 2216 4935 potius
2253 4883 2374 4922 eum
2401 4870 2825 4927 vociferarentur
2868 4860 3226 4931 sacerdotem.
3268 4875 3400 4931 Nam

1843 4954 2006 5008 totius
2036 4954 2340 5023 Aquitania:
2372 4959 2461 5026 qui
2488 4959 2771 5013 videbatur
2795 4961 2992 5028 clerus,
3035 4973 3322 5035 antequam
3354 4968 3402 5021 ci

1839 5046 2179 5107 crederetur,
2221 5054 2277 5099 ut
2303 5056 2426 5116 pote
2456 5047 2557 5101 sub
2583 5052 2825 5118 tyrannis
2846 5067 3025 5121 agens,
3050 5056 3218 5127 magis
3251 5060 3405 5126 equi-

1842 5134 2031 5187 tationi
2059 5175 2074 5197 ,
2113 5134 2318 5189 bellica:
2354 5136 2763 5202 exercitationi,
2793 5139 3079 5196 missilium
3105 5143 3402 5211 librationi,

1839 5241 2000 5294 quam
2027 5225 2205 5279 divino
2228 5225 2393 5280 cultui
2428 5240 2645 5296 operam
2669 5228 2795 5282 dare
2833 5238 3076 5283 noverat.
3116 5231 3276 5303 Regis
3308 5250 3405 5289 au-

1841 5324 1949 5369 tem
1975 5315 2150 5370 studio
2175 5316 2528 5385 undecunque
2573 5316 2816 5371 adductis
2855 5319 3155 5389 magistris,
3192 5331 3300 5377 tam
3329 5323 3405 5376 te—

1842 5405 2001 5473 gendi
2030 5420 2190 5473 quam
2217 5406 2470 5459 cantandi
2514 5405 2778 5471 studium,
2836 5422 2934 5461 nec
2969 5423 3073 5461 non
3100 5409 3402 5465 divinarmu

1842 5506 1896 5550 et
1925 5496 2318 5549 mundanarum
2350 5495 2698 5566 intelligentia
2730 5497 3227 5567 litterarum,citius
3242 5516 3403 5570 quam

1846 5590 1989 5643 credi
2042 5598 2253 5658 poterat
2282 5589 2497 5643 coaluit.
2546 5589 2820 5659 Praecipue
2858 5601 3034 5647 tamen
3062 5593 3254 5650 aﬂ'ectu
3284 5595 3401 5649 illn-

1849 5699 1963 5736 rum
1996 5683 2308 5746 ducebatur,
2342 5683 2429 5750 qui
2481 5690 2671 5736 cuncta
2710 5698 2805 5736 sua
2848 5698 2943 5752 pro
2978 5685 3186 5739 Domini
3223 5702 3405 5743 amore

2898 5795 2974 5856 30
