3906 6332
464 303 569 357 939

1568 304 1890 387 Ll'DQV'ICl
1931 304 1950 357 Ι
1990 301 2460 357 (ΖΟΟΝΟΜΕΝΤΟ
2500 302 2583 355 ΙἮ

3641 298 3738 352 ora

465 412 860 479 relinquentes,
901 415 1252 482 speculativte
1282 415 1405 468 vitae
1444 415 1707 469 curabant
1734 415 1850 469 licri
1877 414 2045 482 parti-
2076 420 2123 475 Α
2153 412 2270 466 lans
2336 413 2665 481 perlaturum
2725 426 3072 482 responsum,
3140 410 3380 464 monitus
3441 420 3526 463 est
3573 418 3679 463 tam
3709 428 3737 464 a

464 504 633 573 cipes.
674 501 809 555 Nam
850 510 1140 571 antequam
1166 503 1457 571 Aquitania
1508 504 1608 559 sub
1652 519 1717 559 eo
1744 514 2044 574 regeretur,

462 592 733 662 collapsus
768 597 889 645 erat
932 590 989 645 in
1017 606 1081 646 ea
1133 591 1503 661 hujuscemodi
1544 592 1714 657 ordo;
1756 602 1813 646 at
1857 592 1956 647 sub
1984 607 2048 646 eo

461 682 599 738 adeo
632 680 947 748 convaluit,
987 691 1047 737 ut
1090 683 1255 738 etiam
1288 684 1403 752 ipse
1443 682 1743 738 fraternum
1783 684 1868 737 avi
1919 683 2049 737 Car-

460 773 701 830 lomanni
744 772 949 827 imitari
999 773 1238 843 gestiens
1286 774 1642 829 memorabile
1693 774 1999 844 exemplum
2031 814 2045 838 ,

462 868 580 937 ipse
619 880 836 937 quoque
875 865 1128 919 theorlcxe
1156 864 1280 917 vitm
1309 862 1548 918 culmina
1587 864 1858 919 niteretur
1901 878 2051 917 com-

458 956 815 1027 prehendere.
843 953 953 1010 Sed
989 954 1154 1026 hujus
1180 956 1293 1009 voti
1334 969 1402 1009 ne
1456 970 1679 1025 compos
1718 955 1905 1020 ﬁeret,
1936 955 2055 1009 obi-

460 1061 580 1102 cem
615 1060 675 1101 se
719 1045 950 1115 prmbuit
992 1043 1286 1116 refragatio
1330 1046 1504 1116 patris
1531 1085 1546 1111 ,
1586 1045 1671 1100 vel
1710 1046 1892 1115 potius
1917 1045 2053 1099 divi-

465 1151 549 1191 na!
576 1134 870 1191 voluntatis
890 1144 1085 1200 nutus,
1115 1136 1208 1205 qui
1248 1144 1411 1190 tantae
1437 1136 1657 1205 pietatis
1684 1137 1860 1190 virum
1884 1135 2057 1190 noluit

464 1224 569 1281 sub
608 1240 741 1280 cura
796 1240 907 1281 sua:
957 1224 1125 1281 solius
1162 1225 1353 1280 salutis
1400 1225 1716 1280 delitescere
1760 1244 1772 1279 :
1814 1226 1907 1280 sed
1960 1240 2057 1294 po~

468 1316 577 1371 tius
605 1330 705 1386 per
729 1330 853 1370 eum
880 1356 893 1381 ,
936 1322 991 1370 et
1039 1316 1139 1371 sub
1168 1331 1269 1381 eo,
1312 1314 1605 1369 multorum
1647 1314 1876 1369 salutem
1930 1313 2059 1367 ado-

463 1405 692 1460 lescere.
728 1404 794 1459 Et
817 1405 1032 1473 quidem
1064 1404 1254 1469 multa,
1286 1412 1346 1458 ut
1376 1405 1579 1459 dictum
1609 1413 1718 1471 est,
1748 1406 1814 1459 ab
1842 1419 1907 1459 eo
1933 1413 2059 1457 sunt

466 1496 522 1549 in
572 1495 693 1565 ejus
718 1495 924 1549 ditione
952 1503 1203 1564 reparata
1229 1535 1243 1559 ,
1287 1496 1395 1549 imo
1430 1511 1460 1549 a
1490 1494 1857 1549 fundamentis
1890 1496 2059 1549 aedili-

464 1596 592 1641 cata
624 1586 953 1641 monasteria
975 1626 989 1651 ,
1032 1586 1128 1641 sed
1167 1587 1439 1657 prmeipuc
1480 1587 1596 1641 haec
1623 1605 1635 1640 :
1666 1587 2058 1641 monasterium

465 1686 676 1734 sancta:
719 1676 904 1732 Mariae
928 1686 983 1731 et
1026 1678 1203 1733 sancti
1245 1676 1389 1732 Petri
1442 1680 1509 1733 de
1564 1677 1867 1743 Ferrariis,
1916 1678 2059 1747 quod

2153 501 2375 556 Francis
2412 516 2573 571 quam
2601 517 2631 555 a
2656 502 2943 557 Germanis
2983 511 3041 555 ut
3088 502 3155 555 ad
3200 512 3414 571 patrem
3458 517 3556 555 rex
3584 504 3735 555 veni-

2153 600 2267 655 ret,
2306 592 2464 660 eique
2489 600 2708 661 propter
2752 592 3030 647 assisteret
3062 610 3073 644 z
3107 583 3280 644 videri
3312 592 3442 655 sibi,
3474 592 3738 649 dicentes.

2151 681 2296 749 quod
2318 695 2439 735 cum
2470 691 2626 751 pater
2650 682 2763 751 jam
2797 683 2849 735 in
2880 680 3104 736 senilem
3136 690 3384 751 vergeret
3401 689 3624 734 aetatem
3647 721 3660 743 ,
3689 694 3742 734 et

2151 771 2345 825 acerbe
2382 771 2546 826 ferret
2577 772 2869 828 liberorum
2912 758 3299 827 infortunatam
3351 772 3739 833 defectionem,

2153 861 2317 916 citam
2338 862 2483 917 illius
2501 863 2615 918 hazc
2638 864 3028 933 portenderent
3045 879 3361 933 corpoream
3389 863 3737 918 solutionem.

2154 952 2309 1019 Quod
2338 952 2596 1009 Gerricus
2626 970 2747 1010 cum
2774 956 2909 1027 regi,
2943 972 3038 1011 rex
3072 972 3201 1011 vero
3232 957 3564 1011 consiliariis
3603 969 3741 1012 retu-

2154 1041 2337 1105 lisset,
2381 1043 2700 1111 quibusdam
2744 1045 2826 1098 vel
2858 1060 2997 1115 pene
3024 1045 3282 1101 omnibus
3324 1047 3503 1100 visum
3531 1057 3620 1101 est
3665 1063 3747 1101 sa-

2156 1131 2310 1186 lubre
2341 1141 2675 1203 suggestum.
2721 1133 2826 1189 Sed
2856 1152 2949 1190 rex
2980 1135 3159 1189 altiori
3206 1137 3470 1205 consilio,
3510 1153 3580 1192 ne
3610 1138 3748 1192 fort:

2156 1238 2254 1291 per
2276 1223 2382 1278 hoc
2412 1238 2470 1277 se
2502 1225 2643 1293 patri
2674 1234 2984 1295 suspectum
3018 1227 3287 1292 redderet,
3322 1244 3489 1299 agere
3513 1230 3746 1284 distulit.

2157 1313 2283 1369 Ilaec
2314 1323 2495 1368 tamen
2520 1314 2785 1370 Divinitas
2813 1357 2825 1381 ,
2867 1332 2965 1386 pro
3019 1316 3172 1385 cujus
3223 1320 3418 1373 timore
3464 1329 3521 1373 et
3562 1335 3747 1373 amore

2159 1403 2337 1457 facere
2365 1404 2568 1468 noluit,
2608 1413 2669 1457 ut
2706 1406 2805 1460 sibi
2838 1406 3005 1460 moris
3053 1417 3136 1461 est
3160 1418 3436 1463 amatores
3467 1410 3553 1463 sui
3582 1410 3750 1464 subli-

2159 1500 2299 1548 mius
2348 1509 2511 1562 quam
2567 1496 2793 1565 cogitari
2842 1505 3022 1566 potest
3058 1498 3379 1563 nobilitare,
3423 1502 3749 1568 prudentius

2158 1583 2447 1637 ordinavit.
2486 1582 2685 1639 Pacem
2724 1600 2890 1654 porro
2917 1588 3229 1656 petentibus
3255 1588 3372 1652 bis,
3412 1605 3559 1658 quos
3607 1589 3747 1643 bello

2160 1672 2394 1742 fatigare
2420 1672 2611 1727 solitus
2650 1682 2789 1739 erat,
2832 1689 2925 1728 rex
2954 1675 3186 1730 articulo
3217 1677 3449 1731 duorum
3481 1693 3749 1731 annorum

466 1766 769 1835 antiquitus
794 1765 1113 1820 Bethlehem
1140 1769 1458 1833 vocabatur,
1499 1768 1553 1821 in
1585 1767 1739 1836 cujus
1767 1768 1918 1821 curia
1964 1783 2061 1836 pa-
2086 1759 2133 1816 B
2162 1763 2462 1831 praestituto
2491 1804 2505 1827 ,
2540 1763 2770 1818 libenter
2808 1765 3047 1820 indulsit.
3085 1764 3297 1821 Interea
3322 1768 3629 1837 imperator
3653 1768 3749 1823 C2-

466 1864 550 1910 ter
580 1855 700 1926 ejus
723 1855 986 1926 Pippinus
1015 1857 1216 1911 occidit
1253 1856 1465 1912 leonem
1487 1898 1500 1924 ,
1542 1867 1599 1912 et
1623 1858 1852 1927 ipsemet
1872 1873 1902 1911 a
1934 1856 2056 1912 Ste-

466 1947 651 2016 phano
693 1963 837 2019 papa
876 1948 1126 2005 Romano
1151 1950 1205 2004 in
1226 1965 1412 2020 regem
1453 1949 1751 2005 honoriﬁce
1773 1965 2061 2006 consecra-

466 2049 555 2095 tus
579 2049 664 2095 est
698 2041 754 2095 in
784 2042 977 2097 eadem
1006 2042 1235 2098 ecclesia
1262 2059 1277 2109 ;
1320 2044 1717 2098 monasterium
1746 2043 1917 2097 sancti
1936 2043 2061 2098 Fili-

459 2132 623 2198 berti,
640 2133 1035 2189 monasterium
1051 2136 1226 2189 sancti
1242 2134 1919 2200 Florentii,monasterium
1935 2134 2062 2189 Car-

460 2220 594 2287 roﬂl,
610 2222 1001 2277 monasterium
1015 2221 1240 2287 Concas,
1258 2226 1649 2279 monasterium
1661 2225 1835 2279 sancti
1852 2224 2060 2277 Maxen-

463 2311 542 2373 tii,
578 2312 968 2367 monasterium
1015 2311 1280 2377 Menatze,
1324 2315 1711 2367 monasterium
1752 2313 2053 2384 Magniloci,

462 2401 850 2455 monasterium
867 2399 1218 2467 Musciacum,
1233 2403 1631 2463 monasterium
1658 2404 1831 2457 sancti
1849 2402 2055 2468 Savini,

463 2492 852 2545 monasterium
874 2490 1233 2558 Masciacum,
1273 2494 1665 2547 monasterium
1694 2492 2055 2557 Noviliacum,

463 2582 855 2638 monasterium
883 2583 1057 2637 sancti
1090 2581 1391 2637 Theotfridi
1412 2623 1427 2647 ,
1468 2583 1857 2637 monasterium
1881 2583 2058 2636 sancti

461 2670 755 2738 Pascentii,
774 2672 1169 2728 monasterium
1182 2673 1411 2739 Dosora,
1426 2675 1815 2729 monasterium
1834 2672 2058 2728 Sollem-

462 2758 701 2825 niacum,
727 2762 1119 2817 monasterium
1134 2763 1375 2833 puellare
1401 2773 1602 2819 sancta:
1638 2764 1842 2829 Μαι-ἥτε,
1872 2780 2059 2818 mona-

461 2848 691 2903 sterium
713 2848 955 2919 puellare
974 2858 1175 2905 sanctae
1187 2850 1556 2919 Radegundis,
1574 2852 1963 2912 monasterium
1991 2851 2058 2906 de

466 2944 627 3009 Vera,
651 2945 1042 3003 monasterium
1055 2946 1123 3001 de
1138 2945 1305 3002 Utera
1331 2946 1386 3000 in
1414 2962 1550 3018 pago
1567 2947 1852 3011 Tolosano,
1871 2961 2059 3001 mona-

462 3031 693 3087 sterium
706 3032 908 3089 Valada
936 3034 991 3089 in
1020 3034 1378 3105 Septimania,
1396 3036 1785 3090 monasterium
1812 3036 2056 3101 Aniante,

467 3126 861 3181 monasterium
906 3126 1156 3190 Galunae,
1199 3128 1590 3183 monasterium
1621 3128 1793 3182 sancti
1816 3128 2058 3181 Laurcn-
2086 3098 2129 3159 (ἶ

473 3219 573 3283 tii,
628 3218 1021 3274 monasterium
1078 3228 1282 3274 sancta:
1338 3218 1522 3273 Mariae
1565 3220 1707 3288 quod
1757 3217 1960 3273 dicitur
2003 3221 2055 3273 in

468 3309 682 3364 Rubine
712 3308 1054 3382 [Orubione],
1097 3310 1488 3365 monasterium
1516 3311 1749 3376 Cannas,
1779 3319 1832 3365 et
1861 3319 2057 3365 caetera

467 3401 699 3471 plurima
725 3443 742 3467 ,
784 3403 984 3472 quibus
1026 3401 1195 3457 veluti
1246 3402 1567 3471 quibusdam
1626 3402 1837 3472 lychnis
1887 3410 2057 3457 totum

470 3492 759 3546 decoratur
806 3492 1115 3561 Aquitaniae
1144 3507 1392 3563 regnum.
1450 3492 1561 3547 Hoc
1603 3491 1723 3562 ejus
1750 3492 2059 3562 exemplum

472 3598 581 3636 non
606 3583 765 3637 modo
802 3582 1041 3653 episcopi
1072 3582 1260 3648 multi,
1299 3584 1395 3637 sed
1426 3591 1482 3637 et
1512 3582 1633 3636 laici
1669 3580 2056 3651 quamplurimi

472 3672 739 3737 aemulati,
772 3672 1010 3742 collapsa
1041 3674 1425 3727 restaurabant
1448 3711 1464 3737 ,
1515 3683 1570 3726 et
1598 3688 1736 3727 nova
1788 3679 2063 3726 monaste-

480 3763 557 3817 ria
588 3764 873 3818 certabant
898 3764 1213 3830 instituere;
1272 3764 1415 3834 quod
1467 3778 1691 3818 cernere
1740 3763 1913 3818 oculis
1955 3772 2056 3817 est.

472 3854 537 3907 In
568 3862 777 3909 tantam
802 3853 1036 3923 denique
1067 3854 1381 3909 felicitatem
1412 3855 1717 3924 respublica
1747 3852 2060 3923 Aquitanici

480 3947 633 4016 regni
662 3946 990 4016 profecerat,
1020 3954 1081 3999 ut
1102 3944 1485 4015 proﬁciscente
1512 3945 1756 4015 quolibet
1784 3960 1909 4014 rege
1935 3986 1948 4009 ,
1976 3946 2062 3999 vel

479 4040 533 4092 in
577 4037 781 4109 palatio
812 4037 1103 4103 residente,
1134 4038 1223 4092 vix
1256 4038 1452 4107 aliquis
1482 4038 1817 4107 reperiretur
1840 4053 1898 4092 se
1936 4054 2064 4092 con-

480 4144 718 4200 querens
754 4129 957 4196 aliquid
991 4144 1019 4181 a
1040 4128 1165 4195 jure
1195 4142 1532 4198 perpessum.
1560 4126 1756 4181 Tribus
1782 4127 1926 4181 enim
1953 4127 2064 4181 die-

474 4220 577 4275 bus
598 4235 693 4275 rex
710 4235 813 4290 per
828 4218 1068 4289 singulas
1092 4219 1459 4274 hebdomadas
1484 4219 1560 4272 rei
1578 4218 1876 4287 judiciariae
1899 4220 2065 4273 inter-

472 4304 614 4363 erat.
647 4306 782 4363 Nam
818 4310 1051 4377 quadam
1090 4317 1413 4377 tempestate
1450 4309 1618 4363 misso
1666 4308 2063 4363 Archambaldn

2162 1852 2311 1908 rolus
2332 1854 2683 1908 considerans
2712 1870 2867 1909 suum
2890 1853 2996 1927 [se]
3026 1857 3081 1909 in
3111 1868 3449 1913 senectutem
3480 1860 3749 1913 adclinari

2161 1943 2425 1997 devexum
2448 1984 2462 2009 ,
2509 1952 2563 1997 et
2593 1960 2790 1999 verens
2834 1960 2902 1999 ne
2942 1946 3083 2002 forte
3113 1947 3427 2003 subtractus
3458 1948 3629 2003 rebus
3660 1951 3750 2003 ιμπ-

2160 2034 2366 2098 manis,
2415 2033 2700 2089 confusum
2740 2035 3078 2105 relinqueret
3120 2053 3387 2107 regnum,
3429 2040 3581 2107 quod
3636 2052 3749 2093 erat

2159 2122 2395 2177 donante
2433 2123 2566 2188 Deo,
2613 2125 2865 2179 nobiliter
2896 2126 3205 2180 ordinatum
3241 2144 3255 2179 :
3312 2128 3529 2183 scilicet
3564 2143 3634 2183 ne
3662 2140 3748 2183 aut

2162 2213 2403 2267 externis
2432 2222 2752 2281 quateretur
2779 2216 3058 2284 procellis,
3090 2225 3183 2269 aut
3220 2218 3495 2273 intestinis
3530 2236 3749 2277 vexare-

2163 2314 2248 2358 tur
2286 2306 2671 2369 scissionibus,
2714 2307 2863 2361 misit
2899 2309 2967 2361 ad
2997 2308 3196 2375 ﬁlium,
3228 2326 3464 2379 eumque
3488 2312 3561 2367 ab
3582 2315 3747 2383 Aqui-

2161 2394 2327 2463 tania.
2354 2395 2617 2449 evocavit.
2652 2395 2824 2461 Quem
2863 2397 3174 2451 venientem
3213 2399 3518 2456 clementer
3566 2419 3749 2459 susce-

2160 2483 2279 2552 pit,
2321 2490 2431 2537 tota
2460 2490 2649 2537 testate
2683 2497 2866 2537 secum
2895 2487 3088 2550 tenuit,
3152 2487 3220 2542 de
3258 2489 3344 2542 his
3385 2492 3592 2558 quibus
3630 2509 3746 2548 eum

2162 2574 2401 2644 indigere
2447 2575 2657 2643 putavit
2704 2575 2963 2631 instruxit
3008 2596 3021 2630 :
3069 2580 3303 2648 qualiter
3341 2582 3601 2638 videlicet
3652 2586 3747 2640 sibi

2165 2667 2482 2731 vivendum,
2545 2668 2913 2737 regnandum,
2976 2686 3203 2741 regnum
3251 2675 3650 2737 ordinandum,
3700 2688 3751 2730 et

2162 2762 2465 2815 ordinatum
2494 2763 2785 2817 tenendum
2817 2762 2997 2828 foret,
3039 2766 3268 2829 monuit,
3303 2775 3357 2818 et
3400 2768 3624 2820 tandem
3650 2766 3746 2819 im-

2161 2850 2353 2919 periali
2399 2866 2523 2905 eum
2556 2852 2860 2907 diademate
2897 2854 3178 2907 coronavit
3211 2895 3223 2917 ,
3272 2864 3329 2908 et
3367 2871 3559 2909 rerum
3609 2872 3749 2911 sum-

2162 2956 2306 2995 mam
2338 2956 2503 3010 penes
2532 2956 2656 2995 eum
2688 2940 2928 2996 futuram
2954 2957 3073 2997 esse
3108 2943 3324 2999 Christo
3352 2944 3580 2999 favente
3604 2947 3749 3000 inno-

2163 3030 2297 3094 tuit,
2346 3037 2401 3083 et
2451 3030 2554 3084 hoc
2602 3038 2824 3099 peracto
2881 3033 3101 3102 negotio
3140 3034 3369 3087 reditum
3412 3034 3480 3088 ad
3536 3036 3745 3104 propria

2161 3120 2451 3175 concessit.
2489 3118 2591 3186 Qui
2620 3135 2807 3175 mense
2856 3120 3148 3177 Novembri
3176 3139 3205 3176 a
3230 3133 3383 3192 patre
3411 3124 3746 3193 regrediens,

2160 3212 2506 3281 Aquitaniam
2537 3212 2770 3282 repetiit.
2820 3212 2980 3268 Pater
3018 3230 3147 3268 vero
3194 3215 3356 3269 veluti
3415 3217 3583 3269 morti
3634 3231 3750 3285 pro-

2160 3302 2424 3370 pinquus,
2460 3301 2667 3356 crebris
2706 3310 2760 3357 et
2808 3303 3111 3373 peregrinis
3168 3304 3538 3358 incommodis
3575 3307 3747 3375 urgeri

2162 3391 2345 3461 coepit.
2389 3390 2525 3444 Nam
2555 3407 2702 3446 mors
2731 3392 2896 3446 veluti
2926 3393 3250 3462 quibusdam
3299 3394 3510 3447 nuntiis
3558 3394 3749 3448 adven.

2164 3490 2275 3534 tum
2306 3496 2463 3536 suum
2492 3480 2608 3549 jam
2647 3482 2867 3551 jamque
2913 3482 3150 3538 futurum
3178 3525 3193 3548 ,
3246 3485 3450 3539 talibus
3504 3501 3747 3554 przenun-

2162 3572 2332 3627 tiabat
2363 3572 2599 3626 indiciis.
2636 3573 2876 3627 Tandem
2920 3574 3104 3642 itaque
3145 3575 3292 3628 vitiis
3322 3575 3641 3643 passionum
3672 3575 3746 3628 in-

2162 3667 2247 3716 ter
2271 3678 2329 3716 se
2361 3663 2865 3732 compugnantibus,
2886 3672 2955 3716 ‘et
2979 3664 3271 3718 valentiam
3294 3663 3414 3732 ejus
3436 3665 3746 3735 impugnan-

2164 3754 2308 3809 tibus
2334 3794 2348 3819 ,
2390 3762 2597 3809 natura:
2655 3755 3002 3810 imbecillitas
3046 3758 3243 3823 cessit,
3310 3767 3367 3811 et
3406 3757 3553 3812 lecto
3598 3758 3746 3811 decu-

2162 3842 2280 3895 buit
2311 3858 2329 3897 :
2356 3848 2411 3895 et
2440 3842 2493 3895 in
2520 3845 2635 3896 dies
2662 3851 2826 3910 atque
2855 3843 2910 3896 in
2933 3842 3097 3898 horas
3133 3845 3503 3915 propinquior
3548 3846 3707 3899 morti
3731 3885 3744 3905 ,

2163 3938 2323 3999 prout
2360 3930 2532 3984 voluit
2561 3931 2673 3985 suis
2704 3930 2908 4001 scripto
2937 3932 3274 3997 distributis,
3326 3934 3475 3988 diem
3506 3933 3743 3987 ultimum

2166 4018 2394 4084 clausit,
2436 4019 2883 4089 Francorumque
2933 4037 3101 4091 regno
3150 4037 3288 4093 pene
3347 4022 3744 4077 incluctabilcn

2165 4111 2369 4165 luctum
2402 4110 2640 4179 reliquit.
2668 4110 2740 4165 At
2765 4126 2895 4171 vero
2927 4112 2982 4166 in
3012 4111 3128 4181 ejus
3163 4128 3492 4168 successore
3518 4113 3743 4167 veridica

2163 4202 2386 4271 probata
2415 4212 2499 4258 est
2527 4202 2812 4272 Scriptura
2836 4245 2850 4269 ,
2885 4220 3006 4273 quae
3052 4206 3107 4259 in
3146 4205 3347 4261 talibus
3377 4206 3744 4261 tribulantium

2165 4297 2450 4351 consolans
2494 4296 2705 4350 animos
2730 4294 2863 4350 dicit
2902 4312 2917 4348 :
2961 4293 3202 4350 Mortuus
3241 4304 3317 4349 est
3360 4296 3440 4349 rir
3456 4295 3672 4365 justus,
3704 4307 3743 4346 εξ

478 4400 966 4456 (Iommentariensi
1005 4399 1261 4470 Imperii,
1301 4401 1427 4455 dum
1463 4401 1514 4454 ei
1544 4400 1792 4469 quaedam
1839 4398 2059 4454 ferenda

2166 4390 2317 4460 quasi
2356 4406 2460 4442 non
2489 4398 2564 4441 est
2599 4396 2837 4441 mortuus
2856 4427 2870 4452 ,
2902 4386 3124 4441 similem
3151 4389 3289 4441 enim
3320 4387 3423 4440 sibi
3450 4387 3661 4458 reliquit
3688 4386 3746 4454 ῥ-

480 4492 591 4547 lilio
630 4491 1024 4561 referendaque
1051 4491 1433 4555 commisisset,
1460 4499 1515 4545 et
1542 4490 1631 4544 ille
1664 4490 2059 4545 ordinationem

483 4584 650 4645 hanc,
691 4589 754 4634 ut
781 4580 1021 4647 viderat,
1054 4581 1269 4635 rediens
1298 4580 1437 4650 patri
1464 4579 1738 4635 retulisset
1767 4620 1781 4645 ,
1815 4580 1951 4635 adeo
1974 4595 2063 4634 ex-

482 4672 714 4728 sultasse
741 4672 968 4736 dicitur,
1037 4679 1097 4725 ut
1133 4686 1244 4741 prce
1295 4671 1459 4725 nimia
1502 4670 1781 4725 alacritate
1808 4670 2065 4741 lacrymis

484 4747 721 4826 ﬂuxerit,
760 4769 817 4815 et
856 4761 1353 4825 circumstantibus,
1395 4758 1461 4825 Ο,
1498 4760 1692 4830 inquit,
1732 4760 1881 4825 socii,
1906 4762 2065 4814 victos

484 4868 581 4905 nos
595 4851 923 4920 gratulemur
936 4852 1001 4904 ab
1015 4851 1173 4921 hujus
1186 4852 1398 4921 juvenis
1413 4851 1563 4905 senili
1576 4853 1882 4921 sagacitate.
1913 4852 2065 4907 Unde

484 4944 614 5013 quia
663 4958 853 4999 servus
883 4942 984 4997 fuit
1030 4942 1244 4997 Domini
1288 4943 1459 4998 ﬁdelis
1500 4944 1551 4997 in
1583 4943 1905 5008 commisso,
1937 4960 2066 5013 pru-

486 5036 621 5090 dens
644 5036 696 5089 in
722 5036 1122 5106 augmentando
1145 5036 1247 5091 sibi
1274 5035 1474 5090 tradito
1498 5034 1722 5098 talento,
1747 5036 2070 5089 constitutus

486 5138 571 5185 est
590 5136 913 5199 potestatem
939 5127 1144 5182 habens
1170 5129 1221 5181 in
1249 5137 1440 5182 cuncta
1466 5124 1873 5197 patrisfamilias
1887 5125 2065 5180 domo.

561 5217 667 5273 Per
688 5219 829 5273 idem
860 5226 1043 5273 autem
1082 5225 1291 5286 tempus
1320 5216 1464 5288 (815)
1491 5225 1702 5271 mortuo
1726 5214 1840 5284 jam
1862 5217 2069 5287 pridem

492 5310 715 5380 Pippino
741 5308 906 5363 Italia:
936 5322 1061 5376 rege
1082 5349 1096 5373 ,
1128 5307 1438 5377 nuperrime
1459 5314 1638 5360 autem
1667 5306 1861 5361 Carolo
1883 5305 2069 5359 itidem

489 5401 659 5454 fratre
702 5414 791 5455 res
827 5398 1095 5453 humanas
1128 5398 1497 5467 relinquente,
1540 5412 1663 5466 spes
1699 5398 2071 5453 universitatis

493 5488 761 5559 potiunda:
795 5487 850 5541 in
875 5502 997 5543 eum
1030 5486 1369 5557 assurgebat.
1410 5484 1576 5539 Misso
1631 5485 1774 5540 enim
1821 5500 1919 5555 pro
1954 5485 2073 5554 qui-

495 5579 717 5631 busdam
777 5576 1099 5633 necessariis
1160 5584 1371 5646 patrem
1436 5574 1783 5629 consulendis
1849 5573 2071 5628 Gerrico

495 5670 653 5739 (lupis
690 5669 941 5738 przclato,
984 5683 1106 5723 cum
1138 5668 1189 5722 in
1244 5664 1441 5737 palatio
1480 5674 1803 5728 moraretur,
1842 5673 2069 5733 praesto-

2166 4481 2298 4534 lium
2350 4479 2625 4533 haeredem.
2672 4476 2820 4533 Obiit
2869 4486 3050 4531 autem
3086 4478 3277 4546 quinto
3332 4476 3612 4531 Kalendas
3663 4476 3747 4530 Fc-

2168 4571 2419 4627 bruarias
2464 4570 2604 4624 idem
2631 4569 2908 4639 piissimus
2939 4569 3236 4637 imperator
3279 4565 3514 4621 Carolus
3540 4608 3555 4631 ,
3618 4582 3744 4620 anna

2167 4659 2563 4716 lncarnationis
2614 4658 2825 4712 Domini
2866 4657 3039 4711 nostri
3076 4656 3200 4711 Jesu
3225 4655 3429 4712 Christi
3476 4657 3748 4726 octingeL-

2171 4754 2369 4809 tesimo
2398 4752 2609 4806 decimo
2631 4759 2844 4819 quarto.
2878 4749 2995 4816 Quo
3052 4751 3106 4804 in
3162 4758 3411 4820 tempore
3446 4749 3745 4805 Ludovicus

2172 4847 2467 4914 imperator
2509 4841 2795 4897 concilium
2827 4841 3022 4911 populo
3048 4841 3299 4910 generale
3331 4840 3492 4910 quasi
3522 4840 3742 4908 quodam

2174 4940 2442 4994 indixerat
2466 4936 2749 5006 praesagio,
2776 4935 2829 4989 in
2855 4933 3235 4989 Puriﬁcatione
3252 4941 3457 4987 sancta:
3471 4933 3569 4988 Dei
3605 4948 3745 5003 genc—

2174 5032 2325 5085 tricis
2348 5028 2549 5093 Marire,
2566 5027 2619 5080 in
2635 5027 2752 5080 loco
2765 5022 2919 5092 cuius
2934 5023 3256 5079 vocabulum
3270 5032 3356 5077 est
3371 5022 3739 5076 Tehotuadus.

2244 5119 2507 5175 Defuncto
2547 5125 2727 5171 autem
2754 5124 2909 5186 patre
2943 5115 3045 5184 pias
3100 5113 3529 5176 recordationis,
3562 5114 3743 5166 missus

2174 5224 2258 5269 est
2282 5213 2492 5282 Rampo
2522 5213 2589 5265 ad
2621 5225 2742 5265 eum
2767 5210 2835 5264 ab
2857 5210 2937 5263 eis
2962 5208 3054 5277 qui
3084 5207 3423 5276 sepulturam
3453 5205 3575 5276 ejus
3602 5220 3744 5259 cura-

2177 5312 2335 5369 runt,
2370 5302 2556 5358 liberis
2590 5301 2799 5357 scilicet
2826 5309 2891 5354 et
2924 5298 3244 5368 proceribus
3268 5296 3530 5367 palatinis
3557 5336 3572 5360 ,
3602 5304 3661 5349 ut
3699 5302 3745 5347 et

2178 5402 2408 5449 mortem
2454 5392 2572 5460 ejus
2630 5398 2839 5444 mature
2902 5396 3291 5459 cognosceret,
3359 5386 3744 5453 adventumque

2178 5500 2335 5541 suum
2370 5483 2515 5538 nullo
2551 5482 2710 5536 modo
2739 5479 3259 5549 comperendinaret.
3290 5479 3395 5546 Qui
3440 5493 3565 5532 cum
3596 5476 3743 5529 Aure-

2178 5578 2377 5631 lianam
2411 5574 2718 5628 devcnisset
2746 5572 2813 5626 ad
2856 5572 3080 5635 urbem,
3131 5570 3470 5625 Theodulfus
3518 5568 3740 5635 ejusdem

2182 5666 2327 5720 urbis
2358 5665 2639 5733 cpiscopus
2664 5701 2678 5726 ,
2721 5662 2803 5715 vir
2836 5661 3194 5730 undecunque
3224 5660 3597 5721 doctissimus,
3629 5672 3741 5710 cau-
