3906 6326
114 345 219 399 9η

1670 331 1845 384 ἨΤᾹ.

3286 334 3392 366 (HJ

3290 361 3394 385 ιἰὶ

116 473 238 514 sam
263 454 378 523 ejus
406 453 665 506 adventus
694 451 973 519 praesensit
1011 468 1021 501 :
1073 458 1127 502 et
1158 448 1493 502 velocissime
1534 447 1700 499 misso
1730 453 1775 505 Α
1804 448 1971 499 citato
2018 454 2245 513 paterno
2274 427 2613 508 testamento,
2671 446 2801 498 nihil
2832 446 3076 501 relictum
3098 458 3181 501 est
3210 459 3388 518 pater-

116 549 392 618 perlatorc
444 546 753 613 imperatori
806 545 1141 596 innotescere
1175 541 1408 604 studuit,
1442 541 1543 595 hoc
1589 548 1701 593 tan-

116 635 398 691 tummodo
439 634 485 687 ei
519 633 913 703 suggcreudum
948 631 1177 699 jubens,
1218 641 1399 685 utrum
1429 629 1701 701 przestola-

118 737 272 784 retur
297 728 597 782 venientem
636 728 688 779 in
729 725 918 777 urbem
946 766 959 789 ,
999 740 1065 779 an
1101 725 1294 779 itinere
1321 724 1502 793 aliquo
1537 724 1585 776 ci
1612 738 1701 777 oc-

115 828 367 875 curreret
396 827 620 871 venturo
648 815 713 868 ad
743 815 953 868 urbem.
1002 815 1174 880 Quam
1205 830 1426 869 causam
1458 814 1545 867 ille
1577 828 1702 880 pro-

116 906 267 961 tinus
310 913 702 960 commentatus
741 905 990 973 agnovit,
1027 913 1082 957 et
1126 905 1301 971 ipsum
1332 902 1517 956 venire
1548 903 1612 954 ad
1643 916 1700 954 se

111 995 297 1064 jussit.
338 994 466 1049 Inde
494 994 658 1047 alium
694 1002 856 1062 atque
906 993 1069 1046 alium
1120 991 1343 1059 hujusce
1391 991 1469 1044 rei
1518 990 1700 1042 tristes

115 1089 418 1158 suscipiens
460 1089 676 1142 nuntios
701 1130 714 1152 ,
767 1095 889 1157 post
943 1087 1195 1156 quintum
1226 1086 1369 1139 diem
1414 1085 1480 1138 ab
1511 1085 1697 1139 eodem

114 1176 239 1234 loco
268 1179 457 1248 pedem
490 1178 693 1242 movit,
743 1187 797 1231 et
843 1193 967 1231 cum
996 1185 1179 1239 tanto,
1235 1184 1492 1244 quantum
1541 1190 1698 1243 passa

114 1275 206 1323 est
246 1269 492 1337 angustia
524 1269 782 1336 temporis
806 1309 819 1332 ,
851 1268 1048 1337 populo
1080 1268 1181 1319 iter
1211 1267 1463 1335 arripuit.
1522 1266 1699 1319 Time-

114 1359 277 1413 batur
305 1359 449 1411 enim
480 1374 640 1427 quam
672 1358 908 1411 maxime
965 1356 1115 1409 Wala
1143 1398 1156 1419 ,
1189 1357 1386 1410 summi
1433 1356 1571 1424 apud
1600 1356 1699 1409 Ca-

115 1450 293 1504 rolum
327 1450 710 1517 imperatorem
741 1449 957 1501 habitus
1012 1448 1147 1510 loci,
1209 1462 1275 1500 ne
1323 1445 1459 1499 forte
1496 1445 1698 1514 aliquid

113 1540 329 1593 sinistri
359 1547 545 1591 contra
578 1538 964 1605 imperatorem
1020 1538 1316 1590 moliretur.
1367 1536 1467 1600 Qui
1521 1542 1697 1586 tamen

112 1629 379 1682 citissime
410 1629 479 1681 ad
513 1643 637 1682 eum
666 1629 845 1691 venit,
877 1636 931 1681 et
953 1626 1249 1681 humillima
1280 1625 1612 1693 subjectione
1641 1639 1698 1677 se

110 1718 236 1787 ejus
267 1718 413 1771 nutui
437 1759 449 1781 ,
485 1719 779 1772 secundum
835 1719 1277 1772 consuetudinem
1327 1715 1658 1769 Francorum
1680 1756 1693 1780 ,

1756 1022 1759 1025 -
1802 989 1888 1059 gio
1929 989 2264 1043 conducebat
2292 1029 2304 1051 ,
2350 990 2636 1057 posteriori
2691 989 2910 1058 reliquit
2935 993 3101 1045 aetati.

1806 552 1997 589 uorum
2013 537 2297 599 bonorum,
2328 536 2458 603 quin
2481 537 2773 590 secundum
2795 537 2910 605 ejus
2941 539 3238 594 sectionem
3274 558 3393 611 par-

1806 629 2016 683 tiretur.
2090 628 2233 681 Nihil
2283 628 2426 681 enim
2459 628 2527 681 ab
2565 642 2627 681 eo
2661 630 2973 684 intestatum
3009 640 3093 685 est
3122 633 3387 687 relictum.

1805 716 1910 771 Sed
1944 718 2085 786 quod
2116 718 2361 772 ecclesiis
2391 714 2931 787 metropolitanorum
2961 721 3389 777 distribuendum

1802 807 2035 871 censuit,
2051 807 2335 861 subdivisit
2362 808 2820 877 superseriptione
2847 812 3142 875 nominum,
3162 828 3390 882 quarum

1801 907 1985 967 partes
2020 897 2167 953 fuere
2186 898 2371 969 viginti
2399 906 2452 951 et
2476 914 2600 951 una.
2651 898 2803 965 Quod
2830 912 3006 954 autem
3043 904 3255 956 ornatui
3308 919 3393 956 rc-

3188 992 3393 1046 Statuit

1801 1082 1969 1135 etiam
2001 1082 2148 1150 quid,
2196 1081 2489 1135 secundum
2522 1096 2727 1134 morem
2768 1080 3223 1148 Christianorum,
3266 1085 3391 1138 ﬁliis

1802 1173 2145 1241 ﬁliorumque
2178 1171 2298 1225 ﬁliis
2330 1181 2383 1225 et
2410 1171 2642 1235 ﬁliabus,
2668 1187 2767 1225 nec
2798 1188 2904 1226 non
2939 1181 2993 1227 et
3022 1175 3193 1228 servis
3218 1174 3389 1229 ancil-

1803 1264 1976 1331 lisque
2001 1264 2289 1333 regalibus,
2317 1265 2410 1317 sed
2435 1273 2488 1317 et
2529 1264 2578 1316 in
2608 1278 2895 1318 commune
2918 1264 3166 1319 omnibus
3186 1280 3391 1334 paupc-
3468 1296 3477 1301 -

1801 1354 1950 1408 ribus
1978 1354 2411 1407 distribucrctur.
2480 1353 2610 1420 Quae
2641 1363 2837 1408 cuneta
2878 1354 3128 1409 dominus
3162 1357 3395 1426 impera-

1803 1456 1885 1497 tor
1918 1444 2243 1505 Ludovicus,
2273 1458 2329 1498 ut
2352 1446 2551 1515 scripta
2580 1447 2787 1517 relegit,
2841 1450 3193 1504 exsecutione
3212 1451 3393 1518 aperis

1801 1534 2107 1603 contplevit.
2160 1534 2254 1587 llis
2285 1536 2539 1603 peractis,
2595 1537 2888 1605 imperator
2928 1554 3140 1593 onmem
3193 1550 3393 1593 emtum

1803 1624 2118 1688 femineum,
2149 1624 2239 1693 qui
2272 1626 2640 1693 permaximus
2680 1635 2817 1691 erat,
2846 1628 3043 1696 palatio
3081 1629 3395 1695 excludiju-

1803 1715 2026 1779 dicavit,
2079 1722 2279 1784 prmter
2308 1717 2683 1784 paucissimas,
2736 1733 2871 1787 quas
2907 1717 3185 1772 famulatui
3226 1718 3395 1788 regali

110 1809 502 1859 commendans
542 1806 799 1859 subdidit.
852 1806 983 1859 Post
1027 1804 1179 1873 cujus
1222 1804 1287 1858 ad
1316 1804 1695 1874 imperatorem
1729 1788 1775 1845 Β
1804 1821 2071 1876 congruas
2090 1808 2440 1861 existimavit.
2473 1806 2732 1862 Sororum
2756 1819 2937 1863 autem
2965 1810 3394 1879 qumqueinsua,

112 1900 407 1953 adventura
436 1940 448 1963 ,
490 1900 726 1953 :emuiati
763 1916 884 1953 eum
932 1915 1123 1953 onmes
1149 1899 1480 1953 Francorum
1512 1914 1700 1968 proce-

116 2003 209 2041 res
228 2029 240 2053 ,
282 1991 532 2043 certatim
562 1990 933 2059 gregatimque
956 1990 1004 2043 ei
1036 1991 1251 2043 obviam
1288 1991 1369 2044 ire
1394 1992 1695 2045 certabant.

112 2078 466 2147 Tandemque
498 2081 563 2131 ad
597 2079 962 2133 llaristallium
995 2095 1254 2149 prospero
1282 2082 1481 2134 itinere
1511 2096 1702 2150 perve-

114 2170 234 2231 nit,
276 2176 329 2221 et
352 2169 438 2221 die
469 2169 743 2222 tricesimo
783 2178 1067 2238 postquam
1112 2171 1179 2224 ab
1230 2170 1524 2238 Aquitania
1578 2186 1704 2239 pro-

114 2260 317 2319 movit,
360 2259 561 2327 palatio
589 2259 918 2328 Aquisgraui
970 2261 1159 2328 pedem
1213 2260 1446 2315 feliciter
1502 2262 1699 2315 intulit.

114 2350 357 2402 Moverat
381 2357 559 2403 autem
588 2348 704 2416 ejus
732 2351 973 2402 animum
993 2348 1309 2416 jamdudum
1338 2392 1349 2413 ,
1390 2366 1701 2419 quanquam

114 2450 311 2493 natura
342 2441 710 2504 mitissimum,
745 2440 873 2492 illud
906 2441 1047 2508 quod
1090 2456 1118 2493 a
1148 2441 1426 2494 sororibus
1474 2441 1615 2495 illius
1649 2443 1701 2495 in

114 2532 474 2585 contubernio
501 2533 859 2583 exercebatur
890 2540 1115 2600 paterno
1151 2550 1161 2583 :
1213 2546 1320 2599 quo
1365 2532 1479 2585 solo
1510 2532 1703 2585 domus

114 2630 341 2689 paterna
387 2620 704 2673 inurcbatur
755 2636 925 2674 tumo.
972 2620 1069 2674 Cui
1118 2622 1458 2675 incommodo
1501 2623 1701 2676 mederi

114 2709 335 2773 volens,
375 2708 536 2762 simul
564 2716 619 2762 et
644 2724 864 2771 cavens,
916 2725 982 2762 ne
1011 2709 1151 2777 quod
1182 2723 1278 2777 per
1318 2707 1600 2763 Odilonem
1650 2719 1705 2764 et

117 2802 423 2856 lltltrudem
450 2802 577 2855 olim
618 2803 930 2866 acciderat,
972 2803 1321 2863 revivisceret
1366 2805 1699 2871 scandalum,

117 2892 267 2946 misit
307 2892 515 2945 Walam
548 2901 602 2946 et
655 2892 1023 2955 Warnarium,
1061 2907 1161 2947 nec
1196 2909 1300 2947 non
1346 2902 1400 2949 et
1440 2895 1705 2949 Lantbcr—

116 2994 228 3037 tum
256 3024 271 3047 ,
312 2982 403 3037 sed
426 2993 479 3037 et
500 2983 844 3052 lngobertum
879 3001 889 3034 :
931 2983 1023 3051 qui
1054 2983 1393 3055 Aquasgrani
1427 2986 1705 3040 venientes

118 3072 349 3135 talibus,
386 3088 453 3125 ne
500 3073 747 3126 accidere
775 3080 1031 3140 possent,
1063 3075 1275 3128 cautela
1308 3078 1702 3145 prospicerent,

114 3171 169 3217 et
211 3162 473 3231 quosdam
531 3163 701 3231 stupri
755 3164 1094 3219 immanitate
1142 3174 1197 3219 et
1242 3169 1508 3236 super-him
1559 3168 1703 3223 fastu

117 3268 242 3307 reos
268 3253 566 3321 majestatis
597 3261 754 3306 caute
790 3254 857 3306 ad
888 3255 1177 3309 adventum
1231 3272 1402 3324 usque
1430 3274 1587 3311 suum
1617 3275 1705 3313 as-

117 3354 423 3399 servarent.
450 3343 582 3397 Nam
612 3344 775 3412 aliqui
802 3360 991 3399 eorum
1038 3362 1157 3399 eum
1196 3347 1463 3415 supplices
1494 3351 1705 3403 veniam

116 3434 265 3488 inter
295 3434 398 3487 iter
423 3433 690 3502 agendum
712 3434 1105 3503 poposcissent,
1129 3447 1495 3491 emeruerunt.
1538 3438 1709 3492 Simul

116 3538 172 3583 et
200 3529 521 3597 praseipiens
553 3536 611 3581 ut
648 3529 877 3596 populus
928 3530 1127 3583 ibidem
1159 3531 1464 3583 consistens
1507 3531 1708 3597 absque

119 3629 272 3674 metu
319 3627 492 3672 semet
538 3619 735 3673 ibidem
774 3619 1113 3686 opperiretur
1145 3627 1453 3671 venturum.
1487 3618 1555 3671 At
1580 3633 1708 3671 vero

120 3709 446 3763 Warnarius
472 3723 683 3772 comes,
727 3708 896 3761 inscio
921 3706 1077 3759 Wala
1111 3717 1164 3759 et
1197 3707 1504 3776 lngoberto,
1531 3708 1708 3760 accito

120 3810 321 3868 nepote
363 3798 681 3861 Lantberto,
727 3797 1028 3851 llodoinum
1064 3798 1174 3867 jam
1224 3798 1389 3851 dicto
1417 3797 1707 3850 obnoxium

118 3890 383 3951 crimine,
426 3889 492 3940 ad
540 3903 598 3940 se
650 3888 834 3939 venire
872 3886 1324 3955 mandavitquasi
1357 3886 1711 3954 comprehen-

120 3980 359 4034 dendum
390 4019 402 4040 ,
472 3987 525 4031 et
568 3979 728 4047 regia:
779 3978 1028 4032 vindictae
1090 3978 1491 4045 objectandum.
1547 3976 1711 4043 Cujus

121 4070 208 4121 ille
242 4069 470 4122 insidias
496 4109 509 4132 ,
552 4077 609 4122 ut
650 4078 774 4139 pote
800 4069 1150 4123 admordente
1192 4070 1392 4123 acriter
1426 4069 1709 4122 conscien-

123 4160 194 4213 tia
216 4200 229 4218 .
267 4160 505 4212 monitus
530 4159 795 4227 praevidit,
820 4168 873 4213 et
901 4160 1026 4227 quia
1066 4160 1335 4213 declinare
1365 4160 1707 4221 detrectavit,

118 4257 172 4300 et
200 4248 321 4316 ipse
352 4246 587 4315 experiri
624 4248 821 4300 meruit
848 4288 862 4310 ,
912 4256 965 4300 et
996 4247 1094 4315 ipsi
1151 4246 1439 4301 Warnario
1466 4247 1709 4301 ultimam

121 4338 340 4390 cladem
370 4337 698 4405 importavit.
748 4335 881 4389 Nam
917 4337 984 4389 ad
1010 4352 1132 4390 eum
1152 4377 1166 4401 ,
1198 4337 1337 4391 sicut
1368 4338 1455 4392 ille
1484 4339 1711 4393 manda-

122 4439 300 4492 verat,
350 4429 592 4492 veniens,
635 4436 689 4481 et
718 4428 890 4496 ipsum
948 4427 1291 4481 Warnarium
1336 4430 1567 4484 confecit
1599 4472 1611 4490 .
1656 4440 1709 4486 et

126 4520 480 4573 Lautbertum
507 4518 681 4571 cruris
700 4518 915 4571 lmsione
941 4533 1043 4570 non
1080 4532 1241 4585 parvo
1295 4525 1534 4587 tempore
1558 4521 1705 4574 debi-

126 4612 230 4665 lem
267 4609 530 4673 reddidit;
578 4617 637 4662 et'
670 4609 735 4661 ad
787 4607 1030 4660 ultimum
1062 4608 1173 4674 ipse
1203 4608 1483 4660 cunfossus
1506 4610 1699 4677 gladio,

126 4701 357 4756 interiit.
428 4700 554 4766 Quae
575 4715 695 4753 eum
723 4698 1293 4766 nuntiataimperatori
1322 4698 1567 4763 fuissent,
1592 4702 1705 4754 ani-

130 4782 276 4845 mum
314 4791 455 4844 illius
474 4790 539 4843 ad
570 4789 993 4842 misericordiam
1022 4788 1243 4841 exitium
1273 4786 1419 4842 ﬂexit
1449 4790 1626 4855 amici,
1652 4791 1705 4844 in

130 4890 343 4936 tantum
370 4890 429 4934 ut
458 4880 665 4934 Tullius
696 4878 889 4951 {illius}
940 4879 1156 4947 quidam
1208 4879 1413 4944 talium,
1457 4881 1547 4949 qui
1574 4897 1708 4950 pene

127 4974 239 5043 jam
292 4974 633 5042 imperatoris
657 4972 943 5027 clementia
993 4972 1147 5026 venia
1184 4972 1377 5041 dignus
1402 4974 1704 5036 videbatur,

129 5066 395 5122 luminum
424 5068 712 5122 amissione
739 5068 1104 5121 mulctaretur.
1182 5066 1342 5121 Venit
1377 5083 1505 5136 ergo
1546 5067 1707 5135 impe-

136 5168 284 5215 rator
330 5160 667 5229 Aquasgrani
719 5160 995 5228 palatium,
1048 5169 1101 5213 et
1134 5176 1163 5212 a
1208 5160 1522 5228 propinquis
1548 5169 1707 5227 atque

133 5254 319 5308 multis
344 5254 675 5308 Francorum
704 5254 937 5308 millibus
955 5268 1078 5308 cum
1102 5252 1268 5307 multo
1310 5253 1491 5307 favore
1513 5260 1596 5305 est
1626 5266 1708 5305 re-

135 5354 320 5413 ceptus
376 5346 776 5414 imperatorque
836 5344 1074 5400 secundo
1112 5344 1432 5399 declaratus.
1505 5344 1709 5410 Quibus

136 5436 385 5506 expletis,
440 5436 696 5491 studiosis
741 5436 1027 5505 sepulturre
1063 5442 1301 5505 paterna:
1323 5434 1524 5504 gratias
1575 5435 1706 5502 egit,

135 5541 197 5580 ac
221 5529 539 5596 propinquis
574 5528 746 5581 luctus
772 5526 1068 5583 acerbitate
1094 5522 1710 5589 confectis,eonsolatio-

136 5616 216 5669 nis
238 5631 492 5679 congrua:
531 5615 754 5669 contulit
792 5615 1056 5668 levamen.
1139 5614 1244 5666 Sed
1276 5622 1329 5666 et
1357 5614 1496 5682 quod
1525 5615 1712 5669 deerat

138 5703 337 5759 inferiis
371 5704 653 5773 genitoris,
683 5704 1081 5774 promptissime
1112 5704 1394 5773 supplevit.
1447 5702 1579 5757 Nam
1626 5720 1708 5759 rc-

1801 1912 1921 1964 qute
1945 1913 1972 1948 a
2004 1906 2155 1964 patre
2186 1904 2489 1966 acceperat,
2518 1899 2805 1953 concessit.
2878 1898 3008 1964 Qua:
3053 1908 3235 1952 autem
3292 1916 3393 1953 ncc

1803 1986 1925 2039 dum
1964 1985 2069 2039 tale
2115 1986 2241 2054 quid
2270 1994 2574 2041 consecuta:
2598 1997 2775 2051 erant,
2819 1988 2887 2042 ab
2926 1989 3256 2058 imperatore
3282 2006 3393 2042 me-

1804 2086 2048 2142 ruerunt,
2073 2087 2127 2132 et
2157 2080 2222 2132 ad
2247 2080 2511 2147 imperata
2542 2094 2661 2134 sese
2690 2087 2988 2134 verterunt.
3028 2080 3156 2134 Post
3172 2082 3393 2135 hascim-

1804 2178 2023 2237 perator
2044 2170 2337 2238 legationes
2367 2169 2431 2222 ad
2459 2179 2667 2239 patrem
2698 2172 3018 2237 destinatas,
3036 2172 3102 2225 ad
3131 2187 3188 2227 se
3212 2182 3391 2226 autem

1804 2260 2082 2314 venientes
2130 2270 2184 2315 et
2217 2271 2495 2331 susceptas
2519 2262 2804 2333 diligenter
2856 2264 3082 2327 audivit,
3121 2264 3397 2334 dapsilitcr

1805 2350 2037 2411 curavit,
2091 2361 2404 2419 sumptuose
2439 2361 2751 2407 muneratas
2798 2355 3025 2407 remisit.
3086 2354 3231 2409 Inter
3258 2371 3393 2423 quas

1805 2440 1885 2491 vel
1904 2442 2169 2509 prrecipua
2197 2441 2296 2494 fuit
2310 2443 2649 2511 imperatoris
2672 2444 3279 2515 Coustantinopolitani,
3298 2463 3393 2500 un-

1807 2528 1949 2580 mine
1972 2528 2267 2593 Michaelis,
2294 2531 2379 2584 cui
2406 2533 2657 2587 dominus
2694 2533 2923 2589 Carolus
2948 2537 3140 2590 missos
3171 2538 3395 2593 miserat

1804 2618 2136 2672 Amalarium
2186 2621 2543 2676 'l'rcvcrorum
2582 2625 2913 2695 episcopum,
2961 2636 3016 2682 et
3054 2629 3270 2682 Petrum
3295 2629 3395 2683 Nn-

1807 2706 2042 2763 nantuhe
2100 2710 2367 2773 abbatem,
2418 2714 2566 2781 pacis
2617 2716 3002 2772 conﬁrmanda:
3028 2720 3225 2788 gratia.
3294 2720 3394 2787 Qui

1808 2807 2139 2854 revertentes
2173 2802 2367 2856 missos
2408 2818 2567 2871 supra
2608 2806 2736 2859 dicti
2785 2807 3061 2862 Michaelis
3094 2825 3277 2865 secum
3302 2813 3395 2865 ad-

1808 2889 1874 2942 du
1885 2900 2076 2944 xerunt
2104 2890 2553 2962 Christophorum
2580 2898 3100 2966 protospatharium,
3119 2908 3175 2953 ct
3190 2898 3395 2970 Grego-

1809 2979 1945 3032 rium
1960 2980 2239 3035 diaconem
2253 3023 2266 3044 ,
2285 2982 2352 3035 ad
2370 2983 2750 3052 imperatorem
2769 2985 3021 3040 Carolum
3034 2987 3291 3054 directos,
3308 3006 3396 3043 su—

1812 3082 1906 3136 per
1927 3070 2178 3122 omnibus
2210 3084 2329 3137 quae
2351 3072 2554 3141 scripta
2580 3071 3219 3144 fuerantresponden'tes.
3250 3077 3395 3144 Quos

1811 3176 1932 3213 eum
1965 3162 2261 3229 imperator
2288 3164 2607 3230 remitteret,
2636 3167 2797 3221 simul
2825 3183 2946 3222 eum
2990 3171 3069 3224 eis
3099 3171 3248 3225 misit
3270 3174 3395 3226 mis-

1810 3266 1899 3305 sos
1921 3267 2048 3305 suos
2066 3251 2229 3306 Leoni
2256 3254 2547 3308 substituto
2569 3256 2901 3324 imperatori,
2927 3256 3274 3314 Nortber'lum
3292 3263 3395 3315 Re-

1810 3342 2048 3411 giensem
2074 3343 2410 3412 episcopum,
2452 3353 2505 3398 et
2536 3344 2863 3399 Riehoinum
2926 3345 3206 3402 Pietavum
3232 3353 3397 3405 comi-

1811 3441 1919 3485 tem
1953 3452 1965 3485 :
2000 3441 2190 3502 petens
2228 3434 2593 3488 amicitiarum
2643 3437 2958 3491 societatem
2987 3448 3041 3492 et
3092 3444 3398 3496 renovatio-

1810 3538 1932 3575 nem
1982 3524 2351 3591 antiquarum,
2420 3524 2663 3578 simulet
2711 3528 2855 3593 pacti
2905 3528 3393 3585 conﬁrmationem.

1810 3614 2009 3668 Eodem
2041 3631 2182 3669 anno
2234 3616 2539 3685 generalem
2590 3626 2913 3672 conventum
2941 3619 3262 3689 Aquisgrani
3302 3625 3396 3676 ha-

1810 3705 1947 3768 buit,
1980 3717 2035 3758 et
2072 3720 2169 3773 per
2215 3708 2504 3761 universas
2549 3710 2699 3777 regni
2738 3710 2820 3762 sui
2875 3720 3057 3777 partes
3107 3714 3290 3767 ﬁdeles
3334 3731 3397 3766 ac

1810 3797 2132 3850 creditarios
2171 3813 2200 3851 a
2238 3798 2406 3851 latere
2438 3813 2536 3852 suo
2564 3798 2711 3851 misit
2743 3817 2755 3851 :
2790 3800 2879 3868 qui
2912 3804 3049 3869 mqui
3082 3801 3221 3869 juris
3253 3814 3396 3856 tena-

1812 3901 1904 3939 ces
1968 3888 2266 3941 existentes
2316 3902 2571 3957 perversa
2638 3890 2993 3959 eorrigerent,
3038 3892 3396 3962 omnibusque

1805 3976 1894 4044 jus
1916 3994 2215 4047 congruum
2260 3993 2415 4046 :equo
2455 3978 2737 4032 libramine
2792 3982 3105 4048 penderent.
3154 3982 3391 4036 Bernar-

1819 4069 1944 4121 dum
1976 4069 2136 4121 etiam
2186 4075 2437 4135 nepotem
2482 4082 2638 4121 suum
2674 4067 2993 4135 jamdudum
3025 4085 3205 4141 regem
3232 4072 3397 4129 Italire

1812 4158 1878 4211 ad
1932 4175 1989 4213 se
2037 4169 2337 4222 evocatum,
2393 4166 2447 4213 et
2501 4159 2818 4214 obcdieuter
2859 4170 3164 4229 parentem,
3206 4167 3397 4234 amplis

1814 4249 2130 4302 muneribus
2162 4248 2443 4311 donatum,
2472 4248 2539 4302 ad
2562 4250 2841 4319 proprium
2891 4267 3117 4321 regnum
3158 4257 3390 4311 remisit.

1813 4338 2312 4391 Beneventauorum
2344 4338 2526 4392 itidem
2551 4340 2847 4408 principem
2874 4339 3242 4397 Gritnoaldum
3286 4360 3389 4401 nun

1736 4472 1786 4530 D
1812 4428 2027 4496 quidem
2057 4429 2381 4491 venientem,
2429 4428 2521 4481 sed
2550 4428 2747 4482 missos
2778 4444 2909 4483 suos
2948 4431 3271 4499 mittentem,
3304 4450 3398 4505 pa-

1812 4530 1900 4574 cto
1940 4531 1992 4575 et
2027 4520 2381 4573 sacramentis
2434 4521 2777 4583 constrinxit,
2838 4532 2896 4574 ut
2952 4523 3178 4593 singulis
3236 4528 3396 4581 annis

1812 4619 2014 4677 septem
2044 4609 2205 4661 millia
2252 4609 2545 4663 solidorum
2585 4611 2701 4663 auri
2732 4627 2871 4665 arcte
2893 4613 3119 4681 publica?
3140 4615 3394 4672 inferret.

1815 4701 2011 4754 Eodem
2038 4701 2198 4753 etiam
2231 4716 2372 4755 anno
2399 4702 2627 4755 duorum
2656 4718 2873 4757 suorum
2913 4703 3165 4769 filiorum,
3199 4706 3395 4762 Lothao

1813 4792 1949 4843 rium
1980 4789 2035 4842 in
2078 4789 2401 4859 Bajoariam,
2434 4790 2712 4861 Pippinum
2763 4793 2815 4845 in
2850 4793 3194 4861 Aquitaniam
3225 4799 3390 4859 misit,

1808 4881 2031 4934 tertimn
2054 4896 2179 4937 vero
2206 4881 2531 4935 Ludovicum
2571 4884 2746 4937 adhuc
2771 4883 3070 4953 puerilibus
3094 4886 3393 4941 consisten-

1812 4979 1919 5023 tem
1972 4971 2023 5023 in
2054 4972 2209 5024 annis
2256 4987 2437 5026 secum
2476 4974 2662 5026 tenuit.
2699 4972 2899 5028 Eodem
2947 4975 3113 5029 etiam
3149 4984 3389 5047 tempore

1813 5060 2117 5126 llerioldus,
2166 5062 2231 5116 ad
2275 5077 2433 5131 quem
2464 5079 2672 5119 summa
2723 5066 2871 5135 regni
2904 5065 3179 5122 Danorum
3229 5073 3392 5139 perii-

1813 5166 1943 5205 nere
1978 5151 2281 5215 videbatur,
2309 5160 2365 5206 et
2392 5154 2484 5221 qui
2534 5155 2742 5223 pridem
2794 5169 2823 5208 a
2854 5155 2979 5210 ﬁliis
3005 5154 3279 5211 Godefridi
3309 5175 3390 5212 re—

1811 5259 1914 5313 gno
1938 5242 2121 5312 pulsus
2149 5241 2347 5307 fuerat,
2381 5246 2447 5298 ad
2474 5246 2852 5315 imperatorem
2894 5248 3223 5305 Ludovicum
3268 5266 3390 5306 con-

1813 5336 2016 5405 fugium
2046 5336 2192 5401 fecit,
2218 5347 2271 5392 et
2316 5337 2473 5406 juxta
2499 5356 2704 5395 morem
2758 5341 3089 5397 Francorum
3140 5346 3389 5401 manibus

1814 5429 1957 5483 illius
2009 5444 2068 5483 se
2112 5430 2350 5484 tradidit.
2397 5431 2565 5498 Quem
2626 5448 2719 5486 rex
2772 5444 3081 5504 susceptum
3119 5436 3173 5489 in
3212 5434 3386 5491 Saxo-

1812 5521 1955 5573 niam
1996 5522 2075 5575 ire
2110 5519 2293 5588 jussit,
2351 5530 2405 5577 et
2436 5532 2641 5592 tempus
2682 5540 2788 5592 quo
2839 5526 2885 5579 ei
2943 5525 3199 5579 auxilium
3244 5525 3388 5583 ferre

1812 5619 1993 5678 posset
2035 5610 2100 5664 ad
2152 5613 2615 5680 recuperationem
2661 5615 2740 5666 sui
2800 5615 3151 5682 principatus,
3186 5616 3384 5670 ibidem

1812 5701 2032 5769 aperiri.
2086 5700 2202 5767 Quo
2257 5703 2417 5756 etiam
2451 5712 2691 5772 tempore
2746 5703 3051 5759 Saxonibus
3084 5712 3243 5772 alque
3266 5704 3383 5762 Fri-
