3906 6332
468 319 573 376 9ίό

1577 324 1899 380 LUDOVICI
1942 323 1962 376 I
2004 320 2476 381 COGNOMENTO
2516 326 2599 381 PII

3640 326 3739 377 9-H

468 441 692 496 senibus
715 443 804 512 jus
841 451 1077 512 paterna
1115 444 1462 507 litereditatis,
1494 445 1636 512 quod
1679 445 1779 498 sub
1803 452 1955 512 patre
1981 440 2049 495 ob
2078 441 2127 497 Α
2154 445 2475 500 succedente
2533 445 2704 498 :estivi
2757 445 3014 513 temporis
3080 444 3387 514 gratissima
3459 443 3741 502 blanditie.

469 529 750 600 perﬁdiam
773 532 1018 603 legaliter
1053 534 1418 602 perdiderant,
1448 535 1794 604 imperatoria
1821 533 2051 589 clemen-

470 622 543 676 tia
573 622 811 677 restituit
838 641 850 675 :
878 625 1021 692 quod
1066 623 1156 677 alii
1185 623 1517 689 liberalitati,
1559 625 1650 679 alii
1691 625 2051 694 improviden-

470 712 558 766 tite
599 713 971 783 assignabant,
1002 728 1066 769 eo
1088 713 1232 784 quod
1255 715 1338 768 ha:
1360 724 1548 785 gentes
1577 716 1806 770 naturali
1849 716 2050 770 feritati

466 800 808 868 assuefactte,
859 804 1058 859 talibus
1115 803 1346 859 habenis
1389 806 1645 861 deberent
1689 806 1949 870 coerceri,
1984 819 2051 859 ne

465 892 675 950 scilicet
714 893 948 950 eﬂrenes
995 896 1051 950 in
1082 895 1469 964 perduellionis
1519 897 1908 967 procacitatem
1945 896 2051 949 fer-

466 992 673 1038 rentur.
725 984 1028 1053 Imperator
1057 993 1237 1040 autem
1264 1001 1329 1040 eo
1358 987 1459 1041 sibi
1488 987 1690 1041 arctius
1718 1001 1812 1041 eos
1859 988 2050 1042 vinciri

465 1082 640 1139 ratus,
672 1090 782 1144 quo
806 1076 888 1130 eis
921 1076 1181 1131 beneficia
1223 1076 1530 1148 largiretur,
1563 1092 1671 1132 non
1719 1085 1802 1132 est
1830 1092 1924 1146 spe
1953 1093 2049 1132 sua

464 1165 744 1234 deceptus.
797 1165 958 1220 Nam
1000 1176 1121 1238 post
1167 1167 1282 1223 htec
1335 1168 1554 1223 easdem
1600 1177 1788 1239 gentes
1837 1183 2050 1239 semper

464 1255 566 1310 sibi
615 1257 996 1312 devotissimus
1028 1258 1235 1312 habuit.

534 1346 650 1402 Hoc
701 1361 842 1400 anno
888 1344 1036 1418 (815)
1089 1361 1307 1402 cursum
1338 1353 1602 1412 vertente,
1650 1350 1918 1417 perlatum
1967 1358 2053 1404 est

464 1436 776 1504 imperatori
804 1437 946 1504 quod
973 1435 1345 1491 Romanorum
1373 1437 1540 1506 aliqui
1581 1446 1831 1508 potentes
1860 1446 2049 1495 contra

463 1527 698 1582 Leonem
729 1526 1084 1596 apostolicum
1126 1543 1323 1598 pravas
1365 1529 1584 1582 inierint
1619 1529 2045 1600 conjurationes.

461 1618 608 1684 Quos
656 1617 929 1671 detractos
989 1624 1154 1687 atque
1203 1619 1479 1674 convictos
1527 1620 1669 1674 idem
1723 1621 2050 1690 apostolicus

461 1708 728 1779 supplicio
760 1707 1032 1761 addixerit
1074 1709 1314 1777 capitali,
1347 1710 1465 1778 lege
1493 1711 1864 1766 Romanorum
1905 1713 1958 1766 in
1996 1712 2048 1766 id

2155 536 2304 590 missi
2358 545 2483 589 sunt
2517 536 2584 588 ab
2634 550 2698 590 eo
2743 536 2834 605 qui
2877 536 3128 589 dicuntur
3176 534 3485 588 Orientales
3528 535 3741 594 Franci,

2155 625 2248 679 sed
2282 633 2335 679 et
2388 625 2640 678 Saxonici
2694 626 2908 695 generis
2957 627 3198 682 comites.
3251 635 3440 679 contra
3506 625 3743 679 Sorabos

2156 711 2395 778 Selavos,
2428 715 2516 783 qui
2545 716 2612 769 ab
2653 715 2770 784 ejus
2814 715 3038 783 imperio
3089 714 3412 769 dicebantur
3451 714 3740 768 defecisse.

2153 805 2392 871 Quorum
2451 812 2674 858 conatus
2737 819 2899 872 quam
2961 805 3278 859 brevissime
3329 821 3396 858 ac
3459 804 3740 866 facillime.

2153 896 2369 951 Christo
2403 895 2655 960 donante,
2698 909 3042 964 compressus
3073 904 3173 949 est.
3215 894 3319 949 Sed
3347 905 3404 949 et
3431 896 3741 948 Vasconum

2153 986 2342 1048 cititni,
2374 985 2466 1055 qui
2506 984 2746 1056 Pyrentei
2790 984 2904 1055 jugi
2953 986 3249 1055 propinqua
3300 985 3419 1038 loca
3475 985 3741 1046 incolunt,

2153 1077 2341 1133 eodem
2365 1085 2608 1144 tempore
2623 1076 2776 1144 juxta
2799 1078 3087 1146 genuinam
3118 1076 3576 1130 consuetudinem
3607 1075 3737 1129 levi-

2153 1167 2300 1230 tatis,
2333 1182 2360 1219 a
2404 1166 2561 1220 nobis
2591 1167 2810 1220 omnino
2839 1167 3198 1220 desciverunt.
3230 1165 3409 1219 Causa
3437 1173 3627 1217 autem
3661 1180 3741 1216 re-

2151 1259 2400 1313 bellionis
2430 1258 2531 1311 fuit
2578 1273 2641 1313 eo
2687 1259 2831 1328 qttod
2884 1257 3200 1328 Siguvinum
3237 1272 3429 1312 eorum
3484 1257 3739 1311 comitem

2152 1357 2370 1418 propter
2423 1363 2630 1403 morum
2686 1363 2972 1417 pravorum
3028 1349 3479 1418 castigationem,
3550 1347 3741 1413 quibus

2151 1455 2287 1509 pene
2309 1448 2427 1494 erat
2446 1439 2825 1510 importabilis,
2856 1441 2922 1494 ab
2945 1455 3130 1494 eorum
3163 1441 3391 1493 removit
3421 1437 3741 1507 prmlatiore

2152 1533 2463 1600 imperator.
2502 1532 2602 1598 Qui
2633 1541 2811 1586 tamen
2842 1533 2976 1587 adeo
3017 1540 3143 1586 sunt
3187 1532 3400 1585 duabus
3430 1531 3740 1599 expeditio-

2151 1624 2308 1678 nibus
2338 1624 2582 1689 edomiti,
2608 1632 2666 1678 ut
2694 1638 2816 1677 sero
2861 1623 3175 1691 pmnituerit
3219 1637 3312 1676 eos
3361 1621 3594 1691 incepti
3639 1623 3737 1680 sui,

2151 1716 2584 1786 deditionemque
2619 1732 2813 1787 magno
2869 1723 3184 1786 expeterent
3229 1723 3371 1768 voto.
3425 1714 3578 1767 Inter
3632 1713 3742 1766 lure

461 1800 828 1870 conspirante.
886 1799 1187 1869 Imperator
1239 1811 1418 1856 autem
1468 1803 1694 1859 audiens
1748 1819 1890 1874 aegre
1929 1804 2044 1859 hmo
2075 1787 2122 1844 Β
2151 1805 2354 1860 domini
2423 1805 2617 1861 Leonis
2673 1806 2901 1861 Romani
2967 1806 3225 1860 antistitis
3285 1805 3547 1859 dormitio
3607 1822 3741 1856 nun-

462 1888 600 1953 tulit,
618 1888 775 1943 -velut
796 1904 825 1942 a
845 1889 1024 1958 primo
1049 1890 1199 1944 orbis
1228 1892 1507 1946 sacerdote
1537 1901 1648 1946 tam
1705 1908 1893 1948 severe
1934 1894 2048 1970 ani-

463 1979 768 2035 madversa.
814 1979 1048 2050 Ideoque
1101 1982 1436 2038 Bernardum
1483 1985 1649 2040 Italite
1695 2000 1875 2056 regem
1925 1985 2048 2040 illuc

463 2069 633 2135 misit,
663 2077 724 2124 ut
746 2069 863 2139 ipse
884 2071 1125 2126 rescieris
1146 2073 1276 2141 quid
1303 2089 1494 2129 verum
1530 2075 1729 2144 quidve
1760 2075 1957 2130 falsum
1983 2077 2048 2130 de

460 2160 568 2215 hac
595 2176 655 2216 re
678 2176 868 2217 rumor
899 2165 1182 2232 sparserit,
1206 2181 1303 2236 per
1324 2165 1614 2223 Geroldum
1644 2170 1746 2224 sibi
1777 2171 2050 2224 renuntia-

464 2257 569 2305 ret.
596 2250 717 2320 Ipse
733 2260 914 2306 autem
928 2253 1241 2310 Bernardus
1256 2271 1351 2310 rex
1371 2257 1598 2312 Romam
1612 2260 1781 2325 venit,
1800 2274 1919 2330 quae
1932 2261 2049 2315 visa

464 2347 594 2394 sunt
647 2356 748 2411 per
787 2341 1017 2397 missum
1065 2359 1231 2414 supra
1278 2346 1483 2400 dictum
1532 2350 1882 2404 renuntiavit.
1940 2349 2050 2404 Sed

460 2443 588 2484 mox
607 2431 885 2485 subsecuti
903 2433 1054 2486 missi
1083 2432 1325 2501 ejusdem
1349 2437 1632 2506 apostolici
1656 2438 2050 2505 Lconis,Joan-

462 2534 567 2574 nes
595 2520 886 2590 episcopus
916 2519 1077 2577 Silvae
1107 2522 1380 2589 Candidas,
1406 2534 1461 2580 et
1490 2525 1804 2582 Theodorus
1826 2541 2053 2584 nomen-

461 2609 655 2675 clator,
698 2625 800 2666 nec
838 2626 946 2666 non
993 2611 1218 2680 Sergius
1247 2614 1376 2679 dux,
1425 2613 1661 2670 Leonem
1695 2617 2050 2686 apostolicum

456 2699 781 2756 criminibus
821 2700 1046 2768 objectis
1077 2717 1396 2774 purgavere.
1424 2702 1673 2760 Iusserat
1694 2721 1856 2776 perm
1885 2709 2052 2778 impe-

460 2800 612 2846 rator
635 2799 697 2846 ut
739 2791 997 2848 Ilerioldo
1026 2793 1502 2864 suppeditarentur
1533 2795 1789 2852 Saxoniei
1820 2799 2052 2853 comites

459 2889 518 2937 et
538 2881 776 2938 Abotriti
825 2881 956 2937 olim
996 2883 1217 2939 domino
1245 2883 1440 2942 Carolo
1486 2885 1736 2956 subjecti,
1785 2896 2053 2957 quatenus

462 2986 631 3044 regno
685 2975 909 3046 proprio
961 2975 1362 3043 restitueretur,
1411 2978 1579 3033 misso
1630 2979 1684 3034 in
1724 2980 1828 3035 hoc
1862 2980 2051 3049 ipsum

461 3065 711 3122 Baldrico
730 3067 930 3138 legato.
965 3066 1217 3134 Quicum
1246 3069 1535 3140 Egidoram
1577 3069 1796 3125 [luvium
1824 3073 2053 3129 transis-

461 3165 604 3222 sent,
631 3157 965 3212 devenerunt
981 3157 1034 3212 in
1061 3167 1259 3213 terram
1281 3159 1765 3228 Nortmannorum,
1789 3163 1842 3217 in
1870 3163 2050 3219 locum

462 3246 616 3315 citius
645 3245 966 3301 vocabulum
997 3255 1081 3302 est
1124 3246 1390 3304 Sinlendi.
1426 3247 1534 3305 Sed
1582 3250 1707 3306 filiis
1748 3251 2050 3321 Godefridi,

464 3337 592 3392 licet
627 3337 838 3408 magnis
865 3339 1268 3394 abundantibus
1315 3341 1489 3410 copiis
1518 3349 1572 3396 et
1598 3343 1827 3398 navibus
1853 3344 2055 3400 ducen-

464 3429 554 3492 tis,
582 3427 889 3483 nolentibus
913 3429 1162 3486 cominus
1196 3431 1384 3486 venire
1412 3441 1465 3484 et
1487 3447 1680 3503 pugnae
1709 3447 1768 3488 se
1805 3436 2050 3503 credere,

462 3518 532 3572 ab
554 3518 785 3574 invicem
819 3533 1096 3574 secessum
1121 3528 1247 3575 est:
1295 3521 1522 3592 direptis
1566 3523 1911 3593 incensisque
1933 3540 2054 3580 om-

465 3611 626 3665 nibus
654 3625 774 3680 qua:
794 3625 1088 3670 occurrere
1117 3620 1429 3681 potuerunt,
1445 3631 1668 3685 insuper
1691 3624 1748 3672 et
1771 3617 2054 3674 obsidibus

463 3701 822 3773 quadraginta
851 3703 920 3757 ab
944 3703 1135 3758 eodem
1179 3705 1378 3774 populo
1408 3707 1696 3775 susceptis.
1742 3707 1838 3762 llis
1888 3708 2057 3777 gestis

463 3792 532 3848 ad
578 3793 962 3863 imperatorem
1009 3795 1065 3849 in
1111 3795 1292 3850 locum
1323 3797 1415 3866 qui
1445 3797 1647 3852 dicitur
1675 3797 2054 3864 Patrisbruna,

465 3883 775 3948 redierunt;
829 3900 938 3954 quo
966 3886 1145 3939 omnis
1186 3887 1417 3956 populus
1462 3888 1528 3942 ad
1572 3886 1690 3957 ejus
1743 3888 2057 3959 generalem

463 3981 788 4028 conventum
814 3974 1039 4030 coierat.
1068 3974 1185 4044 Quo
1213 3977 1411 4032 inloco
1434 3979 1710 4048 principes
1736 3978 2060 4034 Sclavorum

466 4054 831 4120 (hiemalium
873 4081 1065 4122 omnes
1108 4068 1485 4138 primoresque
1531 4077 1817 4124 venerunt.
1852 4066 2057 4125 Eodem

467 4172 615 4212 anno
637 4156 842 4212 Abulat
869 4155 1267 4212 Saracenorum
1296 4175 1392 4214 rex
1434 4159 1704 4214 triennem
1732 4159 1802 4214 ab
1823 4157 2059 4230 Impera-

465 4257 584 4302 tore
607 4246 763 4316 petiit
817 4261 1028 4318 pacem.
1063 4246 1194 4314 Quae
1233 4249 1453 4319 quidem
1483 4249 1719 4318 primum
1765 4248 2055 4319 impetrata

467 4346 576 4404 est,
607 4340 702 4394 sed
724 4347 916 4409 postea
948 4348 1208 4409 tanquam
1253 4340 1460 4395 inutilis
1504 4337 1728 4407 rejecta,
1773 4349 1830 4394 et
1854 4340 2054 4394 bellum

2154 1897 2320 1950 tiatur
2347 1897 2682 1966 imperatori,
2715 1913 2835 1966 qua:
2877 1899 3054 1951 evenit
3089 1909 3281 1952 octavo
3327 1897 3608 1950 Kalendas
3650 1894 3739 1948 Ju-

2153 1985 2246 2048 nii,
2283 2000 2424 2039 anno
2459 1986 2715 2040 vicesimo
2752 1988 2926 2055 primo
2956 1987 3298 2058 episcopatus
3330 1988 3411 2041 sui
3448 2007 3460 2039 :
3512 1987 3740 2054 Stepha-

2153 2073 2314 2141 nique
2341 2074 2552 2128 diaconi
2581 2075 2633 2128 in
2660 2075 2834 2130 locum
2859 2076 2973 2145 ejus
3003 2077 3341 2146 subrogatio,
3374 2077 3470 2144 qui
3507 2085 3636 2145 post
3660 2076 3737 2128 sui

2153 2164 2619 2218 consecrationem
2661 2165 2728 2220 ad
2771 2165 3049 2220 dominum
3108 2167 3498 2235 imperatorem
3555 2166 3741 2219 venire

2153 2268 2260 2308 non
2312 2253 2536 2309 distulit.
2597 2256 2692 2310 Vix
2738 2258 2882 2310 enim
2927 2259 3135 2311 duobus
3180 2259 3387 2311 exactis
3436 2257 3737 2318 mensibus,

2153 2357 2362 2398 summa
2413 2359 2535 2397 cum
2590 2343 2936 2401 festinatione
2990 2349 3038 2400 ei
3097 2362 3387 2401 occurrere
3438 2347 3735 2400 festinavit.

2150 2434 2421 2488 Prtemisit
2458 2443 2638 2488 tamen
2673 2436 3013 2505 legationem,
3043 2454 3161 2506 qua:
3189 2454 3353 2509 super
3394 2439 3739 2492 ordinatione

2154 2523 2269 2592 ejus
2299 2525 2614 2595 imperatori
2645 2527 3004 2583 satisfaceret.
3048 2529 3347 2598 Imperator
3395 2539 3581 2584 autem
3629 2535 3738 2598 ejus

2154 2617 2383 2670 adventu
2427 2619 2775 2688 praecognito,
2821 2621 3093 2676 Bernardo
3131 2622 3348 2691 quidem
3396 2623 3583 2691 nepoti
3623 2638 3737 2675 eum

2154 2707 2400 2766 comitari
2419 2709 2599 2777 jussit.
2630 2709 2736 2764 Sed
2775 2720 2830 2766 et
2870 2713 3321 2783 appropinquanti
3361 2714 3498 2768 alios
3528 2716 3736 2774 missos,

2154 2799 2245 2867 qui
2283 2814 2408 2853 eum
2443 2815 2564 2854 cum
2597 2802 2777 2857 debito
2825 2805 3031 2859 honore
3079 2807 3463 2872 perducerent,
3517 2805 3737 2859 direxit.

2152 2887 2271 2956 Ipse
2301 2897 2480 2945 autem
2509 2891 2797 2948 adventum
2829 2894 2944 2962 ejus
2979 2895 3202 2950 Rhemis
3227 2897 3501 2950 sustinere
3532 2899 3736 2950 statuit.

2154 2977 2252 3032 Cui
2281 2981 2446 3034 etiam
2475 2982 2690 3036 obviam
2719 2983 3093 3038 Ilildebaldum
3127 2985 3631 3054 archieapellanum
3661 3002 3739 3038 sa-

2153 3069 2231 3124 cri
2263 3071 2468 3140 palatii,
2502 3073 2908 3146 Theodulphum
2932 3077 3240 3148 episcopum
3267 3079 3738 3138 Aurelianensem.

2154 3161 2416 3217 Joannem
2442 3163 2833 3232 Arelatensem,
2863 3168 3202 3238 aliorumque
3238 3170 3620 3223 ministrorum
3647 3171 3741 3224 Ec-

2154 3253 2333 3309 clesiae
2361 3256 2596 3325 copiam,
2623 3260 2918 3326 procedere
2950 3259 3133 3328 jussit,
3179 3259 3366 3315 infulis
3392 3261 3615 3315 indutos
3663 3276 3742 3314 sa-

2155 3344 2540 3400 cerdotalibus.
2586 3346 2667 3400 Ad
2717 3347 2964 3401 ultimum
3011 3349 3308 3418 imperator
3337 3349 3594 3403 milliario
3625 3365 3742 3418 pre-

2155 3433 2319 3488 cessit
2361 3447 2390 3487 a
2432 3437 2765 3490 monasterio
2804 3437 2976 3494 sancti
3022 3437 3352 3492 confessoris
3390 3438 3650 3508 Remigii,
3693 3450 3743 3490 et

2157 3533 2414 3595 tanquam
2445 3525 2588 3581 beati
2615 3526 2762 3582 Petri
2780 3529 3043 3583 vicarium
3069 3530 3452 3584 honestissime
3484 3531 3736 3598 suscepit,

2158 3617 2572 3674 descendentem
2620 3635 2687 3674 ex
2717 3635 2855 3690 equo
2881 3622 3112 3691 excepit,
3139 3631 3197 3676 et
3224 3622 3514 3676 ecclesiam
3541 3624 3742 3675 intran-

2158 3718 2269 3764 tem
2302 3726 2467 3768 manu
2511 3714 2730 3782 propria
2778 3715 3143 3768 sustentavit:
3188 3715 3613 3784 praecinentibus
3649 3730 3742 3784 pro

2162 3811 2310 3856 tanta
2356 3803 2718 3858 exsultatione
2780 3804 2948 3857 variis
3015 3804 3275 3858 Ecclesia:
3315 3805 3623 3867 ordinibus,
3677 3803 3738 3856 Te

2159 3892 2329 3946 Deum
2355 3893 2655 3964 laudamus,
2681 3902 2735 3948 et
2757 3894 2985 3964 reliqua.
3030 3893 3146 3960 Quo
3179 3894 3386 3964 hymno
3414 3893 3594 3958 ﬁnito,
3629 3895 3738 3946 lau-

2160 3984 2254 4039 des
2286 3984 2597 4055 imperatori
2625 3986 2832 4042 debitas
2855 3985 3030 4041 clerus
3052 3985 3330 4042 Romanus
3360 3987 3738 4048 conclamavit,

2160 4087 2389 4142 quarum
2421 4071 2581 4127 finem
2612 4074 2859 4130 dominus
2887 4074 3214 4144 apostolicus
3233 4077 3483 4131 oratione
3506 4077 3738 4144 comple-

2159 4159 2257 4214 vit.
2283 4157 2377 4212 His
2415 4158 2657 4227 expletis,
2690 4159 2830 4212 intra
2874 4160 3064 4214 domus
3092 4160 3399 4229 penetralia
3429 4175 3736 4215 consessum

2158 4257 2262 4316 est,
2294 4250 2661 4320 expositisque
2689 4251 2866 4307 causis
2879 4251 2962 4304 sui
2989 4251 3272 4316 adventus,
3290 4259 3347 4306 et
3367 4251 3737 4306 benedictione

2158 4341 2314 4410 panis
2342 4355 2405 4395 ac
2439 4342 2550 4395 vini
2598 4342 2758 4395 simul
2791 4343 3136 4412 participata,
3169 4343 3473 4412 imperator
3507 4345 3577 4398 ad
3609 4345 3738 4397 civi-

473 4427 762 4484 Saracenis
806 4437 889 4484 est
935 4429 1216 4486 indictum.
1272 4429 1391 4496 Quo
1443 4439 1682 4500 tempore
1733 4429 2052 4486 Nortbertus
2079 4461 2132 4521 Β
2161 4439 2324 4484 tatem
2355 4431 2533 4496 rediit,
2564 4430 2814 4486 dominus
2859 4434 3182 4502 apostolicus
3227 4435 3429 4488 ibidem
3462 4436 3736 4489 remansit.

469 4522 756 4592 episcopus
795 4531 849 4578 et
889 4523 1150 4578 Rieoinus
1197 4537 1378 4578 comes
1403 4538 1433 4578 a
1460 4523 1924 4594 Constantinopoli
1969 4539 2056 4578 re-
2080 4518 2113 4521 “
2163 4518 2268 4574 Sed
2293 4520 2347 4574 in
2372 4521 2668 4575 crastinum
2694 4521 2942 4576 dominus
2984 4521 3275 4591 imperator
3300 4523 3585 4577 dominum
3617 4540 3738 4594 apo-

469 4613 642 4682 gressi
667 4621 815 4679 sunt,
839 4612 1169 4684 foederisque
1197 4623 1413 4684 pactum
1437 4614 1581 4668 inter
1603 4614 1780 4684 ipsum
1809 4623 1864 4669 et
1887 4614 2058 4669 Fran-

472 4721 568 4762 cos
601 4707 840 4763 detulere
873 4708 1264 4777 gratissimum.
1301 4707 1501 4763 Eadem
1539 4709 1704 4763 etiam
1743 4717 2060 4778 tempestate

479 4798 732 4863 Romani,
769 4813 892 4852 cum
943 4796 1052 4851 Leo
1099 4798 1424 4866 apostolicus
1471 4807 1789 4869 gravaretur
1835 4800 2061 4856 adverso

476 4890 842 4955 incommodo,
879 4889 1080 4959 praedia
1111 4890 1293 4944 omnia
1337 4906 1455 4959 quae
1485 4891 1563 4944 illi
1605 4893 1940 4947 domocultas
1969 4907 2062 4962 ap-

475 4982 702 5054 pellant,
747 4988 801 5036 et
852 4981 1064 5036 noviter
1127 4980 1194 5035 ab
1231 4981 1422 5037 eodem
1461 4981 1759 5051 apostolico
1813 4983 2060 5038 instituta

479 5078 660 5136 erant,
689 5071 784 5125 sed
807 5077 860 5124 et
885 5084 948 5125 ea
970 5085 1090 5139 qua:
1110 5070 1213 5124 sibi
1241 5080 1428 5125 contra
1451 5069 1540 5140 jus
1568 5073 1949 5140 quaerebantur
1977 5073 2060 5126 di-

481 5171 654 5232 repta,
701 5161 848 5216 nullo
877 5159 1061 5229 judice
1103 5169 1438 5231 exspectato,
1480 5162 1714 5232 diripere
1755 5172 1810 5216 et
1839 5163 1940 5216 sibi
1969 5179 2062 5217 co-

476 5254 592 5311 nati
623 5261 750 5308 sunt
776 5253 1084 5307 restituere.
1112 5251 1353 5318 Quorum
1381 5252 1575 5321 emptis
1603 5253 1806 5307 restitit
1833 5252 2066 5307 Bernar-

480 5348 581 5402 dus
619 5360 715 5400 rex
761 5359 858 5414 per
885 5341 1209 5414 Winigisum
1241 5342 1430 5398 ducem
1477 5341 1704 5411 Spoleti,
1749 5352 2065 5411 certumque

483 5452 666 5491 rerum
693 5435 944 5492 nuntium
983 5435 1052 5492 de
1081 5435 1166 5490 his
1195 5435 1447 5491 omnibus
1495 5433 1696 5490 direxit
1724 5434 1790 5489 ad
1833 5437 2064 5507 impera-

483 5537 656 5582 torem
665 5566 679 5581 .

551 5616 844 5687 Postquam
874 5619 1170 5688 imperator
1205 5619 1400 5674 hiemis
1438 5618 1837 5674 inclementiam
1869 5633 2062 5674 serena

479 5707 786 5764 valetudine
830 5718 884 5766 et
934 5707 1226 5779 tranquillo
1275 5699 1529 5781 successu
1579 5709 1840 5779 transegit
1888 5708 2058 5780 (816),

2160 4612 2409 4668 stolicum
2439 4614 2705 4678 evocavit,
2752 4614 2999 4668 convivio
3039 4614 3456 4684 epulentissimo
3486 4633 3740 4685 procura-

2161 4703 2255 4766 vit,
2288 4703 2548 4772 donisque
2589 4703 2843 4758 maximis
2892 4704 3197 4758 honoravit.
3241 4705 3620 4776 Similiterque
3663 4706 3741 4760 die

2164 4793 2324 4848 tertio
2350 4809 2381 4846 a
2413 4794 2628 4848 domino
2654 4794 2951 4863 apostolico
2979 4795 3229 4849 dominus
3274 4796 3540 4850 invitatur
3583 4799 3742 4864 impe-

2165 4894 2332 4951 rator,
2367 4892 2421 4940 et
2450 4886 2630 4940 multis
2673 4886 2946 4955 variisque
2995 4895 3079 4940 est
3125 4887 3356 4941 donatus
3408 4889 3738 4942 muneribus.

2166 4979 2233 5032 Et
2263 4978 2315 5030 in
2346 4977 2666 5042 crastinum,
2698 4992 2816 5045 quae
2841 4973 2944 5029 fuit
2967 4975 3083 5030 dies
3119 4974 3424 5040 Dominica,
3455 4977 3743 5045 imperator

2166 5067 2428 5136 imperiali
2453 5067 2755 5122 diademate
2779 5075 3088 5131 coronatur,
3113 5075 3167 5122 et
3195 5067 3578 5122 benedictione
3611 5068 3742 5120 inter

2166 5159 2455 5214 missarum
2509 5159 2901 5214 celebrationes
2954 5158 3265 5227 insignitur.
3317 5159 3385 5212 Et
3419 5160 3640 5213 tandem
3667 5159 3743 5211 bis

2166 5250 2466 5320 completis,
2519 5249 2772 5304 dominus
2827 5249 3176 5318 apostolicus,
3218 5253 3458 5317 cunctis,
3508 5268 3628 5320 qua:
3660 5267 3745 5320 po-

2165 5349 2434 5409 poscerat,
2465 5339 2784 5408 impetratis,
2811 5339 3040 5394 Romam
3074 5341 3251 5396 rediit.
3300 5340 3607 5411 Imperator
3629 5357 3746 5396 vero

2169 5431 2235 5485 ad
2282 5430 2670 5501 Compendium
2715 5431 2962 5496 secessit,
3004 5432 3190 5502 ibique
3241 5433 3444 5487 missos
3487 5433 3744 5488 Abdirah-

2169 5541 2292 5579 man
2323 5525 2419 5580 ﬁlii
2449 5524 2646 5579 Abulat
2689 5525 2830 5595 regis
2873 5526 3112 5595 suscepit
3136 5535 3192 5582 et
3237 5526 3469 5590 audivit.
3520 5526 3744 5580 bioratus

2169 5629 2348 5672 autem
2380 5618 2578 5672 ibidem
2609 5618 2800 5688 viginti
2827 5619 2913 5673 vel
2957 5634 3022 5675 eo
3058 5619 3292 5691 amplius
3322 5620 3539 5686 diebus,
3573 5617 3746 5689 squis-

2169 5711 2322 5780 grani
2355 5705 2689 5765 hiematurus
2726 5709 2899 5780 petiit.
