3906 6330
191 395 297 450 945

1719 391 1897 445 V'ITA.

3326 399 3428 454 ΟΜ.

265 509 434 579 (817.)
473 507 713 564 Jusserat
749 523 878 563 sane
913 509 1204 578 imperator
1233 506 1429 560 missos
1462 505 1761 559 Saraceno—
1794 505 1842 561 A
1869 511 2188 570 gestantem,
2215 504 2267 556 in
2291 519 2395 573 quo
2424 505 2586 559 totius
2612 505 2753 560 illius
2780 507 2987 562 ordinis
3013 506 3275 578 perfectio
3301 525 3430 564 cou-

188 616 311 654 rum
355 601 532 668 regis,
576 607 745 652 semet
781 600 1086 669 praecedere
1129 597 1254 651 illuc
1294 604 1597 650 venturum.
1643 592 1760 658 Quo

186 705 312 746 cum
343 691 743 758 pervenissent,
773 690 939 745 ferme
967 691 1139 743 tribus
1169 689 1370 743 detenti
1410 695 1533 742 sunt
1565 685 1762 740 mensi—

164 835 166 838 ,
189 781 313 834 bus.
348 779 475 834 Post
500 781 613 834 haec
639 789 842 845 autem,
863 795 985 833 cum
1011 794 1104 833 eos
1120 777 1234 845 jam
1260 779 1479 832 taederet
1502 778 1764 831 adventus

188 873 275 925 sui
302 913 314 934 ,
360 873 621 940 permissu
672 871 1009 940 imperatoris
1055 871 1348 923 redierunt.
1402 869 1458 921 In
1498 883 1562 922 eo
1600 866 1762 920 etiam

188 978 533 1018 commorans
565 964 784 1032 palatio,
813 963 880 1015 ad
911 977 967 1016 se
992 962 1296 1016 venientem
1325 961 1547 1014 missum
1583 971 1769 1012 susce-

188 1054 268 1122 pit
309 1052 500 1107 Leonis
529 1051 1102 1120 Constantinopolitani
1143 1049 1500 1120 imperatoris,
1546 1047 1763 1101 nomine

189 1139 572 1208 Nicephorum.
635 1139 852 1208 Legatio
899 1147 1114 1202 autem,
1161 1146 1384 1206 excepta
1431 1136 1667 1190 amicitia
1712 1141 1768 1188 et

187 1228 472 1289 societate,
515 1235 630 1281 erat
658 1229 720 1281 de
749 1228 942 1281 ﬁnibus
974 1227 1367 1287 Dalmatarum,
1403 1225 1764 1279 Romanorum

186 1325 247 1370 et
274 1317 608 1371 Sclavorum.
654 1318 720 1370 Et
748 1320 870 1385 quia
898 1331 1000 1371 nec
1026 1317 1078 1370 hi
1109 1323 1406 1384 praesentes
1433 1323 1616 1379 erant,
1665 1331 1765 1370 nec

183 1405 424 1460 Chadalo
446 1406 628 1459 ﬁnium
653 1406 956 1475 praefectus,
983 1420 1158 1473 neque
1181 1405 1297 1458 sine
1321 1403 1424 1456 illis
1451 1404 1564 1457 haec
1585 1403 1763 1456 dirimi

187 1502 469 1564 poterant,
517 1498 713 1550 missus
756 1504 840 1550 est
883 1496 938 1548 in
981 1494 1304 1548 Dalmatiam
1340 1494 1406 1547 ad
1443 1494 1556 1548 hac
1581 1491 1766 1562 paciﬁ-

183 1585 357 1638 canda
398 1593 452 1638 et
490 1584 858 1654 componenda
888 1583 1197 1653 Albigarius
1237 1599 1359 1638 cum
1389 1582 1626 1637 Chadalo
1670 1597 1765 1635 ea-

185 1674 435 1728 rumdem
479 1674 664 1727 ﬁnium
709 1673 970 1742 principe.
1022 1673 1143 1742 lpsu
1185 1687 1326 1727 anno
1368 1672 1462 1725 ﬁlii
1492 1669 1764 1726 Godefridi

183 1765 458 1834 quondam
505 1765 646 1834 regis
695 1763 1184 1828 Nortmannorum,
1231 1779 1355 1817 cum
1400 1762 1468 1816 ab
1510 1759 1765 1815 Herioldo

1866 593 2087 658 tinetur,
2134 594 2272 648 sicut
2315 594 2557 649 reclusus
2595 596 2711 664 ipse
2747 595 2964 652 fatetur.
3015 597 3073 651 In
3117 613 3225 668 quo
3264 600 3428 654 etiam

1865 683 2026 737 inseri
2064 684 2226 753 jussit
2256 682 2362 738 cibi
2407 693 2671 754 potusque
2711 693 2870 753 atque
2897 688 3139 741 omnium
3179 703 3433 745 necessa-

1865 771 2064 826 riorum
2096 789 2389 839 summam,
2432 784 2492 828 ut
2525 789 2714 829 omnes
2750 782 2860 829 tam
2894 778 2994 832 viri
3033 792 3194 847 quam
3231 781 3435 834 sath

1865 862 2148 928 moniales,
2185 865 2286 918 sub
2314 864 2416 918 hoc
2448 865 2637 919 ordine
2662 864 2880 920 Christo
2917 868 3239 933 servientes.
3266 869 3434 925 nullis

1863 954 2136 1022 praepediti
2185 955 2631 1020 necessitatibus,
2681 955 2852 1010 libera
2897 958 3157 1014 servitute
3205 959 3434 1016 Domino

1863 1042 2102 1096 omnium
2149 1043 2380 1097 militare
2427 1045 2817 1099 meminissent.
2877 1044 3054 1112 Quem
3095 1047 3289 1100 librum
3336 1063 3436 1118 per

1864 1147 2051 1187 omnes
2086 1133 2331 1189 civitates
2373 1142 2429 1189 et
2470 1137 2796 1191 monasteria
2825 1139 3074 1193 canonici
3111 1139 3315 1194 ordinis
3349 1139 3435 1193 sui

1865 1223 2074 1292 imperii
2104 1224 2251 1278 misit
2277 1240 2374 1294 per
2402 1240 2592 1279 manus
2621 1226 2909 1282 missorum
2933 1228 3311 1298 prudentium,
3342 1229 3437 1298 qui

1865 1311 2012 1365 illum
2042 1314 2094 1366 in
2124 1315 2372 1369 omnibus
2411 1330 2572 1386 supra
2607 1317 2766 1371 dictis
2803 1317 2936 1374 locis
2975 1320 3265 1374 transcribi
3295 1319 3440 1375 face~

1865 1407 2004 1465 rent,
2030 1401 2316 1471 debitaque
2345 1411 2506 1473 atque
2530 1406 2835 1476 conscripta
2863 1407 3144 1478 exigerent
3170 1407 3438 1479 stipendia

1865 1491 2182 1545 ministrari.
2238 1492 2368 1559 Qua:
2413 1509 2502 1549 res
2548 1510 2801 1566 magnum
2843 1497 3102 1552 Ecclesize
3141 1499 3440 1556 contribuit

1865 1581 2242 1637 exsultationis
2279 1583 2567 1654 tripudium
2587 1625 2601 1650 ,
2639 1595 2694 1641 et
2731 1586 2975 1656 piissimo
3004 1587 3318 1658 imperatori
3348 1590 3440 1644 de-

1865 1671 1975 1725 bita
2011 1688 2132 1727 cum
2167 1673 2324 1729 laude
2352 1675 2656 1732 immortale
2685 1686 3111 1733 monumentum.
3143 1679 3442 1749 [ﬁdemque

1868 1763 2146 1817 constituit
2179 1763 2320 1820 idem
2354 1763 2466 1820 Deo
2492 1766 2739 1820 amabilis
2767 1766 3062 1836 imperator
3088 1767 3436 1824 Benedictum

183 1862 578 1925 premerentur,
610 1854 873 1907 miserunt
911 1853 1115 1923 legatos
1151 1861 1397 1922 petentes
1434 1853 1501 1907 ab
1528 1852 1763 1921 impera-
1794 1839 1840 1898 Β
1869 1851 2151 1917 abbatem,
2195 1861 2251 1908 et
2292 1869 2415 1909 cum
2456 1870 2541 1921 eo,
2586 1856 2882 1912 monachos
2922 1864 3160 1912 strenuae
3187 1859 3310 1914 vita:
3343 1874 3439 1929 per

184 1954 305 1998 tore
333 1961 542 2014 pacem.
585 1943 715 2010 Qum
753 1944 949 2014 legatio
989 1952 1244 2012 tanquam
1277 1942 1480 1997 inutilis
1509 1949 1565 1997 et
1589 1943 1761 1997 simu-

186 2035 296 2089 lata
327 2037 394 2088 ab
422 2050 486 2089 eo
518 2034 716 2102 rejecta
745 2042 857 2099 est,
891 2034 1257 2102 auxiliumque
1285 2033 1538 2088 Herioldo
1575 2041 1763 2088 contra

183 2139 281 2177 eos
312 2123 514 2177 datum.
568 2124 644 2177 Eo
689 2139 836 2178 anno
870 2124 994 2177 luna
1037 2123 1204 2178 Nonis
1241 2122 1526 2178 Februarii
1570 2123 1767 2177 defecit

186 2215 317 2267 liora
339 2214 514 2268 noctis
534 2214 787 2268 secunda.
817 2213 1160 2270 Cometarum
1184 2215 1331 2269 sidus
1352 2221 1763 2284 portentuosum

185 2308 437 2377 apparuit
464 2308 516 2361 in
547 2309 698 2378 signo
725 2309 1085 2378 Sagittatoris.
1108 2307 1415 2376 Stephanus
1436 2321 1575 2377 papa
1603 2307 1765 2360 tertio

185 2411 374 2450 mense
399 2405 681 2466 postquam
712 2412 742 2452 e
770 2397 998 2451 Francia
1028 2395 1254 2450 Romam
1287 2396 1478 2460 rediit,
1517 2395 1764 2448 ultimum

185 2487 331 2541 diem
361 2487 578 2552 clausit,
605 2496 658 2542 et
681 2486 956 2541 Paschalis
983 2502 1079 2556 pro
1107 2502 1170 2541 eo
1196 2485 1512 2540 cathedram
1534 2484 1762 2539 Romani

183 2574 534 2645 pontiﬁcatus
568 2576 754 2629 subiit.
807 2575 909 2640 Qui
938 2583 1060 2644 post
1095 2575 1366 2644 expletam
1399 2574 1738 2629 consecratio

183 2678 312 2718 nem
340 2662 662 2730 solemnem,
702 2664 906 2732 legatos
935 2680 1057 2717 cum
1085 2664 1312 2733 epistola
1351 2664 1680 2734 apologetica
1712 2671 1765 2717 et

185 2754 439 2808 maximis
468 2753 778 2808 muneribus
806 2754 1113 2821 imperatori
1146 2753 1325 2807 misit:
1354 2753 1632 2807 insinuans
1659 2768 1762 2806 non

185 2859 248 2899 se
272 2839 566 2897 ambitione
585 2885 598 2908 ,
628 2859 726 2898 nec
757 2843 1061 2908 voluntate,
1094 2843 1187 2898 sed
1216 2841 1478 2897 electione
1503 2851 1556 2897 et
1583 2843 1762 2912 populi

186 2933 608 2996 acclamatione,
655 2936 782 2990 huic
822 2936 1172 2989 succubuisse
1211 2935 1389 3002 potius
1431 2949 1590 3003 quam
1637 2934 1764 2988 insi-

186 3023 353 3078 luisse
384 3025 646 3095 dignitati.
687 3024 855 3092 Hujus
895 3025 1174 3093 legationis
1211 3023 1422 3091 bajulus
1461 3023 1760 3078 fuit'l‘heo-

184 3115 354 3168 dorus
379 3115 801 3180 nomenculator,
834 3117 924 3184 qui
963 3115 1175 3185 negotio
1203 3123 1443 3184 peracto,
1487 3122 1542 3169 et
1578 3114 1761 3184 petitis

1864 1943 2181 2012 omnia,‘qui
2211 1958 2308 2012 per
2332 1945 2512 1999 omnia
2540 1947 2869 2001 monasteria
2893 1947 3278 2002 monachorum
3307 1963 3440 2002 eun-

1867 2037 1947 2083 tes
1977 2030 2393 2100 redeuntesque,
2423 2031 2750 2088 uniformem
2788 2035 3064 2089 traderent
3088 2036 3297 2090 cunctis
3326 2051 3440 2090 mo—

1867 2119 2137 2185 nasteriis,
2172 2127 2282 2174 tam
2311 2122 2443 2176 viris
2471 2137 2632 2191 quam
2672 2124 3175 2179 sanctimonialibus
3202 2123 3437 2192 feminis,

1866 2207 2078 2262 vivendi
2109 2209 2405 2264 secundum
2433 2210 2695 2281 Regulam
2724 2212 2896 2267 sancti
2923 2211 3200 2268 Benedicti
3235 2212 3439 2268 incom-

1866 2299 2180 2355 mutabilem
2209 2313 2436 2354 morem.
2481 2299 2842 2356 Considerans
2880 2303 3043 2356 etiam
3081 2302 3222 2356 idem
3258 2302 3440 2372 piissi—

1866 2404 1986 2444 mus
2037 2391 2348 2459 imperator,
2399 2406 2506 2446 non
2553 2393 2749 2448 debere
2780 2391 2980 2448 Christi
3023 2393 3301 2449 ministros
3338 2394 3436 2449 ob-

1864 2479 2056 2532 noxios
2103 2492 2222 2532 esse
2273 2479 2521 2534 humanae
2566 2481 2854 2546 servituti,
2906 2481 3001 2536 sed
3045 2490 3101 2537 et
3147 2482 3438 2537 multorum

1864 2565 2146 2619 avaritiam
2168 2564 2316 2619 abuti
2341 2567 2641 2622 ministerio
2667 2567 3039 2626 ecclesiastico
3066 2570 3133 2624 ad
3160 2571 3436 2641 pmprium

1863 2660 2147 2722 quaestum,
2172 2656 2360 2709 statuit
2385 2663 2443 2709 ut
2470 2657 2776 2726 quicunque
2803 2672 2872 2712 ex
2887 2658 3080 2715 servili
3106 2661 3456 2724 conditione,

1864 2741 2188 2798 conciliante
2213 2744 2440 2799 scientia
2469 2753 2525 2799 et
2553 2761 2762 2800 morum
2783 2748 3074 2816 probitate,
3104 2750 3172 2805 ad
3197 2751 3440 2809 ministe—

1864 2831 2001 2886 rium
2034 2832 2217 2887 altaris
2254 2835 2665 2900 asciscerentur,
2713 2838 2946 2906 primum
2988 2840 3441 2895 manumittantur

1865 2936 1892 2973 a
1923 2923 2157 2990 propriis
2183 2922 2415 2978 dominis
2436 2964 2450 2988 ,
2479 2925 2564 2978 vel
2598 2926 2863 2994 privatis,
2899 2927 2983 2982 vel
3024 2919 3435 2994 ecclesiasticis,

1864 3021 1918 3066 et
1964 3021 2090 3068 tunc
2133 3015 2346 3070 demum
2392 3017 2647 3087 gradibus
2686 3019 2876 3075 altaris
2904 3021 3211 3078 induantur.
3243 3025 3440 3080 Volens

1862 3101 2025 3154 etiam
2084 3117 2519 3172 unamquamque
2581 3106 2868 3162 ecclesiam
2929 3108 3129 3165 habere
3189 3113 3444 3183 proprios

137 3247 149 3257 .
186 3204 512 3271 impetratis,
538 3219 697 3272 super
718 3203 1128 3258 conﬁrmatione
1153 3203 1358 3258 scilicet
1385 3204 1524 3272 pacti
1553 3212 1605 3258 et
1632 3204 1757 3256 ami-

1865 3199 2140 3259 sumptus,
2188 3207 2256 3247 ne
2293 3207 2389 3262 per
2416 3193 2744 3262 cjuscemodi
2790 3197 3026 3268 inopiam
3064 3173 3241 3256 cultus
3269 3173 3435 3262 divini

182 3295 328 3348 citize
372 3310 522 3349 more
559 3297 1015 3364 praedecessorum
1059 3311 1310 3359 suorum,
1361 3310 1610 3349 reversus
1655 3302 1755 3348 est.

186 3385 302 3440 Sub
329 3387 516 3440 eodem
544 3402 706 3449 anno,
751 3387 1184 3456 Quadragesimae
1226 3399 1362 3454 pene
1401 3391 1589 3439 exacto
1628 3393 1761 3437 tem-

183 3493 339 3546 pore,
361 3479 563 3532 ultimae
589 3479 936 3532 hebdomadis
957 3477 1142 3546 quinta
1168 3474 1318 3539 feria,
1344 3490 1447 3542 qua
1477 3474 1761 3528 Dominicte

184 3585 356 3624 omnm
397 3571 699 3624 celebratur
726 3571 1020 3634 memoria,
1071 3571 1194 3624 dum
1237 3569 1471 3638 peractis
1513 3567 1759 3621 omnibus

182 3675 308 3728 quae
349 3661 483 3713 tanti
522 3659 623 3714 diei
668 3660 983 3714 solemnitas
1014 3659 1302 3727 exigebat,
1357 3657 1650 3724 imperator
1691 3656 1759 3710 ab

185 3749 416 3803 ecclesia
447 3749 500 3802 in
529 3750 728 3819 regiam
756 3765 814 3804 se
838 3750 1078 3817 recipere
1099 3748 1278 3811 vellet,
1300 3747 1542 3816 porticus
1561 3746 1753 3816 lignea,

184 3857 285 3910 per
311 3857 470 3909 quam
502 3841 831 3895 redeundum
859 3849 1007 3904 erat,
1045 3841 1190 3894 carie
1227 3839 1485 3907 senioque
1516 3837 1756 3892 confecta

184 3939 242 3984 ct
283 3932 678 3985 humectatione
718 3931 972 3986 continua
1012 3929 1344 4000 putrefacta,
1390 3927 1759 3982 fatiscentihus

185 4017 565 4083 inferioribus,
613 4021 714 4073 sub
741 4021 1082 4087 imperatoris
1126 4019 1350 4087 pedibus
1395 4017 1758 4085 comitumque

184 4105 331 4160 illius
358 4106 613 4176 collapsa,
645 4123 894 4176 magnum
925 4107 1138 4177 fragore
1165 4107 1247 4162 sui
1277 4107 1424 4161 omni
1452 4105 1654 4174 palatio
1678 4107 1758 4159 iu-

183 4199 358 4253 cussit
394 4208 632 4262 metum,
680 4199 991 4253 verentibus
1022 4198 1243 4268 singulis
1289 4213 1354 4251 ne
1403 4197 1570 4250 ruinm
1617 4196 1756 4249 illius

181 4297 412 4342 eventus
446 4289 820 4358 imperatorem
858 4289 1229 4357 Oppressisset.
1287 4286 1391 4340 Sed
1420 4300 1448 4337 a
1479 4285 1618 4348 Deo,
1668 4286 1752 4338 cui

182 4386 308 4433 erat
337 4380 592 4444 dilec.us,
634 4397 663 4434 a
700 4381 950 4451 praesenti
988 4380 1297 4434 discrimine
1338 4388 1424 4433 est
1456 4387 1749 4448 protectus.

183 4468 322 4523 Nam
349 4484 467 4524 cum
493 4473 678 4541 viginti
705 4472 786 4526 vel
817 4488 881 4526 eo
908 4472 1135 4540 amplius
1164 4471 1420 4524 comitum
1451 4485 1572 4524 cum
1599 4485 1662 4524 eo
1688 4469 1752 4523 ad

1867 3278 2285 3349 negligerentur,
2318 3281 2544 3336 inseruit
2570 3285 2828 3353 praedicto
2857 3286 3034 3342 edicto
3059 3301 3119 3344 ut
3143 3306 3303 3360 super
3327 3294 3436 3352 sin.-

1866 3369 2017 3437 gulas
2046 3370 2300 3425 ecclesias
2337 3387 2556 3428 mansus
2595 3375 2927 3431 tribueretur
2951 3395 3089 3434 unus
3119 3396 3437 3451 compensa-

1871 3460 2015 3514 tione
2033 3459 2293 3530 legitima,
2311 3471 2367 3517 et
2389 3478 2546 3518 servo
2570 3474 2734 3534 atque
2753 3467 2967 3522 ancilla.
2993 3468 3116 3525 Hmc
3131 3481 3249 3526 erat
3265 3476 3436 3530 sancti

1868 3551 2206 3621 imperatoris
2233 3555 2569 3620 exercitatio,
2602 3557 2690 3611 hic
2718 3559 3062 3626 quotidianus
3092 3562 3279 3629 ludus,
3326 3565 3437 3622 haec

1864 3644 2165 3711 palaestrica
2195 3647 2418 3714 agonia,
2449 3655 2726 3715 spectante
2753 3648 2883 3715 Deo,
2931 3666 3038 3720 quo
3079 3651 3194 3720 ejus
3235 3656 3341 3708 vita
3383 3657 3436 3712 in

1865 3741 2053 3787 sancta
2081 3734 2326 3788 doctrina
2366 3745 2423 3790 et
2461 3738 2775 3804 operatione
2809 3739 3010 3797 clarius
3038 3745 3298 3808 eniteret,
3342 3749 3433 3816 qui

1867 3827 1918 3878 in
1949 3842 2263 3896 pomparum
2289 3829 2618 3886 sublimitate
2646 3833 2972 3890 constitutus
3000 3836 3261 3894 imitando
3282 3841 3434 3897 Chri-

1866 3923 2006 3968 stum
2041 3916 2362 3982 humilitate,
2395 3918 2555 3974 altius
2584 3921 2872 3977 eminebat.
2906 3925 3146 3996 Denique
3172 3935 3302 3985 tunc
3325 3946 3434 3986 cm-

1864 4016 2059 4075 perunt
2084 4009 2274 4078 deponi
2303 4011 2370 4063 ab
2395 4011 2661 4081 episcopis
2688 4021 2744 4067 et
2769 4014 2984 4071 clericis
3008 4019 3220 4090 cingula
3243 4020 3434 4079 balteis

1865 4100 2045 4153 aureis
2089 4110 2141 4153 et
2187 4102 2446 4169 gemmcis
2497 4103 2686 4160 cultris
2731 4115 2992 4172 onerata,
3046 4111 3432 4184 exquisitaque

1864 4196 2078 4251 vestes,
2130 4189 2223 4243 sed
2273 4199 2328 4244 et
2377 4191 2607 4246 calcaria
2660 4194 2796 4248 talos
2843 4200 3123 4253 onerantia
3179 4202 3429 4273 relinqui.

1864 4275 2102 4330 Monstro
2129 4279 2273 4332 enim
2300 4279 2480 4335 simile
2507 4281 2820 4348 ducebatur,
2864 4286 2908 4340 si
2949 4287 3329 4346 ecclesiastica:
3356 4291 3433 4347 fa-

1863 4367 2022 4421 miliae
2069 4368 2386 4438 deputatus,
2436 4379 2724 4426 conaretur
2762 4375 3002 4442 aspirare
3048 4378 3115 4431 ad
3160 4381 3434 4437 saecularis

1863 4458 2044 4528 gloriae
2067 4468 2406 4514 ornamenta.
2453 4461 2523 4514 At
2552 4476 2678 4517 vero
2716 4479 2822 4517 non
2865 4465 2982 4518 tulit
3016 4467 3154 4524 hanc
3186 4479 3428 4528 sanctam

185 4567 389 4614 terram
415 4576 583 4628 usque
611 4561 928 4623 deciderint,
956 4563 1242 4629 variasque
1268 4561 1595 4615 incurrerint
1618 4561 1758 4615 cala-
1784 4522 1834 4580 D
1860 4551 2077 4618 Βεοίιυθ
2107 4549 2324 4617 dignam
2353 4551 2694 4620 imperatoris
2723 4553 3064 4612 devotionem
3095 4559 3312 4615 humani
3339 4580 3430 4633 ge-

183 4651 423 4714 mitates,
449 4653 536 4705 illc
559 4653 632 4705 nil
658 4654 912 4708 tristioris
937 4655 1165 4708 incurrit
1182 4652 1429 4720 jacturm,
1449 4660 1644 4721 praeter
1665 4653 1756 4706 imi

169 4741 420 4808 pectoris
447 4742 645 4802 locum,
676 4744 759 4796 cui
789 4743 961 4797 illisus
985 4752 1068 4796 est
1100 4743 1320 4810 capulus
1349 4743 1513 4804 ensis,
1544 4743 1756 4795 ultima-

179 4843 290 4897 que
332 4831 476 4883 auris
517 4831 656 4883 cutis
699 4830 966 4899 paululum
1011 4831 1342 4899 exspoliata;
1395 4831 1488 4883 sed
1536 4838 1590 4882 et
1634 4846 1758 4884 crus

179 4919 329 4974 illius
349 4917 500 4985 juxta
533 4921 749 4990 inguina
773 4921 986 4974 cuidam
1014 4921 1160 4991 ligno
1189 4922 1507 4989 impactum,
1551 4923 1639 4976 cui
1673 4931 1755 4976 ta-

179 5021 305 5061 men
334 5009 592 5062 citissime
627 5017 706 5062 est
734 5011 1071 5063 subventum.
1117 5010 1370 5064 Adhibito
1403 5012 1546 5065 enim
1582 5012 1750 5065 medi-

179 5113 367 5151 corum
397 5099 600 5163 studio,
627 5101 939 5168 quambrevi
965 5100 1204 5168 pristina:
1235 5100 1390 5153 saluti
1420 5110 1502 5153 cst
1529 5102 1748 5154 restitu-

179 5197 286 5240 tus.
321 5186 518 5254 Viginti
565 5204 793 5256 namque
837 5190 1072 5258 peractis
1123 5190 1311 5243 diebus
1361 5186 1747 5264 Noviomagum

178 5281 432 5328 venatum
463 5277 632 5342 petiit.
680 5277 796 5343 Quo
824 5288 1042 5346 peracto
1073 5280 1305 5348 negotio,
1338 5279 1631 5346 imperator
1657 5296 1746 5348 ge-

177 5364 414 5418 neralem
446 5365 632 5419 habuit
654 5377 973 5422 conventum
997 5368 1338 5438 Aquisgrani,
1366 5368 1415 5420 in
1444 5385 1549 5437 quo
1576 5385 1745 5437 quan-

176 5463 290 5508 tum
324 5454 550 5510 fervoris
576 5457 717 5511 circa
747 5460 982 5512 divinum
1013 5459 1213 5513 Cultum
1259 5459 1310 5511 in
1355 5475 1478 5512 arca
1510 5462 1744 5526 pectoris

172 5553 447 5615 gestaret,
495 5556 606 5602 toto
645 5549 831 5603 adnisu
859 5550 1167 5604 declaravit.
1221 5550 1567 5619 Cungrcgatis
1599 5552 1739 5605 cuitu

173 5631 443 5702 episcopis
466 5637 904 5705 nobilissimoque
931 5646 1132 5692 sancta:
1155 5638 1406 5692 Ecclesia).
1429 5639 1594 5698 clero,
1618 5638 1744 5693 fecit

173 5725 422 5793 componi
450 5727 790 5796 Ordinariquc
817 5729 1029 5791 librum,
1055 5731 1326 5785 canonica:
1352 5731 1470 5782 vitzn
1501 5748 1738 5786 normam

1859 4639 2003 4692 neris
2033 4639 2304 4703 inimicus,
2337 4641 2573 4710 undique
2605 4657 2662 4696 se
2689 4643 3055 4712 impetentem,
3087 4657 3142 4702 et
3169 4651 3234 4706 ab
3261 4655 3429 4707 omni.-

1859 4729 1958 4782 bus
1997 4728 2246 4783 Ecclesia:
2283 4730 2562 4784 ordinibus
2609 4732 2828 4788 sibimet
2874 4735 3012 4790 bella
3058 4737 3423 4798 indicentem:

1859 4820 1952 4873 sed
1987 4820 2150 4889 coepit
2180 4821 2308 4874 totis
2329 4821 2524 4874 virium
2558 4823 2726 4890 copiis
2754 4839 2811 4878 se
2835 4838 3231 4898 cxpugnantem
3261 4849 3427 4903 oppu-

1858 4926 2042 4979 gnare,
2071 4919 2124 4964 et
2151 4926 2248 4979 per
2272 4912 2514 4966 membra
2547 4928 2673 4978 sua,
2705 4913 2905 4970 Christi
2936 4917 3290 4978 fortissimum
3317 4926 3427 4981 bel-

1855 5001 2082 5056 latorem
2108 5003 2159 5056 vi
2194 5013 2249 5057 et
2282 5010 2434 5067 astu,
2466 5017 2572 5070 quo
2602 5005 2803 5071 potuit,
2845 5006 3126 5065 lacessere.
3176 5012 3312 5069 Nam
3341 5017 3425 5073 his

1853 5090 1954 5144 rite
1981 5091 2267 5153 ordinatis,
2298 5102 2583 5160 postquam
2612 5092 2904 5163 imperator
2930 5098 2982 5153 in
3012 5100 3200 5155 eodem
3228 5104 3424 5172 placito

1853 5178 2018 5232 ﬁlium
2049 5180 2460 5248 primogenitum
2491 5180 2805 5238 Lotltarium
2837 5186 3215 5256 imperatorem
3241 5196 3423 5264 appel-

1850 5268 1949 5322 lari
1982 5278 2037 5324 et
2063 5283 2181 5322 esse
2211 5268 2404 5332 voluit,
2443 5280 2497 5324 et
2525 5271 2750 5325 duorum
2784 5274 3013 5330 ﬁliorum
3043 5294 3264 5334 suorum
3293 5282 3418 5352 Pip-

1849 5364 2032 5432 pinum
2066 5364 2116 5416 in
2147 5362 2510 5431 Aquitaniam,
2543 5364 2872 5420 Ludovicum
2903 5368 2955 5422 in
2985 5369 3288 5438 Bajoariam
3319 5377 3418 5430 mi-

1847 5457 1946 5517 sit,
1980 5464 2039 5508 ut
2069 5455 2272 5508 scilicet
2293 5456 2456 5510 sciret
2489 5457 2714 5524 populus
2742 5458 2894 5527 cujus
2919 5461 3138 5518 deberet
3163 5471 3415 5535 potestati

1847 5561 2071 5613 parcre:
2107 5543 2286 5597 statim
2329 5545 2378 5598 ei
2417 5545 2799 5600 Aliodritorum
2843 5549 3072 5606 defectio
3115 5555 3410 5623 nuntiatur,

1846 5641 1933 5707 qui
1978 5654 2096 5691 cum
2142 5639 2264 5691 ﬁliis
2302 5637 2570 5692 Godefridi
2615 5639 2884 5695 amicitias
2919 5642 3205 5711 jungentes
3245 5647 3413 5701 Saxo-

1848 5731 1989 5784 nium
2023 5729 2462 5782 Transalbianam
2497 5731 2775 5785 vexabant.
2825 5730 3021 5788 Contra
3064 5751 3199 5805 quos
3244 5737 3409 5808 inure.
