3906 6332
477 375 578 429 M7

1588 374 1913 431 LUDOV’ICI
1952 375 1973 428 I
2011 373 2483 434 COGNOMENTO
2519 379 2605 434 PII

3660 386 3761 443 918

473 504 626 546 ratur
656 490 990 546 sufﬁcientes
1018 488 1204 559 capias
1232 487 1495 559 dirigens,
1525 503 1714 544 eorum
1748 498 1926 545 motus
1956 488 2068 542 Deo
2093 488 2147 548 Α
2173 503 2353 557 regem
2385 491 2655 561 appellare
2696 494 2816 547 ausi
2860 494 2967 549 sint
2991 534 3004 557 ,
3054 496 3562 566 subjectionemque
3589 503 3765 553 omni-

475 586 689 639 faventc
717 581 1060 651 compressit.
1111 579 1229 651 Ipse
1258 591 1439 635 autem
1468 580 1659 652 Vosagi
1689 582 1859 636 lustra
1889 591 2063 636 secta-

473 685 647 740 turus,
665 680 923 730 venatum
944 670 1120 742 petiit.
1147 670 1362 725 Interea
1380 670 1672 725 venatione
1693 670 1889 725 ibidem
1907 670 2063 740 juxta

470 780 679 823 morem
704 764 1041 820 Francorum
1073 761 1323 832 expleta,
1360 775 1483 816 cum
1513 761 1747 816 hiemem
1773 769 2062 816 exacturus

469 855 797 928 Aquisgrani
816 859 1201 918 reverteretur,
1222 852 1529 906 nuntiatum
1550 858 1635 907 est
1658 852 1707 907 ei
1728 851 2060 907 Bernardum

469 953 723 1018 nepotem
752 958 913 1000 suum
941 941 1109 1001 Italiae
1135 956 1355 1013 regem,
1402 943 1489 997 cui
1532 942 1648 1013 ipse
1687 942 1957 1007 maxima,
2002 949 2063 996 ut

470 1054 566 1096 rex
595 1037 752 1094 ﬁeret
771 1077 787 1103 ,
815 1035 958 1107 apud
986 1042 1201 1106 patrem
1229 1050 1395 1095 causa
1419 1035 1629 1101 fuerat,
1658 1035 1897 1091 consiliis
1927 1049 2062 1104 quo—

469 1131 717 1187 rumdam
746 1143 1037 1201 pravorum
1062 1128 1345 1183 hominum
1375 1127 1512 1183 adeo
1545 1127 1949 1192 dementatum,
2002 1135 2060 1180 ut

466 1224 537 1279 ab
562 1236 629 1278 eo
652 1221 975 1288 desciverit,
1006 1233 1305 1291 omnesque
1339 1222 1592 1277 civitates
1631 1222 1782 1290 regni
1820 1226 1877 1275 et
1912 1219 2061 1289 prin-

464 1316 615 1386 cipes
634 1314 801 1370 Italiae
818 1314 874 1370 in
894 1315 1012 1371 haec
1032 1315 1196 1370 verba
1218 1313 1649 1385 conjuraverint:
1674 1314 1770 1368 sed
1794 1322 1849 1367 et
1871 1327 2060 1367 omnes

468 1407 679 1472 aditus,
715 1406 920 1478 quibus
943 1406 1000 1463 in
1030 1405 1241 1462 Italiam
1266 1407 1527 1470 intratur,
1576 1405 1770 1475 positis
1812 1404 2059 1459 obicibus

466 1508 523 1553 et
548 1498 812 1556 custodiis
836 1498 1168 1555 obserarint.
1201 1496 1355 1564 Quod
1384 1512 1509 1553 cum
1538 1498 1705 1553 certis
1730 1498 1937 1552 nuntiis
1974 1513 2058 1552 re-

467 1592 800 1660 ferentibus,
839 1593 1187 1662 maximeque
1216 1591 1483 1647 Rathaldo
1511 1592 1791 1662 episcopo,
1832 1600 1889 1647 et
1914 1591 2053 1662 Sup-

466 1698 648 1752 pone,
699 1683 1004 1739 certissime
1046 1680 1426 1753 cognovisset,
1481 1682 1775 1736 contractis
1818 1682 2056 1751 undique

465 1775 657 1846 copiis,
682 1783 795 1830 tam
821 1789 890 1830 ex
909 1772 1082 1830 Gallia
1110 1788 1274 1842 quam
1302 1786 1370 1828 ex
1394 1770 1706 1838 Germania,
1735 1788 1857 1827 cum
1885 1774 2056 1827 maxi-

468 1880 558 1922 mo
582 1865 867 1921 exercitus
886 1864 1083 1919 robore
1108 1862 1449 1918 Cabillonum
1478 1878 1651 1933 usque
1679 1863 1944 1933 pervenit.
1986 1862 2055 1916 At

471 1956 809 2021 lfernardus,
838 1970 962 2011 cum
990 1969 1052 2017 se
1077 1961 1329 2011 cerneret
1350 1954 1557 2009 viribus
1585 1955 1849 2023 imparem
1892 1961 1946 2008 et
1987 1952 2055 2007 ad

467 2056 645 2118 empta
692 2045 1027 2102 ineilicacem
1050 2086 1064 2110 ,
1118 2057 1181 2101 ut
1222 2052 1350 2116 pote
1381 2060 1413 2099 a
1442 2060 1551 2114 quo
1575 2044 1794 2115 plurimi
1832 2060 2053 2099 suorum

464 2138 707 2207 quotidie
728 2135 1047 2203 deﬁcerent,
1068 2136 1371 2206 desperatis
1390 2136 1554 2191 rebus
1575 2136 1642 2189 ad
1668 2135 2054 2205 imperatorem

467 2228 637 2296 venit,
666 2228 944 2298 armisque
968 2227 1229 2298 depositis
1255 2226 1482 2297 pedibus
1509 2240 1569 2281 se
1595 2226 1712 2297 ejus
1739 2228 2053 2297 prostravit,

469 2320 751 2376 confessus
777 2334 1066 2391 perperam
1097 2334 1157 2373 se
1184 2318 1382 2388 egisse.
1418 2317 1584 2390 Cujus
1612 2317 1917 2388 exemplum
1944 2319 2056 2387 pri-

469 2427 653 2469 mores
676 2412 796 2483 ejus
823 2417 951 2467 sunt
988 2409 1190 2475 secuti,
1234 2418 1290 2463 et
1330 2408 1500 2463 amis
1536 2408 1799 2477 depositis
1842 2422 1900 2463 se
1938 2407 2056 2475 ejus

468 2503 725 2574 potestati
761 2510 817 2559 et
848 2502 1058 2574 judicio
1082 2500 1457 2557 subdiderunt.
1508 2497 1619 2554 Sed
1662 2508 1717 2554 et
1761 2500 2054 2555 concinna-

467 2596 676 2661 tiones,
723 2593 996 2665 quomodo
1042 2600 1278 2663 emptam
1324 2590 1675 2647 rebellionem
1701 2631 1716 2655 ,
1780 2598 1836 2645 et
1885 2604 2056 2659 quare

469 2684 874 2747 inchoaverint,
912 2690 970 2739 et
998 2683 1067 2738 ad
1092 2698 1255 2753 quem
1287 2681 1449 2737 linem
1479 2681 1732 2740 inchoata
1759 2680 2056 2749 perducere

465 2777 772 2843 voluerint,
809 2788 1017 2846 quosve
1043 2772 1336 2843 complices
1363 2771 1466 2826 sibi
1496 2769 1810 2837 allexerint,
1851 2771 1917 2825 ad
1943 2772 2056 2841 pri-

467 2885 613 2925 mam
655 2868 1025 2939 prodiderunt
1074 2862 1572 2935 interrogationem.
1632 2860 1875 2916 Fuerunt
1923 2877 2055 2917 sane

465 2961 629 3032 hujus
669 2959 1091 3031 conspirationis
1132 2965 1383 3012 auctores
1412 2954 1754 3025 :Eggiddeo,
1791 2954 2054 3026 regalium

462 3054 678 3123 primus
703 3052 1038 3114 amicorum;
1085 3049 1465 3120 Reginirerius,
1499 3047 1626 3102 olim
1657 3062 1838 3102 comes
1868 3046 2052 3116 palatii

466 3142 837 3211 imperatoris,
870 3140 1011 3196 ﬁlius
1038 3138 1351 3211 Reginherii
1396 3137 1549 3210 [Ms.,
1582 3135 1918 3209 Megiuberii]
1961 3150 2053 3191 co-
2080 3177 2127 3239 Ε

472 3234 659 3300 mitis;
695 3233 793 3289 sed
820 3240 879 3288 et
905 3230 1311 3302 Reginhardus,
1355 3230 1676 3300 praepositus
1705 3244 1935 3285 camerae
1969 3243 2055 3282 re-

468 3324 624 3395 galis.
650 3324 819 3379 Erant
839 3330 1019 3377 autem
1041 3318 1203 3389 hujus
1222 3319 1443 3375 sceleris
1464 3320 1668 3375 conscii
1691 3334 1852 3388 quam
1874 3318 2056 3387 plures

470 3417 655 3473 clerici
686 3430 782 3472 seu
814 3415 967 3480 laici,
1009 3414 1153 3469 inter
1178 3427 1316 3484 quos
1344 3412 1554 3481 aliquos
1581 3412 1861 3482 episcopos
1896 3410 2055 3480 hujus

471 3507 811 3577 tempestatis
834 3504 1069 3575 procella
1097 3502 1341 3567 involvit,
1370 3500 1685 3555 Anselmum
1718 3499 1926 3554 scilicet
1951 3498 2057 3552 Me-

470 3595 864 3660 diolanensem,
879 3593 1210 3655 Wulfoldum
1232 3592 1676 3655 Cremonensem,
1700 3590 1793 3645 sed
1818 3598 1873 3643 et
1889 3590 2059 3644 Theo-

472 3686 678 3742 dulfum
705 3686 1149 3742 Aurelianensem
1180 3683 1349 3755 (818).
1402 3683 1696 3753 Postquam
1734 3695 1864 3736 vero
1903 3680 2054 3736 dere-

470 3778 671 3832 ctionis
699 3776 969 3848 prepalati
1003 3782 1131 3830 sunt
1161 3772 1434 3844 principes
1473 3782 1528 3827 et
1563 3772 1822 3827 custodite
1854 3770 2059 3825 manci-

474 3868 628 3936 pati,
657 3866 985 3938 Aquisgrani
1016 3866 1333 3935 imperator,
1374 3865 1515 3919 sicut
1542 3862 1892 3926 decreverat,
1938 3862 2055 3915 bie-

478 3966 678 4010 matum
703 3957 1027 4023 regreditur,
1050 3955 1231 4023 ibique
1253 3970 1425 4023 usque
1450 3953 1577 4007 dum
1604 3967 1815 4007 sacram
1836 3950 2058 4005 Pascha:

470 4047 867 4102 solemnitatem
895 4045 1223 4109 celebraret,
1266 4052 1588 4099 remoratur.
1638 4043 1765 4097 Post
1796 4041 1947 4109 cujus
1978 4041 2055 4095 fe—

472 4140 730 4193 stivitatis
754 4144 1085 4192 transactam
1106 4134 1497 4194 celebritatem.
1521 4133 1855 4188 Bernardum
1882 4134 2060 4186 hacte-

476 4244 576 4283 nus
606 4241 787 4295 regem
824 4227 1049 4296 ejusque
1088 4222 1331 4279 fautores
1370 4225 1422 4277 in
1460 4238 1622 4291 supra
1652 4223 1798 4277 dicto
1828 4222 2055 4284 scelere,

478 4333 599 4371 eum
647 4315 763 4386 lege
799 4314 1113 4384 iudicioque
1152 4312 1484 4367 Francorum
1532 4312 1793 4365 deberent
1841 4312 2056 4380 capitali

474 4406 778 4460 iuvectione
806 4404 977 4469 feriri,
1008 4418 1296 4474 suppressa
1326 4401 1551 4456 tristiori
1583 4403 1868 4461 sententia,
1903 4402 2058 4455 Iumi-

2168 579 2344 635 modis
2372 582 2695 637 recusarint.
2734 584 2817 639 Ad
2846 599 3077 654 quorum
3108 585 3455 640 insolentiam
3496 587 3765 642 ulciscen-

2166 669 2290 724 dam
2311 672 2607 741 imperator
2631 674 2988 745 undequaquc
3009 670 3302 748 aggregata
3324 678 3555 732 militari
3577 694 3763 744 manu,

2166 760 2303 816 lines
2330 761 2635 817 Brittonum
2668 767 3010 836 aggrediens,
3046 767 3433 837 proﬁciscitur,
3465 771 3762 839 habitoque

2166 852 2399 908 Venedis
2442 855 2678 923 generali
2720 870 3017 924 conventu,
3059 860 3399 929 provinciam
3432 861 3761 931 ingreditur,

2164 949 2218 995 et
2246 956 2413 1010 parvo
2439 951 2683 1023 tempore
2715 955 2770 1001 et
2798 946 2983 1002 labore
3011 957 3207 1003 cuncta
3238 948 3556 1019 pepulatur,
3588 949 3762 1004 donec

2166 1034 2453 1091 interfecto
2482 1036 2736 1092 Marcone
2767 1038 3092 1109 [Marmonio
3119 1040 3330 1109 supra],
3362 1041 3494 1094 dum
3527 1040 3763 1094 sarcinis

2163 1127 2531 1181 castrensibus
2556 1128 2948 1194 immeditatur,
2972 1145 3002 1183 a
3028 1130 3263 1199 quodam
3291 1131 3573 1201 regiorum
3596 1144 3762 1199 equo-

2166 1235 2283 1273 rum
2312 1220 2554 1285 custodc,
2586 1222 2806 1277 nomine
2833 1222 3050 1288 Choslo,
3087 1233 3199 1279 tota
3228 1240 3350 1279 cum
3382 1240 3449 1278 eo
3473 1225 3759 1279 Britannia

2162 1312 2301 1365 victa
2334 1312 2617 1367 succubuit
2646 1320 2701 1367 et
2730 1328 2923 1369 manus
2949 1314 3118 1380 dedit,
3150 1304 3220 1385 ad
3245 1331 3605 1385 quascunque
3632 1331 3761 1369 enn-

2162 1400 2395 1455 ditioncs
2425 1402 2721 1469 imperator
2746 1403 2936 1465 vellet,
2975 1404 3153 1459 denuo
3181 1398 3473 1458 servitura.
3525 1404 3666 1458 Nam
3708 1414 3759 1458 et

2159 1490 2377 1544 obsides
2405 1492 2495 1560 qui
2526 1500 2580 1544 et
2607 1493 2795 1560 quanti
2823 1494 2959 1563 jussi
2988 1502 3134 1558 sunt,
3161 1495 3268 1549 dati
3297 1504 3463 1564 atque
3490 1498 3756 1565 suscepti,

2159 1585 2213 1631 et
2242 1579 2419 1633 omnis
2450 1588 2593 1634 terra
2624 1584 2919 1637 secundum
2952 1599 3103 1638 suam
3130 1584 3467 1639 voluntatem
3491 1585 3755 1656 disposita

2158 1675 2258 1721 est.

2230 1760 2273 1814 A
2305 1761 2499 1831 quibus
2530 1762 2725 1817 ﬁnibus
2756 1764 3046 1821 Britanniae
3073 1768 3145 1820 ita
3176 1769 3388 1836 pacatis
3445 1770 3751 1837 imperator

2084 1836 2131 1895 Β
2158 1851 2349 1919 pedem
2381 1852 2584 1919 retulit,
2624 1862 2678 1908 et
2704 1849 3121 1926 Andegavorum
3147 1858 3340 1911 urbem
3371 1836 3621 1927 repetiit.
3657 1858 3751 1913 Ubi

2158 1939 2287 1994 dum
2318 1939 2738 2013 Hermengardis
2766 1945 2954 2014 regina
2999 1946 3160 2015 longe
3187 1944 3516 2018 fatigaretur
3540 1948 3751 2001 incom-

2157 2033 2338 2098 modo,
2385 2034 2595 2089 duobus
2626 2034 2818 2090 diebus
2866 2045 2989 2106 post
3023 2039 3427 2109 regressionem
3458 2040 3754 2107 imperato-

2155 2122 2235 2176 ris
2262 2124 2582 2191 supervixit,
2607 2133 2662 2180 et
2687 2126 2849 2180 tertio
2874 2126 2961 2181 die
2986 2127 3139 2192 obiit,
3172 2130 3363 2198 quinto
3383 2128 3577 2183 Nonas
3601 2128 3754 2183 Octo-

2155 2211 2289 2265 bris.
2324 2213 2442 2279 Quo
2467 2229 2609 2270 anno
2634 2215 2854 2285 eclipsis
2884 2218 3112 2288 contigit
3160 2218 3291 2273 solis
3322 2234 3421 2273 vni
3446 2219 3577 2273 Idus
3604 2218 3747 2283 Julii.

2156 2301 2357 2358 Curata
2395 2314 2577 2361 autem
2604 2307 2805 2378 reginae
2840 2308 3139 2377 sepultura,
3182 2311 3487 2379 imperator
3510 2326 3620 2380 per
3650 2310 3749 2365 Ito-

2156 2396 2472 2465 thomagum
2517 2406 2574 2451 et
2611 2398 2999 2454 Ambianorum
3053 2401 3243 2455 urbem
3273 2411 3431 2457 recto
3466 2404 3669 2457 itinere
3696 2418 3750 2457 se

2154 2482 2481 2553 Aquisgrani
2529 2486 2597 2540 ad
2649 2486 2875 2541 hiberna
2921 2489 3168 2543 contulit.
3217 2490 3318 2544 Cui
3369 2496 3676 2549 revertenti
3698 2506 3750 2548 et

2156 2573 2521 2631 Heristallium
2570 2577 2830 2647 palatium
2880 2582 3127 2646 intranti,
3164 2596 3458 2637 occurrere
3480 2586 3638 2639 missi
3668 2586 3748 2640 Si-

2155 2665 2311 2734 gonis
2340 2666 2706 2722 Beneventani
2749 2669 2901 2723 ducis
2948 2668 3089 2725 dona
3112 2686 3283 2740 quam
3328 2675 3571 2727 maxima
3607 2676 3749 2729 defe-

2157 2763 2360 2821 rentes,
2401 2757 2679 2813 dominum
2730 2774 2886 2813 suum
2930 2775 2959 2813 a
2983 2770 3157 2815 morte
3196 2762 3495 2818 Grimoaldi
3540 2767 3748 2833 praede-

2155 2847 2386 2903 cessoris
2412 2850 2494 2903 sui
2542 2858 2854 2920 purgantes.
2905 2851 3173 2908 Praeterea
3204 2854 3435 2908 aliarum
3463 2857 3746 2909 nationum

2157 2941 2307 2994 missi
2340 2942 2587 3005 aderant,
2640 2942 3025 2998 Abodritorum
3057 2946 3331 3011 videlicet,
3360 2958 3413 2999 et
3469 2946 3749 3001 Coduscao

2156 3048 2370 3096 norum,
2402 3040 2457 3085 et
2486 3032 2933 3098 Timotianorum,
2987 3035 3080 3103 qui
3136 3035 3426 3107 Bulgarnm
3480 3039 3749 3092 societate

2155 3122 2365 3187 relicta,
2392 3124 2594 3178 nostris
2621 3138 2680 3178 se
2710 3140 2882 3194 nuper
2926 3126 3285 3180 sociaverant.
3331 3126 3438 3180 Sed
3467 3136 3521 3179 et
3552 3128 3750 3182 Linde-

2157 3214 2254 3267 viti
2298 3215 2525 3269 rectoris
2572 3214 2846 3269 inferioris
2879 3214 3171 3270 Pannoniae
3218 3217 3372 3270 missi
3403 3217 3609 3271 ibidem
3657 3218 3748 3271 ad-

2155 3312 2335 3369 erant,
2376 3314 2692 3360 accusantes
2721 3305 2982 3360 Cadalum
3016 3306 3173 3372 falso,
3205 3316 3265 3362 ut
3289 3317 3415 3376 post
3442 3309 3645 3377 patuit,
3686 3324 3751 3363 eo

2157 3398 2301 3467 quod
2326 3398 2639 3451 immanitas
2676 3397 2817 3451 illius
2854 3398 3213 3467 importabilis
3262 3399 3366 3453 sibi
3418 3397 3583 3453 foret.
3621 3399 3749 3465 Qui-

2156 3491 2258 3545 bus
2282 3491 2499 3555 auditis,
2522 3492 2835 3560 compositis
2861 3506 2925 3547 ac
2946 3492 3205 3557 dimissis,
3248 3493 3301 3546 in
3329 3495 3518 3547 eodem
3540 3494 3750 3563 palatio

2159 3582 2455 3651 imperator
2502 3583 2796 3637 secundum
2850 3599 3003 3637 suam
3064 3584 3479 3653 dispositionem
3526 3588 3599 3640 ad
3634 3586 3749 3641 hie-

2156 3670 2410 3725 mandum
2440 3688 2498 3727 se
2527 3674 2772 3727 contulit.

2230 3760 2403 3829 (819.)
2446 3761 2545 3816 Ubi
2594 3778 2716 3815 cum
2763 3771 3027 3827 moratur,
3054 3764 3328 3817 exhibitus
3366 3773 3451 3817 est
3487 3767 3535 3818 ei
3560 3766 3749 3821 Sclao-

2159 3855 2330 3907 mirus
2380 3856 2764 3908 Abodritorum
2817 3856 3221 3910 rexaducibus
3278 3856 3575 3911 Saxonum.
3647 3860 3745 3926 Qui

2159 3962 2280 3998 cum
2312 3946 2719 4005 insimularetur
2743 3947 3085 4012 defectionis,
3121 3964 3223 4003 nec
3264 3948 3493 4017 objectis
3521 3948 3745 4003 obviare

2159 4039 2444 4106 quivisset,
2502 4039 2696 4093 exsilio
2722 4048 2805 4093 est
2848 4040 3183 4109 deportatus,
3236 4054 3571 4110 regnumque
3633 4040 3743 4107 ejus

2159 4128 2439 4197 Ceadrago
2488 4127 2597 4182 lilio
2652 4130 2943 4184 Trasconis
2979 4130 3257 4184 traditum.
3300 4130 3506 4184 Eodem
3554 4131 3741 4184 itidem

2164 4226 2404 4286 tempore
2422 4218 2639 4285 quidam
2664 4217 2865 4273 Wasco
2886 4219 3087 4288 Lupus,
3114 4218 3340 4273 Centulli
3361 4232 3740 4290 cognomento,

2161 4309 2215 4361 in
2270 4307 2616 4363 rebellionem
2677 4325 2984 4379 assurgens,
3046 4311 3344 4365 Werimum
3410 4312 3741 4383 [\Verinum]

2161 4399 2525 4452 Arvernorum
2568 4399 2844 4465 comitem,
2895 4408 2949 4453 et
2980 4400 3365 4469 Berengarium
3416 4401 3742 4456 Tolosanqu

472 4498 631 4552 nibus
660 4497 843 4552 orbari
874 4496 1173 4561 consensit,
1216 4495 1343 4549 licet
1376 4493 1563 4547 multis
1590 4493 1959 4547 obnitentibus
2002 4502 2055 4545 et
2080 4520 2133 4577 Ι)
2161 4489 2344 4556 praelio
2375 4489 2667 4543 lacescivit.
2700 4490 3011 4559 Ibidemque
3049 4507 3172 4545 cum
3217 4492 3338 4545 aliis
3364 4493 3620 4561 plurimis
3641 4494 3743 4547 {ra-

470 4587 829 4642 nnimadverti
858 4588 912 4641 in
934 4601 1027 4642 eos
1057 4594 1168 4641 tota
1194 4586 1485 4641 severitate
1508 4585 1660 4654 legali
1689 4586 2049 4654 cupientibus.

472 4682 540 4732 At
578 4692 709 4733 vero
746 4677 871 4731 licet
919 4677 1213 4746 imperator
1246 4675 1620 4746 indulgentius
1659 4686 1873 4745 ageret,
1924 4674 2055 4729 ultio

472 4777 650 4821 tamen
673 4767 951 4822 eliminata
979 4766 1045 4819 ad
1072 4766 1323 4820 effectum
1351 4765 1405 4818 in
1434 4765 1643 4834 aliquos
1669 4776 1751 4819 est
1778 4766 2051 4834 perducta.

473 4858 680 4912 Etenim
710 4856 1019 4910 Bernardus
1056 4866 1112 4909 et
1145 4855 1503 4926 Reginberius
1532 4856 1658 4910 dum
1691 4856 2056 4925 impatientius

470 4947 746 5001 oculorum
771 4946 1120 5000 amissionem
1148 4953 1203 5000 et
1226 4945 1553 4999 ablationem
1580 4946 1838 5010 tulerunt,
1864 4949 2054 5001 mortis

470 5036 822 5091 acerbitatem
852 5036 957 5090 sibi
988 5036 1388 5091 consciverunt.
1436 5035 1731 5105 Episcopus
1760 5052 1923 5106 porro
1950 5037 2053 5091 hac

468 5126 793 5182 constrictos
824 5127 1181 5190 immanitate,
1231 5128 1297 5180 ab
1326 5126 1593 5195 episc0pis
1640 5128 1865 5195 reliquis
1891 5128 2054 5197 depo-

470 5220 632 5283 sitos,
687 5219 1029 5273 monasteriis
1081 5218 1429 5287 mancipavit.
1487 5218 1817 5275 Creterorum
1871 5230 2053 5273 autem

471 5308 673 5362 nullum
705 5308 790 5363 vel
816 5309 923 5362 vita
954 5310 1157 5377 privari
1190 5306 1384 5376 jussit,
1426 5309 1508 5362 vel
1541 5310 1907 5365 membrorum
1941 5327 2053 5364 am-

472 5402 750 5469 putatione
794 5399 1084 5463 moletari;
1135 5400 1228 5453 sed
1275 5399 1568 5454 secundum
1617 5400 1761 5468 quod
1804 5402 2053 5471 exigente

472 5492 627 5561 culpa
651 5492 827 5545 visum
854 5499 965 5556 est,
1006 5491 1139 5545 alios
1168 5492 1407 5545 exsiliari
1429 5533 1442 5557 ,
1474 5490 1605 5545 alios
1632 5492 1793 5560 jussit
1822 5492 2048 5545 attondi.

476 5582 601 5636 Post
626 5598 746 5651 qua:
773 5583 1054 5635 nuntiatur
1083 5582 1395 5651 imperatori
1428 5583 1702 5651 protervia
1736 5582 2053 5635 inobcdien-

475 5673 605 5725 tium
628 5671 947 5735 Brittonum,
972 5671 1063 5739 qui
1089 5672 1140 5724 in
1168 5679 1374 5725 tantam
1398 5672 1740 5725 insolentiam
1765 5682 2053 5739 eruperant

471 5770 531 5817 It
568 5779 733 5816 unum
770 5779 990 5817 suorum
1024 5762 1378 5817 Harmoniam
1410 5762 1795 5834 [Marntumnul
1837 5766 2050 5817 nomine

2164 4589 2301 4631 trem
2359 4594 2572 4648 quoque
2620 4578 2948 4633 Germanum
3008 4579 3396 4651 [Gersandum]
3445 4583 3654 4645 amisit,
3692 4596 3743 4636 et

2162 4678 2288 4722 tunc
2319 4670 2536 4737 quidem
2597 4670 2732 4739 fuga:
2765 4672 3005 4725 subsidio
3041 4674 3231 4726 evasit.
3265 4672 3398 4726 Post
3426 4682 3612 4727 autem
3641 4676 3739 4727 im-

2160 4761 2395 4827 peratori
2427 4760 2705 4823 deductus,
2761 4771 2815 4814 et
2843 4776 3060 4815 causam
3105 4763 3285 4816 dicere
3337 4762 3553 4829 jussus,
3583 4772 3741 4832 atque

2161 4852 2370 4905 ratione
2432 4853 2625 4915 victus,
2684 4853 2877 4907 exsilio
2924 4862 3008 4907 est
3055 4853 3364 4906 damnatus.
3418 4852 3536 4919 Qua
3568 4855 3741 4908 hieme

2162 4944 2457 5012 imperator
2512 4944 2565 4997 in
2602 4946 2791 4999 eodem
2838 4944 3039 5013 palatio
3088 4953 3417 4998 conventum
3465 4946 3739 5015 publicum

2158 5034 2337 5103 populi
2392 5034 2474 5087 sui
2508 5034 2843 5088 celebravit:
2898 5042 2954 5088 et
3001 5035 3379 5089 renuntiantes
3412 5035 3515 5090 sibi
3549 5037 3741 5089 missos

2159 5126 2225 5180 tle
2260 5126 2404 5180 omni
2436 5142 2533 5181 suo
2564 5142 2750 5196 regno,
2800 5143 2934 5196 quos
2962 5143 3059 5196 pro
3090 5135 3232 5181 statu
3260 5136 3461 5181 sancta:
3489 5127 3739 5181 Ecclesia:

2160 5217 2517 5269 restaurando
2555 5215 2782 5282 dejecto,
2826 5216 2909 5270 vel
2957 5216 3332 5271 conﬁrmando
3371 5224 3553 5269 stante
3580 5217 3737 5268 mise-

2161 5314 2261 5368 rat,
2288 5308 2529 5372 audivit;
2565 5314 2617 5360 ct
2645 5307 2902 5375 quidquid
2933 5307 3062 5360 utile
3107 5307 3391 5375 judicavit,
3426 5316 3615 5360 sancta
3644 5306 3737 5358 im-

2156 5397 2384 5466 pellente
2414 5398 2701 5451 devotione
2728 5397 3124 5467 superaddidit,
3180 5397 3421 5466 nihilque
3474 5398 3735 5448 intactum

2158 5489 2395 5557 reliquit,
2428 5489 2687 5558 quidquid
2727 5490 2795 5542 ad
2826 5490 3090 5544 honorem
3120 5497 3321 5544 sanctae
3346 5488 3441 5542 Dei
3476 5486 3731 5539 Ecclesim

2154 5580 2416 5649 proficere
2442 5594 2599 5648 posse
2631 5581 2803 5632 visum
2832 5578 2951 5633 fuit.
2989 5580 3197 5633 Interea
3230 5577 3462 5646 capitula
3486 5577 3727 5645 qumdam

2153 5673 2358 5738 legibus
2418 5670 2809 5739 superaddidit,
2874 5670 2924 5722 in
2992 5670 3188 5737 quibus
3243 5682 3420 5721 causa:
3486 5665 3729 5719 forenses

2155 5763 2454 5815 claudimur:
2504 5762 2843 5821 videbtuttur,
2884 5776 2999 5828 qum
3042 5761 3303 5817 hactenus
3328 5759 3491 5813 veluti
3536 5771 3722 5827 parum
