3906 6322
220 380 340 439 949

1772 381 1944 436 ΠΤΑ.

3380 393 3485 449 950

223 497 473 551 cessaria
496 504 799 549 servantur.
840 492 955 558 Qua
983 500 1303 563 tempestate
1352 494 1560 547 monitu
1589 509 1809 548 suorum
1838 498 1889 554 Α
1915 492 1983 546 ad
2008 509 2240 564 pugnam
2294 510 2393 550 nec
2422 496 2490 551 ad
2518 497 2844 569 colloquium
2901 502 3246 569 procedente.
3278 502 3483 568 Quibus

226 586 483 639 uxoriam
539 582 785 651 copulam
869 582 1228 636 meditabatur
1295 581 1452 636 inire.
1497 582 1809 637 Timebatur

225 674 640 731 enimamultis
691 689 756 728 ne
802 673 953 743 regni
1010 671 1375 741 gubernacula
1431 671 1592 727 vellet
1646 670 1810 725 relin-

228 781 443 834 quere;
477 765 570 820 sed
603 763 1041 834 compellebatur.
1099 762 1447 831 Tandemque
1489 778 1679 818 eorum
1718 777 1810 816 vo-

231 855 433 911 luntati
489 854 852 917 satisfaciens,
904 860 958 907 et
984 852 1338 920 undequaque
1385 842 1642 905 adduetas
1681 865 1807 920 pro-

231 960 425 1001 cerum
475 943 613 998 ﬁlias
644 943 959 1012 inspiciens,
1009 940 1194 996 Judith
1223 941 1391 996 ﬁliam
1430 940 1692 995 Welfonis
1721 956 1812 995 no-

231 1035 490 1089 bilissimi
545 1033 760 1089 comitis
804 1034 861 1087 in
899 1032 1305 1087 matrimonium
1361 1031 1559 1099 junxit.
1603 1031 1813 1086 IEstate

234 1127 604 1195 subsequente
660 1126 714 1179 in
744 1124 1107 1195 lngelenheim
1160 1124 1363 1193 palatio
1416 1123 1645 1193 populus
1698 1122 1814 1191 ejus

237 1218 503 1273 convenit
541 1217 607 1271 ad
649 1230 791 1271 eum.
834 1215 1143 1284 ibidemque
1170 1215 1255 1270 sui
1298 1214 1571 1269 exercitus
1599 1213 1815 1267 nuntios

236 1308 464 1377 recepit,
496 1306 589 1377 qui
643 1314 830 1361 contra
880 1305 1145 1359 Liudeviti
1198 1312 1440 1373 apertam
1500 1304 1817 1372 perduellio-

238 1413 368 1453 nem
400 1396 861 1467 comprimendam
885 1396 1037 1449 missi
1069 1393 1304 1449 fuerant.
1345 1394 1453 1449 Sed
1494 1395 1635 1449 idem
1664 1409 1819 1464 nego-

240 1490 377 1543 tium
406 1488 669 1542 remansit
696 1501 833 1557 peue
860 1485 1140 1541 infectum.
1169 1485 1237 1540 At
1264 1502 1393 1541 vero
1418 1502 1516 1556 pro
1543 1487 1628 1540 his
1653 1486 1819 1556 typho

242 1581 574 1651 arrogantia:
614 1578 830 1634 inﬂatus
862 1579 1194 1644 Liudevitus,
1249 1580 1513 1649 quasdam
1556 1578 1820 1633 conditio-

239 1685 344 1725 nes
376 1670 693 1739 imperatori
732 1684 831 1739 per
869 1671 1063 1725 missos
1104 1685 1231 1725 suos
1259 1669 1535 1724 mandavit
1568 1687 1581 1721 :
1612 1684 1750 1737 quas
1771 1667 1818 1721 si

239 1758 537 1827 imperator
567 1758 835 1828 impleret,
879 1759 993 1827 ipse
1038 1773 1254 1829 quoque
1305 1758 1423 1829 ejus
1448 1757 1733 1828 praeceptis
1761 1764 1821 1811 ut

238 1846 453 1916 pridem
510 1854 746 1917 pareret.
803 1846 910 1902 Sed
965 1848 1080 1903 haec
1105 1856 1362 1917 tanquam
1415 1847 1625 1902 inutilia
1664 1847 1821 1902 abeo

238 1945 425 2005 spreta
453 1944 616 2006 atque
647 1935 846 2005 rejecta
888 1945 1034 1992 sunt.
1088 1937 1401 1993 Liudevitus
1431 1945 1610 1992 autem
1646 1936 1700 1991 in
1725 1951 1822 1991 sua

238 2024 470 2095 perfidia
503 2040 783 2079 remanere
806 2033 982 2080 ratum
1012 2025 1236 2090 ducens,
1267 2026 1332 2080 ad
1362 2024 1643 2095 perﬁdiam
1666 2038 1827 2095 quos-

236 2129 454 2184 cunque
480 2123 693 2184 poterat
716 2115 819 2169 sibi
847 2116 1111 2170 sociabat.
1153 2115 1283 2170 Post
1305 2116 1669 2170 reversionem
1694 2130 1823 2170 sane

236 2205 517 2259 exercitus
547 2219 577 2258 a
608 2202 897 2259 Pannoniae
928 2204 1149 2271 finibus,
1203 2205 1490 2261 Liudevito
1516 2205 1571 2259 in
1597 2205 1821 2274 perﬁdia

235 2308 342 2349 sua
368 2302 739 2364 permanente,
777 2293 1047 2349 Cadolacb
1079 2293 1327 2367 [Cadolb]
1359 2297 1467 2350 dux
1497 2295 1828 2365 Forojulien-

237 2385 320 2440 sis
355 2386 408 2438 in
438 2382 643 2439 febrem
700 2384 891 2439 incidit
926 2392 981 2440 et
1011 2386 1151 2441 diem
1205 2387 1456 2441 ultimum
1515 2387 1731 2452 clausit,
1761 2403 1825 2442 ac

237 2472 521 2527 Baldricus
550 2473 664 2542 ejus
722 2474 840 2528 loco
895 2475 1178 2529 successit.
1218 2474 1320 2541 Qui
1350 2491 1471 2530 cum
1501 2476 1737 2545 primum
1770 2475 1823 2529 in

235 2558 583 2615 Provinciam
637 2562 897 2627 venisset,
938 2571 993 2616 et
1045 2562 1389 2618 Carantanas
1448 2564 1826 2635 ingrederetur

232 2658 439 2717 partes,
472 2650 655 2719 copias
685 2650 955 2705 Liudeviti
987 2650 1144 2719 juxta
1185 2652 1421 2723 Dragum
1452 2651 1672 2707 ﬂuvium
1700 2669 1824 2708 eum

232 2740 427 2808 paucis
458 2755 679 2794 suorum
706 2740 863 2806 fudit,
895 2750 949 2796 et
972 2742 1212 2813 reliquos
1249 2744 1602 2813 proturbans,
1633 2760 1823 2800 omnes

232 2843 263 2879 a
299 2828 411 2883 suis
434 2828 630 2884 ﬁnibus
660 2832 913 2886 secedere
941 2834 1218 2902 compulit.
1252 2834 1492 2905 Fugatus
1517 2852 1548 2890 a
1574 2836 1823 2893 Baldrico

232 2917 576 2983 Liudevitus,
614 2921 805 2976 Bornm
834 2925 1076 2977 occurrit
1105 2924 1388 2981 Dalmatia:
1417 2928 1541 2982 duci
1572 2931 1640 2983 ad
1668 2929 1825 2984 Cala-

234 3009 390 3077 pium
431 3008 651 3065 ﬂuvium
705 3015 1045 3069 consistenti.
1104 3015 1211 3071 Sed
1253 3018 1430 3073 Borna
1478 3018 1827 3076 Goduscano-

232 3112 359 3149 rum
400 3096 858 3174 [Dunscanorum]
908 3104 1152 3171 perﬁdia,
1206 3122 1275 3160 an
1332 3108 1524 3164 timore
1555 3110 1818 3177 desertus,

1915 584 2147 638 reversis
2199 584 2416 641 domum
2459 586 2834 645 Carniolenses
2860 598 2916 645 et
2952 590 3171 660 quidam
3226 592 3486 648 Carama-

1916 690 2133 741 norum,
2160 678 2252 746 qui
2275 678 2341 733 ad
2368 678 2707 735 Liudevitum
2745 697 2804 737 se
2842 683 3203 751 contulerant,
3234 683 3487 740 Baldrico

1916 764 2038 818 duci
2088 773 2276 821 nostro
2322 783 2513 823 manus
2576 768 2857 824 dederunt.
2910 771 2970 825 In
3027 771 3229 842 palatio
3267 788 3487 844 quoque

1916 852 2053 907 Bera
2076 869 2257 909 comes
2284 856 2717 923 Barcinonensis,
2756 874 2878 913 cum
2926 861 3277 931 impeteretur
3302 880 3334 918 a
3356 879 3488 934 quo—

1918 944 2041 998 dam
2070 953 2261 999 vocato
2296 944 2495 1011 Sanila,
2531 955 2587 1002 et
2640 946 2973 1004 inﬁdelitatis
3000 959 3336 1022 argueretur,
3363 968 3487 1009 cum

1917 1031 2108 1086 eodem
2156 1033 2450 1087 secundum
2512 1034 2684 1107 legem
2735 1037 3033 1107 propriam,
3083 1046 3156 1093 ut.
3194 1048 3322 1111 pote
3363 1041 3488 1111 quia

1920 1128 2147 1190 uterque
2170 1120 2379 1177 Gothus
2402 1135 2539 1190 erat,
2570 1127 2810 1195 equestri
2831 1128 3019 1197 praelia
3057 1142 3383 1200 congressus
3408 1140 3493 1186 est

1922 1220 1976 1267 et
2004 1213 2197 1268 victus.
2256 1212 2361 1270 Sed
2390 1230 2516 1270 cum
2539 1216 2656 1287 lege
2690 1218 2747 1272 in
2777 1233 2903 1273 eum
2955 1221 3495 1277 animadvertendum

1921 1309 2083 1361 esset.
2122 1310 2181 1355 ut
2208 1303 2427 1373 capitali
2457 1304 2724 1358 sententia
2756 1313 3008 1377 tanquam
3041 1324 3166 1365 reus
3194 1311 3497 1381 majestatis

1922 1391 2196 1457 feriretur,
2232 1393 2577 1462 imperatoris
2600 1401 2780 1449 tamen
2815 1393 3101 1450 clementia
3145 1398 3265 1452 vita:
3318 1413 3497 1454 resero

1925 1490 2080 1535 vatus
2109 1490 2212 1548 est,
2252 1492 2306 1537 et
2337 1482 2732 1554 Rotbomagum
2761 1484 3091 1539 'consistere
3133 1485 3337 1553 jussus.
3375 1486 3495 1558 Ipso

1926 1579 2169 1644 tempore
2215 1572 2522 1626 nuntiatum
2578 1580 2661 1627 est
2687 1589 2853 1629 naves
2901 1575 3158 1643 piraticas
3184 1577 3440 1632 tredecim
3468 1595 3496 1630 a

1926 1659 2291 1717 Nortmanniae
2335 1663 2551 1718 sedibus
2582 1679 2732 1718 mare
2778 1665 3181 1732 conscendisse,
3212 1675 3268 1722 et
3296 1668 3501 1739 prmdzh

1926 1756 2040 1803 tum
2072 1757 2291 1805 nostros
2317 1748 2451 1804 ﬁnes
2480 1750 2764 1819 appellere.
2804 1749 3003 1806 Contra
3032 1767 3167 1821 quas
3214 1753 3501 1825 imperato-

1850 1828 1897 1887 B
1926 1838 2005 1892 ris
2049 1838 2464 1909 circumspectio
2490 1839 2791 1894 custodiam
2835 1838 2953 1893 ﬁeri
3003 1855 3127 1895 cum
3158 1841 3499 1911 imperasset.

1928 1945 1959 1983 a
1990 1927 2307 1983 Flandrensi
2355 1927 2469 1983 solo
2520 1928 2677 1983 simul
2712 1936 2768 1983 et
2789 1930 2930 1985 ostio
2965 1929 3229 2000 Sequana:
3254 1932 3498 2002 repulsre.

1926 2018 1982 2073 in
2002 2018 2347 2089 Aquitaniam
2402 2032 2522 2073 sese
2550 2026 2851 2085 verterunt,
2881 2030 2937 2075 et
2963 2029 3175 2076 vastato
3205 2022 3333 2078 vico.
3350 2024 3503 2094 cujus

1926 2110 2246 2165 vocabulum
2278 2109 2437 2175 Buin,
2469 2110 2744 2180 multaque
2772 2120 3011 2167 oneratae
3053 2112 3234 2182 praeda
3270 2128 3502 2169 reverszu

1928 2209 2072 2255 sunt.
2124 2200 2259 2255 Hoe-
2289 2215 2431 2255 anno
2470 2200 2617 2273 (8‘21)
2661 2202 2911 2257 dominus
2946 2203 3243 2272 imperator
3276 2204 3503 2261 hiberna

1928 2300 2173 2362 tempora
2200 2290 2524 2362 Aquisgrani
2552 2294 2779 2364 peregit.
2810 2293 2868 2348 In
2891 2296 3080 2351 eadem
3110 2295 3287 2353 hieme
3317 2312 3504 2353 mense

1927 2382 2250 2448 Februario,
2280 2383 2454 2453 Aquis
2493 2392 2797 2439 conventus
2837 2392 2923 2439 est
2951 2384 3277 2452 celebratus,
3308 2394 3365 2441 et
3395 2393 3507 2441 tres

1928 2473 2085 2527 cunei
2118 2473 2185 2527 ad
2212 2473 2479 2528 Liudeviti
2508 2482 2711 2527 terram
2760 2472 3077 2528 vastandam
3122 2473 3337 2539 directi,
3370 2474 3506 2528 irru-

1924 2573 2123 2632 ptaque
2154 2562 2472 2633 imaginaria
2519 2577 2675 2634 pace,
2704 2578 2823 2632 qua:
2865 2578 2987 2617 cum
3028 2562 3229 2617 Abulat
3261 2578 3387 2633 rege
3412 2560 3505 2619 Sa-

1927 2667 2249 2707 racenorum
2271 2662 2428 2721 pacta
2459 2653 2763 2717 videbatur,
2801 2652 3001 2707 bellum
3029 2653 3077 2707 ei
3114 2652 3378 2708 indictum
3402 2662 3501 2708 est.

1926 2744 1985 2798 lu
2015 2744 2203 2798 eodem
2242 2758 2385 2797 anno
2419 2742 2672 2797 Kalendis
2720 2743 2847 2797 Maii
2900 2751 3225 2798 conventum
3274 2742 3504 2798 alterum

1928 2835 2117 2889 habuit
2147 2834 2440 2903 imperator
2465 2832 2800 2904 Noviomagi,
2856 2834 2909 2887 in
2938 2849 3046 2903 quo
3092 2834 3241 2903 regni
3266 2834 3506 2903 partitio-

1928 2939 2070 2991 nem,
2105 2939 2269 2994 quam
2302 2925 2443 2979 inter
2474 2924 2610 2979 ﬁlios
2635 2940 2762 2979 suos
2801 2924 3119 2994 jamdudum
3166 2924 3390 2989 fecerat,
3420 2940 3507 2980 co—

1928 3031 2045 3069 ram
2073 3017 2290 3071 recitari
2329 3015 2476 3079 fecit,
2515 3024 2570 3069 et
2598 3031 2627 3069 a
2657 3016 2868 3070 cunctis
2904 3016 3219 3085 proceribus
3254 3018 3345 3085 qui
3378 3025 3507 3072 tunc

1930 3103 2151 3158 adfuere
2175 3104 2504 3158 conﬁrmari.
2557 3104 2759 3158 ibidem
2788 3105 2952 3159 etiam
3006 3106 3200 3159 missos
3227 3104 3507 3161 Paschalis

230 3186 527 3254 incertum,
573 3208 789 3246 suorum
822 3172 1002 3248 tamen
1049 3196 1199 3264 jutus
1251 3199 1455 3253 auxilio
1495 3172 1815 3265 domestico;
1851 3172 1894 3233 (ἶ
1927 3195 2227 3265 apostolici,
2264 3194 2485 3249 Petrum
2528 3195 3044 3251 Ccntumcellensem
3090 3198 3423 3268 episcopum,
3452 3210 3507 3255 ct

230 3280 531 3335 discrimen
579 3283 867 3340 imminens
900 3296 1048 3341 tutus
1073 3290 1263 3352 evasit,
1312 3291 1405 3344 sed
1433 3300 1487 3345 et
1514 3290 1818 3349 desertores

229 3387 367 3426 suos
419 3381 606 3441 postea
660 3377 891 3447 subegit.
949 3378 1159 3433 Interea
1216 3380 1529 3435 Liudevitus
1572 3386 1817 3452 sequenti

229 3461 414 3515 hieme
467 3464 797 3519 Dalmatiam
849 3469 1045 3522 iterum
1100 3470 1396 3539 ingressus,
1428 3481 1620 3527 cuncta
1653 3488 1821 3542 popu-

223 3552 336 3606 lari
379 3554 607 3621 nititur;
660 3555 804 3612 ferro
858 3575 979 3628 qua:
1032 3562 1268 3616 animata
1322 3572 1481 3617 erant
1522 3566 1815 3632 perimens,

223 3643 531 3698 inanimata
558 3660 684 3700 vero
714 3647 825 3717 igni
847 3651 1189 3704 contradens.
1223 3650 1387 3718 Cujus
1414 3653 1464 3705 vi
1492 3668 1615 3706 cum
1636 3654 1814 3708 Borna

222 3735 456 3789 obviare
488 3738 755 3806 nequiret,
795 3746 914 3793 astu
967 3740 1108 3793 viam
1146 3742 1374 3796 nocendi
1418 3745 1683 3812 quzesivit.
1720 3745 1817 3799 Ne-

223 3840 337 3892 que
362 3825 503 3878 enim
538 3834 785 3894 apertum
814 3829 864 3881 ei
898 3828 1096 3883 bellum
1152 3831 1364 3895 indixit,
1398 3835 1491 3887 sed
1545 3835 1809 3903 improvi~

224 3917 311 3968 sis
369 3915 758 3984 irruptionibus
810 3919 943 3973 adeo
984 3929 1039 3973 et
1067 3920 1212 3974 illum
1251 3930 1305 3975 et
1349 3924 1649 3979 exercitum
1698 3926 1815 3994 ejus

222 4003 503 4070 protrivit,
554 4014 613 4058 ut
648 4008 874 4075 puderet
904 4023 966 4063 ac
998 4012 1284 4079 pmniteret
1326 4027 1447 4065 eum
1493 4013 1618 4067 talia
1669 4016 1815 4069 moli-

225 4104 368 4147 tum.
410 4095 542 4149 Nam
578 4098 747 4151 tribus
772 4099 1009 4155 millibus
1051 4100 1351 4157 interfectis
1399 4102 1466 4157 tle
1497 4103 1640 4159 illius
1667 4120 1815 4159 exer-

221 4186 365 4249 citu,
395 4188 655 4256 equisque
684 4204 748 4243 ac
800 4190 949 4243 varia
1003 4192 1104 4245 sibi
1163 4193 1529 4261 suppellectile
1580 4195 1809 4263 plurima

231 4275 471 4343 direpta,
506 4278 723 4345 regione
777 4294 873 4333 sua
903 4294 1024 4333 eum
1068 4283 1332 4336 excedere
1360 4283 1634 4351 compulit.
1682 4284 1810 4349 Qurc

222 4375 427 4419 cuncta
477 4368 771 4435 imperator
822 4369 990 4436 Aquis
1044 4372 1346 4426 consistens
1394 4372 1547 4428 laetus
1583 4376 1804 4429 audivit.

220 4454 437 4508 Interea
468 4455 740 4511 Vascones
769 4458 949 4511 nativa
996 4460 1275 4515 seditionis
1303 4472 1453 4530 peste
1490 4464 1810 4519 discordan-

223 4552 332 4606 tes,
368 4560 395 4596 a
427 4545 653 4615 Pippino
682 4548 1023 4617 imperatoris
1075 4550 1185 4605 ﬁlio
1214 4552 1329 4620 ipso
1385 4569 1528 4608 anno
1582 4557 1655 4609 ita
1687 4566 1810 4611 sunt

218 4632 474 4699 edomiti,
528 4643 589 4687 ut
636 4636 812 4690 nullus
848 4652 1037 4691 eorum
1066 4638 1327 4694 rebellare
1350 4642 1591 4697 auderet.
1646 4644 1810 4699 Pater

215 4722 369 4776 etaim
399 4740 521 4777 eum
552 4726 618 4779 ad
676 4728 778 4780 hoc
806 4728 1190 4782 destinaverat.
1227 4729 1320 4784 liis
1356 4734 1611 4799 peractis,
1638 4736 1805 4804 impe-

217 4824 375 4867 rator
400 4823 729 4869 conventum
781 4818 1003 4871 dimisit.
1067 4820 1350 4875 Venationi
1400 4838 1635 4892 congruo
1667 4835 1802 4879 tem-

216 4918 355 4972 pore
385 4919 604 4973 operam
635 4908 784 4961 dedit
814 4908 865 4961 in
912 4909 1227 4974 Arduenna,
1264 4922 1425 4982 atque
1460 4916 1798 4971 hiematurus

216 4996 288 5049 ad
325 4997 586 5065 palatium
619 5001 867 5070 Aquense
892 5012 977 5058 est
1000 5020 1271 5060 reversus.

294 5085 467 5158 (820.)
520 5087 575 5142 lu
630 5091 819 5145 eodem
874 5093 1075 5161 palatio
1127 5096 1304 5151 hieme
1360 5105 1797 5169 superveniente,

216 5177 517 5245 imperator
556 5182 848 5237 coadnnari
884 5185 1064 5254 populi
1099 5186 1457 5258 frequentiam
1506 5192 1649 5249 fecit.
1684 5195 1801 5262 Quo

216 5277 462 5336 tempore
489 5270 662 5326 Borna
686 5274 751 5328 de
782 5274 1123 5332 infestatione
1149 5280 1416 5335 Liudeviti
1447 5296 1795 5353 conquestus,

215 5373 443 5427 magnas
503 5360 752 5427 adjutorii
814 5368 996 5434 copias
1028 5369 1095 5422 ab
1149 5370 1480 5438 imperatore
1536 5378 1796 5446 suscepit,

210 5464 339 5518 qua:
366 5457 567 5504 terram
598 5453 738 5508 illius
793 5467 1026 5515 atterere
1055 5471 1293 5529 possent.
1329 5464 1458 5531 Quae
1501 5468 1640 5521 trina
1676 5486 1798 5539 par-

214 5543 408 5598 titione
426 5544 629 5611 divism,
655 5550 826 5616 primo
847 5567 972 5607 vere
1003 5563 1201 5611 terram
1230 5557 1450 5613 ditionis
1480 5560 1621 5614 illius
1650 5561 1795 5616 ferro

212 5642 267 5687 et
305 5637 429 5704 igne
482 5653 617 5705 pene
651 5644 863 5696 omnem
913 5654 1277 5715 vastaverunt,
1341 5650 1455 5717 ipso
1514 5651 1793 5706 Lindevite

209 5728 423 5782 castelli
467 5729 743 5796 Cujuslam
789 5736 1069 5792 altitudine
1129 5756 1185 5794 se
1216 5748 1551 5812 protegente,
1608 5751 1657 5797 et
1691 5760 1789 5799 nec

1923 3284 2155 3339 Leonem
2204 3284 2663 3339 nomenclatorem
2706 3287 2962 3355 suscepit,
2994 3287 3216 3351 audivit,
3277 3289 3501 3342 remisit.

1925 3375 2099 3443 Atque
2129 3375 2252 3429 inde
2310 3375 2616 3445 digrediens
2654 3376 2989 3447 Aquasgrani
3023 3380 3255 3447 repetiit,
3297 3388 3354 3433 et
3380 3380 3505 3434 inde

1924 3477 2021 3532 per
2048 3462 2394 3517 Arduennam
2426 3480 2596 3532 usque
2626 3466 2703 3525 ad
2748 3465 3019 3521 Rumerici
3051 3470 3247 3523 montis
3269 3469 3503 3523 altitudi-

1923 3568 2067 3618 nem,
2106 3554 2406 3624 Vosagiquc
2438 3555 2753 3609 latissimam
2799 3558 3127 3623 vastitatem,
3165 3568 3332 3614 totum
3362 3562 3500 3629 quot

1922 3641 2189 3709 superfuit
2230 3643 2526 3696 ‘dimidium
2584 3644 2754 3697 aestivi
2806 3655 2861 3699 et
2924 3650 3166 3701 autumni
3244 3653 3501 3719 temporis

1926 3731 2201 3801 transegit.
2234 3730 2381 3785 Inter
2418 3732 2532 3785 haec
2561 3732 2737 3787 Borna
2787 3735 2896 3787 vita
2944 3738 3173 3805 privato,
3230 3753 3503 3793 successo-

1922 3836 2036 3873 rem
2066 3822 2116 3874 ei
2144 3821 2421 3874 constituit
2472 3821 2765 3890 imperator
2817 3835 3066 3893 nepotem
3098 3842 3253 3879 suum
3284 3829 3500 3882 nomine:

1923 3912 2282 3965 Ladasdeum.
2318 3911 2434 3978 Quo
2464 3922 2704 3982 tempore
2733 3915 2979 3969 nuntium
3027 3917 3264 3986 suscepit
3308 3920 3500 3973 mortis

1922 4004 2117 4057 Leonis
2168 4003 2508 4072 imperatoris
2566 4005 3162 4077 ConstantinOpolitani,
3215 4009 3376 4078 quia
3407 4011 3500 4064 do—

1920 4095 2161 4148 mesticis
2182 4094 2293 4148 suis
2321 4102 2375 4148 et
2401 4095 2667 4165 prmcipue
2690 4112 2719 4149 a
2748 4095 3001 4151 Michaele
3029 4099 3343 4153 interfectus
3371 4110 3452 4154 est
3479 4118 3490 4152 :

1919 4188 2008 4255 qui
2041 4188 2202 4240 etiam
2227 4188 2278 4241 in
2324 4186 2441 4243 loco
2476 4189 2590 4259 ejus
2627 4190 2951 4246 substitutus
2981 4202 3087 4259 est,
3116 4195 3499 4264 conspiratori-

1919 4278 2019 4331 bus
2051 4278 2163 4332 suis
2211 4287 2266 4332 et
2296 4280 2533 4334 maxime
2570 4282 2912 4348 praetorianis
2964 4282 3223 4340 militibus
3272 4284 3500 4341 cianni—

1920 4370 2175 4425 tentibus.
2211 4370 2410 4425 Eodem
2434 4386 2575 4427 anno
2606 4374 2783 4429 medio
2828 4374 3047 4430 Octobri
3075 4386 3371 4432 conventus
3399 4393 3497 4447 pu-

1918 4461 2088 4515 blicus
2120 4464 2173 4516 in
2199 4462 2504 4518 Theodonis
2552 4465 2674 4519 villa
2730 4467 3053 4522 celebratur.
3113 4469 3212 4524 Ubi
3260 4470 3495 4540 denique

1916 4553 2167 4609 dominus
2205 4556 2500 4624 imperator
2554 4558 2912 4629 primogenita
2956 4560 3065 4617 ﬁlio
3112 4577 3211 4617 suo
3240 4562 3495 4620 Lotbario

1916 4645 2339 4715 Ermengardam
2387 4647 2551 4701 ﬁliam
2576 4648 2815 4718 Ilugonis
2870 4652 3083 4706 comitis
3115 4668 3338 4708 uxorem
3370 4672 3489 4709 eum

1912 4735 2135 4788 solemni
2162 4735 2341 4803 junxit
2370 4747 2650 4807 apparatu.
2725 4740 2824 4795 Ubi
2847 4742 3011 4795 etiam
3064 4742 3285 4798 adfuere
3332 4744 3493 4816 legati

1911 4841 2062 4895 papm
2117 4826 2365 4891 Romani,
2400 4828 2718 4884 Theodorus
2772 4831 3133 4899 primicerius,
3183 4849 3248 4888 ac
3276 4833 3488 4896 Florus,

1908 4933 2029 4970 cum
2098 4921 2307 4989 magnis
2382 4922 2657 4991 variisque
2736 4926 3063 4981 muneribus.
3146 4928 3492 4998 Imperatoris

1910 5023 2071 5075 porro
2098 5010 2400 5073 clementia,
2432 5027 2554 5066 cum
2590 5014 2640 5066 in
2666 5013 2786 5069 aliis
2818 5016 2976 5071 rebus
3007 5032 3220 5087 semper
3247 5020 3486 5075 admira-

1908 5104 2027 5159 bilis
2055 5104 2271 5167 claruit,
2307 5105 2360 5158 in
2390 5106 2490 5159 hoc
2522 5116 2787 5160 conventu
2821 5112 3235 5178 quammaxime,
3281 5121 3482 5181 quanta

1907 5196 1959 5247 in
1981 5192 2094 5260 ejus
2114 5204 2258 5247 esset
2294 5202 2527 5263 pectore,
2558 5195 2997 5254 manifestissime
3024 5202 3212 5269 patuit.
3243 5201 3375 5255 Nam
3407 5218 3489 5258 re-

1906 5287 2108 5339 vocatis
2137 5286 2385 5339 omnibus
2408 5288 2497 5356 qui
2528 5297 2715 5342 contra
2772 5292 2939 5345 vitam
2964 5308 3118 5346 suam
3150 5308 3483 5365 regnumque

1910 5377 2344 5445 eonjuraverant,
2387 5396 2491 5433 non
2527 5382 2683 5436 modo
2728 5383 2892 5437 vitam
2924 5386 3275 5454 membraque
3323 5387 3487 5443 dona-

1909 5471 2005 5531 vit,
2066 5468 2240 5522 sedet
2290 5470 2681 5537 possessiones,
2732 5471 2929 5541 quibus
2984 5474 3230 5545 lcgaliter
3272 5476 3483 5531 fuerant

1906 5560 2115 5630 privati,
2147 5575 2266 5613 cum
2298 5577 2492 5633 magno
2518 5563 2855 5620 liberalitatis
2886 5567 3194 5623 testimonio
3224 5570 3478 5625 restituit.

1904 5652 2263 5705 .~\dalhardum
2304 5654 2464 5707 etiam
2496 5656 2743 5711 abbatem
2799 5669 3065 5726 quondam
3103 5659 3342 5715 (lorbcim
3374 5677 3485 5715 mo-

1902 5743 2141 5801 nasterii,
2200 5745 2292 5797 sed
2351 5754 2472 5799 tunc
2531 5746 2583 5799 in
2626 5748 2796 5802 sancti
2852 5748 3091 5804 Filibcrti
3144 5754 3479 5806 monasterio
