  <div class='ocr_page' id='page_1' title='image "/cluster/home/n/w/nwhite01/storage/ocr_20150623/104/uva.x000827061/483.png"; bbox 0 0 3906 6330; ppageno 0'>
   <div class='ocr_carea' id='block_1_1' title="bbox 460 376 559 433">
    <p class='ocr_par' dir='ltr' id='par_1_1' title="bbox 460 376 559 433">
     <span class='ocr_line' id='line_1_1' title="bbox 460 376 559 433; baseline -0.02 -1"><span class='ocrx_word' id='word_1_1' title='bbox 460 376 559 433; x_wconf 69' lang='lat'><strong>95!</strong></span> 
     </span>
    </p>
   </div>
   <div class='ocr_carea' id='block_1_2' title="bbox 1563 384 2580 443">
    <p class='ocr_par' dir='ltr' id='par_1_2' title="bbox 1563 384 2580 443">
     <span class='ocr_line' id='line_1_2' title="bbox 1563 384 2580 443; baseline 0.001 -4"><span class='ocrx_word' id='word_1_2' title='bbox 1563 384 1886 442; x_wconf 72' lang='lat' dir='ltr'><strong>LUDOVICI</strong></span> <span class='ocrx_word' id='word_1_3' title='bbox 1924 386 1940 439; x_wconf 91' lang='lat' dir='ltr'><strong>I</strong></span> <span class='ocrx_word' id='word_1_4' title='bbox 1983 386 2455 443; x_wconf 74' lang='lat' dir='ltr'><strong>COGNOMENTO</strong></span> <span class='ocrx_word' id='word_1_5' title='bbox 2494 385 2580 441; x_wconf 85' lang='lat' dir='ltr'><strong>PII</strong></span> 
     </span>
    </p>
   </div>
   <div class='ocr_carea' id='block_1_3' title="bbox 3638 386 3736 440">
    <p class='ocr_par' dir='ltr' id='par_1_3' title="bbox 3638 386 3736 440">
     <span class='ocr_line' id='line_1_3' title="bbox 3638 386 3736 440; baseline 0 0"><span class='ocrx_word' id='word_1_6' title='bbox 3638 386 3736 440; x_wconf 68' lang='lat'><strong>951</strong></span> 
     </span>
    </p>
   </div>
   <div class='ocr_carea' id='block_1_4' title="bbox 461 488 3737 569">
    <p class='ocr_par' dir='ltr' id='par_1_4' title="bbox 461 488 3737 569">
     <span class='ocr_line' id='line_1_4' title="bbox 461 488 3737 569; baseline 0.004 -29"><span class='ocrx_word' id='word_1_7' title='bbox 461 488 870 552; x_wconf 80' lang='lat' dir='ltr'><strong>consistentem,</strong></span> <span class='ocrx_word' id='word_1_8' title='bbox 903 489 1218 559; x_wconf 82' lang='lat' dir='ltr'><strong>magisterio</strong></span> <span class='ocrx_word' id='word_1_9' title='bbox 1240 492 1408 561; x_wconf 80' lang='lat' dir='ltr'><strong>priori</strong></span> <span class='ocrx_word' id='word_1_10' title='bbox 1464 494 1714 550; x_wconf 74' lang='lat' dir='ltr'><strong>reddidit.</strong></span> <span class='ocrx_word' id='word_1_11' title='bbox 1748 495 2044 567; x_wconf 86' lang='lat' dir='ltr'><strong>Itidemque</strong></span> <span class='ocrx_word' id='word_1_12' title='bbox 2071 500 2118 557; x_wconf 85' lang='lat' dir='ltr'><strong>A</strong></span> <span class='ocrx_word' id='word_1_13' title='bbox 2149 505 2325 561; x_wconf 91' lang='lat' dir='ltr'><strong>etans,</strong></span> <span class='ocrx_word' id='word_1_14' title='bbox 2371 495 2733 569; x_wconf 82' lang='lat' dir='ltr'><strong>singulorum-</strong></span> <span class='ocrx_word' id='word_1_15' title='bbox 2754 496 2915 551; x_wconf 82' lang='lat' dir='ltr'><strong>rebus</strong></span> <span class='ocrx_word' id='word_1_16' title='bbox 2963 512 3198 567; x_wconf 81' lang='lat' dir='ltr'><strong>congrue</strong></span> <span class='ocrx_word' id='word_1_17' title='bbox 3249 498 3633 567; x_wconf 69' lang='lat' dir='ltr'><strong>prospiciebat.</strong></span> <span class='ocrx_word' id='word_1_18' title='bbox 3679 498 3737 552; x_wconf 71' lang='lat' dir='ltr'><strong>In</strong></span> 
     </span>
    </p>
   </div>
   <div class='ocr_carea' id='block_1_5' title="bbox 462 578 2045 649">
    <p class='ocr_par' dir='ltr' id='par_1_5' title="bbox 462 578 2045 649">
     <span class='ocr_line' id='line_1_5' title="bbox 462 578 2045 649; baseline 0.006 -15"><span class='ocrx_word' id='word_1_19' title='bbox 462 580 687 636; x_wconf 74' lang='lat' dir='ltr'><strong>fratrem</strong></span> <span class='ocrx_word' id='word_1_20' title='bbox 723 578 844 649; x_wconf 82' lang='lat' dir='ltr'><strong>ejus</strong></span> <span class='ocrx_word' id='word_1_21' title='bbox 860 579 1204 648; x_wconf 86' lang='lat' dir='ltr'><strong>Bernarium,</strong></span> <span class='ocrx_word' id='word_1_22' title='bbox 1234 587 1624 642; x_wconf 84' lang='lat' dir='ltr'><strong>amonasterio</strong></span> <span class='ocrx_word' id='word_1_23' title='bbox 1678 587 1850 642; x_wconf 85' lang='lat' dir='ltr'><strong>sancti</strong></span> <span class='ocrx_word' id='word_1_24' title='bbox 1877 586 2045 643; x_wconf 89' lang='lat' dir='ltr'><strong>Bene-</strong></span> 
     </span>
    </p>
   </div>
   <div class='ocr_carea' id='block_1_6' title="bbox 460 674 2044 745">
    <p class='ocr_par' dir='ltr' id='par_1_6' title="bbox 460 674 2044 745">
     <span class='ocr_line' id='line_1_6' title="bbox 460 674 2044 745; baseline 0.006 -17"><span class='ocrx_word' id='word_1_25' title='bbox 460 674 593 745; x_wconf 87' lang='lat' dir='ltr'><strong>dicti</strong></span> <span class='ocrx_word' id='word_1_26' title='bbox 644 681 926 729; x_wconf 88' lang='lat' dir='ltr'><strong>evocatum</strong></span> <span class='ocrx_word' id='word_1_27' title='bbox 954 682 1008 730; x_wconf 90' lang='lat' dir='ltr'><strong>et</strong></span> <span class='ocrx_word' id='word_1_28' title='bbox 1033 677 1461 744; x_wconf 86' lang='lat' dir='ltr'><strong>reconciliatum,</strong></span> <span class='ocrx_word' id='word_1_29' title='bbox 1520 679 1694 735; x_wconf 90' lang='lat' dir='ltr'><strong>eidem</strong></span> <span class='ocrx_word' id='word_1_30' title='bbox 1726 696 1849 736; x_wconf 91' lang='lat' dir='ltr'><strong>cum</strong></span> <span class='ocrx_word' id='word_1_31' title='bbox 1876 679 2044 737; x_wconf 77' lang='lat' dir='ltr'><strong>fratre</strong></span> 
     </span>
    </p>
   </div>
   <div class='ocr_carea' id='block_1_7' title="bbox 461 755 2044 842">
    <p class='ocr_par' dir='ltr' id='par_1_7' title="bbox 461 755 2044 842">
     <span class='ocr_line' id='line_1_7' title="bbox 461 755 2044 842; baseline 0.008 -26"><span class='ocrx_word' id='word_1_32' title='bbox 461 762 703 818; x_wconf 87' lang='lat' dir='ltr'><strong>restituit</strong></span> <span class='ocrx_word' id='word_1_33' title='bbox 731 762 870 819; x_wconf 83' lang='lat' dir='ltr'><strong>loco.</strong></span> <span class='ocrx_word' id='word_1_34' title='bbox 902 764 1001 821; x_wconf 76' lang='lat' dir='ltr'><strong>llis</strong></span> <span class='ocrx_word' id='word_1_35' title='bbox 1026 767 1308 838; x_wconf 89' lang='lat' dir='ltr'><strong>completis</strong></span> <span class='ocrx_word' id='word_1_36' title='bbox 1350 770 1669 842; x_wconf 63' lang='lat' dir='ltr'><strong>exterisque</strong></span> <span class='ocrx_word' id='word_1_37' title='bbox 1692 755 1813 842; x_wconf 63' lang='lat' dir='ltr'><strong>quae</strong></span> <span class='ocrx_word' id='word_1_38' title='bbox 1836 772 2044 829; x_wconf 85' lang='lat' dir='ltr'><strong>utilitas</strong></span> 
     </span>
    </p>
   </div>
   <div class='ocr_carea' id='block_1_8' title="bbox 460 853 2044 930">
    <p class='ocr_par' dir='ltr' id='par_1_8' title="bbox 460 853 2044 930">
     <span class='ocr_line' id='line_1_8' title="bbox 460 853 2044 930; baseline 0.008 -23"><span class='ocrx_word' id='word_1_39' title='bbox 460 853 719 924; x_wconf 83' lang='lat' dir='ltr'><strong>poscebat</strong></span> <span class='ocrx_word' id='word_1_40' title='bbox 749 855 1040 925; x_wconf 76' lang='lat' dir='ltr'><strong>explicitis,</strong></span> <span class='ocrx_word' id='word_1_41' title='bbox 1101 856 1270 912; x_wconf 84' lang='lat' dir='ltr'><strong>filium</strong></span> <span class='ocrx_word' id='word_1_42' title='bbox 1323 860 1542 930; x_wconf 87' lang='lat' dir='ltr'><strong>quidem</strong></span> <span class='ocrx_word' id='word_1_43' title='bbox 1588 862 2044 920; x_wconf 89' lang='lat' dir='ltr'><strong>Lothariumhie-</strong></span> 
     </span>
    </p>
   </div>
   <div class='ocr_carea' id='block_1_9' title="bbox 458 944 2043 1029">
    <p class='ocr_par' dir='ltr' id='par_1_9' title="bbox 458 944 2043 1029">
     <span class='ocr_line' id='line_1_9' title="bbox 458 944 2043 1029; baseline 0.009 -31"><span class='ocrx_word' id='word_1_44' title='bbox 458 952 666 1000; x_wconf 75' lang='lat' dir='ltr'><strong>ma-tum</strong></span> <span class='ocrx_word' id='word_1_45' title='bbox 694 944 1055 1005; x_wconf 84' lang='lat' dir='ltr'><strong>Wormatiam</strong></span> <span class='ocrx_word' id='word_1_46' title='bbox 1110 951 1276 1017; x_wconf 87' lang='lat' dir='ltr'><strong>misit,</strong></span> <span class='ocrx_word' id='word_1_47' title='bbox 1311 952 1429 1023; x_wconf 92' lang='lat' dir='ltr'><strong>ipse</strong></span> <span class='ocrx_word' id='word_1_48' title='bbox 1480 961 1659 1010; x_wconf 90' lang='lat' dir='ltr'><strong>autem</strong></span> <span class='ocrx_word' id='word_1_49' title='bbox 1698 955 2043 1029; x_wconf 85' lang='lat' dir='ltr'><strong>Aquasgrani</strong></span> 
     </span>
    </p>
   </div>
   <div class='ocr_carea' id='block_1_10' title="bbox 459 1048 841 1095">
    <p class='ocr_par' dir='ltr' id='par_1_10' title="bbox 459 1048 841 1095">
     <span class='ocr_line' id='line_1_10' title="bbox 459 1048 841 1095; baseline 0.013 -5"><span class='ocrx_word' id='word_1_50' title='bbox 459 1052 713 1095; x_wconf 81' lang='lat' dir='ltr'><strong>reversus</strong></span> <span class='ocrx_word' id='word_1_51' title='bbox 734 1048 841 1095; x_wconf 68' lang='grc' dir='ltr'><strong>εει.</strong></span> 
     </span>
    </p>
   </div>
   <div class='ocr_carea' id='block_1_11' title="bbox 528 1128 2044 1209">
    <p class='ocr_par' dir='ltr' id='par_1_11' title="bbox 528 1128 2044 1209">
     <span class='ocr_line' id='line_1_11' title="bbox 528 1128 2044 1209; baseline 0.007 -24"><span class='ocrx_word' id='word_1_52' title='bbox 528 1128 688 1187; x_wconf 82' lang='lat' dir='ltr'><strong>Anno</strong></span> <span class='ocrx_word' id='word_1_53' title='bbox 707 1132 854 1188; x_wconf 82' lang='lat' dir='ltr'><strong>hunc</strong></span> <span class='ocrx_word' id='word_1_54' title='bbox 874 1135 1121 1204; x_wconf 77' lang='lat' dir='ltr'><strong>sequenti</strong></span> <span class='ocrx_word' id='word_1_55' title='bbox 1149 1134 1297 1209; x_wconf 74' lang='lat'><strong>(822)</strong></span> <span class='ocrx_word' id='word_1_56' title='bbox 1318 1136 1569 1194; x_wconf 89' lang='lat' dir='ltr'><strong>dominus</strong></span> <span class='ocrx_word' id='word_1_57' title='bbox 1593 1139 1892 1209; x_wconf 85' lang='lat' dir='ltr'><strong>imperator</strong></span> <span class='ocrx_word' id='word_1_58' title='bbox 1914 1156 2044 1196; x_wconf 89' lang='lat' dir='ltr'><strong>con-</strong></span> 
     </span>
    </p>
   </div>
   <div class='ocr_carea' id='block_1_12' title="bbox 459 1219 2044 1296">
    <p class='ocr_par' dir='ltr' id='par_1_12' title="bbox 459 1219 2044 1296">
     <span class='ocr_line' id='line_1_12' title="bbox 459 1219 2044 1296; baseline 0.009 -27"><span class='ocrx_word' id='word_1_59' title='bbox 459 1225 682 1273; x_wconf 78' lang='lat' dir='ltr'><strong>ventum</strong></span> <span class='ocrx_word' id='word_1_60' title='bbox 709 1219 1018 1290; x_wconf 70' lang='lat' dir='ltr'><strong>generalem</strong></span> <span class='ocrx_word' id='word_1_61' title='bbox 1046 1223 1193 1279; x_wconf 86' lang='lat' dir='ltr'><strong>coire</strong></span> <span class='ocrx_word' id='word_1_62' title='bbox 1212 1224 1375 1289; x_wconf 85' lang='lat' dir='ltr'><strong>iussit</strong></span> <span class='ocrx_word' id='word_1_63' title='bbox 1403 1226 1459 1280; x_wconf 91' lang='lat' dir='ltr'><strong>in</strong></span> <span class='ocrx_word' id='word_1_64' title='bbox 1486 1226 1607 1281; x_wconf 85' lang='lat' dir='ltr'><strong>loco</strong></span> <span class='ocrx_word' id='word_1_65' title='bbox 1627 1226 1783 1296; x_wconf 84' lang='lat' dir='ltr'><strong>cujus</strong></span> <span class='ocrx_word' id='word_1_66' title='bbox 1806 1229 2044 1283; x_wconf 87' lang='lat' dir='ltr'><strong>vocabu-</strong></span> 
     </span>
    </p>
   </div>
   <div class='ocr_carea' id='block_1_13' title="bbox 456 1305 2043 1385">
    <p class='ocr_par' dir='ltr' id='par_1_13' title="bbox 456 1305 2043 1385">
     <span class='ocr_line' id='line_1_13' title="bbox 456 1305 2043 1385; baseline 0.009 -24"><span class='ocrx_word' id='word_1_67' title='bbox 456 1305 570 1362; x_wconf 86' lang='lat' dir='ltr'><strong>lum</strong></span> <span class='ocrx_word' id='word_1_68' title='bbox 597 1319 685 1364; x_wconf 87' lang='lat' dir='ltr'><strong>est</strong></span> <span class='ocrx_word' id='word_1_69' title='bbox 710 1306 1037 1367; x_wconf 69' lang='lat' dir='ltr'><strong>Attiniacus.</strong></span> <span class='ocrx_word' id='word_1_70' title='bbox 1072 1312 1131 1368; x_wconf 91' lang='lat' dir='ltr'><strong>In</strong></span> <span class='ocrx_word' id='word_1_71' title='bbox 1166 1330 1276 1385; x_wconf 88' lang='lat' dir='ltr'><strong>quo</strong></span> <span class='ocrx_word' id='word_1_72' title='bbox 1303 1318 1616 1373; x_wconf 85' lang='lat' dir='ltr'><strong>convocatis</strong></span> <span class='ocrx_word' id='word_1_73' title='bbox 1646 1319 1712 1374; x_wconf 88' lang='lat' dir='ltr'><strong>ad</strong></span> <span class='ocrx_word' id='word_1_74' title='bbox 1752 1320 2043 1375; x_wconf 86' lang='lat' dir='ltr'><strong>concilium</strong></span> 
     </span>
    </p>
   </div>
   <div class='ocr_carea' id='block_1_14' title="bbox 456 1398 2041 1479">
    <p class='ocr_par' dir='ltr' id='par_1_14' title="bbox 456 1398 2041 1479">
     <span class='ocr_line' id='line_1_14' title="bbox 456 1398 2041 1479; baseline 0.012 -29"><span class='ocrx_word' id='word_1_75' title='bbox 456 1398 744 1470; x_wconf 75' lang='lat' dir='ltr'><strong>episcopis,</strong></span> <span class='ocrx_word' id='word_1_76' title='bbox 786 1401 1073 1460; x_wconf 80' lang='lat' dir='ltr'><strong>abbatibus</strong></span> <span class='ocrx_word' id='word_1_77' title='bbox 1109 1406 1583 1479; x_wconf 86' lang='lat' dir='ltr'><strong>spiritualibusque</strong></span> <span class='ocrx_word' id='word_1_78' title='bbox 1618 1411 1770 1475; x_wconf 84' lang='lat' dir='ltr'><strong>viris,</strong></span> <span class='ocrx_word' id='word_1_79' title='bbox 1805 1428 1907 1468; x_wconf 91' lang='lat' dir='ltr'><strong>nec</strong></span> <span class='ocrx_word' id='word_1_80' title='bbox 1933 1429 2041 1469; x_wconf 92' lang='lat' dir='ltr'><strong>non</strong></span> 
     </span>
    </p>
   </div>
   <div class='ocr_carea' id='block_1_15' title="bbox 456 1490 2045 1568">
    <p class='ocr_par' dir='ltr' id='par_1_15' title="bbox 456 1490 2045 1568">
     <span class='ocr_line' id='line_1_15' title="bbox 456 1490 2045 1568; baseline 0.01 -25"><span class='ocrx_word' id='word_1_81' title='bbox 456 1496 512 1543; x_wconf 73' lang='lat' dir='ltr'><strong>et</strong></span> <span class='ocrx_word' id='word_1_82' title='bbox 533 1490 686 1561; x_wconf 87' lang='lat' dir='ltr'><strong>regni</strong></span> <span class='ocrx_word' id='word_1_83' title='bbox 715 1491 799 1547; x_wconf 85' lang='lat' dir='ltr'><strong>sui</strong></span> <span class='ocrx_word' id='word_1_84' title='bbox 829 1495 1168 1562; x_wconf 81' lang='lat' dir='ltr'><strong>proceribus,</strong></span> <span class='ocrx_word' id='word_1_85' title='bbox 1199 1497 1377 1567; x_wconf 91' lang='lat' dir='ltr'><strong>primo</strong></span> <span class='ocrx_word' id='word_1_86' title='bbox 1406 1500 1623 1568; x_wconf 87' lang='lat' dir='ltr'><strong>quidem</strong></span> <span class='ocrx_word' id='word_1_87' title='bbox 1658 1502 1921 1558; x_wconf 81' lang='lat' dir='ltr'><strong>fratribus</strong></span> <span class='ocrx_word' id='word_1_88' title='bbox 1959 1520 2045 1559; x_wconf 89' lang='lat' dir='ltr'><strong>re-</strong></span> 
     </span>
    </p>
   </div>
   <div class='ocr_carea' id='block_1_16' title="bbox 456 1580 2040 1660">
    <p class='ocr_par' dir='ltr' id='par_1_16' title="bbox 456 1580 2040 1660">
     <span class='ocr_line' id='line_1_16' title="bbox 456 1580 2040 1660; baseline 0.01 -27"><span class='ocrx_word' id='word_1_89' title='bbox 456 1580 741 1637; x_wconf 75' lang='lat' dir='ltr'><strong>conciliari</strong></span> <span class='ocrx_word' id='word_1_90' title='bbox 786 1582 1029 1651; x_wconf 82' lang='lat' dir='ltr'><strong>studuit,</strong></span> <span class='ocrx_word' id='word_1_91' title='bbox 1078 1600 1213 1654; x_wconf 90' lang='lat' dir='ltr'><strong>quos</strong></span> <span class='ocrx_word' id='word_1_92' title='bbox 1253 1588 1452 1644; x_wconf 90' lang='lat' dir='ltr'><strong>invitos</strong></span> <span class='ocrx_word' id='word_1_93' title='bbox 1496 1592 1766 1646; x_wconf 86' lang='lat' dir='ltr'><strong>attonderi</strong></span> <span class='ocrx_word' id='word_1_94' title='bbox 1816 1593 2040 1660; x_wconf 82' lang='lat' dir='ltr'><strong>fecerat,</strong></span> 
     </span>
    </p>
   </div>
   <div class='ocr_carea' id='block_1_17' title="bbox 456 1671 2045 1759">
    <p class='ocr_par' dir='ltr' id='par_1_17' title="bbox 456 1671 2045 1759">
     <span class='ocr_line' id='line_1_17' title="bbox 456 1671 2045 1759; baseline 0.011 -37"><span class='ocrx_word' id='word_1_95' title='bbox 456 1671 656 1728; x_wconf 85' lang='lat' dir='ltr'><strong>deinde</strong></span> <span class='ocrx_word' id='word_1_96' title='bbox 675 1672 928 1729; x_wconf 80' lang='lat' dir='ltr'><strong>omnibus</strong></span> <span class='ocrx_word' id='word_1_97' title='bbox 950 1676 1147 1745; x_wconf 86' lang='lat' dir='ltr'><strong>quibus</strong></span> <span class='ocrx_word' id='word_1_98' title='bbox 1172 1676 1374 1748; x_wconf 89' lang='lat' dir='ltr'><strong>aliquid</strong></span> <span class='ocrx_word' id='word_1_99' title='bbox 1398 1679 1606 1736; x_wconf 60' lang='lat' dir='ltr'><strong>laesura:</strong></span> <span class='ocrx_word' id='word_1_100' title='bbox 1628 1683 1875 1739; x_wconf 88' lang='lat' dir='ltr'><strong>intulisse</strong></span> <span class='ocrx_word' id='word_1_101' title='bbox 1896 1685 2045 1759; x_wconf 69' lang='lat' dir='ltr'><strong>vide-</strong></span> 
     </span>
    </p>
   </div>
   <div class='ocr_carea' id='block_1_18' title="bbox 456 1762 2043 1841">
    <p class='ocr_par' dir='ltr' id='par_1_18' title="bbox 456 1762 2043 1841">
     <span class='ocr_line' id='line_1_18' title="bbox 456 1762 2043 1841; baseline 0.009 -26"><span class='ocrx_word' id='word_1_102' title='bbox 456 1762 639 1817; x_wconf 84' lang='lat' dir='ltr'><strong>batur.</strong></span> <span class='ocrx_word' id='word_1_103' title='bbox 682 1762 816 1819; x_wconf 83' lang='lat' dir='ltr'><strong>Post</strong></span> <span class='ocrx_word' id='word_1_104' title='bbox 840 1763 958 1820; x_wconf 65' lang='lat' dir='ltr'><strong>hase</strong></span> <span class='ocrx_word' id='word_1_105' title='bbox 982 1774 1163 1822; x_wconf 86' lang='lat' dir='ltr'><strong>autem</strong></span> <span class='ocrx_word' id='word_1_106' title='bbox 1187 1768 1365 1838; x_wconf 87' lang='lat' dir='ltr'><strong>palam</strong></span> <span class='ocrx_word' id='word_1_107' title='bbox 1398 1785 1457 1825; x_wconf 90' lang='lat' dir='ltr'><strong>se</strong></span> <span class='ocrx_word' id='word_1_108' title='bbox 1491 1787 1709 1828; x_wconf 86' lang='lat' dir='ltr'><strong>errasse</strong></span> <span class='ocrx_word' id='word_1_109' title='bbox 1736 1773 2043 1841; x_wconf 91' lang='lat' dir='ltr'><strong>confessus,</strong></span> 
     </span>
    </p>
   </div>
   <div class='ocr_carea' id='block_1_19' title="bbox 2146 583 3740 658">
    <p class='ocr_par' dir='ltr' id='par_1_19' title="bbox 2146 583 3740 658">
     <span class='ocr_line' id='line_1_19' title="bbox 2146 583 3740 658; baseline 0 -16"><span class='ocrx_word' id='word_1_110' title='bbox 2146 585 2334 642; x_wconf 90' lang='lat' dir='ltr'><strong>eodem</strong></span> <span class='ocrx_word' id='word_1_111' title='bbox 2358 595 2626 642; x_wconf 88' lang='lat' dir='ltr'><strong>conventu</strong></span> <span class='ocrx_word' id='word_1_112' title='bbox 2649 587 2887 642; x_wconf 79' lang='lat' dir='ltr'><strong>Avarum</strong></span> <span class='ocrx_word' id='word_1_113' title='bbox 2920 583 3126 658; x_wconf 74' lang='lat' dir='ltr'><strong>Iegatio&#39;</strong></span> <span class='ocrx_word' id='word_1_114' title='bbox 3145 604 3371 643; x_wconf 87' lang='lat' dir='ltr'><strong>munera</strong></span> <span class='ocrx_word' id='word_1_115' title='bbox 3392 588 3630 644; x_wconf 78' lang='lat' dir='ltr'><strong>aﬂ&#39;ereus</strong></span> <span class='ocrx_word' id='word_1_116' title='bbox 3649 590 3740 642; x_wconf 83' lang='lat' dir='ltr'><strong>ad-</strong></span> 
     </span>
    </p>
   </div>
   <div class='ocr_carea' id='block_1_20' title="bbox 2145 674 3741 749">
    <p class='ocr_par' dir='ltr' id='par_1_20' title="bbox 2145 674 3741 749">
     <span class='ocr_line' id='line_1_20' title="bbox 2145 674 3741 749; baseline 0.003 -20"><span class='ocrx_word' id='word_1_117' title='bbox 2145 675 2267 730; x_wconf 89' lang='lat' dir='ltr'><strong>fuit.</strong></span> <span class='ocrx_word' id='word_1_118' title='bbox 2301 674 2448 731; x_wconf 82' lang='lat' dir='ltr'><strong>Missi</strong></span> <span class='ocrx_word' id='word_1_119' title='bbox 2476 674 2936 734; x_wconf 86' lang='lat' dir='ltr'><strong>Nortmannorum</strong></span> <span class='ocrx_word' id='word_1_120' title='bbox 2966 693 3156 749; x_wconf 89' lang='lat' dir='ltr'><strong>pacem</strong></span> <span class='ocrx_word' id='word_1_121' title='bbox 3181 688 3515 737; x_wconf 88' lang='lat' dir='ltr'><strong>renovantes</strong></span> <span class='ocrx_word' id='word_1_122' title='bbox 3533 690 3589 734; x_wconf 85' lang='lat' dir='ltr'><strong>et</strong></span> <span class='ocrx_word' id='word_1_123' title='bbox 3613 694 3741 733; x_wconf 87' lang='lat' dir='ltr'><strong>con-</strong></span> 
     </span>
    </p>
   </div>
   <div class='ocr_carea' id='block_1_21' title="bbox 2145 764 3742 835">
    <p class='ocr_par' dir='ltr' id='par_1_21' title="bbox 2145 764 3742 835">
     <span class='ocr_line' id='line_1_21' title="bbox 2145 764 3742 835; baseline 0.001 -16"><span class='ocrx_word' id='word_1_124' title='bbox 2145 764 2429 821; x_wconf 83' lang='lat' dir='ltr'><strong>firmantes</strong></span> <span class='ocrx_word' id='word_1_125' title='bbox 2468 782 2576 822; x_wconf 88' lang='lat' dir='ltr'><strong>non</strong></span> <span class='ocrx_word' id='word_1_126' title='bbox 2621 765 2928 822; x_wconf 89' lang='lat' dir='ltr'><strong>defuerunt.</strong></span> <span class='ocrx_word' id='word_1_127' title='bbox 2979 768 3126 835; x_wconf 86' lang='lat' dir='ltr'><strong>Quos</strong></span> <span class='ocrx_word' id='word_1_128' title='bbox 3175 769 3392 824; x_wconf 88' lang='lat' dir='ltr'><strong>auditos</strong></span> <span class='ocrx_word' id='word_1_129' title='bbox 3435 785 3563 823; x_wconf 86' lang='lat' dir='ltr'><strong>cum</strong></span> <span class='ocrx_word' id='word_1_130' title='bbox 3610 782 3742 822; x_wconf 83' lang='lat' dir='ltr'><strong>con-</strong></span> 
     </span>
    </p>
   </div>
   <div class='ocr_carea' id='block_1_22' title="bbox 2144 856 3741 928">
    <p class='ocr_par' dir='ltr' id='par_1_22' title="bbox 2144 856 3741 928">
     <span class='ocr_line' id='line_1_22' title="bbox 2144 856 3741 928; baseline 0.004 -21"><span class='ocrx_word' id='word_1_131' title='bbox 2144 870 2278 925; x_wconf 89' lang='lat' dir='ltr'><strong>grue</strong></span> <span class='ocrx_word' id='word_1_132' title='bbox 2313 856 2634 922; x_wconf 90' lang='lat' dir='ltr'><strong>remisisset,</strong></span> <span class='ocrx_word' id='word_1_133' title='bbox 2676 856 2731 910; x_wconf 91' lang='lat' dir='ltr'><strong>in</strong></span> <span class='ocrx_word' id='word_1_134' title='bbox 2776 858 2965 912; x_wconf 90' lang='lat' dir='ltr'><strong>eodem</strong></span> <span class='ocrx_word' id='word_1_135' title='bbox 3012 857 3131 913; x_wconf 88' lang='lat' dir='ltr'><strong>loco</strong></span> <span class='ocrx_word' id='word_1_136' title='bbox 3174 860 3517 928; x_wconf 81' lang='lat' dir='ltr'><strong>praeparatis,</strong></span> <span class='ocrx_word' id='word_1_137' title='bbox 3564 870 3627 912; x_wconf 87' lang='lat' dir='ltr'><strong>ut</strong></span> <span class='ocrx_word' id='word_1_138' title='bbox 3658 858 3741 913; x_wconf 84' lang='lat' dir='ltr'><strong>di-</strong></span> 
     </span>
    </p>
   </div>
   <div class='ocr_carea' id='block_1_23' title="bbox 2144 947 3744 1018">
    <p class='ocr_par' dir='ltr' id='par_1_23' title="bbox 2144 947 3744 1018">
     <span class='ocr_line' id='line_1_23' title="bbox 2144 947 3744 1018; baseline 0.001 -19"><span class='ocrx_word' id='word_1_139' title='bbox 2144 951 2309 1014; x_wconf 83' lang='lat' dir='ltr'><strong>gnum</strong></span> <span class='ocrx_word' id='word_1_140' title='bbox 2335 954 2453 1002; x_wconf 89' lang='lat' dir='ltr'><strong>erat</strong></span> <span class='ocrx_word' id='word_1_141' title='bbox 2491 956 2547 1000; x_wconf 92' lang='lat' dir='ltr'><strong>et</strong></span> <span class='ocrx_word' id='word_1_142' title='bbox 2576 948 2806 1017; x_wconf 85' lang='lat' dir='ltr'><strong>tempori</strong></span> <span class='ocrx_word' id='word_1_143' title='bbox 2832 948 3185 1017; x_wconf 81' lang='lat' dir='ltr'><strong>congruebat,</strong></span> <span class='ocrx_word' id='word_1_144' title='bbox 3213 963 3357 1003; x_wconf 88' lang='lat' dir='ltr'><strong>novo</strong></span> <span class='ocrx_word' id='word_1_145' title='bbox 3382 963 3551 1018; x_wconf 86' lang='lat' dir='ltr'><strong>opere</strong></span> <span class='ocrx_word' id='word_1_146' title='bbox 3577 947 3744 1002; x_wconf 69' lang='lat' dir='ltr'><strong>aedili-</strong></span> 
     </span>
    </p>
   </div>
   <div class='ocr_carea' id='block_1_24' title="bbox 2144 1037 3739 1105">
    <p class='ocr_par' dir='ltr' id='par_1_24' title="bbox 2144 1037 3739 1105">
     <span class='ocr_line' id='line_1_24' title="bbox 2144 1037 3739 1105; baseline 0.001 -14"><span class='ocrx_word' id='word_1_147' title='bbox 2144 1037 2277 1102; x_wconf 79' lang='lat' dir='ltr'><strong>ciis,</strong></span> <span class='ocrx_word' id='word_1_148' title='bbox 2306 1037 2598 1093; x_wconf 86' lang='lat' dir='ltr'><strong>hiemavit-</strong></span> <span class='ocrx_word' id='word_1_149' title='bbox 2628 1038 2684 1092; x_wconf 93' lang='lat' dir='ltr'><strong>In</strong></span> <span class='ocrx_word' id='word_1_150' title='bbox 2727 1039 2915 1094; x_wconf 88' lang='lat' dir='ltr'><strong>eadem</strong></span> <span class='ocrx_word' id='word_1_151' title='bbox 2954 1039 3105 1105; x_wconf 89' lang='lat' dir='ltr'><strong>villa,</strong></span> <span class='ocrx_word' id='word_1_152' title='bbox 3140 1040 3555 1096; x_wconf 87' lang='lat' dir='ltr'><strong>Franconoford</strong></span> <span class='ocrx_word' id='word_1_153' title='bbox 3590 1040 3739 1094; x_wconf 87' lang='lat' dir='ltr'><strong>scili-</strong></span> 
     </span>
    </p>
   </div>
   <div class='ocr_carea' id='block_1_25' title="bbox 2145 1129 3739 1198">
    <p class='ocr_par' dir='ltr' id='par_1_25' title="bbox 2145 1129 3739 1198">
     <span class='ocr_line' id='line_1_25' title="bbox 2145 1129 3739 1198; baseline -0.001 -13"><span class='ocrx_word' id='word_1_154' title='bbox 2145 1137 2251 1197; x_wconf 86' lang='lat' dir='ltr'><strong>cet,</strong></span> <span class='ocrx_word' id='word_1_155' title='bbox 2291 1129 2585 1198; x_wconf 87' lang='lat' dir='ltr'><strong>imperator</strong></span> <span class='ocrx_word' id='word_1_156' title='bbox 2621 1130 2800 1185; x_wconf 91' lang='lat' dir='ltr'><strong>hieme</strong></span> <span class='ocrx_word' id='word_1_157' title='bbox 2832 1140 3058 1195; x_wconf 80' lang='lat' dir='ltr'><strong>exacta,</strong></span> <span class='ocrx_word' id='word_1_158' title='bbox 3096 1130 3238 1187; x_wconf 83' lang='lat' dir='ltr'><strong>Maio</strong></span> <span class='ocrx_word' id='word_1_159' title='bbox 3276 1147 3467 1187; x_wconf 87' lang='lat' dir='ltr'><strong>mense</strong></span> <span class='ocrx_word' id='word_1_160' title='bbox 3500 1146 3739 1185; x_wconf 66' lang='lat' dir='ltr'><strong>eonveu~</strong></span> 
     </span>
    </p>
   </div>
   <div class='ocr_carea' id='block_1_26' title="bbox 2145 1219 3744 1287">
    <p class='ocr_par' dir='ltr' id='par_1_26' title="bbox 2145 1219 3744 1287">
     <span class='ocr_line' id='line_1_26' title="bbox 2145 1219 3744 1287; baseline -0.001 -12"><span class='ocrx_word' id='word_1_161' title='bbox 2145 1228 2259 1276; x_wconf 89' lang='lat' dir='ltr'><strong>tum</strong></span> <span class='ocrx_word' id='word_1_162' title='bbox 2305 1219 2493 1276; x_wconf 85' lang='lat' dir='ltr'><strong>habuit</strong></span> <span class='ocrx_word' id='word_1_163' title='bbox 2525 1219 2857 1276; x_wconf 83' lang='lat' dir='ltr'><strong>Australium</strong></span> <span class='ocrx_word' id='word_1_164' title='bbox 2892 1220 3249 1287; x_wconf 86' lang='lat' dir='ltr'><strong>Francorum,</strong></span> <span class='ocrx_word' id='word_1_165' title='bbox 3296 1220 3582 1275; x_wconf 78' lang='lat' dir='ltr'><strong>Saxonum</strong></span> <span class='ocrx_word' id='word_1_166' title='bbox 3616 1220 3744 1273; x_wconf 79' lang='lat' dir='ltr'><strong>alia-</strong></span> 
     </span>
    </p>
   </div>
   <div class='ocr_carea' id='block_1_27' title="bbox 2145 1312 3743 1384">
    <p class='ocr_par' dir='ltr' id='par_1_27' title="bbox 2145 1312 3743 1384">
     <span class='ocr_line' id='line_1_27' title="bbox 2145 1312 3743 1384; baseline -0.002 -17"><span class='ocrx_word' id='word_1_167' title='bbox 2145 1328 2374 1382; x_wconf 90' lang='lat' dir='ltr'><strong>rumque</strong></span> <span class='ocrx_word' id='word_1_168' title='bbox 2400 1313 2642 1384; x_wconf 85' lang='lat' dir='ltr'><strong>gentium</strong></span> <span class='ocrx_word' id='word_1_169' title='bbox 2671 1313 2751 1367; x_wconf 91' lang='lat' dir='ltr'><strong>eis</strong></span> <span class='ocrx_word' id='word_1_170' title='bbox 2780 1312 3233 1367; x_wconf 89' lang='lat' dir='ltr'><strong>collimitantium.</strong></span> <span class='ocrx_word' id='word_1_171' title='bbox 3274 1312 3333 1366; x_wconf 87' lang='lat' dir='ltr'><strong>In</strong></span> <span class='ocrx_word' id='word_1_172' title='bbox 3370 1328 3481 1382; x_wconf 89' lang='lat' dir='ltr'><strong>quo</strong></span> <span class='ocrx_word' id='word_1_173' title='bbox 3509 1312 3743 1366; x_wconf 86' lang='lat' dir='ltr'><strong>duorum</strong></span> 
     </span>
    </p>
   </div>
   <div class='ocr_carea' id='block_1_28' title="bbox 2143 1402 3746 1473">
    <p class='ocr_par' dir='ltr' id='par_1_28' title="bbox 2143 1402 3746 1473">
     <span class='ocr_line' id='line_1_28' title="bbox 2143 1402 3746 1473; baseline -0.002 -15"><span class='ocrx_word' id='word_1_174' title='bbox 2143 1402 2371 1458; x_wconf 89' lang='lat' dir='ltr'><strong>fratrum</strong></span> <span class='ocrx_word' id='word_1_175' title='bbox 2396 1410 2689 1464; x_wconf 89' lang='lat' dir='ltr'><strong>certamen,</strong></span> <span class='ocrx_word' id='word_1_176' title='bbox 2718 1402 2863 1471; x_wconf 91' lang='lat' dir='ltr'><strong>quod</strong></span> <span class='ocrx_word' id='word_1_177' title='bbox 2886 1402 2953 1457; x_wconf 89' lang='lat' dir='ltr'><strong>de</strong></span> <span class='ocrx_word' id='word_1_178' title='bbox 2977 1417 3145 1473; x_wconf 89' lang='lat' dir='ltr'><strong>regno</strong></span> <span class='ocrx_word' id='word_1_179' title='bbox 3167 1418 3363 1472; x_wconf 86' lang='lat' dir='ltr'><strong>magna</strong></span> <span class='ocrx_word' id='word_1_180' title='bbox 3385 1402 3746 1457; x_wconf 84' lang='lat' dir='ltr'><strong>altercatione</strong></span> 
     </span>
    </p>
   </div>
   <div class='ocr_carea' id='block_1_29' title="bbox 2146 1489 3744 1560">
    <p class='ocr_par' dir='ltr' id='par_1_29' title="bbox 2146 1489 3744 1560">
     <span class='ocr_line' id='line_1_29' title="bbox 2146 1489 3744 1560; baseline -0.003 -13"><span class='ocrx_word' id='word_1_181' title='bbox 2146 1492 2291 1547; x_wconf 89' lang='lat' dir='ltr'><strong>inter</strong></span> <span class='ocrx_word' id='word_1_182' title='bbox 2315 1505 2374 1545; x_wconf 90' lang='lat' dir='ltr'><strong>se</strong></span> <span class='ocrx_word' id='word_1_183' title='bbox 2398 1491 2701 1555; x_wconf 75' lang='lat' dir='ltr'><strong>vertebant,</strong></span> <span class='ocrx_word' id='word_1_184' title='bbox 2733 1506 2973 1560; x_wconf 84' lang='lat' dir='ltr'><strong>congruo</strong></span> <span class='ocrx_word' id='word_1_185' title='bbox 3005 1490 3110 1544; x_wconf 83' lang='lat' dir='ltr'><strong>fine</strong></span> <span class='ocrx_word' id='word_1_186' title='bbox 3142 1489 3381 1545; x_wconf 84' lang='lat' dir='ltr'><strong>diremit.</strong></span> <span class='ocrx_word' id='word_1_187' title='bbox 3434 1491 3613 1545; x_wconf 83' lang='lat' dir='ltr'><strong>Erant</strong></span> <span class='ocrx_word' id='word_1_188' title='bbox 3649 1506 3744 1543; x_wconf 83' lang='lat' dir='ltr'><strong>au-</strong></span> 
     </span>
    </p>
   </div>
   <div class='ocr_carea' id='block_1_30' title="bbox 2146 1578 3748 1651">
    <p class='ocr_par' dir='ltr' id='par_1_30' title="bbox 2146 1578 3748 1651">
     <span class='ocr_line' id='line_1_30' title="bbox 2146 1578 3748 1651; baseline -0.001 -16"><span class='ocrx_word' id='word_1_189' title='bbox 2146 1589 2255 1636; x_wconf 90' lang='lat' dir='ltr'><strong>tem</strong></span> <span class='ocrx_word' id='word_1_190' title='bbox 2278 1581 2438 1636; x_wconf 83' lang='lat' dir='ltr'><strong>Wilzi</strong></span> <span class='ocrx_word' id='word_1_191' title='bbox 2465 1596 2662 1651; x_wconf 82' lang='lat' dir='ltr'><strong>genere</strong></span> <span class='ocrx_word' id='word_1_192' title='bbox 2691 1579 2785 1634; x_wconf 80' lang='lat' dir='ltr'><strong>lilii</strong></span> <span class='ocrx_word' id='word_1_193' title='bbox 2811 1580 2964 1636; x_wconf 86' lang='lat' dir='ltr'><strong>Liubi</strong></span> <span class='ocrx_word' id='word_1_194' title='bbox 2994 1581 3267 1651; x_wconf 86' lang='lat' dir='ltr'><strong>quondam</strong></span> <span class='ocrx_word' id='word_1_195' title='bbox 3297 1581 3463 1651; x_wconf 85' lang='lat' dir='ltr'><strong>regis.</strong></span> <span class='ocrx_word' id='word_1_196' title='bbox 3516 1578 3748 1633; x_wconf 71' lang='lat' dir='ltr'><strong>Nomina</strong></span> 
     </span>
    </p>
   </div>
   <div class='ocr_carea' id='block_1_31' title="bbox 2145 1658 3746 1741">
    <p class='ocr_par' dir='ltr' id='par_1_31' title="bbox 2145 1658 3746 1741">
     <span class='ocr_line' id='line_1_31' title="bbox 2145 1658 3746 1741; baseline -0.004 -14"><span class='ocrx_word' id='word_1_197' title='bbox 2145 1686 2333 1727; x_wconf 89' lang='lat' dir='ltr'><strong>eorum</strong></span> <span class='ocrx_word' id='word_1_198' title='bbox 2366 1672 2538 1736; x_wconf 85' lang='lat' dir='ltr'><strong>fuere,</strong></span> <span class='ocrx_word' id='word_1_199' title='bbox 2582 1670 2933 1741; x_wconf 86' lang='lat' dir='ltr'><strong>Mileguastus</strong></span> <span class='ocrx_word' id='word_1_200' title='bbox 2974 1678 3031 1724; x_wconf 90' lang='lat' dir='ltr'><strong>et</strong></span> <span class='ocrx_word' id='word_1_201' title='bbox 3065 1658 3455 1740; x_wconf 86' lang='lat' dir='ltr'><strong>Celeadragus.</strong></span> <span class='ocrx_word' id='word_1_202' title='bbox 3503 1670 3746 1735; x_wconf 83' lang='lat' dir='ltr'><strong>Quorum</strong></span> 
     </span>
    </p>
   </div>
   <div class='ocr_carea' id='block_1_32' title="bbox 2146 1762 3749 1837">
    <p class='ocr_par' dir='ltr' id='par_1_32' title="bbox 2146 1762 3749 1837">
     <span class='ocr_line' id='line_1_32' title="bbox 2146 1762 3749 1837; baseline -0.001 -18"><span class='ocrx_word' id='word_1_203' title='bbox 2146 1773 2301 1836; x_wconf 88' lang='lat' dir='ltr'><strong>pater</strong></span> <span class='ocrx_word' id='word_1_204' title='bbox 2322 1764 2479 1819; x_wconf 89' lang='lat' dir='ltr'><strong>Liubi</strong></span> <span class='ocrx_word' id='word_1_205' title='bbox 2503 1764 2633 1819; x_wconf 90' lang='lat' dir='ltr'><strong>dum</strong></span> <span class='ocrx_word' id='word_1_206' title='bbox 2661 1762 2938 1837; x_wconf 80' lang='lat' dir='ltr'><strong>Ahodritis</strong></span> <span class='ocrx_word' id='word_1_207' title='bbox 2967 1764 3166 1818; x_wconf 90' lang='lat' dir='ltr'><strong>bellum</strong></span> <span class='ocrx_word' id='word_1_208' title='bbox 3210 1764 3525 1829; x_wconf 77' lang='lat' dir='ltr'><strong>indixisset,</strong></span> <span class='ocrx_word' id='word_1_209' title='bbox 3567 1764 3636 1818; x_wconf 88' lang='lat' dir='ltr'><strong>ab</strong></span> <span class='ocrx_word' id='word_1_210' title='bbox 3672 1764 3749 1817; x_wconf 84' lang='lat' dir='ltr'><strong>eis</strong></span> 
     </span>
    </p>
   </div>
   <div class='ocr_carea' id='block_1_33' title="bbox 455 1854 2046 1937">
    <p class='ocr_par' dir='ltr' id='par_1_33' title="bbox 455 1855 2039 1937">
     <span class='ocr_line' id='line_1_33' title="bbox 455 1855 2039 1937; baseline 0.009 -28"><span class='ocrx_word' id='word_1_211' title='bbox 455 1864 513 1909; x_wconf 88' lang='lat' dir='ltr'><strong>et</strong></span> <span class='ocrx_word' id='word_1_212' title='bbox 542 1855 784 1913; x_wconf 78' lang='lat' dir='ltr'><strong>imitatus</strong></span> <span class='ocrx_word' id='word_1_213' title='bbox 813 1857 1101 1915; x_wconf 84' lang='lat' dir='ltr'><strong>Theodosii</strong></span> <span class='ocrx_word' id='word_1_214' title='bbox 1130 1861 1473 1931; x_wconf 89' lang='lat' dir='ltr'><strong>imperatoris</strong></span> <span class='ocrx_word' id='word_1_215' title='bbox 1499 1866 1823 1937; x_wconf 84' lang='lat' dir='ltr'><strong>exemplum,</strong></span> <span class='ocrx_word' id='word_1_216' title='bbox 1861 1869 2039 1937; x_wconf 63' lang='lat' dir='ltr'><strong>pleni—</strong></span> 
     </span>
    </p>
   </div>
   <div class='ocr_carea' id='block_1_34' title="bbox 2147 1854 3748 1937">
    <p class='ocr_par' dir='ltr' id='par_1_34' title="bbox 2147 1854 3748 1927">
     <span class='ocr_line' id='line_1_34' title="bbox 2147 1854 3748 1927; baseline -0.002 -16"><span class='ocrx_word' id='word_1_217' title='bbox 2147 1857 2504 1926; x_wconf 88' lang='lat' dir='ltr'><strong>interemptus</strong></span> <span class='ocrx_word' id='word_1_218' title='bbox 2530 1864 2628 1917; x_wconf 89' lang='lat' dir='ltr'><strong>est,</strong></span> <span class='ocrx_word' id='word_1_219' title='bbox 2670 1870 3007 1927; x_wconf 89' lang='lat' dir='ltr'><strong>regnumque</strong></span> <span class='ocrx_word' id='word_1_220' title='bbox 3049 1854 3421 1925; x_wconf 89' lang='lat' dir='ltr'><strong>primogenito</strong></span> <span class='ocrx_word' id='word_1_221' title='bbox 3468 1854 3748 1909; x_wconf 82' lang='lat' dir='ltr'><strong>contradi-</strong></span> 
     </span>
    </p>
   </div>
   <div class='ocr_carea' id='block_1_35' title="bbox 465 1945 2045 2026">
    <p class='ocr_par' dir='ltr' id='par_1_35' title="bbox 465 1945 2045 2026">
     <span class='ocr_line' id='line_1_35' title="bbox 465 1945 2045 2026; baseline 0.009 -28"><span class='ocrx_word' id='word_1_222' title='bbox 465 1945 690 2000; x_wconf 83' lang='lat' dir='ltr'><strong>tentlam</strong></span> <span class='ocrx_word' id='word_1_223' title='bbox 719 1954 1072 2017; x_wconf 77' lang='lat' dir='ltr'><strong>spontaneum</strong></span> <span class='ocrx_word' id='word_1_224' title='bbox 1103 1951 1359 2021; x_wconf 87' lang='lat' dir='ltr'><strong>suscepit,</strong></span> <span class='ocrx_word' id='word_1_225' title='bbox 1384 1959 1494 2007; x_wconf 90' lang='lat' dir='ltr'><strong>tam</strong></span> <span class='ocrx_word' id='word_1_226' title='bbox 1518 1952 1585 2009; x_wconf 90' lang='lat' dir='ltr'><strong>de</strong></span> <span class='ocrx_word' id='word_1_227' title='bbox 1613 1955 1699 2010; x_wconf 90' lang='lat' dir='ltr'><strong>his</strong></span> <span class='ocrx_word' id='word_1_228' title='bbox 1727 1969 1887 2025; x_wconf 90' lang='lat' dir='ltr'><strong>quam</strong></span> <span class='ocrx_word' id='word_1_229' title='bbox 1926 1971 2045 2026; x_wconf 66' lang='lat' dir='ltr'><strong>qum</strong></span> 
     </span>
    </p>
   </div>
   <div class='ocr_carea' id='block_1_36' title="bbox 458 2036 2044 2114">
    <p class='ocr_par' dir='ltr' id='par_1_36' title="bbox 458 2036 2044 2114">
     <span class='ocr_line' id='line_1_36' title="bbox 458 2036 2044 2114; baseline 0.006 -23"><span class='ocrx_word' id='word_1_230' title='bbox 458 2037 512 2091; x_wconf 81' lang='lat' dir='ltr'><strong>in</strong></span> <span class='ocrx_word' id='word_1_231' title='bbox 539 2036 874 2093; x_wconf 82' lang='lat' dir='ltr'><strong>Bernardum</strong></span> <span class='ocrx_word' id='word_1_232' title='bbox 896 2048 1147 2109; x_wconf 86' lang='lat' dir='ltr'><strong>nepotem</strong></span> <span class='ocrx_word' id='word_1_233' title='bbox 1180 2042 1456 2112; x_wconf 90' lang='lat' dir='ltr'><strong>proprium</strong></span> <span class='ocrx_word' id='word_1_234' title='bbox 1481 2054 1724 2114; x_wconf 87' lang='lat' dir='ltr'><strong>gesserat</strong></span> <span class='ocrx_word' id='word_1_235' title='bbox 1753 2063 1764 2098; x_wconf 93' lang='lat'><strong>:</strong></span> <span class='ocrx_word' id='word_1_236' title='bbox 1789 2053 1844 2100; x_wconf 91' lang='lat' dir='ltr'><strong>et</strong></span> <span class='ocrx_word' id='word_1_237' title='bbox 1873 2046 2044 2100; x_wconf 90' lang='lat' dir='ltr'><strong>corri-</strong></span> 
     </span>
    </p>
   </div>
   <div class='ocr_carea' id='block_1_37' title="bbox 456 2127 2044 2208">
    <p class='ocr_par' dir='ltr' id='par_1_37' title="bbox 456 2127 2044 2208">
     <span class='ocr_line' id='line_1_37' title="bbox 456 2127 2044 2208; baseline 0.007 -27"><span class='ocrx_word' id='word_1_238' title='bbox 456 2142 590 2197; x_wconf 72' lang='lat' dir='ltr'><strong>gens</strong></span> <span class='ocrx_word' id='word_1_239' title='bbox 616 2128 661 2183; x_wconf 86' lang='lat' dir='ltr'><strong>si</strong></span> <span class='ocrx_word' id='word_1_240' title='bbox 692 2127 822 2199; x_wconf 89' lang='lat' dir='ltr'><strong>quid</strong></span> <span class='ocrx_word' id='word_1_241' title='bbox 845 2128 1033 2185; x_wconf 87' lang='lat' dir='ltr'><strong>talium</strong></span> <span class='ocrx_word' id='word_1_242' title='bbox 1059 2130 1143 2186; x_wconf 82' lang='lat' dir='ltr'><strong>vel</strong></span> <span class='ocrx_word' id='word_1_243' title='bbox 1166 2146 1197 2185; x_wconf 90' lang='lat' dir='ltr'><strong>a</strong></span> <span class='ocrx_word' id='word_1_244' title='bbox 1227 2147 1305 2197; x_wconf 91' lang='lat' dir='ltr'><strong>se,</strong></span> <span class='ocrx_word' id='word_1_245' title='bbox 1334 2133 1419 2188; x_wconf 88' lang='lat' dir='ltr'><strong>vel</strong></span> <span class='ocrx_word' id='word_1_246' title='bbox 1452 2149 1483 2187; x_wconf 91' lang='lat' dir='ltr'><strong>a</strong></span> <span class='ocrx_word' id='word_1_247' title='bbox 1510 2142 1667 2203; x_wconf 87' lang='lat' dir='ltr'><strong>patre</strong></span> <span class='ocrx_word' id='word_1_248' title='bbox 1696 2150 1794 2191; x_wconf 92' lang='lat' dir='ltr'><strong>suo</strong></span> <span class='ocrx_word' id='word_1_249' title='bbox 1830 2148 2044 2208; x_wconf 90' lang='lat' dir='ltr'><strong>gestum</strong></span> 
     </span>
    </p>
   </div>
   <div class='ocr_carea' id='block_1_38' title="bbox 456 2217 2041 2300">
    <p class='ocr_par' dir='ltr' id='par_1_38' title="bbox 456 2217 2041 2300">
     <span class='ocr_line' id='line_1_38' title="bbox 456 2217 2041 2300; baseline 0.009 -29"><span class='ocrx_word' id='word_1_250' title='bbox 456 2217 700 2288; x_wconf 71' lang='lat' dir='ltr'><strong>reperire</strong></span> <span class='ocrx_word' id='word_1_251' title='bbox 734 2218 933 2276; x_wconf 81' lang='lat' dir='ltr'><strong>alicubi</strong></span> <span class='ocrx_word' id='word_1_252' title='bbox 964 2221 1161 2290; x_wconf 89' lang='lat' dir='ltr'><strong>potuit,</strong></span> <span class='ocrx_word' id='word_1_253' title='bbox 1184 2222 1347 2277; x_wconf 89' lang='lat' dir='ltr'><strong>etiam</strong></span> <span class='ocrx_word' id='word_1_254' title='bbox 1368 2223 1721 2293; x_wconf 90' lang='lat' dir='ltr'><strong>plurimarum</strong></span> <span class='ocrx_word' id='word_1_255' title='bbox 1745 2227 2041 2300; x_wconf 85' lang='lat' dir='ltr'><strong>elecmosy—</strong></span> 
     </span>
    </p>
   </div>
   <div class='ocr_carea' id='block_1_39' title="bbox 458 2312 2045 2385">
    <p class='ocr_par' dir='ltr' id='par_1_39' title="bbox 458 2312 2045 2385">
     <span class='ocr_line' id='line_1_39' title="bbox 458 2312 2045 2385; baseline 0.008 -21"><span class='ocrx_word' id='word_1_256' title='bbox 458 2326 648 2366; x_wconf 88' lang='lat' dir='ltr'><strong>uarum</strong></span> <span class='ocrx_word' id='word_1_257' title='bbox 685 2312 1023 2385; x_wconf 85' lang='lat' dir='ltr'><strong>elargitione,</strong></span> <span class='ocrx_word' id='word_1_258' title='bbox 1067 2316 1161 2372; x_wconf 88' lang='lat' dir='ltr'><strong>sed</strong></span> <span class='ocrx_word' id='word_1_259' title='bbox 1199 2325 1255 2372; x_wconf 90' lang='lat' dir='ltr'><strong>et</strong></span> <span class='ocrx_word' id='word_1_260' title='bbox 1289 2332 1575 2375; x_wconf 89' lang='lat' dir='ltr'><strong>servorum</strong></span> <span class='ocrx_word' id='word_1_261' title='bbox 1608 2320 1811 2378; x_wconf 86' lang='lat' dir='ltr'><strong>Christi</strong></span> <span class='ocrx_word' id='word_1_262' title='bbox 1845 2322 2045 2377; x_wconf 86' lang='lat' dir='ltr'><strong>oratio-</strong></span> 
     </span>
    </p>
   </div>
   <div class='ocr_carea' id='block_1_40' title="bbox 458 2401 2044 2480">
    <p class='ocr_par' dir='ltr' id='par_1_40' title="bbox 458 2401 2044 2480">
     <span class='ocr_line' id='line_1_40' title="bbox 458 2401 2044 2480; baseline 0.008 -25"><span class='ocrx_word' id='word_1_263' title='bbox 458 2417 589 2456; x_wconf 85' lang='lat' dir='ltr'><strong>num</strong></span> <span class='ocrx_word' id='word_1_264' title='bbox 626 2401 904 2470; x_wconf 79' lang='lat' dir='ltr'><strong>instantia,</strong></span> <span class='ocrx_word' id='word_1_265' title='bbox 942 2420 1043 2461; x_wconf 91' lang='lat' dir='ltr'><strong>nec</strong></span> <span class='ocrx_word' id='word_1_266' title='bbox 1079 2420 1187 2461; x_wconf 87' lang='lat' dir='ltr'><strong>non</strong></span> <span class='ocrx_word' id='word_1_267' title='bbox 1226 2410 1445 2480; x_wconf 90' lang='lat' dir='ltr'><strong>propria</strong></span> <span class='ocrx_word' id='word_1_268' title='bbox 1477 2408 1868 2478; x_wconf 83' lang='lat' dir='ltr'><strong>satisfactione,</strong></span> <span class='ocrx_word' id='word_1_269' title='bbox 1910 2412 2044 2467; x_wconf 90' lang='lat' dir='ltr'><strong>adeo</strong></span> 
     </span>
    </p>
   </div>
   <div class='ocr_carea' id='block_1_41' title="bbox 459 2492 2043 2571">
    <p class='ocr_par' dir='ltr' id='par_1_41' title="bbox 459 2492 2043 2571">
     <span class='ocr_line' id='line_1_41' title="bbox 459 2492 2043 2571; baseline 0.006 -24"><span class='ocrx_word' id='word_1_270' title='bbox 459 2492 803 2551; x_wconf 81' lang='lat' dir='ltr'><strong>Divinitatem</strong></span> <span class='ocrx_word' id='word_1_271' title='bbox 834 2495 935 2551; x_wconf 88' lang='lat' dir='ltr'><strong>sibi</strong></span> <span class='ocrx_word' id='word_1_272' title='bbox 964 2496 1184 2565; x_wconf 85' lang='lat' dir='ltr'><strong>placare</strong></span> <span class='ocrx_word' id='word_1_273' title='bbox 1207 2500 1450 2565; x_wconf 84' lang='lat' dir='ltr'><strong>curabat,</strong></span> <span class='ocrx_word' id='word_1_274' title='bbox 1478 2502 1634 2569; x_wconf 90' lang='lat' dir='ltr'><strong>quasi</strong></span> <span class='ocrx_word' id='word_1_275' title='bbox 1664 2502 1779 2556; x_wconf 64' lang='lat' dir='ltr'><strong>haec</strong></span> <span class='ocrx_word' id='word_1_276' title='bbox 1807 2517 1928 2571; x_wconf 82' lang='lat' dir='ltr'><strong>quae</strong></span> <span class='ocrx_word' id='word_1_277' title='bbox 1968 2502 2043 2556; x_wconf 88' lang='lat' dir='ltr'><strong>le-</strong></span> 
     </span>
    </p>
   </div>
   <div class='ocr_carea' id='block_1_42' title="bbox 456 2582 2043 2664">
    <p class='ocr_par' dir='ltr' id='par_1_42' title="bbox 456 2582 2043 2664">
     <span class='ocr_line' id='line_1_42' title="bbox 456 2582 2043 2664; baseline 0.006 -26"><span class='ocrx_word' id='word_1_278' title='bbox 456 2582 654 2653; x_wconf 83' lang='lat' dir='ltr'><strong>galiter</strong></span> <span class='ocrx_word' id='word_1_279' title='bbox 687 2599 853 2657; x_wconf 85' lang='lat' dir='ltr'><strong>super</strong></span> <span class='ocrx_word' id='word_1_280' title='bbox 878 2603 1318 2659; x_wconf 89' lang='lat' dir='ltr'><strong>unumquemque</strong></span> <span class='ocrx_word' id='word_1_281' title='bbox 1345 2590 1792 2657; x_wconf 89' lang='lat' dir='ltr'><strong>decucurrerant,</strong></span> <span class='ocrx_word' id='word_1_282' title='bbox 1822 2608 1919 2648; x_wconf 90' lang='lat' dir='ltr'><strong>sua</strong></span> <span class='ocrx_word' id='word_1_283' title='bbox 1951 2607 2043 2664; x_wconf 88' lang='lat' dir='ltr'><strong>ge—</strong></span> 
     </span>
    </p>
   </div>
   <div class='ocr_carea' id='block_1_43' title="bbox 453 2676 2045 2740">
    <p class='ocr_par' dir='ltr' id='par_1_43' title="bbox 453 2676 2045 2740">
     <span class='ocr_line' id='line_1_43' title="bbox 453 2676 2045 2740; baseline 0.005 -8"><span class='ocrx_word' id='word_1_284' title='bbox 453 2686 538 2732; x_wconf 82' lang='lat' dir='ltr'><strong>sta</strong></span> <span class='ocrx_word' id='word_1_285' title='bbox 566 2676 768 2734; x_wconf 72' lang='lat' dir='ltr'><strong>fuerint</strong></span> <span class='ocrx_word' id='word_1_286' title='bbox 799 2681 1138 2738; x_wconf 87' lang='lat' dir='ltr'><strong>crudelitate.</strong></span> <span class='ocrx_word' id='word_1_287' title='bbox 1184 2683 1496 2739; x_wconf 79' lang='lat' dir='ltr'><strong>Exercitum</strong></span> <span class='ocrx_word' id='word_1_288' title='bbox 1525 2697 1658 2739; x_wconf 89' lang='lat' dir='ltr'><strong>sane</strong></span> <span class='ocrx_word' id='word_1_289' title='bbox 1684 2685 1875 2740; x_wconf 90' lang='lat' dir='ltr'><strong>eodem</strong></span> <span class='ocrx_word' id='word_1_290' title='bbox 1909 2696 2045 2740; x_wconf 90' lang='lat' dir='ltr'><strong>tem-</strong></span> 
     </span>
    </p>
   </div>
   <div class='ocr_carea' id='block_1_44' title="bbox 452 2766 2039 2842">
    <p class='ocr_par' dir='ltr' id='par_1_44' title="bbox 452 2766 2039 2842">
     <span class='ocr_line' id='line_1_44' title="bbox 452 2766 2039 2842; baseline 0.002 -15"><span class='ocrx_word' id='word_1_291' title='bbox 452 2785 585 2842; x_wconf 84' lang='lat' dir='ltr'><strong>pore</strong></span> <span class='ocrx_word' id='word_1_292' title='bbox 605 2766 757 2827; x_wconf 82' lang='lat' dir='ltr'><strong>misit</strong></span> <span class='ocrx_word' id='word_1_293' title='bbox 776 2773 839 2828; x_wconf 91' lang='lat' dir='ltr'><strong>de</strong></span> <span class='ocrx_word' id='word_1_294' title='bbox 856 2772 1010 2827; x_wconf 85' lang='lat' dir='ltr'><strong>Italia</strong></span> <span class='ocrx_word' id='word_1_295' title='bbox 1033 2783 1224 2829; x_wconf 87' lang='lat' dir='ltr'><strong>contra</strong></span> <span class='ocrx_word' id='word_1_296' title='bbox 1239 2774 1583 2829; x_wconf 86' lang='lat' dir='ltr'><strong>Liudevitum</strong></span> <span class='ocrx_word' id='word_1_297' title='bbox 1608 2775 1661 2829; x_wconf 92' lang='lat' dir='ltr'><strong>in</strong></span> <span class='ocrx_word' id='word_1_298' title='bbox 1679 2774 2039 2830; x_wconf 88' lang='lat' dir='ltr'><strong>Pannoniam.</strong></span> 
     </span>
    </p>
   </div>
   <div class='ocr_carea' id='block_1_45' title="bbox 456 2860 2041 2938">
    <p class='ocr_par' dir='ltr' id='par_1_45' title="bbox 456 2860 2041 2938">
     <span class='ocr_line' id='line_1_45' title="bbox 456 2860 2041 2938; baseline 0.004 -21"><span class='ocrx_word' id='word_1_299' title='bbox 456 2860 578 2929; x_wconf 81' lang='lat' dir='ltr'><strong>Quo</strong></span> <span class='ocrx_word' id='word_1_300' title='bbox 601 2860 692 2917; x_wconf 87' lang='lat' dir='ltr'><strong>ille</strong></span> <span class='ocrx_word' id='word_1_301' title='bbox 717 2862 1014 2920; x_wconf 87' lang='lat' dir='ltr'><strong>consistere</strong></span> <span class='ocrx_word' id='word_1_302' title='bbox 1040 2880 1148 2920; x_wconf 87' lang='lat' dir='ltr'><strong>non</strong></span> <span class='ocrx_word' id='word_1_303' title='bbox 1174 2865 1379 2932; x_wconf 90' lang='lat' dir='ltr'><strong>valens,</strong></span> <span class='ocrx_word' id='word_1_304' title='bbox 1406 2866 1682 2938; x_wconf 81' lang='lat' dir='ltr'><strong>propriam</strong></span> <span class='ocrx_word' id='word_1_305' title='bbox 1713 2867 1931 2937; x_wconf 89' lang='lat' dir='ltr'><strong>reliquit</strong></span> <span class='ocrx_word' id='word_1_306' title='bbox 1960 2868 2041 2923; x_wconf 88' lang='lat' dir='ltr'><strong>ci-</strong></span> 
     </span>
    </p>
   </div>
   <div class='ocr_carea' id='block_1_46' title="bbox 453 2952 2042 3030">
    <p class='ocr_par' dir='ltr' id='par_1_46' title="bbox 453 2952 2042 3030">
     <span class='ocr_line' id='line_1_46' title="bbox 453 2952 2042 3030; baseline 0.006 -24"><span class='ocrx_word' id='word_1_307' title='bbox 453 2952 695 3018; x_wconf 81' lang='lat' dir='ltr'><strong>vitatem,</strong></span> <span class='ocrx_word' id='word_1_308' title='bbox 742 2961 798 3009; x_wconf 91' lang='lat' dir='ltr'><strong>et</strong></span> <span class='ocrx_word' id='word_1_309' title='bbox 839 2954 906 3009; x_wconf 90' lang='lat' dir='ltr'><strong>ad</strong></span> <span class='ocrx_word' id='word_1_310' title='bbox 946 2959 1235 3027; x_wconf 84' lang='lat' dir='ltr'><strong>quemdam</strong></span> <span class='ocrx_word' id='word_1_311' title='bbox 1283 2960 1584 3030; x_wconf 89' lang='lat' dir='ltr'><strong>principem</strong></span> <span class='ocrx_word' id='word_1_312' title='bbox 1633 2960 1915 3015; x_wconf 67' lang='lat' dir='ltr'><strong>Dalmatia:</strong></span> <span class='ocrx_word' id='word_1_313' title='bbox 1950 2977 2042 3016; x_wconf 88' lang='lat' dir='ltr'><strong>ve-</strong></span> 
     </span>
    </p>
   </div>
   <div class='ocr_carea' id='block_1_47' title="bbox 457 3046 2045 3120">
    <p class='ocr_par' dir='ltr' id='par_1_47' title="bbox 457 3046 2045 3120">
     <span class='ocr_line' id='line_1_47' title="bbox 457 3046 2045 3120; baseline 0.004 -18"><span class='ocrx_word' id='word_1_314' title='bbox 457 3047 633 3114; x_wconf 88' lang='lat' dir='ltr'><strong>niens,</strong></span> <span class='ocrx_word' id='word_1_315' title='bbox 662 3046 731 3103; x_wconf 82' lang='lat' dir='ltr'><strong>ab</strong></span> <span class='ocrx_word' id='word_1_316' title='bbox 766 3062 833 3103; x_wconf 82' lang='lat' dir='ltr'><strong>eo</strong></span> <span class='ocrx_word' id='word_1_317' title='bbox 876 3059 1157 3120; x_wconf 78' lang='lat' dir='ltr'><strong>susceptus</strong></span> <span class='ocrx_word' id='word_1_318' title='bbox 1189 3059 1272 3108; x_wconf 90' lang='lat' dir='ltr'><strong>est</strong></span> <span class='ocrx_word' id='word_1_319' title='bbox 1310 3052 1450 3107; x_wconf 90' lang='lat' dir='ltr'><strong>intra</strong></span> <span class='ocrx_word' id='word_1_320' title='bbox 1486 3052 1782 3108; x_wconf 83' lang='lat' dir='ltr'><strong>civitatem.</strong></span> <span class='ocrx_word' id='word_1_321' title='bbox 1831 3051 1932 3119; x_wconf 87' lang='lat' dir='ltr'><strong>Qui</strong></span> <span class='ocrx_word' id='word_1_322' title='bbox 1966 3062 2045 3108; x_wconf 89' lang='lat' dir='ltr'><strong>ta-</strong></span> 
     </span>
    </p>
   </div>
   <div class='ocr_carea' id='block_1_48' title="bbox 455 3141 2043 3213">
    <p class='ocr_par' dir='ltr' id='par_1_48' title="bbox 455 3141 2043 3213">
     <span class='ocr_line' id='line_1_48' title="bbox 455 3141 2043 3213; baseline 0.003 -20"><span class='ocrx_word' id='word_1_323' title='bbox 455 3154 577 3193; x_wconf 84' lang='lat' dir='ltr'><strong>men</strong></span> <span class='ocrx_word' id='word_1_324' title='bbox 607 3151 765 3196; x_wconf 75' lang='lat' dir='ltr'><strong>versa</strong></span> <span class='ocrx_word' id='word_1_325' title='bbox 800 3141 919 3197; x_wconf 87' lang='lat' dir='ltr'><strong>vice</strong></span> <span class='ocrx_word' id='word_1_326' title='bbox 954 3151 1322 3213; x_wconf 88' lang='lat' dir='ltr'><strong>suseeptorem</strong></span> <span class='ocrx_word' id='word_1_327' title='bbox 1348 3158 1506 3200; x_wconf 89' lang='lat' dir='ltr'><strong>suum</strong></span> <span class='ocrx_word' id='word_1_328' title='bbox 1535 3143 1660 3200; x_wconf 85' lang='lat' dir='ltr'><strong>dolo</strong></span> <span class='ocrx_word' id='word_1_329' title='bbox 1697 3143 1953 3209; x_wconf 81' lang='lat' dir='ltr'><strong>confecit,</strong></span> <span class='ocrx_word' id='word_1_330' title='bbox 1987 3152 2043 3198; x_wconf 91' lang='lat' dir='ltr'><strong>et</strong></span> 
     </span>
    </p>
   </div>
   <div class='ocr_carea' id='block_1_49' title="bbox 454 3322 2042 3395">
    <p class='ocr_par' dir='ltr' id='par_1_49' title="bbox 454 3322 2042 3395">
     <span class='ocr_line' id='line_1_49' title="bbox 454 3322 2042 3395; baseline 0.001 -18"><span class='ocrx_word' id='word_1_331' title='bbox 454 3322 585 3378; x_wconf 85' lang='lat' dir='ltr'><strong>stris</strong></span> <span class='ocrx_word' id='word_1_332' title='bbox 635 3337 738 3379; x_wconf 91' lang='lat' dir='ltr'><strong>nec</strong></span> <span class='ocrx_word' id='word_1_333' title='bbox 778 3339 1015 3395; x_wconf 89' lang='lat' dir='ltr'><strong>pugnam</strong></span> <span class='ocrx_word' id='word_1_334' title='bbox 1057 3325 1329 3392; x_wconf 88' lang='lat' dir='ltr'><strong>intulerit,</strong></span> <span class='ocrx_word' id='word_1_335' title='bbox 1371 3341 1473 3382; x_wconf 90' lang='lat' dir='ltr'><strong>nec</strong></span> <span class='ocrx_word' id='word_1_336' title='bbox 1517 3325 1817 3381; x_wconf 84' lang='lat' dir='ltr'><strong>collocutus</strong></span> <span class='ocrx_word' id='word_1_337' title='bbox 1859 3324 2042 3391; x_wconf 91' lang='lat' dir='ltr'><strong>fuerit,</strong></span> 
     </span>
    </p>
   </div>
   <div class='ocr_carea' id='block_1_50' title="bbox 448 3413 2046 3487">
    <p class='ocr_par' dir='ltr' id='par_1_50' title="bbox 448 3413 2046 3487">
     <span class='ocr_line' id='line_1_50' title="bbox 448 3413 2046 3487; baseline 0.002 -21"><span class='ocrx_word' id='word_1_338' title='bbox 448 3422 641 3467; x_wconf 87' lang='lat' dir='ltr'><strong>tamen</strong></span> <span class='ocrx_word' id='word_1_339' title='bbox 670 3413 857 3469; x_wconf 81' lang='lat' dir='ltr'><strong>missis</strong></span> <span class='ocrx_word' id='word_1_340' title='bbox 875 3413 1067 3487; x_wconf 80' lang='lat' dir='ltr'><strong>legatis</strong></span> <span class='ocrx_word' id='word_1_341' title='bbox 1092 3421 1146 3470; x_wconf 91' lang='lat' dir='ltr'><strong>et</strong></span> <span class='ocrx_word' id='word_1_342' title='bbox 1180 3430 1394 3471; x_wconf 89' lang='lat' dir='ltr'><strong>errasse</strong></span> <span class='ocrx_word' id='word_1_343' title='bbox 1425 3430 1484 3471; x_wconf 93' lang='lat' dir='ltr'><strong>se</strong></span> <span class='ocrx_word' id='word_1_344' title='bbox 1511 3415 1668 3481; x_wconf 78' lang='lat' dir='ltr'><strong>dixit,</strong></span> <span class='ocrx_word' id='word_1_345' title='bbox 1700 3422 1757 3471; x_wconf 92' lang='lat' dir='ltr'><strong>et</strong></span> <span class='ocrx_word' id='word_1_346' title='bbox 1781 3415 1849 3470; x_wconf 89' lang='lat' dir='ltr'><strong>ad</strong></span> <span class='ocrx_word' id='word_1_347' title='bbox 1875 3415 2046 3470; x_wconf 86' lang='lat' dir='ltr'><strong>domi-</strong></span> 
     </span>
    </p>
   </div>
   <div class='ocr_carea' id='block_1_51' title="bbox 458 3502 2047 3575">
    <p class='ocr_par' dir='ltr' id='par_1_51' title="bbox 458 3502 2047 3575">
     <span class='ocr_line' id='line_1_51' title="bbox 458 3502 2047 3575; baseline 0.001 -20"><span class='ocrx_word' id='word_1_348' title='bbox 458 3516 589 3556; x_wconf 87' lang='lat' dir='ltr'><strong>num</strong></span> <span class='ocrx_word' id='word_1_349' title='bbox 631 3502 1015 3575; x_wconf 86' lang='lat' dir='ltr'><strong>imperatorem</strong></span> <span class='ocrx_word' id='word_1_350' title='bbox 1050 3504 1237 3560; x_wconf 85' lang='lat' dir='ltr'><strong>venire</strong></span> <span class='ocrx_word' id='word_1_351' title='bbox 1272 3504 1542 3575; x_wconf 87' lang='lat' dir='ltr'><strong>promisit.</strong></span> <span class='ocrx_word' id='word_1_352' title='bbox 1594 3503 1911 3558; x_wconf 87' lang='lat' dir='ltr'><strong>Nuntiatum</strong></span> <span class='ocrx_word' id='word_1_353' title='bbox 1962 3512 2047 3558; x_wconf 87' lang='lat' dir='ltr'><strong>est</strong></span> 
     </span>
    </p>
   </div>
   <div class='ocr_carea' id='block_1_52' title="bbox 456 3580 2049 3665">
    <p class='ocr_par' dir='ltr' id='par_1_52' title="bbox 456 3580 2049 3665">
     <span class='ocr_line' id='line_1_52' title="bbox 456 3580 2049 3665; baseline -0.001 -17"><span class='ocrx_word' id='word_1_354' title='bbox 456 3593 647 3649; x_wconf 89' lang='lat' dir='ltr'><strong>eodem</strong></span> <span class='ocrx_word' id='word_1_355' title='bbox 677 3601 919 3663; x_wconf 90' lang='lat' dir='ltr'><strong>tempore</strong></span> <span class='ocrx_word' id='word_1_356' title='bbox 943 3594 1282 3665; x_wconf 87' lang='lat' dir='ltr'><strong>imperatori,</strong></span> <span class='ocrx_word' id='word_1_357' title='bbox 1304 3592 1447 3664; x_wconf 89' lang='lat' dir='ltr'><strong>quod</strong></span> <span class='ocrx_word' id='word_1_358' title='bbox 1464 3580 1717 3650; x_wconf 77' lang='lat' dir='ltr'><strong>custodes</strong></span> <span class='ocrx_word' id='word_1_359' title='bbox 1740 3593 1927 3648; x_wconf 91' lang='lat' dir='ltr'><strong>limitis</strong></span> <span class='ocrx_word' id='word_1_360' title='bbox 1960 3592 2049 3657; x_wconf 86' lang='lat' dir='ltr'><strong>Ili-</strong></span> 
     </span>
    </p>
   </div>
   <div class='ocr_carea' id='block_1_53' title="bbox 460 3683 2045 3757">
    <p class='ocr_par' dir='ltr' id='par_1_53' title="bbox 460 3683 2045 3757">
     <span class='ocr_line' id='line_1_53' title="bbox 460 3683 2045 3757; baseline -0.003 -16"><span class='ocrx_word' id='word_1_361' title='bbox 460 3685 673 3757; x_wconf 84' lang='lat' dir='ltr'><strong>spanicl</strong></span> <span class='ocrx_word' id='word_1_362' title='bbox 697 3684 929 3742; x_wconf 84' lang='lat' dir='ltr'><strong>Sicorim</strong></span> <span class='ocrx_word' id='word_1_363' title='bbox 959 3684 1182 3741; x_wconf 75' lang='lat' dir='ltr'><strong>fluvium</strong></span> <span class='ocrx_word' id='word_1_364' title='bbox 1225 3685 1563 3751; x_wconf 86' lang='lat' dir='ltr'><strong>transierint,</strong></span> <span class='ocrx_word' id='word_1_365' title='bbox 1597 3683 1870 3755; x_wconf 65' lang='lat' dir='ltr'><strong>Hispaniae</strong></span> <span class='ocrx_word' id='word_1_366' title='bbox 1907 3684 2045 3738; x_wconf 88' lang='lat' dir='ltr'><strong>inte-</strong></span> 
     </span>
    </p>
   </div>
   <div class='ocr_carea' id='block_1_54' title="bbox 462 3774 2046 3849">
    <p class='ocr_par' dir='ltr' id='par_1_54' title="bbox 462 3774 2046 3849">
     <span class='ocr_line' id='line_1_54' title="bbox 462 3774 2046 3849; baseline -0.002 -19"><span class='ocrx_word' id='word_1_367' title='bbox 462 3778 606 3831; x_wconf 87' lang='lat' dir='ltr'><strong>riora</strong></span> <span class='ocrx_word' id='word_1_368' title='bbox 638 3776 1062 3849; x_wconf 86' lang='lat' dir='ltr'><strong>penetraverint,</strong></span> <span class='ocrx_word' id='word_1_369' title='bbox 1096 3785 1298 3832; x_wconf 89' lang='lat' dir='ltr'><strong>etcum</strong></span> <span class='ocrx_word' id='word_1_370' title='bbox 1338 3790 1530 3847; x_wconf 87' lang='lat' dir='ltr'><strong>magna</strong></span> <span class='ocrx_word' id='word_1_371' title='bbox 1570 3774 1751 3845; x_wconf 75' lang='lat' dir='ltr'><strong>praeda</strong></span> <span class='ocrx_word' id='word_1_372' title='bbox 1787 3787 2046 3843; x_wconf 89' lang='lat' dir='ltr'><strong>prospere</strong></span> 
     </span>
    </p>
   </div>
   <div class='ocr_carea' id='block_1_55' title="bbox 463 3865 2047 3936">
    <p class='ocr_par' dir='ltr' id='par_1_55' title="bbox 463 3865 2047 3936">
     <span class='ocr_line' id='line_1_55' title="bbox 463 3865 2047 3936; baseline -0.003 -15"><span class='ocrx_word' id='word_1_373' title='bbox 463 3866 743 3933; x_wconf 81' lang='lat' dir='ltr'><strong>redierint,</strong></span> <span class='ocrx_word' id='word_1_374' title='bbox 783 3867 1009 3923; x_wconf 85' lang='lat' dir='ltr'><strong>vastatis</strong></span> <span class='ocrx_word' id='word_1_375' title='bbox 1040 3865 1381 3936; x_wconf 90' lang='lat' dir='ltr'><strong>incensisque</strong></span> <span class='ocrx_word' id='word_1_376' title='bbox 1407 3865 1659 3920; x_wconf 90' lang='lat' dir='ltr'><strong>omnibus</strong></span> <span class='ocrx_word' id='word_1_377' title='bbox 1685 3881 1805 3934; x_wconf 83' lang='lat' dir='ltr'><strong>quae</strong></span> <span class='ocrx_word' id='word_1_378' title='bbox 1833 3865 2047 3918; x_wconf 84' lang='lat' dir='ltr'><strong>obviam</strong></span> 
     </span>
    </p>
   </div>
   <div class='ocr_carea' id='block_1_56' title="bbox 462 3952 2049 4025">
    <p class='ocr_par' dir='ltr' id='par_1_56' title="bbox 462 3952 2049 4025">
     <span class='ocr_line' id='line_1_56' title="bbox 462 3952 2049 4025; baseline -0.004 -15"><span class='ocrx_word' id='word_1_379' title='bbox 462 3970 523 4010; x_wconf 85' lang='lat' dir='ltr'><strong>se</strong></span> <span class='ocrx_word' id='word_1_380' title='bbox 549 3957 919 4025; x_wconf 64' lang='lat' dir='ltr'><strong>praebuerunt.</strong></span> <span class='ocrx_word' id='word_1_381' title='bbox 970 3954 1082 4011; x_wconf 77' lang='lat' dir='ltr'><strong>Nec</strong></span> <span class='ocrx_word' id='word_1_382' title='bbox 1112 3971 1221 4010; x_wconf 91' lang='lat' dir='ltr'><strong>non</strong></span> <span class='ocrx_word' id='word_1_383' title='bbox 1264 3964 1316 4009; x_wconf 92' lang='lat' dir='ltr'><strong>et</strong></span> <span class='ocrx_word' id='word_1_384' title='bbox 1357 3954 1417 4010; x_wconf 91' lang='lat' dir='ltr'><strong>hi</strong></span> <span class='ocrx_word' id='word_1_385' title='bbox 1455 3954 1547 4024; x_wconf 86' lang='lat' dir='ltr'><strong>qui</strong></span> <span class='ocrx_word' id='word_1_386' title='bbox 1584 3952 1719 4007; x_wconf 89' lang='lat' dir='ltr'><strong>fines</strong></span> <span class='ocrx_word' id='word_1_387' title='bbox 1760 3952 2049 4006; x_wconf 90' lang='lat' dir='ltr'><strong>tuebantur</strong></span> 
     </span>
    </p>
   </div>
   <div class='ocr_carea' id='block_1_57' title="bbox 465 4036 2063 4116">
    <p class='ocr_par' dir='ltr' id='par_1_57' title="bbox 465 4036 2063 4116">
     <span class='ocr_line' id='line_1_57' title="bbox 465 4036 2063 4116; baseline -0.006 -14"><span class='ocrx_word' id='word_1_388' title='bbox 465 4036 827 4111; x_wconf 79' lang='lat' dir='ltr'><strong>Britannicas,</strong></span> <span class='ocrx_word' id='word_1_389' title='bbox 848 4044 1183 4100; x_wconf 84' lang='lat' dir='ltr'><strong>Britanniam</strong></span> <span class='ocrx_word' id='word_1_390' title='bbox 1207 4044 1437 4116; x_wconf 88' lang='lat' dir='ltr'><strong>ingressi</strong></span> <span class='ocrx_word' id='word_1_391' title='bbox 1462 4049 1747 4098; x_wconf 89' lang='lat' dir='ltr'><strong>vastarunt</strong></span> <span class='ocrx_word' id='word_1_392' title='bbox 1772 4042 2063 4112; x_wconf 78' lang='lat' dir='ltr'><strong>regionem,</strong></span> 
     </span>
    </p>
   </div>
   <div class='ocr_carea' id='block_1_58' title="bbox 464 4131 2049 4207">
    <p class='ocr_par' dir='ltr' id='par_1_58' title="bbox 464 4131 2049 4207">
     <span class='ocr_line' id='line_1_58' title="bbox 464 4131 2049 4207; baseline -0.004 -16"><span class='ocrx_word' id='word_1_393' title='bbox 464 4145 575 4191; x_wconf 85' lang='lat' dir='ltr'><strong>tam</strong></span> <span class='ocrx_word' id='word_1_394' title='bbox 614 4134 761 4192; x_wconf 90' lang='lat' dir='ltr'><strong>ferro</strong></span> <span class='ocrx_word' id='word_1_395' title='bbox 808 4150 971 4205; x_wconf 89' lang='lat' dir='ltr'><strong>quam</strong></span> <span class='ocrx_word' id='word_1_396' title='bbox 1024 4134 1166 4207; x_wconf 90' lang='lat' dir='ltr'><strong>igne,</strong></span> <span class='ocrx_word' id='word_1_397' title='bbox 1214 4142 1435 4204; x_wconf 87' lang='lat' dir='ltr'><strong>propter</strong></span> <span class='ocrx_word' id='word_1_398' title='bbox 1480 4132 1759 4204; x_wconf 87' lang='lat' dir='ltr'><strong>cujusdam</strong></span> <span class='ocrx_word' id='word_1_399' title='bbox 1813 4131 2049 4185; x_wconf 89' lang='lat' dir='ltr'><strong>Britonis</strong></span> 
     </span>
    </p>
   </div>
   <div class='ocr_carea' id='block_1_59' title="bbox 464 4221 2049 4293">
    <p class='ocr_par' dir='ltr' id='par_1_59' title="bbox 464 4221 2049 4293">
     <span class='ocr_line' id='line_1_59' title="bbox 464 4221 2049 4293; baseline -0.003 -14"><span class='ocrx_word' id='word_1_400' title='bbox 464 4225 834 4291; x_wconf 89' lang='lat' dir='ltr'><strong>rebellionem,</strong></span> <span class='ocrx_word' id='word_1_401' title='bbox 885 4224 1041 4293; x_wconf 87' lang='lat' dir='ltr'><strong>cuius</strong></span> <span class='ocrx_word' id='word_1_402' title='bbox 1083 4239 1280 4278; x_wconf 90' lang='lat' dir='ltr'><strong>nomen</strong></span> <span class='ocrx_word' id='word_1_403' title='bbox 1328 4224 1711 4278; x_wconf 84' lang='lat' dir='ltr'><strong>Wiomarehus</strong></span> <span class='ocrx_word' id='word_1_404' title='bbox 1755 4221 1872 4275; x_wconf 88' lang='lat' dir='ltr'><strong>fuit.</strong></span> <span class='ocrx_word' id='word_1_405' title='bbox 1919 4221 2049 4287; x_wconf 87' lang='lat' dir='ltr'><strong>Qui-</strong></span> 
     </span>
    </p>
   </div>
   <div class='ocr_carea' id='block_1_60' title="bbox 466 4311 2050 4385">
    <p class='ocr_par' dir='ltr' id='par_1_60' title="bbox 466 4311 2050 4385">
     <span class='ocr_line' id='line_1_60' title="bbox 466 4311 2050 4385; baseline -0.004 -14"><span class='ocrx_word' id='word_1_406' title='bbox 466 4318 567 4371; x_wconf 72' lang='lat' dir='ltr'><strong>lius</strong></span> <span class='ocrx_word' id='word_1_407' title='bbox 611 4315 884 4385; x_wconf 72' lang='lat' dir='ltr'><strong>peractis,</strong></span> <span class='ocrx_word' id='word_1_408' title='bbox 934 4329 1195 4384; x_wconf 84' lang='lat' dir='ltr'><strong>prospere</strong></span> <span class='ocrx_word' id='word_1_409' title='bbox 1234 4323 1361 4368; x_wconf 90' lang='lat' dir='ltr'><strong>sunt</strong></span> <span class='ocrx_word' id='word_1_410' title='bbox 1406 4313 1659 4383; x_wconf 86' lang='lat' dir='ltr'><strong>regressi.</strong></span> <span class='ocrx_word' id='word_1_411' title='bbox 1708 4311 1888 4365; x_wconf 83' lang='lat' dir='ltr'><strong>Finito</strong></span> <span class='ocrx_word' id='word_1_412' title='bbox 1946 4312 2050 4365; x_wconf 88' lang='lat' dir='ltr'><strong>hoc</strong></span> 
     </span>
    </p>
   </div>
   <div class='ocr_carea' id='block_1_61' title="bbox 463 4402 2051 4478">
    <p class='ocr_par' dir='ltr' id='par_1_61' title="bbox 463 4402 2051 4478">
     <span class='ocr_line' id='line_1_61' title="bbox 463 4402 2051 4478; baseline -0.005 -17"><span class='ocrx_word' id='word_1_413' title='bbox 463 4408 684 4478; x_wconf 80' lang='lat' dir='ltr'><strong>placito,</strong></span> <span class='ocrx_word' id='word_1_414' title='bbox 720 4406 1040 4463; x_wconf 82' lang='lat' dir='ltr'><strong>Lotharium</strong></span> <span class='ocrx_word' id='word_1_415' title='bbox 1069 4405 1240 4459; x_wconf 71' lang='lat' dir='ltr'><strong>ﬁlium</strong></span> <span class='ocrx_word' id='word_1_416' title='bbox 1271 4421 1425 4459; x_wconf 89' lang='lat' dir='ltr'><strong>suum</strong></span> <span class='ocrx_word' id='word_1_417' title='bbox 1459 4403 1711 4459; x_wconf 91' lang='lat' dir='ltr'><strong>dominus</strong></span> <span class='ocrx_word' id='word_1_418' title='bbox 1756 4402 2051 4469; x_wconf 75' lang='lat' dir='ltr'><strong>imperator</strong></span> 
     </span>
    </p>
   </div>
   <div class='ocr_carea' id='block_1_62' title="bbox 464 4492 2046 4561">
    <p class='ocr_par' dir='ltr' id='par_1_62' title="bbox 464 4492 2046 4561">
     <span class='ocr_line' id='line_1_62' title="bbox 464 4492 2046 4561; baseline -0.006 -9"><span class='ocrx_word' id='word_1_419' title='bbox 464 4500 518 4552; x_wconf 91' lang='lat' dir='ltr'><strong>in</strong></span> <span class='ocrx_word' id='word_1_420' title='bbox 557 4497 766 4553; x_wconf 85' lang='lat' dir='ltr'><strong>Italiam</strong></span> <span class='ocrx_word' id='word_1_421' title='bbox 800 4496 968 4561; x_wconf 87' lang='lat' dir='ltr'><strong>misit,</strong></span> <span class='ocrx_word' id='word_1_422' title='bbox 1009 4504 1063 4551; x_wconf 91' lang='lat' dir='ltr'><strong>et</strong></span> <span class='ocrx_word' id='word_1_423' title='bbox 1100 4511 1221 4550; x_wconf 90' lang='lat' dir='ltr'><strong>cum</strong></span> <span class='ocrx_word' id='word_1_424' title='bbox 1266 4510 1332 4551; x_wconf 92' lang='lat' dir='ltr'><strong>eo</strong></span> <span class='ocrx_word' id='word_1_425' title='bbox 1370 4492 1581 4549; x_wconf 84' lang='lat' dir='ltr'><strong>Walam</strong></span> <span class='ocrx_word' id='word_1_426' title='bbox 1630 4492 1842 4546; x_wconf 74' lang='lat' dir='ltr'><strong>afﬁnem</strong></span> <span class='ocrx_word' id='word_1_427' title='bbox 1891 4506 2046 4544; x_wconf 92' lang='lat' dir='ltr'><strong>suum</strong></span> 
     </span>
    </p>
   </div>
   <div class='ocr_carea' id='block_1_63' title="bbox 467 4582 2048 4657">
    <p class='ocr_par' dir='ltr' id='par_1_63' title="bbox 467 4582 2048 4657">
     <span class='ocr_line' id='line_1_63' title="bbox 467 4582 2048 4657; baseline -0.006 -13"><span class='ocrx_word' id='word_1_428' title='bbox 467 4590 807 4648; x_wconf 84' lang='lat' dir='ltr'><strong>monachum.</strong></span> <span class='ocrx_word' id='word_1_429' title='bbox 864 4588 959 4643; x_wconf 92' lang='lat' dir='ltr'><strong>sed</strong></span> <span class='ocrx_word' id='word_1_430' title='bbox 1004 4596 1058 4642; x_wconf 89' lang='lat' dir='ltr'><strong>et</strong></span> <span class='ocrx_word' id='word_1_431' title='bbox 1110 4588 1430 4642; x_wconf 80' lang='lat' dir='ltr'><strong>Geruntium</strong></span> <span class='ocrx_word' id='word_1_432' title='bbox 1484 4582 1835 4657; x_wconf 80' lang='lat' dir='ltr'><strong>[Gcruncum]</strong></span> <span class='ocrx_word' id='word_1_433' title='bbox 1883 4582 2048 4636; x_wconf 88' lang='lat' dir='ltr'><strong>ostia-</strong></span> 
     </span>
    </p>
   </div>
   <div class='ocr_carea' id='block_1_64' title="bbox 466 4674 2046 4750">
    <p class='ocr_par' dir='ltr' id='par_1_64' title="bbox 466 4674 2046 4750">
     <span class='ocr_line' id='line_1_64' title="bbox 466 4674 2046 4750; baseline -0.006 -16"><span class='ocrx_word' id='word_1_434' title='bbox 466 4682 605 4734; x_wconf 85' lang='lat' dir='ltr'><strong>rium</strong></span> <span class='ocrx_word' id='word_1_435' title='bbox 628 4695 648 4735; x_wconf 86' lang='lat'><strong>:</strong></span> <span class='ocrx_word' id='word_1_436' title='bbox 667 4695 899 4750; x_wconf 88' lang='lat' dir='ltr'><strong>quorum</strong></span> <span class='ocrx_word' id='word_1_437' title='bbox 928 4678 1152 4733; x_wconf 88' lang='lat' dir='ltr'><strong>consilio</strong></span> <span class='ocrx_word' id='word_1_438' title='bbox 1180 4693 1268 4733; x_wconf 90' lang='lat' dir='ltr'><strong>res</strong></span> <span class='ocrx_word' id='word_1_439' title='bbox 1290 4674 1462 4731; x_wconf 83' lang='lat' dir='ltr'><strong>Italici</strong></span> <span class='ocrx_word' id='word_1_440' title='bbox 1495 4676 1645 4746; x_wconf 90' lang='lat' dir='ltr'><strong>regni</strong></span> <span class='ocrx_word' id='word_1_441' title='bbox 1676 4682 2046 4743; x_wconf 84' lang='lat' dir='ltr'><strong>componeret,</strong></span> 
     </span>
    </p>
   </div>
   <div class='ocr_carea' id='block_1_65' title="bbox 466 4764 2045 4848">
    <p class='ocr_par' dir='ltr' id='par_1_65' title="bbox 466 4764 2045 4848">
     <span class='ocr_line' id='line_1_65' title="bbox 466 4764 2045 4848; baseline -0.004 -26"><span class='ocrx_word' id='word_1_442' title='bbox 466 4772 730 4843; x_wconf 76' lang='lat' dir='ltr'><strong>erigeret,</strong></span> <span class='ocrx_word' id='word_1_443' title='bbox 789 4775 1063 4836; x_wconf 83' lang='lat' dir='ltr'><strong>tueretur,</strong></span> <span class='ocrx_word' id='word_1_444' title='bbox 1113 4778 1222 4823; x_wconf 90' lang='lat' dir='ltr'><strong>tam</strong></span> <span class='ocrx_word' id='word_1_445' title='bbox 1274 4768 1515 4838; x_wconf 81' lang='lat' dir='ltr'><strong>publicas</strong></span> <span class='ocrx_word' id='word_1_446' title='bbox 1566 4782 1727 4848; x_wconf 79' lang='lat' dir='ltr'><strong>quam</strong></span> <span class='ocrx_word' id='word_1_447' title='bbox 1784 4764 2045 4833; x_wconf 83' lang='lat' dir='ltr'><strong>privatas.</strong></span> 
     </span>
    </p>
   </div>
   <div class='ocr_carea' id='block_1_66' title="bbox 472 4858 2051 4932">
    <p class='ocr_par' dir='ltr' id='par_1_66' title="bbox 472 4858 2051 4932">
     <span class='ocr_line' id='line_1_66' title="bbox 472 4858 2051 4932; baseline -0.003 -17"><span class='ocrx_word' id='word_1_448' title='bbox 472 4862 757 4932; x_wconf 87' lang='lat' dir='ltr'><strong>Pippinum</strong></span> <span class='ocrx_word' id='word_1_449' title='bbox 787 4868 966 4915; x_wconf 88' lang='lat' dir='ltr'><strong>autem</strong></span> <span class='ocrx_word' id='word_1_450' title='bbox 995 4858 1163 4914; x_wconf 86' lang='lat' dir='ltr'><strong>filium</strong></span> <span class='ocrx_word' id='word_1_451' title='bbox 1195 4876 1317 4915; x_wconf 89' lang='lat' dir='ltr'><strong>cum</strong></span> <span class='ocrx_word' id='word_1_452' title='bbox 1362 4860 1415 4913; x_wconf 92' lang='lat' dir='ltr'><strong>in</strong></span> <span class='ocrx_word' id='word_1_453' title='bbox 1448 4859 1795 4929; x_wconf 89' lang='lat' dir='ltr'><strong>Aquitaniam</strong></span> <span class='ocrx_word' id='word_1_454' title='bbox 1836 4858 2051 4911; x_wconf 88' lang='lat' dir='ltr'><strong>mittere</strong></span> 
     </span>
    </p>
   </div>
   <div class='ocr_carea' id='block_1_67' title="bbox 468 4946 2051 5020">
    <p class='ocr_par' dir='ltr' id='par_1_67' title="bbox 468 4946 2051 5020">
     <span class='ocr_line' id='line_1_67' title="bbox 468 4946 2051 5020; baseline -0.004 -17"><span class='ocrx_word' id='word_1_455' title='bbox 468 4952 768 5017; x_wconf 71' lang='lat' dir='ltr'><strong>statuisset,</strong></span> <span class='ocrx_word' id='word_1_456' title='bbox 792 4950 943 5020; x_wconf 82' lang='lat' dir='ltr'><strong>prius</strong></span> <span class='ocrx_word' id='word_1_457' title='bbox 964 4950 1037 5005; x_wconf 91' lang='lat' dir='ltr'><strong>illi</strong></span> <span class='ocrx_word' id='word_1_458' title='bbox 1057 4948 1337 5018; x_wconf 82' lang='lat' dir='ltr'><strong>coniugem</strong></span> <span class='ocrx_word' id='word_1_459' title='bbox 1367 4948 1529 5001; x_wconf 88' lang='lat' dir='ltr'><strong>filiam</strong></span> <span class='ocrx_word' id='word_1_460' title='bbox 1554 4946 1865 5002; x_wconf 89' lang='lat' dir='ltr'><strong>Theotberti</strong></span> <span class='ocrx_word' id='word_1_461' title='bbox 1884 4946 2051 5000; x_wconf 90' lang='lat' dir='ltr'><strong>comi-</strong></span> 
     </span>
    </p>
   </div>
   <div class='ocr_carea' id='block_1_68' title="bbox 466 5039 2045 5109">
    <p class='ocr_par' dir='ltr' id='par_1_68' title="bbox 466 5039 2045 5109">
     <span class='ocr_line' id='line_1_68' title="bbox 466 5039 2045 5109; baseline -0.003 -15"><span class='ocrx_word' id='word_1_462' title='bbox 466 5040 737 5109; x_wconf 75' lang='lat' dir='ltr'><strong>tisiunxit</strong></span> <span class='ocrx_word' id='word_1_463' title='bbox 762 5060 774 5095; x_wconf 87' lang='lat'><strong>:</strong></span> <span class='ocrx_word' id='word_1_464' title='bbox 798 5049 855 5095; x_wconf 91' lang='lat' dir='ltr'><strong>et</strong></span> <span class='ocrx_word' id='word_1_465' title='bbox 891 5042 969 5095; x_wconf 90' lang='lat' dir='ltr'><strong>sic</strong></span> <span class='ocrx_word' id='word_1_466' title='bbox 1006 5041 1219 5095; x_wconf 86' lang='lat' dir='ltr'><strong>demum</strong></span> <span class='ocrx_word' id='word_1_467' title='bbox 1265 5039 1332 5093; x_wconf 85' lang='lat' dir='ltr'><strong>ad</strong></span> <span class='ocrx_word' id='word_1_468' title='bbox 1368 5046 1691 5092; x_wconf 87' lang='lat' dir='ltr'><strong>memoratas</strong></span> <span class='ocrx_word' id='word_1_469' title='bbox 1730 5046 1911 5106; x_wconf 89' lang='lat' dir='ltr'><strong>partes</strong></span> <span class='ocrx_word' id='word_1_470' title='bbox 1956 5051 2045 5090; x_wconf 79' lang='lat' dir='ltr'><strong>re-</strong></span> 
     </span>
    </p>
   </div>
   <div class='ocr_carea' id='block_1_69' title="bbox 469 5128 2048 5201">
    <p class='ocr_par' dir='ltr' id='par_1_69' title="bbox 469 5128 2048 5201">
     <span class='ocr_line' id='line_1_69' title="bbox 469 5128 2048 5201; baseline -0.005 -13"><span class='ocrx_word' id='word_1_471' title='bbox 469 5132 672 5201; x_wconf 72' lang='lat' dir='ltr'><strong>gendas</strong></span> <span class='ocrx_word' id='word_1_472' title='bbox 728 5132 945 5188; x_wconf 79' lang='lat' dir='ltr'><strong>direxit.</strong></span> <span class='ocrx_word' id='word_1_473' title='bbox 1013 5132 1219 5199; x_wconf 85' lang='lat' dir='ltr'><strong>Quibus</strong></span> <span class='ocrx_word' id='word_1_474' title='bbox 1272 5130 1585 5199; x_wconf 87' lang='lat' dir='ltr'><strong>dispositis,</strong></span> <span class='ocrx_word' id='word_1_475' title='bbox 1635 5128 1785 5197; x_wconf 81' lang='lat' dir='ltr'><strong>juxta</strong></span> <span class='ocrx_word' id='word_1_476' title='bbox 1842 5142 2048 5181; x_wconf 89' lang='lat' dir='ltr'><strong>morem</strong></span> 
     </span>
    </p>
   </div>
   <div class='ocr_carea' id='block_1_70' title="bbox 473 5218 2051 5291">
    <p class='ocr_par' dir='ltr' id='par_1_70' title="bbox 473 5218 2051 5291">
     <span class='ocr_line' id='line_1_70' title="bbox 473 5218 2051 5291; baseline -0.004 -15"><span class='ocrx_word' id='word_1_477' title='bbox 473 5222 807 5277; x_wconf 76' lang='lat' dir='ltr'><strong>Francorum</strong></span> <span class='ocrx_word' id='word_1_478' title='bbox 846 5237 1031 5291; x_wconf 90' lang='lat' dir='ltr'><strong>regum</strong></span> <span class='ocrx_word' id='word_1_479' title='bbox 1076 5221 1383 5275; x_wconf 89' lang='lat' dir='ltr'><strong>autunmale</strong></span> <span class='ocrx_word' id='word_1_480' title='bbox 1428 5229 1640 5289; x_wconf 89' lang='lat' dir='ltr'><strong>tempus</strong></span> <span class='ocrx_word' id='word_1_481' title='bbox 1675 5218 2051 5271; x_wconf 85' lang='lat' dir='ltr'><strong>venationibus</strong></span> 
     </span>
    </p>
   </div>
   <div class='ocr_carea' id='block_1_71' title="bbox 471 5308 2052 5383">
    <p class='ocr_par' dir='ltr' id='par_1_71' title="bbox 471 5308 2052 5383">
     <span class='ocr_line' id='line_1_71' title="bbox 471 5308 2052 5383; baseline -0.004 -17"><span class='ocrx_word' id='word_1_482' title='bbox 471 5313 775 5383; x_wconf 83' lang='lat' dir='ltr'><strong>insumpsit,</strong></span> <span class='ocrx_word' id='word_1_483' title='bbox 806 5311 1183 5380; x_wconf 84' lang='lat' dir='ltr'><strong>hiemandique</strong></span> <span class='ocrx_word' id='word_1_484' title='bbox 1204 5310 1376 5379; x_wconf 79' lang='lat' dir='ltr'><strong>gratia</strong></span> <span class='ocrx_word' id='word_1_485' title='bbox 1404 5319 1551 5363; x_wconf 90' lang='lat' dir='ltr'><strong>trans</strong></span> <span class='ocrx_word' id='word_1_486' title='bbox 1580 5309 1849 5373; x_wconf 82' lang='lat' dir='ltr'><strong>Rhenum,</strong></span> <span class='ocrx_word' id='word_1_487' title='bbox 1876 5308 2052 5361; x_wconf 89' lang='lat' dir='ltr'><strong>locum</strong></span> 
     </span>
    </p>
   </div>
   <div class='ocr_carea' id='block_1_72' title="bbox 472 5392 2053 5473">
    <p class='ocr_par' dir='ltr' id='par_1_72' title="bbox 472 5392 2053 5473">
     <span class='ocr_line' id='line_1_72' title="bbox 472 5392 2053 5473; baseline -0.005 -18"><span class='ocrx_word' id='word_1_488' title='bbox 472 5403 628 5473; x_wconf 79' lang='lat' dir='ltr'><strong>cujus</strong></span> <span class='ocrx_word' id='word_1_489' title='bbox 671 5392 991 5458; x_wconf 75' lang='lat' dir='ltr'><strong>vocabulum</strong></span> <span class='ocrx_word' id='word_1_490' title='bbox 1022 5409 1108 5455; x_wconf 87' lang='lat' dir='ltr'><strong>est</strong></span> <span class='ocrx_word' id='word_1_491' title='bbox 1145 5397 1571 5463; x_wconf 77' lang='lat' dir='ltr'><strong>Franconoford,</strong></span> <span class='ocrx_word' id='word_1_492' title='bbox 1610 5396 1816 5465; x_wconf 88' lang='lat' dir='ltr'><strong>petivit.</strong></span> <span class='ocrx_word' id='word_1_493' title='bbox 1867 5396 2053 5464; x_wconf 85' lang='lat' dir='ltr'><strong>Ibique</strong></span> 
     </span>
    </p>
   </div>
   <div class='ocr_carea' id='block_1_73' title="bbox 472 5486 2052 5558">
    <p class='ocr_par' dir='ltr' id='par_1_73' title="bbox 472 5486 2052 5558">
     <span class='ocr_line' id='line_1_73' title="bbox 472 5486 2052 5558; baseline -0.005 -12"><span class='ocrx_word' id='word_1_494' title='bbox 472 5499 799 5546; x_wconf 77' lang='lat' dir='ltr'><strong>conventum</strong></span> <span class='ocrx_word' id='word_1_495' title='bbox 844 5490 1006 5558; x_wconf 84' lang='lat' dir='ltr'><strong>jussit</strong></span> <span class='ocrx_word' id='word_1_496' title='bbox 1056 5488 1171 5544; x_wconf 85' lang='lat' dir='ltr'><strong>fieri</strong></span> <span class='ocrx_word' id='word_1_497' title='bbox 1222 5488 1719 5558; x_wconf 87' lang='lat' dir='ltr'><strong>circumiacentium</strong></span> <span class='ocrx_word' id='word_1_498' title='bbox 1773 5486 2052 5539; x_wconf 87' lang='lat' dir='ltr'><strong>nationum</strong></span> 
     </span>
    </p>
   </div>
   <div class='ocr_carea' id='block_1_74' title="bbox 475 5580 2056 5652">
    <p class='ocr_par' dir='ltr' id='par_1_74' title="bbox 475 5580 2056 5652">
     <span class='ocr_line' id='line_1_74' title="bbox 475 5580 2056 5652; baseline -0.003 -15"><span class='ocrx_word' id='word_1_499' title='bbox 475 5582 650 5652; x_wconf 72' lang='lat'><strong>(825),</strong></span> <span class='ocrx_word' id='word_1_500' title='bbox 676 5583 916 5637; x_wconf 90' lang='lat' dir='ltr'><strong>omnium</strong></span> <span class='ocrx_word' id='word_1_501' title='bbox 952 5583 1157 5638; x_wconf 87' lang='lat' dir='ltr'><strong>scilicet</strong></span> <span class='ocrx_word' id='word_1_502' title='bbox 1187 5582 1276 5652; x_wconf 89' lang='lat' dir='ltr'><strong>qui</strong></span> <span class='ocrx_word' id='word_1_503' title='bbox 1315 5590 1465 5635; x_wconf 89' lang='lat' dir='ltr'><strong>trans</strong></span> <span class='ocrx_word' id='word_1_504' title='bbox 1494 5580 1663 5635; x_wconf 77' lang='lat' dir='ltr'><strong>Rheni</strong></span> <span class='ocrx_word' id='word_1_505' title='bbox 1698 5580 2056 5635; x_wconf 86' lang='lat' dir='ltr'><strong>consistentes</strong></span> 
     </span>
    </p>
   </div>
   <div class='ocr_carea' id='block_1_75' title="bbox 478 5670 2053 5739">
    <p class='ocr_par' dir='ltr' id='par_1_75' title="bbox 478 5670 2053 5739">
     <span class='ocr_line' id='line_1_75' title="bbox 478 5670 2053 5739; baseline -0.001 -16"><span class='ocrx_word' id='word_1_506' title='bbox 478 5670 675 5727; x_wconf 71' lang='lat' dir='ltr'><strong>ﬂuenta</strong></span> <span class='ocrx_word' id='word_1_507' title='bbox 699 5672 886 5728; x_wconf 90' lang='lat' dir='ltr'><strong>ditioni</strong></span> <span class='ocrx_word' id='word_1_508' title='bbox 921 5672 1254 5728; x_wconf 82' lang='lat' dir='ltr'><strong>Francorum</strong></span> <span class='ocrx_word' id='word_1_509' title='bbox 1283 5670 1560 5727; x_wconf 88' lang='lat' dir='ltr'><strong>obediunt.</strong></span> <span class='ocrx_word' id='word_1_510' title='bbox 1609 5670 1743 5725; x_wconf 89' lang='lat' dir='ltr'><strong>Cum</strong></span> <span class='ocrx_word' id='word_1_511' title='bbox 1769 5670 1963 5739; x_wconf 90' lang='lat' dir='ltr'><strong>quibus</strong></span> <span class='ocrx_word' id='word_1_512' title='bbox 1988 5670 2053 5722; x_wconf 88' lang='lat' dir='ltr'><strong>de</strong></span> 
     </span>
    </p>
   </div>
   <div class='ocr_carea' id='block_1_76' title="bbox 481 5764 2051 5837">
    <p class='ocr_par' dir='ltr' id='par_1_76' title="bbox 481 5764 2051 5837">
     <span class='ocr_line' id='line_1_76' title="bbox 481 5764 2051 5837; baseline -0.007 -13"><span class='ocrx_word' id='word_1_513' title='bbox 481 5765 733 5824; x_wconf 65' lang='lat' dir='ltr'><strong>omnibus</strong></span> <span class='ocrx_word' id='word_1_514' title='bbox 762 5783 876 5837; x_wconf 61' lang='lat' dir='ltr'><strong>«itm</strong></span> <span class='ocrx_word' id='word_1_515' title='bbox 911 5766 1127 5820; x_wconf 68' lang='lat' dir='ltr'><strong>utilitati</strong></span> <span class='ocrx_word' id='word_1_516' title='bbox 1175 5766 1479 5821; x_wconf 75' lang='lat' dir='ltr'><strong>cominccre</strong></span> <span class='ocrx_word' id='word_1_517' title='bbox 1514 5764 1623 5818; x_wconf 81' lang='lat' dir='ltr'><strong>visa</strong></span> <span class='ocrx_word' id='word_1_518' title='bbox 1669 5770 1811 5825; x_wconf 85' lang='lat' dir='ltr'><strong>sunt,</strong></span> <span class='ocrx_word' id='word_1_519' title='bbox 1845 5770 2051 5832; x_wconf 72' lang='lat' dir='ltr'><strong>pertra-</strong></span> 
     </span>
    </p>
   </div>
   <div class='ocr_carea' id='block_1_77' title="bbox 2144 1945 3749 2015">
    <p class='ocr_par' dir='ltr' id='par_1_77' title="bbox 2144 1945 3749 2015">
     <span class='ocr_line' id='line_1_77' title="bbox 2144 1945 3749 2015; baseline -0.003 -14"><span class='ocrx_word' id='word_1_520' title='bbox 2144 1956 2279 2001; x_wconf 88' lang='lat' dir='ltr'><strong>tum.</strong></span> <span class='ocrx_word' id='word_1_521' title='bbox 2330 1946 2401 2000; x_wconf 84' lang='lat' dir='ltr'><strong>At</strong></span> <span class='ocrx_word' id='word_1_522' title='bbox 2423 1962 2545 2002; x_wconf 92' lang='lat' dir='ltr'><strong>cum</strong></span> <span class='ocrx_word' id='word_1_523' title='bbox 2567 1945 2731 2000; x_wconf 90' lang='lat' dir='ltr'><strong>nimis</strong></span> <span class='ocrx_word' id='word_1_524' title='bbox 2754 1946 3059 2015; x_wconf 85' lang='lat' dir='ltr'><strong>segniorem</strong></span> <span class='ocrx_word' id='word_1_525' title='bbox 3088 1960 3147 2000; x_wconf 91' lang='lat' dir='ltr'><strong>se</strong></span> <span class='ocrx_word' id='word_1_526' title='bbox 3177 1960 3340 2014; x_wconf 89' lang='lat' dir='ltr'><strong>quam</strong></span> <span class='ocrx_word' id='word_1_527' title='bbox 3377 1960 3472 1999; x_wconf 89' lang='lat' dir='ltr'><strong>res</strong></span> <span class='ocrx_word' id='word_1_528' title='bbox 3496 1951 3749 2012; x_wconf 86' lang='lat' dir='ltr'><strong>posceret</strong></span> 
     </span>
    </p>
   </div>
   <div class='ocr_carea' id='block_1_78' title="bbox 2143 2035 3749 2107">
    <p class='ocr_par' dir='ltr' id='par_1_78' title="bbox 2143 2035 3749 2107">
     <span class='ocr_line' id='line_1_78' title="bbox 2143 2035 3749 2107; baseline -0.002 -16"><span class='ocrx_word' id='word_1_529' title='bbox 2143 2037 2196 2091; x_wconf 92' lang='lat' dir='ltr'><strong>in</strong></span> <span class='ocrx_word' id='word_1_530' title='bbox 2229 2035 2374 2107; x_wconf 87' lang='lat' dir='ltr'><strong>regia</strong></span> <span class='ocrx_word' id='word_1_531' title='bbox 2398 2036 2865 2091; x_wconf 87' lang='lat' dir='ltr'><strong>administratione</strong></span> <span class='ocrx_word' id='word_1_532' title='bbox 2889 2036 3190 2100; x_wconf 87' lang='lat' dir='ltr'><strong>exhiberet,</strong></span> <span class='ocrx_word' id='word_1_533' title='bbox 3217 2036 3359 2090; x_wconf 90' lang='lat' dir='ltr'><strong>circa</strong></span> <span class='ocrx_word' id='word_1_534' title='bbox 3387 2035 3631 2105; x_wconf 88' lang='lat' dir='ltr'><strong>iunioris</strong></span> <span class='ocrx_word' id='word_1_535' title='bbox 3660 2035 3749 2089; x_wconf 89' lang='lat' dir='ltr'><strong>ho-</strong></span> 
     </span>
    </p>
   </div>
   <div class='ocr_carea' id='block_1_79' title="bbox 2143 2123 3749 2194">
    <p class='ocr_par' dir='ltr' id='par_1_79' title="bbox 2143 2123 3749 2194">
     <span class='ocr_line' id='line_1_79' title="bbox 2143 2123 3749 2194; baseline -0.002 -15"><span class='ocrx_word' id='word_1_536' title='bbox 2143 2140 2333 2181; x_wconf 90' lang='lat' dir='ltr'><strong>norem</strong></span> <span class='ocrx_word' id='word_1_537' title='bbox 2375 2124 2528 2179; x_wconf 87' lang='lat' dir='ltr'><strong>favor</strong></span> <span class='ocrx_word' id='word_1_538' title='bbox 2568 2123 2751 2194; x_wconf 91' lang='lat' dir='ltr'><strong>populi</strong></span> <span class='ocrx_word' id='word_1_539' title='bbox 2792 2123 3099 2179; x_wconf 87' lang='lat' dir='ltr'><strong>declinavit.</strong></span> <span class='ocrx_word' id='word_1_540' title='bbox 3147 2123 3205 2177; x_wconf 88' lang='lat' dir='ltr'><strong>In</strong></span> <span class='ocrx_word' id='word_1_541' title='bbox 3240 2140 3349 2194; x_wconf 92' lang='lat' dir='ltr'><strong>qua</strong></span> <span class='ocrx_word' id='word_1_542' title='bbox 3390 2124 3749 2179; x_wconf 84' lang='lat' dir='ltr'><strong>altercatione</strong></span> 
     </span>
    </p>
   </div>
   <div class='ocr_carea' id='block_1_80' title="bbox 2143 2212 3746 2286">
    <p class='ocr_par' dir='ltr' id='par_1_80' title="bbox 2143 2212 3746 2286">
     <span class='ocr_line' id='line_1_80' title="bbox 2143 2212 3746 2286; baseline -0.002 -15"><span class='ocrx_word' id='word_1_543' title='bbox 2143 2212 2273 2272; x_wconf 85' lang='lat' dir='ltr'><strong>ante</strong></span> <span class='ocrx_word' id='word_1_544' title='bbox 2302 2216 2644 2286; x_wconf 63' lang='lat' dir='ltr'><strong>praesentiam</strong></span> <span class='ocrx_word' id='word_1_545' title='bbox 2673 2214 3014 2285; x_wconf 89' lang='lat' dir='ltr'><strong>imperatoris</strong></span> <span class='ocrx_word' id='word_1_546' title='bbox 3040 2214 3343 2279; x_wconf 87' lang='lat' dir='ltr'><strong>venientes,</strong></span> <span class='ocrx_word' id='word_1_547' title='bbox 3376 2215 3653 2284; x_wconf 81' lang='lat' dir='ltr'><strong>requisita</strong></span> <span class='ocrx_word' id='word_1_548' title='bbox 3676 2223 3746 2268; x_wconf 84' lang='lat' dir='ltr'><strong>at-</strong></span> 
     </span>
    </p>
   </div>
   <div class='ocr_carea' id='block_1_81' title="bbox 2143 2305 3748 2376">
    <p class='ocr_par' dir='ltr' id='par_1_81' title="bbox 2143 2305 3748 2376">
     <span class='ocr_line' id='line_1_81' title="bbox 2143 2305 3748 2376; baseline -0.001 -15"><span class='ocrx_word' id='word_1_549' title='bbox 2143 2322 2250 2376; x_wconf 91' lang='lat' dir='ltr'><strong>que</strong></span> <span class='ocrx_word' id='word_1_550' title='bbox 2278 2314 2491 2376; x_wconf 90' lang='lat' dir='ltr'><strong>reperta</strong></span> <span class='ocrx_word' id='word_1_551' title='bbox 2515 2306 2790 2360; x_wconf 88' lang='lat' dir='ltr'><strong>voluntate</strong></span> <span class='ocrx_word' id='word_1_552' title='bbox 2810 2305 3013 2375; x_wconf 86' lang='lat' dir='ltr'><strong>populi,</strong></span> <span class='ocrx_word' id='word_1_553' title='bbox 3034 2306 3220 2376; x_wconf 90' lang='lat' dir='ltr'><strong>iunior</strong></span> <span class='ocrx_word' id='word_1_554' title='bbox 3248 2306 3474 2375; x_wconf 89' lang='lat' dir='ltr'><strong>quidem</strong></span> <span class='ocrx_word' id='word_1_555' title='bbox 3499 2307 3748 2374; x_wconf 78' lang='lat' dir='ltr'><strong>princeps</strong></span> 
     </span>
    </p>
   </div>
   <div class='ocr_carea' id='block_1_82' title="bbox 2143 2396 3746 2466">
    <p class='ocr_par' dir='ltr' id='par_1_82' title="bbox 2143 2396 3746 2466">
     <span class='ocr_line' id='line_1_82' title="bbox 2143 2396 3746 2466; baseline -0.002 -14"><span class='ocrx_word' id='word_1_556' title='bbox 2143 2397 2452 2453; x_wconf 87' lang='lat' dir='ltr'><strong>declaratur</strong></span> <span class='ocrx_word' id='word_1_557' title='bbox 2483 2416 2495 2451; x_wconf 86' lang='lat'><strong>:</strong></span> <span class='ocrx_word' id='word_1_558' title='bbox 2525 2397 2714 2451; x_wconf 90' lang='lat' dir='ltr'><strong>ambos</strong></span> <span class='ocrx_word' id='word_1_559' title='bbox 2745 2403 2927 2450; x_wconf 89' lang='lat' dir='ltr'><strong>tamen</strong></span> <span class='ocrx_word' id='word_1_560' title='bbox 2957 2396 3249 2466; x_wconf 85' lang='lat' dir='ltr'><strong>imperator</strong></span> <span class='ocrx_word' id='word_1_561' title='bbox 3277 2397 3611 2451; x_wconf 85' lang='lat' dir='ltr'><strong>muneribus</strong></span> <span class='ocrx_word' id='word_1_562' title='bbox 3640 2411 3746 2449; x_wconf 87' lang='lat' dir='ltr'><strong>am-</strong></span> 
     </span>
    </p>
   </div>
   <div class='ocr_carea' id='block_1_83' title="bbox 2139 2484 3747 2579">
    <p class='ocr_par' dir='ltr' id='par_1_83' title="bbox 2139 2484 3747 2579">
     <span class='ocr_line' id='line_1_83' title="bbox 2139 2484 3747 2579; baseline -0.001 -40"><span class='ocrx_word' id='word_1_563' title='bbox 2139 2486 2245 2579; x_wconf 74' lang='lat' dir='ltr'><strong>plis</strong></span> <span class='ocrx_word' id='word_1_564' title='bbox 2268 2486 2517 2553; x_wconf 88' lang='lat' dir='ltr'><strong>donatos,</strong></span> <span class='ocrx_word' id='word_1_565' title='bbox 2540 2493 2596 2541; x_wconf 91' lang='lat' dir='ltr'><strong>et</strong></span> <span class='ocrx_word' id='word_1_566' title='bbox 2617 2484 2975 2579; x_wconf 79' lang='lat' dir='ltr'><strong>sacramentis</strong></span> <span class='ocrx_word' id='word_1_567' title='bbox 3003 2485 3308 2550; x_wconf 88' lang='lat' dir='ltr'><strong>devinctos,</strong></span> <span class='ocrx_word' id='word_1_568' title='bbox 3331 2494 3382 2538; x_wconf 89' lang='lat' dir='ltr'><strong>et</strong></span> <span class='ocrx_word' id='word_1_569' title='bbox 3417 2485 3569 2539; x_wconf 88' lang='lat' dir='ltr'><strong>inter</strong></span> <span class='ocrx_word' id='word_1_570' title='bbox 3603 2499 3665 2539; x_wconf 86' lang='lat' dir='ltr'><strong>se</strong></span> <span class='ocrx_word' id='word_1_571' title='bbox 3696 2494 3747 2579; x_wconf 75' lang='lat' dir='ltr'><strong>et</strong></span> 
     </span>
    </p>
   </div>
   <div class='ocr_carea' id='block_1_84' title="bbox 2143 2566 3743 2631">
    <p class='ocr_par' dir='ltr' id='par_1_84' title="bbox 2143 2566 3743 2631">
     <span class='ocr_line' id='line_1_84' title="bbox 2143 2566 3743 2631; baseline -0.003 0"><span class='ocrx_word' id='word_1_572' title='bbox 2143 2566 2245 2631; x_wconf 79' lang='lat' dir='ltr'><strong>sibi</strong></span> <span class='ocrx_word' id='word_1_573' title='bbox 2286 2576 2492 2631; x_wconf 89' lang='lat' dir='ltr'><strong>dimisit</strong></span> <span class='ocrx_word' id='word_1_574' title='bbox 2516 2577 2742 2631; x_wconf 87' lang='lat' dir='ltr'><strong>amicos.</strong></span> <span class='ocrx_word' id='word_1_575' title='bbox 2777 2574 2987 2629; x_wconf 89' lang='lat' dir='ltr'><strong>Interea</strong></span> <span class='ocrx_word' id='word_1_576' title='bbox 3024 2574 3318 2630; x_wconf 90' lang='lat' dir='ltr'><strong>Lotharius</strong></span> <span class='ocrx_word' id='word_1_577' title='bbox 3349 2575 3500 2629; x_wconf 88' lang='lat' dir='ltr'><strong>filius</strong></span> <span class='ocrx_word' id='word_1_578' title='bbox 3541 2566 3743 2629; x_wconf 79' lang='lat' dir='ltr'><strong>domiiii</strong></span> 
     </span>
    </p>
   </div>
   <div class='ocr_carea' id='block_1_85' title="bbox 2145 2665 3743 2739">
    <p class='ocr_par' dir='ltr' id='par_1_85' title="bbox 2145 2665 3743 2739">
     <span class='ocr_line' id='line_1_85' title="bbox 2145 2665 3743 2739; baseline -0.005 -15"><span class='ocrx_word' id='word_1_579' title='bbox 2145 2669 2507 2739; x_wconf 84' lang='lat' dir='ltr'><strong>imperatoris,</strong></span> <span class='ocrx_word' id='word_1_580' title='bbox 2533 2683 2679 2733; x_wconf 91' lang='lat' dir='ltr'><strong>eum,</strong></span> <span class='ocrx_word' id='word_1_581' title='bbox 2708 2669 2848 2723; x_wconf 91' lang='lat' dir='ltr'><strong>sicut</strong></span> <span class='ocrx_word' id='word_1_582' title='bbox 2878 2683 3039 2737; x_wconf 89' lang='lat' dir='ltr'><strong>supra</strong></span> <span class='ocrx_word' id='word_1_583' title='bbox 3073 2668 3278 2722; x_wconf 88' lang='lat' dir='ltr'><strong>dictum</strong></span> <span class='ocrx_word' id='word_1_584' title='bbox 3306 2674 3413 2731; x_wconf 89' lang='lat' dir='ltr'><strong>est,</strong></span> <span class='ocrx_word' id='word_1_585' title='bbox 3443 2681 3477 2719; x_wconf 87' lang='lat' dir='ltr'><strong>a</strong></span> <span class='ocrx_word' id='word_1_586' title='bbox 3503 2673 3665 2735; x_wconf 83' lang='lat' dir='ltr'><strong>patre</strong></span> <span class='ocrx_word' id='word_1_587' title='bbox 3696 2665 3743 2716; x_wconf 89' lang='lat' dir='ltr'><strong>in</strong></span> 
     </span>
    </p>
   </div>
   <div class='ocr_carea' id='block_1_86' title="bbox 2140 2757 3743 2825">
    <p class='ocr_par' dir='ltr' id='par_1_86' title="bbox 2140 2757 3743 2825">
     <span class='ocr_line' id='line_1_86' title="bbox 2140 2757 3743 2825; baseline -0.002 -12"><span class='ocrx_word' id='word_1_588' title='bbox 2140 2759 2351 2814; x_wconf 89' lang='lat' dir='ltr'><strong>Italiam</strong></span> <span class='ocrx_word' id='word_1_589' title='bbox 2380 2760 2580 2814; x_wconf 91' lang='lat' dir='ltr'><strong>missus</strong></span> <span class='ocrx_word' id='word_1_590' title='bbox 2606 2768 2771 2825; x_wconf 90' lang='lat' dir='ltr'><strong>esset,</strong></span> <span class='ocrx_word' id='word_1_591' title='bbox 2804 2767 2861 2814; x_wconf 90' lang='lat' dir='ltr'><strong>et</strong></span> <span class='ocrx_word' id='word_1_592' title='bbox 2894 2759 3194 2813; x_wconf 87' lang='lat' dir='ltr'><strong>secundum</strong></span> <span class='ocrx_word' id='word_1_593' title='bbox 3222 2757 3474 2811; x_wconf 89' lang='lat' dir='ltr'><strong>virorum</strong></span> <span class='ocrx_word' id='word_1_594' title='bbox 3506 2757 3602 2825; x_wconf 85' lang='lat' dir='ltr'><strong>qui</strong></span> <span class='ocrx_word' id='word_1_595' title='bbox 3629 2772 3743 2810; x_wconf 85' lang='lat' dir='ltr'><strong>cum</strong></span> 
     </span>
    </p>
   </div>
   <div class='ocr_carea' id='block_1_87' title="bbox 2142 2849 3742 2920">
    <p class='ocr_par' dir='ltr' id='par_1_87' title="bbox 2142 2849 3742 2920">
     <span class='ocr_line' id='line_1_87' title="bbox 2142 2849 3742 2920; baseline -0.003 -15"><span class='ocrx_word' id='word_1_596' title='bbox 2142 2866 2209 2905; x_wconf 92' lang='lat' dir='ltr'><strong>eo</strong></span> <span class='ocrx_word' id='word_1_597' title='bbox 2242 2851 2394 2905; x_wconf 88' lang='lat' dir='ltr'><strong>missi</strong></span> <span class='ocrx_word' id='word_1_598' title='bbox 2431 2859 2587 2905; x_wconf 89' lang='lat' dir='ltr'><strong>erant</strong></span> <span class='ocrx_word' id='word_1_599' title='bbox 2621 2850 2907 2904; x_wconf 90' lang='lat' dir='ltr'><strong>consilium</strong></span> <span class='ocrx_word' id='word_1_600' title='bbox 2937 2849 3371 2920; x_wconf 83' lang='lat' dir='ltr'><strong>Opportunitates</strong></span> <span class='ocrx_word' id='word_1_601' title='bbox 3400 2849 3742 2919; x_wconf 76' lang='lat' dir='ltr'><strong>negotiorum</strong></span> 
     </span>
    </p>
   </div>
   <div class='ocr_carea' id='block_1_88' title="bbox 2141 2936 3743 3008">
    <p class='ocr_par' dir='ltr' id='par_1_88' title="bbox 2141 2936 3743 3008">
     <span class='ocr_line' id='line_1_88' title="bbox 2141 2936 3743 3008; baseline -0.003 -14"><span class='ocrx_word' id='word_1_602' title='bbox 2141 2939 2470 3001; x_wconf 86' lang='lat' dir='ltr'><strong>ordinasset,</strong></span> <span class='ocrx_word' id='word_1_603' title='bbox 2507 2947 2563 2993; x_wconf 92' lang='lat' dir='ltr'><strong>et</strong></span> <span class='ocrx_word' id='word_1_604' title='bbox 2594 2938 2915 3008; x_wconf 90' lang='lat' dir='ltr'><strong>quibusdam</strong></span> <span class='ocrx_word' id='word_1_605' title='bbox 2962 2937 3243 3008; x_wconf 90' lang='lat' dir='ltr'><strong>perfectis,</strong></span> <span class='ocrx_word' id='word_1_606' title='bbox 3284 2936 3623 3006; x_wconf 88' lang='lat' dir='ltr'><strong>quihusdam</strong></span> <span class='ocrx_word' id='word_1_607' title='bbox 3658 2937 3743 2990; x_wconf 83' lang='lat' dir='ltr'><strong>ad-</strong></span> 
     </span>
    </p>
   </div>
   <div class='ocr_carea' id='block_1_89' title="bbox 2143 3026 3741 3100">
    <p class='ocr_par' dir='ltr' id='par_1_89' title="bbox 2143 3026 3741 3100">
     <span class='ocr_line' id='line_1_89' title="bbox 2143 3026 3741 3100; baseline -0.003 -15"><span class='ocrx_word' id='word_1_608' title='bbox 2143 3031 2249 3087; x_wconf 89' lang='lat' dir='ltr'><strong>huc</strong></span> <span class='ocrx_word' id='word_1_609' title='bbox 2273 3030 2509 3095; x_wconf 89' lang='lat' dir='ltr'><strong>infectis,</strong></span> <span class='ocrx_word' id='word_1_610' title='bbox 2535 3031 2600 3085; x_wconf 89' lang='lat' dir='ltr'><strong>de</strong></span> <span class='ocrx_word' id='word_1_611' title='bbox 2630 3029 2856 3100; x_wconf 87' lang='lat' dir='ltr'><strong>singulis</strong></span> <span class='ocrx_word' id='word_1_612' title='bbox 2877 3030 3211 3098; x_wconf 85' lang='lat' dir='ltr'><strong>respondere</strong></span> <span class='ocrx_word' id='word_1_613' title='bbox 3235 3037 3291 3082; x_wconf 88' lang='lat' dir='ltr'><strong>et</strong></span> <span class='ocrx_word' id='word_1_614' title='bbox 3316 3028 3386 3082; x_wconf 89' lang='lat' dir='ltr'><strong>ad</strong></span> <span class='ocrx_word' id='word_1_615' title='bbox 3425 3036 3645 3098; x_wconf 84' lang='lat' dir='ltr'><strong>patrem</strong></span> <span class='ocrx_word' id='word_1_616' title='bbox 3681 3026 3741 3081; x_wconf 85' lang='lat' dir='ltr'><strong>de</strong></span> 
     </span>
    </p>
   </div>
   <div class='ocr_carea' id='block_1_90' title="bbox 2143 3118 3740 3191">
    <p class='ocr_par' dir='ltr' id='par_1_90' title="bbox 2143 3118 3740 3191">
     <span class='ocr_line' id='line_1_90' title="bbox 2143 3118 3740 3191; baseline -0.004 -15"><span class='ocrx_word' id='word_1_617' title='bbox 2143 3122 2321 3177; x_wconf 88' lang='lat' dir='ltr'><strong>reditu</strong></span> <span class='ocrx_word' id='word_1_618' title='bbox 2378 3122 2680 3191; x_wconf 84' lang='lat' dir='ltr'><strong>cogitaret:</strong></span> <span class='ocrx_word' id='word_1_619' title='bbox 2713 3128 2901 3189; x_wconf 86' lang='lat' dir='ltr'><strong>rogatu</strong></span> <span class='ocrx_word' id='word_1_620' title='bbox 2950 3118 3229 3174; x_wconf 88' lang='lat' dir='ltr'><strong>Paschalis</strong></span> <span class='ocrx_word' id='word_1_621' title='bbox 3277 3134 3435 3189; x_wconf 67' lang='lat' dir='ltr'><strong>papas</strong></span> <span class='ocrx_word' id='word_1_622' title='bbox 3484 3118 3740 3179; x_wconf 81' lang='lat' dir='ltr'><strong>Romam,</strong></span> 
     </span>
    </p>
   </div>
   <div class='ocr_carea' id='block_1_91' title="bbox 452 3198 2046 3306">
    <p class='ocr_par' dir='ltr' id='par_1_91' title="bbox 452 3198 2043 3306">
     <span class='ocr_line' id='line_1_91' title="bbox 452 3198 2043 3306; baseline 0.003 -21"><span class='ocrx_word' id='word_1_623' title='bbox 452 3230 728 3288; x_wconf 84' lang='lat' dir='ltr'><strong>civitatem</strong></span> <span class='ocrx_word' id='word_1_624' title='bbox 767 3247 865 3289; x_wconf 79' lang='lat' dir='ltr'><strong>suo</strong></span> <span class='ocrx_word' id='word_1_625' title='bbox 901 3198 1198 3289; x_wconf 66' lang='lat' dir='ltr'><strong>dominatui</strong></span> <span class='ocrx_word' id='word_1_626' title='bbox 1225 3234 1472 3304; x_wconf 85' lang='lat' dir='ltr'><strong>subjecit.</strong></span> <span class='ocrx_word' id='word_1_627' title='bbox 1518 3234 1585 3290; x_wconf 85' lang='lat' dir='ltr'><strong>Et</strong></span> <span class='ocrx_word' id='word_1_628' title='bbox 1608 3250 1918 3306; x_wconf 88' lang='lat' dir='ltr'><strong>quanquam</strong></span> <span class='ocrx_word' id='word_1_629' title='bbox 1950 3251 2043 3290; x_wconf 89' lang='lat' dir='ltr'><strong>no-</strong></span> 
     </span>
    </p>
   </div>
   <div class='ocr_carea' id='block_1_92' title="bbox 2147 3198 3741 3306">
    <p class='ocr_par' dir='ltr' id='par_1_92' title="bbox 2147 3209 3741 3278">
     <span class='ocr_line' id='line_1_92' title="bbox 2147 3209 3741 3278; baseline -0.004 -11"><span class='ocrx_word' id='word_1_630' title='bbox 2147 3212 2462 3267; x_wconf 90' lang='lat' dir='ltr'><strong>imminente</strong></span> <span class='ocrx_word' id='word_1_631' title='bbox 2491 3220 2682 3266; x_wconf 89' lang='lat' dir='ltr'><strong>sancta</strong></span> <span class='ocrx_word' id='word_1_632' title='bbox 2723 3210 2947 3265; x_wconf 55' lang='lat' dir='ltr'><strong>Pascha</strong></span> <span class='ocrx_word' id='word_1_633' title='bbox 2982 3209 3345 3273; x_wconf 86' lang='lat' dir='ltr'><strong>solemnitate,</strong></span> <span class='ocrx_word' id='word_1_634' title='bbox 3380 3209 3541 3273; x_wconf 89' lang='lat' dir='ltr'><strong>adiit,</strong></span> <span class='ocrx_word' id='word_1_635' title='bbox 3584 3218 3741 3278; x_wconf 88' lang='lat' dir='ltr'><strong>atque</strong></span> 
     </span>
    </p>
   </div>
   <div class='ocr_carea' id='block_1_93' title="bbox 2147 3298 3741 3371">
    <p class='ocr_par' dir='ltr' id='par_1_93' title="bbox 2147 3298 3741 3371">
     <span class='ocr_line' id='line_1_93' title="bbox 2147 3298 3741 3371; baseline -0.003 -16"><span class='ocrx_word' id='word_1_636' title='bbox 2147 3301 2215 3355; x_wconf 90' lang='lat' dir='ltr'><strong>ab</strong></span> <span class='ocrx_word' id='word_1_637' title='bbox 2237 3300 2428 3356; x_wconf 89' lang='lat' dir='ltr'><strong>eodem</strong></span> <span class='ocrx_word' id='word_1_638' title='bbox 2463 3315 2598 3371; x_wconf 90' lang='lat' dir='ltr'><strong>papa</strong></span> <span class='ocrx_word' id='word_1_639' title='bbox 2628 3300 2928 3354; x_wconf 89' lang='lat' dir='ltr'><strong>clarissima</strong></span> <span class='ocrx_word' id='word_1_640' title='bbox 2964 3298 3260 3354; x_wconf 86' lang='lat' dir='ltr'><strong>ambitione</strong></span> <span class='ocrx_word' id='word_1_641' title='bbox 3283 3309 3599 3368; x_wconf 86' lang='lat' dir='ltr'><strong>susceptus,</strong></span> <span class='ocrx_word' id='word_1_642' title='bbox 3634 3300 3741 3368; x_wconf 86' lang='lat' dir='ltr'><strong>ipso</strong></span> 
     </span>
    </p>
   </div>
   <div class='ocr_carea' id='block_1_94' title="bbox 2146 3391 3739 3463">
    <p class='ocr_par' dir='ltr' id='par_1_94' title="bbox 2146 3391 3739 3463">
     <span class='ocr_line' id='line_1_94' title="bbox 2146 3391 3739 3463; baseline -0.001 -16"><span class='ocrx_word' id='word_1_643' title='bbox 2146 3401 2337 3447; x_wconf 91' lang='lat' dir='ltr'><strong>sancto</strong></span> <span class='ocrx_word' id='word_1_644' title='bbox 2369 3393 2457 3448; x_wconf 87' lang='lat' dir='ltr'><strong>die</strong></span> <span class='ocrx_word' id='word_1_645' title='bbox 2484 3393 2624 3463; x_wconf 88' lang='lat' dir='ltr'><strong>apud</strong></span> <span class='ocrx_word' id='word_1_646' title='bbox 2658 3392 2874 3446; x_wconf 90' lang='lat' dir='ltr'><strong>beatum</strong></span> <span class='ocrx_word' id='word_1_647' title='bbox 2914 3391 3134 3446; x_wconf 90' lang='lat' dir='ltr'><strong>Petrum</strong></span> <span class='ocrx_word' id='word_1_648' title='bbox 3171 3392 3423 3446; x_wconf 89' lang='lat' dir='ltr'><strong>diadema</strong></span> <span class='ocrx_word' id='word_1_649' title='bbox 3465 3392 3739 3462; x_wconf 84' lang='lat' dir='ltr'><strong>imperiale</strong></span> 
     </span>
    </p>
   </div>
   <div class='ocr_carea' id='block_1_95' title="bbox 2147 3480 3742 3552">
    <p class='ocr_par' dir='ltr' id='par_1_95' title="bbox 2147 3480 3742 3552">
     <span class='ocr_line' id='line_1_95' title="bbox 2147 3480 3742 3552; baseline -0.002 -15"><span class='ocrx_word' id='word_1_650' title='bbox 2147 3498 2271 3538; x_wconf 91' lang='lat' dir='ltr'><strong>cum</strong></span> <span class='ocrx_word' id='word_1_651' title='bbox 2312 3484 2530 3538; x_wconf 90' lang='lat' dir='ltr'><strong>nomine</strong></span> <span class='ocrx_word' id='word_1_652' title='bbox 2574 3481 2805 3552; x_wconf 82' lang='lat' dir='ltr'><strong>Augusti</strong></span> <span class='ocrx_word' id='word_1_653' title='bbox 2844 3482 3101 3551; x_wconf 89' lang='lat' dir='ltr'><strong>suscepit.</strong></span> <span class='ocrx_word' id='word_1_654' title='bbox 3152 3481 3282 3536; x_wconf 89' lang='lat' dir='ltr'><strong>Post</strong></span> <span class='ocrx_word' id='word_1_655' title='bbox 3322 3482 3443 3536; x_wconf 57' lang='lat' dir='ltr'><strong>hac</strong></span> <span class='ocrx_word' id='word_1_656' title='bbox 3487 3497 3615 3536; x_wconf 88' lang='lat' dir='ltr'><strong>eum</strong></span> <span class='ocrx_word' id='word_1_657' title='bbox 3653 3480 3742 3534; x_wconf 82' lang='lat' dir='ltr'><strong>Pa-</strong></span> 
     </span>
    </p>
   </div>
   <div class='ocr_carea' id='block_1_96' title="bbox 2146 3574 3738 3645">
    <p class='ocr_par' dir='ltr' id='par_1_96' title="bbox 2146 3574 3738 3645">
     <span class='ocr_line' id='line_1_96' title="bbox 2146 3574 3738 3645; baseline -0.003 -15"><span class='ocrx_word' id='word_1_658' title='bbox 2146 3577 2290 3645; x_wconf 88' lang='lat' dir='ltr'><strong>piam</strong></span> <span class='ocrx_word' id='word_1_659' title='bbox 2336 3576 2610 3641; x_wconf 88' lang='lat' dir='ltr'><strong>venisset,</strong></span> <span class='ocrx_word' id='word_1_660' title='bbox 2661 3575 3050 3644; x_wconf 85' lang='lat' dir='ltr'><strong>aliquantisper</strong></span> <span class='ocrx_word' id='word_1_661' title='bbox 3101 3574 3526 3629; x_wconf 84' lang='lat' dir='ltr'><strong>necessitatibus</strong></span> <span class='ocrx_word' id='word_1_662' title='bbox 3576 3584 3738 3628; x_wconf 86' lang='lat' dir='ltr'><strong>semet</strong></span> 
     </span>
    </p>
   </div>
   <div class='ocr_carea' id='block_1_97' title="bbox 2148 3665 3738 3739">
    <p class='ocr_par' dir='ltr' id='par_1_97' title="bbox 2148 3665 3738 3739">
     <span class='ocr_line' id='line_1_97' title="bbox 2148 3665 3738 3739; baseline -0.003 -16"><span class='ocrx_word' id='word_1_663' title='bbox 2148 3668 2586 3739; x_wconf 87' lang='lat' dir='ltr'><strong>impedientibus,</strong></span> <span class='ocrx_word' id='word_1_664' title='bbox 2614 3669 2814 3723; x_wconf 90' lang='lat' dir='ltr'><strong>ihidem</strong></span> <span class='ocrx_word' id='word_1_665' title='bbox 2839 3675 3083 3722; x_wconf 88' lang='lat' dir='ltr'><strong>moratus</strong></span> <span class='ocrx_word' id='word_1_666' title='bbox 3110 3674 3217 3731; x_wconf 91' lang='lat' dir='ltr'><strong>est,</strong></span> <span class='ocrx_word' id='word_1_667' title='bbox 3242 3675 3297 3721; x_wconf 88' lang='lat' dir='ltr'><strong>et</strong></span> <span class='ocrx_word' id='word_1_668' title='bbox 3326 3666 3409 3721; x_wconf 91' lang='lat' dir='ltr'><strong>sic</strong></span> <span class='ocrx_word' id='word_1_669' title='bbox 3435 3665 3509 3720; x_wconf 84' lang='lat' dir='ltr'><strong>ad</strong></span> <span class='ocrx_word' id='word_1_670' title='bbox 3536 3676 3738 3736; x_wconf 87' lang='lat' dir='ltr'><strong>patrem</strong></span> 
     </span>
    </p>
   </div>
   <div class='ocr_carea' id='block_1_98' title="bbox 2146 3756 3740 3827">
    <p class='ocr_par' dir='ltr' id='par_1_98' title="bbox 2146 3756 3740 3827">
     <span class='ocr_line' id='line_1_98' title="bbox 2146 3756 3740 3827; baseline -0.003 -14"><span class='ocrx_word' id='word_1_671' title='bbox 2146 3763 2335 3814; x_wconf 84' lang='lat' dir='ltr'><strong>mense</strong></span> <span class='ocrx_word' id='word_1_672' title='bbox 2358 3756 2517 3812; x_wconf 83' lang='lat' dir='ltr'><strong>Junio</strong></span> <span class='ocrx_word' id='word_1_673' title='bbox 2543 3758 2809 3827; x_wconf 88' lang='lat' dir='ltr'><strong>pervenit,</strong></span> <span class='ocrx_word' id='word_1_674' title='bbox 2839 3756 3079 3826; x_wconf 88' lang='lat' dir='ltr'><strong>perfecta</strong></span> <span class='ocrx_word' id='word_1_675' title='bbox 3117 3758 3397 3821; x_wconf 84' lang='lat' dir='ltr'><strong>nuntians,</strong></span> <span class='ocrx_word' id='word_1_676' title='bbox 3429 3756 3505 3812; x_wconf 89' lang='lat' dir='ltr'><strong>de</strong></span> <span class='ocrx_word' id='word_1_677' title='bbox 3529 3757 3740 3811; x_wconf 83' lang='lat' dir='ltr'><strong>inchoa-</strong></span> 
     </span>
    </p>
   </div>
   <div class='ocr_carea' id='block_1_99' title="bbox 2150 3847 3739 3918">
    <p class='ocr_par' dir='ltr' id='par_1_99' title="bbox 2150 3847 3739 3918">
     <span class='ocr_line' id='line_1_99' title="bbox 2150 3847 3739 3918; baseline -0.003 -15"><span class='ocrx_word' id='word_1_678' title='bbox 2150 3850 2219 3905; x_wconf 88' lang='lat' dir='ltr'><strong>tis</strong></span> <span class='ocrx_word' id='word_1_679' title='bbox 2267 3850 2627 3918; x_wconf 85' lang='lat' dir='ltr'><strong>interrogans.</strong></span> <span class='ocrx_word' id='word_1_680' title='bbox 2676 3848 2758 3902; x_wconf 90' lang='lat' dir='ltr'><strong>Ad</strong></span> <span class='ocrx_word' id='word_1_681' title='bbox 2815 3847 3110 3916; x_wconf 87' lang='lat' dir='ltr'><strong>supplenda</strong></span> <span class='ocrx_word' id='word_1_682' title='bbox 3160 3854 3344 3900; x_wconf 87' lang='lat' dir='ltr'><strong>autem</strong></span> <span class='ocrx_word' id='word_1_683' title='bbox 3392 3861 3521 3915; x_wconf 76' lang='lat' dir='ltr'><strong>qua:</strong></span> <span class='ocrx_word' id='word_1_684' title='bbox 3571 3847 3739 3900; x_wconf 86' lang='lat' dir='ltr'><strong>minus</strong></span> 
     </span>
    </p>
   </div>
   <div class='ocr_carea' id='block_1_100' title="bbox 2148 3924 3735 4008">
    <p class='ocr_par' dir='ltr' id='par_1_100' title="bbox 2148 3924 3735 4008">
     <span class='ocr_line' id='line_1_100' title="bbox 2148 3924 3735 4008; baseline -0.003 -16"><span class='ocrx_word' id='word_1_685' title='bbox 2148 3924 2387 4008; x_wconf 83' lang='lat' dir='ltr'><strong>perfecta</strong></span> <span class='ocrx_word' id='word_1_686' title='bbox 2416 3945 2593 4001; x_wconf 89' lang='lat' dir='ltr'><strong>erant,</strong></span> <span class='ocrx_word' id='word_1_687' title='bbox 2616 3936 2816 3990; x_wconf 89' lang='lat' dir='ltr'><strong>missus</strong></span> <span class='ocrx_word' id='word_1_688' title='bbox 2837 3944 2919 3989; x_wconf 90' lang='lat' dir='ltr'><strong>est</strong></span> <span class='ocrx_word' id='word_1_689' title='bbox 2948 3936 3291 3990; x_wconf 88' lang='lat' dir='ltr'><strong>Adalhardus</strong></span> <span class='ocrx_word' id='word_1_690' title='bbox 3325 3950 3518 3991; x_wconf 88' lang='lat' dir='ltr'><strong>comes</strong></span> <span class='ocrx_word' id='word_1_691' title='bbox 3540 3936 3735 4006; x_wconf 80' lang='lat' dir='ltr'><strong>palatii,</strong></span> 
     </span>
    </p>
   </div>
   <div class='ocr_carea' id='block_1_101' title="bbox 2150 4027 3736 4099">
    <p class='ocr_par' dir='ltr' id='par_1_101' title="bbox 2150 4027 3736 4099">
     <span class='ocr_line' id='line_1_101' title="bbox 2150 4027 3736 4099; baseline -0.004 -13"><span class='ocrx_word' id='word_1_692' title='bbox 2150 4031 2391 4086; x_wconf 86' lang='lat' dir='ltr'><strong>a-lhihito</strong></span> <span class='ocrx_word' id='word_1_693' title='bbox 2436 4029 2537 4085; x_wconf 90' lang='lat' dir='ltr'><strong>sibi</strong></span> <span class='ocrx_word' id='word_1_694' title='bbox 2586 4030 2736 4084; x_wconf 89' lang='lat' dir='ltr'><strong>socio</strong></span> <span class='ocrx_word' id='word_1_695' title='bbox 2774 4028 3073 4099; x_wconf 85' lang='lat' dir='ltr'><strong>Mauringo.</strong></span> <span class='ocrx_word' id='word_1_696' title='bbox 3120 4027 3397 4082; x_wconf 88' lang='lat' dir='ltr'><strong>Gundulfo</strong></span> <span class='ocrx_word' id='word_1_697' title='bbox 3424 4043 3597 4096; x_wconf 89' lang='lat' dir='ltr'><strong>porro</strong></span> <span class='ocrx_word' id='word_1_698' title='bbox 3637 4027 3736 4080; x_wconf 75' lang='lat' dir='ltr'><strong>Me-</strong></span> 
     </span>
    </p>
   </div>
   <div class='ocr_carea' id='block_1_102' title="bbox 2151 4111 3738 4189">
    <p class='ocr_par' dir='ltr' id='par_1_102' title="bbox 2151 4111 3738 4189">
     <span class='ocr_line' id='line_1_102' title="bbox 2151 4111 3738 4189; baseline -0.004 -13"><span class='ocrx_word' id='word_1_699' title='bbox 2151 4121 2287 4176; x_wconf 89' lang='lat' dir='ltr'><strong>tensi</strong></span> <span class='ocrx_word' id='word_1_700' title='bbox 2316 4120 2567 4189; x_wconf 89' lang='lat' dir='ltr'><strong>episcopo</strong></span> <span class='ocrx_word' id='word_1_701' title='bbox 2586 4119 2775 4172; x_wconf 89' lang='lat' dir='ltr'><strong>eodem</strong></span> <span class='ocrx_word' id='word_1_702' title='bbox 2800 4126 3041 4186; x_wconf 84' lang='lat' dir='ltr'><strong>tempore</strong></span> <span class='ocrx_word' id='word_1_703' title='bbox 3062 4111 3337 4181; x_wconf 77' lang='lat' dir='ltr'><strong>defuncto,</strong></span> <span class='ocrx_word' id='word_1_704' title='bbox 3364 4117 3551 4171; x_wconf 89' lang='lat' dir='ltr'><strong>clerus</strong></span> <span class='ocrx_word' id='word_1_705' title='bbox 3572 4118 3738 4171; x_wconf 86' lang='lat' dir='ltr'><strong>omnis</strong></span> 
     </span>
    </p>
   </div>
   <div class='ocr_carea' id='block_1_103' title="bbox 2147 4205 3733 4280">
    <p class='ocr_par' dir='ltr' id='par_1_103' title="bbox 2147 4205 3733 4280">
     <span class='ocr_line' id='line_1_103' title="bbox 2147 4205 3733 4280; baseline -0.004 -16"><span class='ocrx_word' id='word_1_706' title='bbox 2147 4209 2485 4280; x_wconf 85' lang='lat' dir='ltr'><strong>populusque</strong></span> <span class='ocrx_word' id='word_1_707' title='bbox 2532 4207 2772 4277; x_wconf 88' lang='lat' dir='ltr'><strong>ejusdem</strong></span> <span class='ocrx_word' id='word_1_708' title='bbox 2820 4205 3075 4260; x_wconf 65' lang='lat' dir='ltr'><strong>Ecclesiae</strong></span> <span class='ocrx_word' id='word_1_709' title='bbox 3104 4247 3119 4273; x_wconf 97' lang='lat'><strong>,</strong></span> <span class='ocrx_word' id='word_1_710' title='bbox 3166 4205 3338 4259; x_wconf 91' lang='lat' dir='ltr'><strong>veluti</strong></span> <span class='ocrx_word' id='word_1_711' title='bbox 3392 4221 3507 4260; x_wconf 91' lang='lat' dir='ltr'><strong>uno</strong></span> <span class='ocrx_word' id='word_1_712' title='bbox 3552 4206 3733 4275; x_wconf 85' lang='lat' dir='ltr'><strong>spiritu</strong></span> 
     </span>
    </p>
   </div>
   <div class='ocr_carea' id='block_1_104' title="bbox 2149 4294 3738 4366">
    <p class='ocr_par' dir='ltr' id='par_1_104' title="bbox 2149 4294 3738 4366">
     <span class='ocr_line' id='line_1_104' title="bbox 2149 4294 3738 4366; baseline -0.004 -11"><span class='ocrx_word' id='word_1_713' title='bbox 2149 4300 2395 4365; x_wconf 90' lang='lat' dir='ltr'><strong>animati,</strong></span> <span class='ocrx_word' id='word_1_714' title='bbox 2435 4299 2735 4366; x_wconf 86' lang='lat' dir='ltr'><strong>Drogonem</strong></span> <span class='ocrx_word' id='word_1_715' title='bbox 2781 4296 3125 4364; x_wconf 89' lang='lat' dir='ltr'><strong>imperatoris</strong></span> <span class='ocrx_word' id='word_1_716' title='bbox 3171 4294 3401 4350; x_wconf 85' lang='lat' dir='ltr'><strong>fratrem</strong></span> <span class='ocrx_word' id='word_1_717' title='bbox 3440 4296 3548 4350; x_wconf 90' lang='lat' dir='ltr'><strong>sub</strong></span> <span class='ocrx_word' id='word_1_718' title='bbox 3589 4311 3738 4350; x_wconf 80' lang='lat' dir='ltr'><strong>cano-</strong></span> 
     </span>
    </p>
   </div>
   <div class='ocr_carea' id='block_1_105' title="bbox 2151 4386 3731 4456">
    <p class='ocr_par' dir='ltr' id='par_1_105' title="bbox 2151 4386 3731 4456">
     <span class='ocr_line' id='line_1_105' title="bbox 2151 4386 3731 4456; baseline -0.004 -12"><span class='ocrx_word' id='word_1_719' title='bbox 2151 4392 2272 4445; x_wconf 90' lang='lat' dir='ltr'><strong>nico</strong></span> <span class='ocrx_word' id='word_1_720' title='bbox 2308 4390 2495 4444; x_wconf 89' lang='lat' dir='ltr'><strong>habitu</strong></span> <span class='ocrx_word' id='word_1_721' title='bbox 2522 4387 2855 4442; x_wconf 90' lang='lat' dir='ltr'><strong>nobilissime</strong></span> <span class='ocrx_word' id='word_1_722' title='bbox 2887 4387 3180 4450; x_wconf 89' lang='lat' dir='ltr'><strong>viventem,</strong></span> <span class='ocrx_word' id='word_1_723' title='bbox 3212 4386 3315 4440; x_wconf 91' lang='lat' dir='ltr'><strong>sibi</strong></span> <span class='ocrx_word' id='word_1_724' title='bbox 3354 4396 3595 4456; x_wconf 87' lang='lat' dir='ltr'><strong>poscunt</strong></span> <span class='ocrx_word' id='word_1_725' title='bbox 3628 4387 3731 4441; x_wconf 81' lang='lat' dir='ltr'><strong>dari</strong></span> 
     </span>
    </p>
   </div>
   <div class='ocr_carea' id='block_1_106' title="bbox 2153 4476 3734 4547">
    <p class='ocr_par' dir='ltr' id='par_1_106' title="bbox 2153 4476 3734 4547">
     <span class='ocr_line' id='line_1_106' title="bbox 2153 4476 3734 4547; baseline -0.004 -12"><span class='ocrx_word' id='word_1_726' title='bbox 2153 4480 2527 4545; x_wconf 79' lang='lat' dir='ltr'><strong>sacerdotem;</strong></span> <span class='ocrx_word' id='word_1_727' title='bbox 2558 4478 2862 4545; x_wconf 85' lang='lat' dir='ltr'><strong>mirumque</strong></span> <span class='ocrx_word' id='word_1_728' title='bbox 2896 4477 2947 4529; x_wconf 91' lang='lat' dir='ltr'><strong>in</strong></span> <span class='ocrx_word' id='word_1_729' title='bbox 2978 4476 3199 4531; x_wconf 90' lang='lat' dir='ltr'><strong>modum</strong></span> <span class='ocrx_word' id='word_1_730' title='bbox 3239 4485 3353 4530; x_wconf 88' lang='lat' dir='ltr'><strong>tam</strong></span> <span class='ocrx_word' id='word_1_731' title='bbox 3398 4477 3734 4547; x_wconf 83' lang='lat' dir='ltr'><strong>imperatoris</strong></span> 
     </span>
    </p>
   </div>
   <div class='ocr_carea' id='block_1_107' title="bbox 2078 4547 3729 4641">
    <p class='ocr_par' dir='ltr' id='par_1_107' title="bbox 2078 4547 3729 4641">
     <span class='ocr_line' id='line_1_107' title="bbox 2078 4547 3729 4641; baseline 0 -16"><span class='ocrx_word' id='word_1_732' title='bbox 2078 4547 2127 4605; x_wconf 83' lang='lat' dir='ltr'><strong>D</strong></span> <span class='ocrx_word' id='word_1_733' title='bbox 2153 4586 2313 4641; x_wconf 89' lang='lat' dir='ltr'><strong>quam</strong></span> <span class='ocrx_word' id='word_1_734' title='bbox 2338 4583 2622 4641; x_wconf 88' lang='lat' dir='ltr'><strong>procerum</strong></span> <span class='ocrx_word' id='word_1_735' title='bbox 2653 4566 2787 4634; x_wconf 86' lang='lat' dir='ltr'><strong>ejus,</strong></span> <span class='ocrx_word' id='word_1_736' title='bbox 2820 4568 2914 4622; x_wconf 89' lang='lat' dir='ltr'><strong>sed</strong></span> <span class='ocrx_word' id='word_1_737' title='bbox 2941 4576 2997 4622; x_wconf 89' lang='lat' dir='ltr'><strong>et</strong></span> <span class='ocrx_word' id='word_1_738' title='bbox 3023 4568 3187 4621; x_wconf 92' lang='lat' dir='ltr'><strong>totius</strong></span> <span class='ocrx_word' id='word_1_739' title='bbox 3209 4568 3395 4637; x_wconf 87' lang='lat' dir='ltr'><strong>populi</strong></span> <span class='ocrx_word' id='word_1_740' title='bbox 3420 4583 3729 4625; x_wconf 71' lang='lat' dir='ltr'><strong>consensus.</strong></span> 
     </span>
    </p>
   </div>
   <div class='ocr_carea' id='block_1_108' title="bbox 2154 4656 3735 4729">
    <p class='ocr_par' dir='ltr' id='par_1_108' title="bbox 2154 4656 3735 4729">
     <span class='ocr_line' id='line_1_108' title="bbox 2154 4656 3735 4729; baseline -0.001 -16"><span class='ocrx_word' id='word_1_741' title='bbox 2154 4661 2308 4729; x_wconf 86' lang='lat' dir='ltr'><strong>quasi</strong></span> <span class='ocrx_word' id='word_1_742' title='bbox 2330 4660 2563 4729; x_wconf 86' lang='lat' dir='ltr'><strong>quodam</strong></span> <span class='ocrx_word' id='word_1_743' title='bbox 2591 4657 2814 4726; x_wconf 81' lang='lat' dir='ltr'><strong>coagulo</strong></span> <span class='ocrx_word' id='word_1_744' title='bbox 2840 4658 2894 4711; x_wconf 93' lang='lat' dir='ltr'><strong>in</strong></span> <span class='ocrx_word' id='word_1_745' title='bbox 2919 4673 3086 4711; x_wconf 89' lang='lat' dir='ltr'><strong>unum</strong></span> <span class='ocrx_word' id='word_1_746' title='bbox 3108 4656 3436 4724; x_wconf 87' lang='lat' dir='ltr'><strong>coniuravit,</strong></span> <span class='ocrx_word' id='word_1_747' title='bbox 3470 4666 3533 4709; x_wconf 88' lang='lat' dir='ltr'><strong>ut</strong></span> <span class='ocrx_word' id='word_1_748' title='bbox 3556 4672 3735 4711; x_wconf 79' lang='lat' dir='ltr'><strong>omnes</strong></span> 
     </span>
    </p>
   </div>
   <div class='ocr_carea' id='block_1_109' title="bbox 2155 4747 3734 4816">
    <p class='ocr_par' dir='ltr' id='par_1_109' title="bbox 2155 4747 3734 4816">
     <span class='ocr_line' id='line_1_109' title="bbox 2155 4747 3734 4816; baseline -0.004 -10"><span class='ocrx_word' id='word_1_749' title='bbox 2155 4754 2205 4806; x_wconf 81' lang='lat' dir='ltr'><strong>id</strong></span> <span class='ocrx_word' id='word_1_750' title='bbox 2253 4750 2408 4815; x_wconf 89' lang='lat' dir='ltr'><strong>velle,</strong></span> <span class='ocrx_word' id='word_1_751' title='bbox 2459 4749 2638 4803; x_wconf 88' lang='lat' dir='ltr'><strong>nullus</strong></span> <span class='ocrx_word' id='word_1_752' title='bbox 2686 4747 2829 4802; x_wconf 90' lang='lat' dir='ltr'><strong>nolle</strong></span> <span class='ocrx_word' id='word_1_753' title='bbox 2874 4747 3221 4816; x_wconf 88' lang='lat' dir='ltr'><strong>reperiretur.</strong></span> <span class='ocrx_word' id='word_1_754' title='bbox 3277 4747 3403 4801; x_wconf 89' lang='lat' dir='ltr'><strong>Ideo</strong></span> <span class='ocrx_word' id='word_1_755' title='bbox 3449 4747 3734 4816; x_wconf 85' lang='lat' dir='ltr'><strong>imperator</strong></span> 
     </span>
    </p>
   </div>
   <div class='ocr_carea' id='block_1_110' title="bbox 2156 4839 3734 4912">
    <p class='ocr_par' dir='ltr' id='par_1_110' title="bbox 2156 4839 3734 4912">
     <span class='ocr_line' id='line_1_110' title="bbox 2156 4839 3734 4912; baseline -0.003 -14"><span class='ocrx_word' id='word_1_756' title='bbox 2156 4860 2278 4899; x_wconf 88' lang='lat' dir='ltr'><strong>cum</strong></span> <span class='ocrx_word' id='word_1_757' title='bbox 2308 4857 2518 4897; x_wconf 90' lang='lat' dir='ltr'><strong>summo</strong></span> <span class='ocrx_word' id='word_1_758' title='bbox 2544 4841 2737 4912; x_wconf 84' lang='lat' dir='ltr'><strong>gaudio</strong></span> <span class='ocrx_word' id='word_1_759' title='bbox 2762 4840 3009 4909; x_wconf 89' lang='lat' dir='ltr'><strong>petitioni</strong></span> <span class='ocrx_word' id='word_1_760' title='bbox 3032 4839 3289 4895; x_wconf 72' lang='lat' dir='ltr'><strong>Ecclesia:</strong></span> <span class='ocrx_word' id='word_1_761' title='bbox 3316 4840 3532 4901; x_wconf 90' lang='lat' dir='ltr'><strong>annuit,</strong></span> <span class='ocrx_word' id='word_1_762' title='bbox 3557 4841 3734 4908; x_wconf 87' lang='lat' dir='ltr'><strong>eisque</strong></span> 
     </span>
    </p>
   </div>
   <div class='ocr_carea' id='block_1_111' title="bbox 2154 4929 3732 5003">
    <p class='ocr_par' dir='ltr' id='par_1_111' title="bbox 2154 4929 3732 5003">
     <span class='ocr_line' id='line_1_111' title="bbox 2154 4929 3732 5003; baseline -0.002 -15"><span class='ocrx_word' id='word_1_763' title='bbox 2154 4950 2315 5003; x_wconf 90' lang='lat' dir='ltr'><strong>quem</strong></span> <span class='ocrx_word' id='word_1_764' title='bbox 2335 4933 2595 5002; x_wconf 80' lang='lat' dir='ltr'><strong>petebant</strong></span> <span class='ocrx_word' id='word_1_765' title='bbox 2619 4929 2929 5000; x_wconf 86' lang='lat' dir='ltr'><strong>pontificem</strong></span> <span class='ocrx_word' id='word_1_766' title='bbox 2956 4929 3121 4983; x_wconf 90' lang='lat' dir='ltr'><strong>dedit.</strong></span> <span class='ocrx_word' id='word_1_767' title='bbox 3173 4929 3229 4983; x_wconf 90' lang='lat' dir='ltr'><strong>In</strong></span> <span class='ocrx_word' id='word_1_768' title='bbox 3258 4931 3450 4984; x_wconf 79' lang='lat' dir='ltr'><strong>eodem</strong></span> <span class='ocrx_word' id='word_1_769' title='bbox 3473 4940 3732 4985; x_wconf 83' lang='lat' dir='ltr'><strong>conventu</strong></span> 
     </span>
    </p>
   </div>
   <div class='ocr_carea' id='block_1_112' title="bbox 2156 5019 3732 5089">
    <p class='ocr_par' dir='ltr' id='par_1_112' title="bbox 2156 5019 3732 5089">
     <span class='ocr_line' id='line_1_112' title="bbox 2156 5019 3732 5089; baseline -0.002 -12"><span class='ocrx_word' id='word_1_770' title='bbox 2156 5039 2302 5078; x_wconf 89' lang='lat' dir='ltr'><strong>mors</strong></span> <span class='ocrx_word' id='word_1_771' title='bbox 2329 5023 2609 5076; x_wconf 87' lang='lat' dir='ltr'><strong>nuntiatur</strong></span> <span class='ocrx_word' id='word_1_772' title='bbox 2631 5020 2896 5075; x_wconf 89' lang='lat' dir='ltr'><strong>Liudeviti</strong></span> <span class='ocrx_word' id='word_1_773' title='bbox 2924 5019 3162 5089; x_wconf 88' lang='lat' dir='ltr'><strong>tyranni,</strong></span> <span class='ocrx_word' id='word_1_774' title='bbox 3189 5035 3219 5073; x_wconf 91' lang='lat' dir='ltr'><strong>a</strong></span> <span class='ocrx_word' id='word_1_775' title='bbox 3241 5021 3477 5089; x_wconf 84' lang='lat' dir='ltr'><strong>quodam</strong></span> <span class='ocrx_word' id='word_1_776' title='bbox 3508 5021 3630 5075; x_wconf 91' lang='lat' dir='ltr'><strong>dolo</strong></span> <span class='ocrx_word' id='word_1_777' title='bbox 3658 5022 3732 5074; x_wconf 78' lang='grc' dir='ltr'><strong>ἰη-</strong></span> 
     </span>
    </p>
   </div>
   <div class='ocr_carea' id='block_1_113' title="bbox 2154 5108 3733 5180">
    <p class='ocr_par' dir='ltr' id='par_1_113' title="bbox 2154 5108 3733 5180">
     <span class='ocr_line' id='line_1_113' title="bbox 2154 5108 3733 5180; baseline -0.002 -13"><span class='ocrx_word' id='word_1_778' title='bbox 2154 5112 2384 5167; x_wconf 89' lang='lat' dir='ltr'><strong>terfecti.</strong></span> <span class='ocrx_word' id='word_1_779' title='bbox 2410 5111 2707 5180; x_wconf 87' lang='lat' dir='ltr'><strong>Imperator</strong></span> <span class='ocrx_word' id='word_1_780' title='bbox 2728 5109 2832 5163; x_wconf 91' lang='lat' dir='ltr'><strong>hoc</strong></span> <span class='ocrx_word' id='word_1_781' title='bbox 2856 5108 3113 5178; x_wconf 89' lang='lat' dir='ltr'><strong>placitum</strong></span> <span class='ocrx_word' id='word_1_782' title='bbox 3136 5108 3319 5171; x_wconf 89' lang='lat' dir='ltr'><strong>solvit,</strong></span> <span class='ocrx_word' id='word_1_783' title='bbox 3344 5118 3403 5163; x_wconf 90' lang='lat' dir='ltr'><strong>et</strong></span> <span class='ocrx_word' id='word_1_784' title='bbox 3426 5109 3589 5163; x_wconf 88' lang='lat' dir='ltr'><strong>alium</strong></span> <span class='ocrx_word' id='word_1_785' title='bbox 3615 5124 3733 5164; x_wconf 82' lang='lat' dir='ltr'><strong>cou-</strong></span> 
     </span>
    </p>
   </div>
   <div class='ocr_carea' id='block_1_114' title="bbox 2153 5197 3731 5269">
    <p class='ocr_par' dir='ltr' id='par_1_114' title="bbox 2153 5197 3731 5269">
     <span class='ocr_line' id='line_1_114' title="bbox 2153 5197 3731 5269; baseline -0.003 -14"><span class='ocrx_word' id='word_1_786' title='bbox 2153 5212 2371 5259; x_wconf 80' lang='lat' dir='ltr'><strong>ventum</strong></span> <span class='ocrx_word' id='word_1_787' title='bbox 2394 5200 2724 5269; x_wconf 89' lang='lat' dir='ltr'><strong>Compendio</strong></span> <span class='ocrx_word' id='word_1_788' title='bbox 2754 5206 2995 5267; x_wconf 91' lang='lat' dir='ltr'><strong>tempore</strong></span> <span class='ocrx_word' id='word_1_789' title='bbox 3024 5198 3320 5252; x_wconf 83' lang='lat' dir='ltr'><strong>autumnali</strong></span> <span class='ocrx_word' id='word_1_790' title='bbox 3348 5198 3564 5252; x_wconf 87' lang='lat' dir='ltr'><strong>indixit.</strong></span> <span class='ocrx_word' id='word_1_791' title='bbox 3630 5197 3731 5253; x_wconf 85' lang='lat' dir='ltr'><strong>Sub</strong></span> 
     </span>
    </p>
   </div>
   <div class='ocr_carea' id='block_1_115' title="bbox 2152 5289 3729 5364">
    <p class='ocr_par' dir='ltr' id='par_1_115' title="bbox 2152 5289 3729 5364">
     <span class='ocr_line' id='line_1_115' title="bbox 2152 5289 3729 5364; baseline -0.008 -10"><span class='ocrx_word' id='word_1_792' title='bbox 2152 5301 2255 5355; x_wconf 87' lang='lat' dir='ltr'><strong>hoe</strong></span> <span class='ocrx_word' id='word_1_793' title='bbox 2289 5299 2452 5353; x_wconf 89' lang='lat' dir='ltr'><strong>etiam</strong></span> <span class='ocrx_word' id='word_1_794' title='bbox 2491 5305 2731 5364; x_wconf 90' lang='lat' dir='ltr'><strong>tempore</strong></span> <span class='ocrx_word' id='word_1_795' title='bbox 2764 5291 3029 5362; x_wconf 88' lang='lat' dir='ltr'><strong>perlatum</strong></span> <span class='ocrx_word' id='word_1_796' title='bbox 3066 5299 3151 5346; x_wconf 89' lang='lat' dir='ltr'><strong>est</strong></span> <span class='ocrx_word' id='word_1_797' title='bbox 3182 5291 3519 5358; x_wconf 87' lang='lat' dir='ltr'><strong>imperatori,</strong></span> <span class='ocrx_word' id='word_1_798' title='bbox 3564 5289 3729 5343; x_wconf 53' lang='lat' dir='ltr'><strong>Theo</strong></span> 
     </span>
    </p>
   </div>
   <div class='ocr_carea' id='block_1_116' title="bbox 2155 5380 3734 5458">
    <p class='ocr_par' dir='ltr' id='par_1_116' title="bbox 2155 5380 3734 5458">
     <span class='ocr_line' id='line_1_116' title="bbox 2155 5380 3734 5458; baseline -0.006 -13"><span class='ocrx_word' id='word_1_799' title='bbox 2155 5391 2343 5445; x_wconf 88' lang='lat' dir='ltr'><strong>dorum</strong></span> <span class='ocrx_word' id='word_1_800' title='bbox 2362 5385 2733 5458; x_wconf 88' lang='lat' dir='ltr'><strong>primicerium</strong></span> <span class='ocrx_word' id='word_1_801' title='bbox 2756 5392 2952 5438; x_wconf 71' lang='lat' dir='ltr'><strong>sanctae</strong></span> <span class='ocrx_word' id='word_1_802' title='bbox 2974 5381 3231 5436; x_wconf 73' lang='lat' dir='ltr'><strong>Ecclesia:</strong></span> <span class='ocrx_word' id='word_1_803' title='bbox 3253 5382 3512 5435; x_wconf 62' lang='lat' dir='ltr'><strong>Romana:</strong></span> <span class='ocrx_word' id='word_1_804' title='bbox 3534 5392 3587 5434; x_wconf 89' lang='lat' dir='ltr'><strong>et</strong></span> <span class='ocrx_word' id='word_1_805' title='bbox 3605 5380 3734 5435; x_wconf 83' lang='lat' dir='ltr'><strong>Leo-</strong></span> 
     </span>
    </p>
   </div>
   <div class='ocr_carea' id='block_1_117' title="bbox 2157 5470 3730 5541">
    <p class='ocr_par' dir='ltr' id='par_1_117' title="bbox 2157 5470 3730 5541">
     <span class='ocr_line' id='line_1_117' title="bbox 2157 5470 3730 5541; baseline -0.009 -3"><span class='ocrx_word' id='word_1_806' title='bbox 2157 5499 2277 5539; x_wconf 89' lang='lat' dir='ltr'><strong>nem</strong></span> <span class='ocrx_word' id='word_1_807' title='bbox 2306 5479 2762 5535; x_wconf 88' lang='lat' dir='ltr'><strong>nomenclatorem</strong></span> <span class='ocrx_word' id='word_1_808' title='bbox 2812 5474 3102 5529; x_wconf 90' lang='lat' dir='ltr'><strong>luminibus</strong></span> <span class='ocrx_word' id='word_1_809' title='bbox 3137 5473 3401 5541; x_wconf 88' lang='lat' dir='ltr'><strong>privatos,</strong></span> <span class='ocrx_word' id='word_1_810' title='bbox 3444 5488 3511 5527; x_wconf 86' lang='lat' dir='ltr'><strong>ac</strong></span> <span class='ocrx_word' id='word_1_811' title='bbox 3551 5470 3730 5526; x_wconf 85' lang='lat' dir='ltr'><strong>deinde</strong></span> 
     </span>
    </p>
   </div>
   <div class='ocr_carea' id='block_1_118' title="bbox 2155 5561 3727 5635">
    <p class='ocr_par' dir='ltr' id='par_1_118' title="bbox 2155 5561 3727 5635">
     <span class='ocr_line' id='line_1_118' title="bbox 2155 5561 3727 5635; baseline -0.01 -6"><span class='ocrx_word' id='word_1_812' title='bbox 2155 5573 2448 5629; x_wconf 88' lang='lat' dir='ltr'><strong>decollatos</strong></span> <span class='ocrx_word' id='word_1_813' title='bbox 2477 5571 2530 5623; x_wconf 93' lang='lat' dir='ltr'><strong>in</strong></span> <span class='ocrx_word' id='word_1_814' title='bbox 2576 5571 2733 5624; x_wconf 88' lang='lat' dir='ltr'><strong>domo</strong></span> <span class='ocrx_word' id='word_1_815' title='bbox 2773 5563 3065 5635; x_wconf 86' lang='lat' dir='ltr'><strong>episcopali</strong></span> <span class='ocrx_word' id='word_1_816' title='bbox 3107 5563 3487 5617; x_wconf 84' lang='lat' dir='ltr'><strong>Lateranensi.</strong></span> <span class='ocrx_word' id='word_1_817' title='bbox 3538 5561 3727 5617; x_wconf 82' lang='lat' dir='ltr'><strong>Invidia</strong></span> 
     </span>
    </p>
   </div>
   <div class='ocr_carea' id='block_1_119' title="bbox 2155 5654 3726 5734">
    <p class='ocr_par' dir='ltr' id='par_1_119' title="bbox 2155 5654 3726 5734">
     <span class='ocr_line' id='line_1_119' title="bbox 2155 5654 3726 5734; baseline -0.007 -17"><span class='ocrx_word' id='word_1_818' title='bbox 2155 5681 2317 5734; x_wconf 84' lang='lat' dir='ltr'><strong>porro</strong></span> <span class='ocrx_word' id='word_1_819' title='bbox 2354 5660 2788 5718; x_wconf 85' lang='lat' dir='ltr'><strong>interfectoribus</strong></span> <span class='ocrx_word' id='word_1_820' title='bbox 2818 5658 3215 5720; x_wconf 89' lang='lat' dir='ltr'><strong>innascebatur,</strong></span> <span class='ocrx_word' id='word_1_821' title='bbox 3255 5670 3322 5710; x_wconf 92' lang='lat' dir='ltr'><strong>eo</strong></span> <span class='ocrx_word' id='word_1_822' title='bbox 3352 5654 3498 5724; x_wconf 90' lang='lat' dir='ltr'><strong>quod</strong></span> <span class='ocrx_word' id='word_1_823' title='bbox 3533 5654 3726 5708; x_wconf 80' lang='lat' dir='ltr'><strong>dicere-</strong></span> 
     </span>
    </p>
   </div>
   <div class='ocr_carea' id='block_1_120' title="bbox 2160 5752 3727 5823">
    <p class='ocr_par' dir='ltr' id='par_1_120' title="bbox 2160 5752 3727 5823">
     <span class='ocr_line' id='line_1_120' title="bbox 2160 5752 3727 5823; baseline -0.006 -12"><span class='ocrx_word' id='word_1_824' title='bbox 2160 5769 2243 5813; x_wconf 85' lang='lat' dir='ltr'><strong>tur</strong></span> <span class='ocrx_word' id='word_1_825' title='bbox 2269 5761 2336 5813; x_wconf 87' lang='lat' dir='ltr'><strong>ob</strong></span> <span class='ocrx_word' id='word_1_826' title='bbox 2368 5757 2675 5811; x_wconf 74' lang='lat' dir='ltr'><strong>fidelitatem</strong></span> <span class='ocrx_word' id='word_1_827' title='bbox 2705 5752 2941 5808; x_wconf 69' lang='lat' dir='ltr'><strong>Lotharii</strong></span> <span class='ocrx_word' id='word_1_828' title='bbox 2973 5766 3068 5807; x_wconf 87' lang='lat' dir='ltr'><strong>eos</strong></span> <span class='ocrx_word' id='word_1_829' title='bbox 3094 5752 3183 5821; x_wconf 92' lang='lat' dir='ltr'><strong>qui</strong></span> <span class='ocrx_word' id='word_1_830' title='bbox 3214 5752 3482 5823; x_wconf 79' lang='lat' dir='ltr'><strong>interfecti</strong></span> <span class='ocrx_word' id='word_1_831' title='bbox 3512 5759 3634 5804; x_wconf 83' lang='lat' dir='ltr'><strong>sunt</strong></span> <span class='ocrx_word' id='word_1_832' title='bbox 3658 5759 3727 5802; x_wconf 69' lang='lat' dir='ltr'><strong>ta-</strong></span> 
     </span>
    </p>
   </div>
  </div>
