3906 6320
172 404 289 460 955

1709 406 1884 460 VITA.

3337 416 3439 473 εδει

172 520 251 574 lia
282 520 449 573 fuisse
476 532 780 588 perpessos.
836 519 892 573 1n
921 534 1024 588 qua
1062 535 1119 572 re
1157 518 1297 573 fama
1322 520 1590 589 pontiﬁcis
1625 534 1755 588 quo-
1782 521 1834 577 Α
1858 526 1913 572 et
1942 519 2268 575 haberentur
2297 541 2308 575 :
2343 538 2509 591 quare
2561 523 2723 578 etiam
2772 533 2934 581 tantae
2985 528 3215 597 querelae
3245 533 3440 589 adver-

170 627 289 681 que
309 610 618 676 lasdebatur,
648 610 774 665 dum
804 611 919 679 ejus
948 612 1233 665 consensui
1261 620 1429 665 totum
1461 611 1761 665 ascribere—

173 711 289 757 ων.
336 700 634 769 Imperator
669 709 848 755 autem
878 701 1003 755 dum
1032 700 1098 753 ad
1127 701 1268 753 hanc
1294 714 1407 754 rem
1439 699 1761 754 enucleatis-

170 796 317 849 sime
340 794 784 863 investigandam,
810 792 1150 863 Adalungum
1176 792 1426 846 abbatem
1448 792 1756 846 monasterii

170 880 622 947 sanetiIVedasti,
654 891 707 936 et
734 880 1055 936 Hunfridum
1084 882 1335 935 comitem
1358 881 1571 935 mittere
1601 896 1760 935 cura-

172 979 282 1036 ret,
330 970 607 1025 Paschalis
650 984 800 1039 papte
839 969 987 1023 missi
1027 978 1481 1038 supervenerunt,
1526 968 1759 1024 Joannes

170 1063 465 1132 episcopus
495 1061 656 1115 Silvae
689 1059 955 1125 Candidae,
987 1068 1040 1115 et
1075 1060 1395 1115 Benedictus
1427 1061 1760 1113 archidiaco-

170 1170 282 1210 nus
304 1163 504 1210 sanctte
534 1152 789 1207 Ecclesiae
824 1153 1101 1216 Romanae,
1137 1152 1462 1206 accusationi
1487 1166 1760 1220 Opponen-

171 1252 262 1299 tes
296 1244 718 1308 excusationem,
754 1251 809 1297 et
835 1257 995 1311 super
1021 1242 1120 1296 ista
1146 1242 1459 1310 imperatori
1483 1241 1760 1295 examina—

172 1334 378 1388 tionem
411 1330 722 1387 offerentes.
763 1330 967 1398 Quibus
995 1329 1213 1394 auditis,
1257 1337 1311 1384 et
1356 1345 1479 1385 cum
1522 1344 1759 1400 congruo

169 1436 436 1490 responso
462 1421 726 1485 remissis,
762 1421 959 1474 missos
988 1420 1305 1485 destinatos,
1334 1428 1395 1474 ut
1411 1418 1621 1487 jussum
1652 1419 1760 1475 fue-

170 1520 280 1577 rat,
302 1512 526 1566 Romam
550 1513 628 1566 ire
648 1512 920 1581 praecepit,
952 1511 1457 1581 investigaturos'de
1476 1512 1651 1566 dubiis
1670 1528 1759 1566 ve-

168 1603 412 1656 ritatem.
456 1602 575 1672 Ipse
606 1610 808 1666 autem,
838 1610 997 1670 prout
1018 1616 1190 1655 VlSllm
1227 1608 1328 1665 est,
1359 1601 1582 1672 singulis
1605 1602 1658 1655 in
1687 1602 1760 1656 lo-

168 1692 256 1746 cis
300 1699 564 1755 moratus,
614 1692 910 1747 constituto
956 1700 1220 1762 tempore,
1276 1693 1329 1747 id
1377 1702 1460 1748 est
1506 1693 1758 1749 Kalendis

168 1780 466 1837 Novembr.
499 1782 565 1835 ad
600 1781 989 1850 Compendium
1021 1782 1184 1836 venit.
1221 1783 1279 1836 lu
1314 1798 1421 1852 quo
1448 1784 1645 1852 placito
1682 1783 1758 1838 le-

1861 623 1953 663 sus
1977 608 2341 665 Romanorum
2366 610 2651 681 pontifices
2686 615 3005 687 judieesque
3031 631 3309 687 sonarent,
3350 638 3435 679 re-

1861 708 2071 767 pertum
2096 709 2179 754 est
2214 701 2357 769 quod
2385 705 2740 770 quorumdam
2782 707 3099 774 pontificum
3149 711 3233 764 vel
3283 714 3437 783 igno-

1862 790 2034 843 rantia
2057 792 2140 845 vel
2166 792 2393 857 desidia,
2417 795 2511 849 sed
2533 804 2586 849 et
2609 793 2855 863 judieum
2883 815 3023 854 caeca
3045 809 3098 855 et
3123 802 3434 871 inexplebili

1859 878 2171 946 cupiditate,
2226 881 2518 936 multorum
2555 885 2752 952 praedia
2808 884 3007 952 injuste
3034 888 3232 945 fuerint
3261 893 3432 947 conti-

1860 974 2025 1020 scata.
2057 967 2290 1037 Ideoque
2324 970 2595 1025 reddendo
2624 988 2742 1041 qum
2773 974 2969 1042 injuste
2998 986 3152 1032 erant
3200 981 3433 1048 sublata,

1859 1055 2148 1114 Lotharius
2177 1074 2425 1129 magnam
2454 1062 2651 1129 populo
2674 1062 2917 1118 Romano
2939 1068 3146 1120 creavit
3168 1068 3434 1123 laetitiam.

1862 1145 2135 1201 Statutum
2173 1156 2256 1201 est
2283 1149 2447 1202 etiam
2470 1148 2626 1217 juxta
2664 1152 2945 1221 antiquum
3000 1170 3228 1222 morem,
3268 1167 3325 1212 ut
3365 1174 3435 1214 ex

1860 1235 2029 1290 latere
2098 1237 2440 1307 imperatoris
2515 1242 2897 1309 mitterentur,
2955 1247 3047 1315 qui
3092 1246 3436 1315 judiciariam

1860 1337 2175 1382 exercentes
2203 1337 2543 1397 potestatem,
2564 1330 2831 1399 justitiam
2876 1337 3020 1389 omni
3054 1339 3249 1407 populo
3293 1339 3437 1396 face-

1860 1426 1999 1483 rent,
2036 1426 2090 1472 et
2121 1428 2361 1489 tempore
2388 1437 2495 1491 quo
2530 1422 2705 1477 visum
2754 1423 2896 1479 foret
2941 1427 3254 1496 imperatori
3269 1445 3436 1508 aequa

1861 1507 2015 1561 lance
2048 1509 2363 1577 penderent.
2395 1509 2524 1575 Quze
2543 1526 2665 1565 cum
2702 1513 2917 1568 rediens
2949 1514 3090 1569 ﬁlius
3110 1517 3250 1585 patri
3290 1525 3436 1573 retu-

1861 1597 2031 1661 lisset,
2068 1605 2320 1665 tanquam
2344 1606 2552 1652 amator
2574 1602 2864 1669 aequitatis,
2895 1612 2948 1657 et
2975 1605 3153 1658 cultor
3171 1607 3434 1675 veritatis,

1861 1701 2055 1757 magno
2077 1687 2271 1756 gaudio
2296 1686 2544 1756 perfusus
2563 1698 2666 1755 est,
2698 1706 2763 1746 eo
2789 1694 2931 1762 quod
2956 1697 3228 1764 oppressis
3253 1698 3437 1768 inique

1862 1780 2117 1834 relevatio
2139 1779 2354 1848 pietatis
2380 1784 2698 1837 occurrerit.

169 1872 287 1941 gati
326 1872 550 1926 Romam
586 1872 737 1925 missi
778 1871 1074 1936 redierunt,
1122 1873 1433 1929 nuntiantes
1477 1873 1620 1943 quod
1663 1873 1760 1927 Pa-
1788 1854 1833 1911 Β
1931 1869 2196 1939 Tempore
2249 1872 2599 1940 subsequenti
2659 1873 2907 1928 dominus
2963 1876 3260 1944 imperator
3307 1892 3436 1933 con-

167 1961 374 2016 schalis
400 1977 537 2031 papa
565 1962 632 2016 ah
662 1960 1069 2017 interfectorum
1097 1978 1230 2020 nece
1266 1980 1325 2019 se
1360 1980 1482 2019 eum
1510 1964 1758 2034 plurimis

166 2052 551 2121 episcoporum
603 2060 944 2106 sacramento
990 2054 1339 2123 purgaverit,
1384 2053 1759 2109 interfectores

168 2147 355 2193 autem
385 2152 725 2208 nequaquam
754 2140 1011 2195 exhibere
1043 2143 1281 2209 potuerit
1309 2160 1323 2196 :
1347 2143 1441 2197 sed
1470 2152 1525 2198 et
1548 2158 1642 2198 eos
1667 2145 1757 2212 qui

165 2230 446 2285 interfecti
480 2239 626 2295 sunt,
666 2231 874 2286 meritis
921 2233 1261 2306 exigentibus
1310 2234 1433 2288 talia
1476 2251 1759 2305 perpessos

163 2322 583 2377 asseveraverit.
616 2323 898 2392 Simulque
925 2338 1107 2378 secum
1134 2327 1535 2395 prmsentabant
1566 2329 1757 2383 missos

164 2416 240 2469 ab
276 2415 569 2485 apostolico
602 2415 859 2481 directos,
892 2416 1088 2471 similia
1126 2416 1481 2486 perferentes.
1529 2417 1756 2472 Nomina

164 2504 471 2576 legatorum
504 2514 652 2570 sunt,
691 2504 928 2559 Joannes
963 2506 1248 2575 episcopus
1291 2504 1451 2560 Silvae
1479 2505 1752 2573 Candidm,

166 2592 396 2663 Sergius
437 2594 913 2659 hihliotheearius,
966 2595 1651 2661 Quirinussubdiaconus,
1703 2604 1758 2651 et

163 2680 283 2737 Leo
324 2683 588 2751 magister
628 2683 877 2736 militum.
928 2682 1242 2752 Imperator,
1265 2698 1396 2752 ergo
1433 2691 1625 2736 natura
1656 2684 1755 2737 mi-

164 2773 658 2837 sericordissimus,
704 2773 1009 2827 occisorum
1053 2773 1345 2828 vindictam
1395 2774 1537 2829 ultro
1572 2790 1755 2844 perse-

162 2866 264 2935 qui
294 2881 399 2920 non
431 2866 634 2930 valens,
666 2881 972 2934 quanquam
998 2866 1224 2919 multum
1258 2867 1465 2929 volens,
1492 2867 1559 2920 ab
1584 2867 1754 2935 inqui-

163 2960 365 3013 sitione
391 2958 759 3026 hujuscemodi
790 2959 1107 3013 cessandum
1148 2959 1515 3012 existimavit:
1540 2966 1595 3013 et
1628 2974 1751 3013 cum

164 3053 450 3120 responsis
475 3052 727 3123 congruis
757 3052 951 3105 missos
971 3051 1245 3105 Romanos
1272 3049 1517 3104 absolvit.
1550 3049 1749 3103 Eodem

163 3152 413 3211 tempore
442 3143 687 3211 quaedam
735 3142 1041 3212 prodigiosa
1088 3141 1239 3210 signa
1285 3141 1596 3209 apparentia
1637 3140 1753 3193 ani-

163 3249 318 3287 mum
364 3234 707 3302 imperatoris
743 3233 1124 3297 sollicitabant,
1165 3233 1434 3301 praecipue
1472 3239 1751 3285 terrtemo-

164 3333 259 3379 tus
313 3325 495 3394 palatii
536 3324 833 3393 Aquensis,
886 3331 942 3379 et
981 3325 1190 3378 sonitus
1231 3324 1455 3378 inauditi
1490 3330 1754 3376 nocturno

166 3426 435 3484 tempore,
465 3424 519 3469 et
546 3415 737 3484 puclla:
763 3413 1039 3482 cujusdam
1064 3414 1271 3484 jejunia
1298 3414 1579 3469 duodecim
1604 3428 1755 3467 men-

162 3507 321 3559 sibus
344 3507 488 3558 omni
519 3506 635 3559 cibo
662 3506 878 3573 penitus
907 3506 1251 3569 abstinentis,
1281 3506 1472 3559 crebra
1501 3511 1556 3557 et
1587 3504 1753 3557 inusi-

164 3600 280 3645 tata
313 3591 544 3662 fulgura,
578 3592 811 3661 lapidum
843 3608 964 3646 cum
1009 3594 1269 3662 grandine
1296 3608 1471 3657 casus,
1498 3593 1753 3663 pestilen-

164 3682 247 3735 tia
295 3683 572 3737 hominum
622 3691 676 3737 et
722 3673 1055 3738 animalium.
1107 3684 1335 3753 Propter
1378 3701 1498 3754 quae
1544 3686 1755 3755 singula

162 3774 447 3841 piissimus
472 3773 762 3842 imperator
787 3776 982 3828 crebro
1010 3774 1127 3829 fieri
1155 3776 1385 3845 jejunia,
1420 3775 1753 3830 orationum-

162 3878 278 3932 que
315 3863 591 3928 instantia,
641 3871 803 3932 atque
845 3863 1314 3935 eleemosynarum
1358 3864 1747 3933 largitionibus,

164 3955 522 4008 Divinitatem
562 3969 658 4022 per
701 3953 1042 4007 sacerdotum
1080 3952 1312 4006 officium
1352 3953 1601 4006 monebat
1642 3951 1753 4019 pla-

166 4044 401 4099 candam
435 4060 447 4094 :
483 4042 783 4095 certissime
820 4041 1024 4105 dicens,
1064 4055 1162 4109 per
1199 4041 1313 4094 haec
1350 4039 1594 4109 portendi
1635 4054 1751 4092 ma-

165 4133 333 4204 gnam
370 4132 607 4185 humano
642 4131 824 4200 generi
873 4129 1109 4183 futuram
1150 4130 1375 4183 cladem.
1427 4129 1543 4195 Quo
1586 4129 1748 4183 etiam

167 4236 338 4286 anno,
369 4236 554 4275 mense
578 4218 758 4281 Junio,
791 4227 951 4272 natus
978 4218 1026 4271 ei
1065 4226 1148 4272 est
1179 4218 1321 4273 filius
1348 4232 1414 4272 ex
1448 4217 1630 4272 Judith
1671 4234 1750 4271 re-

164 4313 297 4382 gina
327 4328 339 4362 :
372 4324 531 4378 quem
557 4317 795 4376 tempore
821 4308 1072 4375 baptismi
1100 4307 1347 4361 Carolum
1375 4309 1611 4361 vocitare
1637 4308 1748 4375 pla-

168 4402 306 4454 cuit.
355 4400 551 4453 Eodem
591 4414 735 4451 anno
770 4398 932 4451 Eblus
971 4406 1132 4465 atque
1171 4398 1464 4451 Ascnarius
1501 4399 1743 4462 comites,

1860 1968 2077 2013 ventum
2107 1975 2135 2013 a
2170 1963 2366 2030 populo
2407 1977 2503 2017 suo
2526 1963 2787 2017 celebrari
2824 1962 2989 2032 jussit
3018 1974 3255 2037 tempore
3312 1957 3436 2025 Maii

1859 2052 2062 2106 mensis
2113 2051 2439 2123 Aquisgrani
2494 2052 2663 2123 (825).
2710 2053 2827 2120 Quo
2864 2057 3180 2112 eonsistenti
3236 2059 3435 2130 legatio

1858 2141 2170 2211 Bulgarum,
2194 2143 2282 2211 qui
2310 2144 2401 2196 diu
2423 2143 2476 2196 in
2500 2143 2768 2213 Bajoaria,
2794 2147 3086 2200 secundum
3110 2158 3436 2218 praeceptum

1859 2230 1994 2299 ejus,
2045 2232 2421 2297 substiterant,
2460 2234 2510 2287 ei
2562 2235 2795 2289 adducta
2847 2246 2930 2290 est
2964 2238 3251 2292 audienda.
3304 2240 3435 2307 Qua:

1860 2324 2093 2377 maxime
2126 2332 2247 2389 post
2272 2325 2422 2392 pacis
2466 2325 2906 2381 constitutionem
2948 2327 3015 2381 de
3042 2330 3289 2385 terminis
3334 2330 3435 2386 fuit

1852 2400 2131 2465 lerrartim
2168 2412 2308 2466 inter
2350 2411 2605 2481 Bulgaros
2654 2413 3002 2484 Francosque
3049 2419 3433 2475 custodiendis.

1856 2498 2161 2554 Adfuerunt
2187 2502 2348 2555 etiam
2375 2500 2655 2555 Britonum
2676 2504 2946 2572 primores
2973 2520 3081 2559 non
3110 2508 3291 2575 pauci,
3314 2509 3439 2562 sub-

1849 2591 2141 2661 jectionem
2168 2592 2641 2661 obcdientiamque
2670 2590 2854 2647 multis
2895 2594 3074 2649 verbis
3102 2611 3437 2665 prosequen-

1857 2690 1939 2734 tes
1968 2695 1982 2732 :
2018 2680 2159 2733 inter
2184 2696 2320 2749 quos
2356 2688 2410 2734 et
2443 2679 2858 2737 Winemarehus
2907 2682 3107 2753 [Supra
3158 2685 3436 2741 Wiomar—

1857 2768 2034 2839 chus],
2084 2770 2173 2837 qui
2206 2770 2419 2824 caeteris
2451 2770 2776 2825 auctoritate
2816 2781 3077 2839 praestare
3125 2775 3430 2841 videbatur,

1854 2858 2057 2927 quique
2084 2858 2273 2910 insana
2306 2857 2611 2912 temeritate
2637 2866 2799 2926 atque
2824 2859 3158 2916 stultissimis
3185 2864 3333 2918 ausis
3375 2865 3431 2919 in

1856 2953 2064 2999 tantum
2093 2954 2453 3014 processerat,
2489 2956 2549 2999 ut
2585 2947 2747 3001 etiam
2784 2947 3164 3017 imperatorem
3200 2938 3439 3021 propter

1856 3053 2008 3091 suam
2040 3037 2374 3091 insolentiam
2396 3038 2877 3106 comprimendam,
2920 3038 2988 3092 ad
3040 3040 3437 3115 expeditionem

1858 3128 1913 3182 in
1944 3127 2062 3182 illas
2086 3135 2269 3196 partes
2295 3116 2597 3182 faciendam
2626 3130 3018 3197 provocaverit.
3048 3130 3099 3184 ls
3132 3146 3262 3202 ergo
3310 3148 3436 3187 cum

1860 3219 2067 3273 diceret
2091 3218 2356 3287 paenitere
2376 3234 2435 3271 se
2462 3216 2593 3272 facti
2617 3219 2720 3282 sui,
2745 3229 2799 3273 et
2822 3220 3184 3288 imperatoria:
3209 3221 3331 3276 fidei
3377 3236 3438 3277 se

1855 3307 2237 3373 commisisset,
2262 3308 2329 3362 ab
2351 3323 2416 3361 eo
2437 3306 2593 3375 juxta
2620 3324 2824 3361 morem
2853 3324 3030 3374 suum,
3062 3325 3166 3377 qua
3197 3310 3434 3364 clemen-

1856 3400 1928 3453 tia
1955 3414 2169 3468 semper
2198 3400 2274 3452 uti
2314 3397 2610 3462 consuevit,
2654 3399 3081 3453 misericorditer
3130 3408 3432 3470 susceptus,

1854 3502 2056 3548 etcum
2098 3492 2306 3546 caeteris
2353 3492 2561 3547 civibus
2612 3494 2925 3572 muneribus
2973 3494 3225 3557 donatus,
3272 3504 3436 3564 atque

1853 3586 1921 3639 ad
1946 3586 2186 3639 nativum
2216 3584 2386 3637 solum
2416 3592 2499 3637 est
2526 3583 2825 3652 permissus
2862 3582 3057 3637 redire.
3109 3583 3210 3651 Qui
3247 3594 3427 3640 tamen

1854 3684 2041 3743 postea
2072 3681 2342 3728 consuetae
2375 3672 2614 3741 perfidire
2636 3687 2744 3725 non
2774 3672 3081 3736 immemor,
3121 3672 3247 3725 dum
3298 3688 3433 3727 cun-

1854 3773 2063 3818 ctorum
2119 3778 2238 3830 qum
2294 3762 2617 3829 promiserat
2664 3768 2721 3814 et
2767 3774 2887 3828 qua:
2926 3769 3182 3829 expertus
3234 3760 3431 3825 fuerat,

1852 3852 2117 3905 bonorum
2158 3849 2375 3912 oblitus,
2428 3848 2638 3903 vicinos
2666 3862 2793 3903 suos
2844 3848 3046 3903 domini
3085 3849 3431 3918 imperatoris

1853 3939 2040 3993 fideles
2070 3939 2351 3992 incursare
2379 3945 2541 4005 atque
2565 3937 2797 3993 assiduis
2828 3938 2984 3992 malis
3020 3938 3287 3995 lacessere
3321 3958 3428 3997 non

1853 4030 2186 4095 obmitteret,
2220 4030 2285 4085 ad
2313 4030 2365 4084 id
2398 4030 2663 4098 pervenit,
2692 4038 2751 4083 ut
2776 4044 3069 4099 oppressus
3095 4046 3124 4084 a
3150 4031 3432 4088 Lantberti

1852 4118 2177 4180 hominibus,
2212 4118 2264 4171 in
2295 4119 2511 4187 propria
2542 4119 2699 4173 domo
2734 4134 2856 4172 cum
2898 4120 3138 4173 omnium
3166 4121 3429 4177 malorum

1852 4208 1958 4270 ﬁne
2001 4210 2289 4262 terminum
2336 4210 2458 4261 vita:
2487 4207 2791 4271 sortiretur.
2839 4207 3085 4263 Dimissis
3138 4224 3265 4280 ergo
3319 4220 3430 4266 tam

1852 4300 2203 4369 Bulgarorum
2236 4298 2415 4352 missis
2440 4314 2603 4367 quam
2628 4298 2922 4363 Britannis,
2960 4298 3254 4369 imperator
3275 4317 3431 4357 exer-

1850 4391 1978 4444 citio
2034 4390 2261 4443 venandi
2301 4403 2358 4443 se
2386 4388 2654 4443 commisit
2702 4386 2896 4458 Vosagi
2925 4389 3150 4445 secretis
3188 4410 3200 4443 :
3233 4392 3428 4447 iterum

167 4502 325 4545 trans
352 4489 590 4559 Pyrenaei
618 4489 817 4543 montis
840 4488 1324 4556 altitudinemjussi
1357 4498 1481 4542 sunt
1511 4491 1608 4543 ire.
1644 4490 1743 4557 Qui
1774 4512 1824 4569 Β
1853 4481 1904 4571 id
1966 4480 2229 4551 agendum
2281 4480 2523 4541 credens,
2579 4494 2747 4547 usque
2800 4493 2908 4547 (Ιιιο
2957 4495 3143 4571 ωἱθυδθ
3186 4481 3431 4553 Augusto

166 4595 295 4635 cum
318 4578 525 4648 magnis
548 4578 719 4647 copiis
754 4592 925 4647 usque
961 4580 1027 4631 ad
1064 4578 1429 4646 Pampilonam
1470 4580 1657 4643 issent,
1696 4589 1749 4633 et

169 4672 301 4725 inde
352 4670 567 4741 negotio
617 4678 836 4739 peracto
875 4669 1141 4731 redirent,
1187 4670 1401 4724 solitam
1446 4671 1547 4725 loci
1585 4672 1748 4740 perli-

168 4764 315 4821 diam
368 4761 839 4827 habitatorumque
890 4760 1171 4829 genuinam
1235 4759 1479 4815 fraudem
1541 4764 1750 4831 experti

168 4860 318 4906 sunt.
374 4849 736 4905 Circumventi
768 4850 909 4904 enim
936 4849 1004 4903 ab
1034 4851 1224 4905 incolis
1258 4851 1397 4905 illius
1426 4851 1548 4916 loci,
1576 4854 1751 4906 omni-

170 4943 275 4996 bus
311 4941 527 4996 amissis
558 4940 746 5009 copiis,
786 4942 838 4993 in
870 4940 1213 4994 inimicorum
1239 4958 1429 4995 manus
1460 4942 1745 4998 devenere.

172 5032 277 5099 Qui
309 5032 499 5086 Eblum
522 5033 737 5101 quidem
761 5030 1062 5085 Cordubam
1090 5032 1198 5099 regi
1232 5030 1625 5085 Saracenorum
1659 5034 1753 5086 mi-

172 5130 399 5185 serunt;
452 5122 714 5175 Asenario
759 5136 887 5175 vero
929 5128 1181 5187 tanquam
1226 5120 1316 5188 qui
1359 5135 1452 5175 eos
1495 5121 1751 5176 affinitate

172 5211 452 5283 sanguinis
475 5218 738 5279 tangeret,
766 5224 1073 5279 pepercere.

246 5301 453 5355 [nterea
481 5314 605 5353 cum
639 5299 947 5363 Lotharius,
977 5307 1035 5352 ut
1055 5299 1369 5367 prtedictum
1404 5308 1511 5364 est,
1541 5315 1569 5352 a
1598 5308 1752 5369 patre

175 5392 376 5444 missus
428 5388 654 5442 Romam
706 5389 962 5453 venisset,
1013 5388 1365 5442 libentissime
1398 5390 1466 5443 ab
1512 5390 1752 5459 Eugenio

174 5498 313 5555 papa
354 5490 634 5550 susceptus
684 5487 766 5534 est
808 5479 977 5551 (824).
1008 5479 1250 5548 Cumque
1272 5480 1338 5533 de
1384 5481 1469 5535 his
1498 5497 1617 5549 qua:
1663 5496 1753 5535 ac—

174 5585 461 5632 cesserant
486 5582 823 5643 quereretur,
848 5589 1017 5642 quare
1044 5573 1250 5629 scilicet
1299 5573 1352 5626 hi
1385 5574 1475 5641 qui
1524 5574 1753 5642 impera-

176 5667 278 5720 tori
320 5673 375 5718 et
404 5663 631 5718 Francis
659 5664 840 5718 fideles
870 5663 1082 5717 fuerant
1110 5664 1292 5731 iniqua
1323 5678 1454 5715 nccc
1491 5664 1752 5732 perempti

172 5758 398 5819 fuerint,
426 5765 479 5810 et
500 5757 586 5824 qui
616 5756 1013 5829 supervivereut
1040 5755 1268 5811 ludibrio
1306 5754 1523 5823 reliquis
1578 5752 1753 5808 forent

1842 4568 1997 4639 juxta
2037 4571 2340 4625 condictum
2387 4569 2695 4639 generalem
2726 4570 2937 4639 populis
2958 4568 3297 4643 Aquasgrani
3348 4592 3431 4631 rc-

1850 4678 2037 4716 vcrsus
2072 4671 2173 4716 est.
2225 4661 2341 4727 Quo
2388 4669 2625 4728 tempore
2658 4676 2999 4730 paeenrquaz
3026 4678 3055 4715 a
3082 4663 3432 4724 Nortmannis

1849 4753 2154 4822 petebatur,
2176 4767 2359 4806 mense
2382 4749 2600 4805 Octobri
2614 4750 2777 4818 jussit
2800 4751 3138 4817 confirmari;
3169 4754 3431 4826 factisque

1851 4842 2099 4896 omnibus
2150 4856 2267 4909 quae
2296 4841 2349 4894 in
2403 4841 2592 4895 eodem
2622 4840 2822 4908 placito
2875 4848 2929 4895 et
2981 4844 3165 4912 peragi
3197 4853 3253 4899 et
3300 4845 3431 4900 defl-

1853 4935 1952 4987 niri
1980 4934 2090 4987 visa
2120 4940 2265 4996 sunt,
2292 4934 2405 4999 ipse
2434 4932 2649 5000 quidem
2676 4947 2795 4985 eum
2820 4930 2929 4985 filio
2952 4930 3209 4986 Lothario
3228 4933 3426 4990 Novio-

1853 5039 2065 5093 magum
2122 5024 2412 5086 concessit,
2451 5022 2662 5075 minore
2712 5020 2985 5075 Ludovico
3039 5022 3094 5075 in
3125 5022 3425 5090 Bajoariam

1851 5115 2074 5167 dimisso
2109 5132 2119 5165 :
2173 5113 2425 5182 factaque
2455 5110 2696 5165 autumni
2733 5110 2992 5178 temporis
3040 5112 3325 5167 venatione
3372 5114 3427 5168 in

1851 5207 2100 5274 Aquense
2129 5205 2386 5274 palatium
2440 5203 2615 5257 rediit.
2671 5202 2753 5256 Ab
2799 5203 2902 5255 hoc
2931 5211 3201 5257 conventu
3246 5218 3428 5274 regre—

1851 5298 2119 5351 dientibus
2166 5296 2516 5365 Bulgarorum
2566 5293 2765 5358 missis,
2798 5292 3112 5361 litterasque
3139 5294 3425 5363 imperato-

1854 5387 1926 5440 ris
1952 5384 2339 5448 deferentibus,
2370 5398 2464 5437 rex
2484 5396 2672 5435 eorum
2700 5381 2877 5434 minus
2905 5390 3056 5449 grate
3078 5397 3198 5451 quae
3224 5382 3424 5451 scripta

1853 5484 1977 5531 sunt
2003 5475 2146 5539 tulit,
2176 5489 2240 5529 eo
2262 5473 2406 5542 quod
2434 5472 2600 5541 petita
2636 5486 2741 5525 non
2765 5470 3089 5539 impetrarit.
3115 5471 3249 5525 Cum
3286 5487 3422 5540 qua-

1855 5568 1975 5623 dam
2011 5580 2140 5637 ergo
2166 5564 2593 5620 stomachatione
2635 5561 2881 5616 eumdem
2938 5561 3185 5614 nuntium
3240 5562 3424 5615 remit-

1852 5668 1993 5722 tens,
2025 5656 2303 5711 mandavit
2356 5664 2414 5708 ut
2451 5661 2543 5708 aut
2590 5652 2891 5708 communis
2933 5650 3117 5704 [inium
3161 5650 3425 5703 terminus

1854 5756 2201 5811 statueretur,
2240 5754 2331 5801 aut
2356 5758 2670 5815 quacunque
2695 5752 2905 5813 poterat
2935 5742 3131 5795 virtute
3182 5746 3424 5793 tueretur
