3906 6322
496 373 601 429 955

1607 372 1928 430 LUDOVICI
1971 375 1989 429 Ι
2029 373 2499 432 (ῙΟΟΝΟΜΕΝΤΟ
2538 375 2624 429 Pll

3666 390 3755 442 956

483 486 685 540 limites
745 500 967 539 suorum
1014 484 1223 539 ﬁnium.
1275 483 1381 539 Sed
1429 500 1552 539 cum
1603 484 1746 539 fama
1794 500 2066 540 rumorem
2096 488 2145 546 Α
2173 486 2333 539 mitti.
2378 485 2548 556 Hujus
2582 486 2850 543 desiderio
2874 487 3124 544 dominus
3172 495 3506 562 apostolicus
3550 499 3759 553 satisfa-

480 578 790 651 sparsisset,
844 593 1026 649 regem
1052 578 1176 633 talia
1207 580 1552 635 mandantem
1611 597 1778 652 regno
1805 582 2067 644 caruisse,

482 670 780 737 imperator
830 669 1018 723 tandiu
1071 669 1304 741 legatum
1338 671 1528 737 tenuit,
1573 688 1854 741 quousque
1904 672 2070 726 misso

481 760 727 815 Bertrioo
781 761 979 815 comite
1008 761 1215 831 palatii,
1255 762 1387 817 falsa
1414 778 1535 818 esse
1581 779 1701 834 qua:
1722 762 2072 833 jactabantur

479 852 854 922 comperisset.
895 852 1117 908 Rescita
1146 861 1328 909 autem
1375 855 1624 921 veritate,
1675 856 1900 911 missum
1934 854 2069 910 infe-

481 949 572 998 cto
600 942 817 1010 negotio
850 943 1080 997 remisit.

552 1033 675 1104 Ipso
724 1049 866 1089 anno
914 1033 1083 1107 (826),
1149 1035 1404 1092 Kalendis
1450 1036 1753 1103 Februarii,
1809 1036 2069 1106 Pippinus

482 1125 625 1181 ﬁlius
652 1126 996 1195 imperatoris
1018 1127 1084 1182 ad
1112 1135 1323 1196 patrem
1364 1127 1535 1197 Aquis
1576 1128 1904 1181 hiemantem
1947 1142 2072 1196 per-

480 1218 649 1273 venit.
698 1216 795 1275 Cui
823 1218 893 1273 ab
933 1218 1260 1288 imperatore
1287 1234 1416 1274 cura
1461 1219 1858 1280 commendata,
1889 1226 1950 1272 ut
1979 1234 2071 1287 pa-

480 1318 632 1366 ratus
684 1319 872 1377 esset,
916 1311 962 1366 si
1011 1311 1145 1381 quid
1204 1327 1268 1367 ex
1322 1310 1569 1381 partibus
1620 1309 1891 1377 Hispaniae
1939 1309 2067 1361 novi

478 1402 737 1466 oriretur,
766 1402 999 1471 qualiter
1025 1402 1245 1457 obviare
1272 1410 1476 1471 posset,
1505 1414 1784 1471 regressus
1808 1410 1909 1454 est.
1963 1400 2067 1453 Im-

481 1500 701 1565 perator
752 1508 884 1548 vero
930 1492 1185 1548 Kalendis
1238 1491 1381 1547 Junii
1435 1492 1637 1546 mensis
1675 1491 1743 1546 ad
1776 1491 2067 1561 lngelheim

482 1584 651 1650 venit,
680 1583 987 1652 ibidemque
1010 1583 1087 1638 illi
1113 1595 1410 1639 conventus
1432 1582 1611 1653 populi
1639 1582 1746 1648 sui,
1772 1582 2069 1637 secundum

484 1677 630 1746 quod
685 1681 1038 1745 praeceperat,
1095 1674 1351 1730 occurrit.
1380 1674 1442 1727 ln
1492 1674 1683 1728 eodem
1732 1672 1933 1743 placito
1980 1687 2069 1727 sc-

482 1764 718 1822 eundum
770 1779 978 1819 morem
1014 1779 1170 1818 suum
1217 1764 1385 1817 multa
1415 1778 1535 1832 qua:
1579 1762 1837 1817 Ecclesiae
1888 1768 2070 1817 essent

2171 576 2343 640 ciens,
2401 592 2499 645 per
2557 578 2844 647 praedictos
2905 580 3102 635 missos
3160 586 3526 641 sacratissimi
3580 589 3762 645 militia

2171 664 2373 719 Christi
2399 667 2620 721 exuvias
2645 668 2812 724 misit.
2867 668 2996 737 Quae
3031 672 3445 744 religiosissime
3484 694 3514 731 a
3571 682 3763 749 praedi.

2171 766 2261 811 cto
2286 758 2407 813 viro
2436 767 2719 829 susceptae,
2749 768 2910 830 atque
2933 763 3153 817 interim
3193 781 3317 821 cum
3356 768 3539 823 loculo
3580 782 3759 825 vecta-

2171 848 2333 913 torio,
2382 856 2442 902 ut
2476 848 2652 903 allata:
2698 860 2842 917 sunt,
2886 850 3044 920 juxta
3106 870 3304 926 corpus
3329 858 3477 913 beati
3526 860 3762 917 Medardi

2169 943 2379 1010 positae.
2406 942 2612 1010 Quibus
2650 943 2724 998 ibi
2760 946 3203 1013 consistentibus,
3251 958 3467 1005 tantam
3496 952 3646 1007 Deus
3674 969 3765 1021 per

2170 1035 2519 1102 praesentiam
2577 1034 2839 1090 adventus
2886 1050 3077 1092 eorum
3140 1040 3464 1096 mortalibus
3519 1044 3767 1097 attribuit

2170 1123 2435 1177 virtutum
2482 1124 2711 1194 copiam,
2744 1132 2805 1178 ut
2855 1126 3145 1183 multitudo
3176 1146 3465 1185 numerum
3512 1135 3761 1188 excedat.

2170 1213 2342 1268 Porro
2376 1214 2607 1283 qualitas
2658 1214 2817 1270 ﬁdem
2848 1229 3089 1286 superet,
3139 1220 3242 1274 nisi
3269 1222 3349 1276 eis
3388 1222 3622 1278 auribus
3653 1240 3764 1279 cre-

2169 1301 2331 1356 datur
2353 1304 2549 1372 quibus
2588 1320 2906 1374 persuasum
2936 1316 3022 1361 est
3047 1307 3179 1363 nihil
3231 1325 3543 1382 repugnare
3572 1314 3765 1368 divina:

2164 1390 2419 1460 jussioni,
2451 1395 2544 1448 sed
2565 1402 2621 1449 et
2649 1396 2829 1449 omnia
2856 1396 3132 1465 possibilia
3156 1414 3275 1454 esse
3298 1401 3572 1455 credenti.

2242 1482 2514 1537 Prreterea
2557 1483 2763 1540 Aizone
2808 1484 3099 1540 infestante
3124 1502 3219 1543 eos
3256 1490 3349 1558 qui
3382 1491 3437 1543 in
3467 1493 3682 1545 nostris
3709 1492 3768 1544 ti-

2170 1573 2331 1629 nibus
2372 1574 2760 1641 consistebant,
2788 1585 2844 1631 et
2870 1578 3140 1647 przecipue
3167 1579 3508 1635 Ceritaniam
3555 1582 3768 1637 νευρω-

2171 1680 2397 1733 semque
2437 1666 2716 1737 regionem
2763 1682 3153 1738 usquequaque
3181 1680 3434 1725 vastante
3471 1688 3544 1727 eo
3603 1688 3769 1741 usque

2173 1756 2490 1811 immanitas
2538 1757 2682 1813 illius
2714 1760 2997 1829 processit,
3031 1762 3407 1816 annitentibus
3455 1762 3767 1817 Maurorum

482 1857 638 1913 utilia
688 1856 991 1921 admonuit,
1036 1856 1226 1910 statuit
1266 1872 1330 1910 ac
1359 1855 1623 1919 deﬁnivit,
1662 1854 2070 1926 legationesque
2099 1831 2144 1889 Β
2173 1854 2230 1899 el
2282 1844 2676 1902 Saracenorum
2725 1849 2961 1914 auxiliis,
3005 1858 3068 1903 ιιι
3115 1850 3283 1921 aliqui
3330 1866 3660 1907 nosuorum
3683 1870 3763 1909 ca-

482 1958 594 2004 tam
633 1964 664 2004 a
692 1956 879 2004 sancta
918 1948 1045 2003 sedc
1089 1947 1354 2014 Romana,
1395 1964 1558 2017 quam
1584 1962 1613 2001 a
1640 1955 1823 2002 monte
1851 1946 2069 2011 Oliveti,

482 2055 580 2111 per
606 2039 946 2095 Dominicum
987 2038 1240 2093 abbatem
1268 2038 1506 2108 perlatas
1537 2037 1795 2106 suscepit,
1844 2034 2067 2091 audivit.

482 2130 732 2187 absolvit.
765 2130 877 2185 Nec
908 2144 1017 2184 non
1052 2129 1188 2183 duos
1217 2128 1403 2193 duces,
1449 2126 1791 2198 Ceadragnm
1842 2124 2073 2179 Abodri-

480 2227 773 2284 torum,-et
801 2219 1135 2289 Tunglonem
1186 2217 1538 2283 Soraborum,
1593 2232 1714 2272 cum
1747 2229 2074 2271 accusaren-

482 2318 586 2372 tur,
616 2316 672 2362 et
720 2309 970 2378 probatio
1008 2308 1143 2363 satis
1174 2308 1320 2363 clara
1366 2308 1652 2373 emineret,
1678 2307 1974 2378 castigatos
2004 2305 2072 2360 ad

481 2400 700 2470 propria
742 2400 976 2455 remisit.
1026 2398 1139 2453 Nec
1169 2413 1277 2452 non
1306 2397 1593 2452 Herioldus
1620 2413 1648 2451 a
1699 2397 2071 2451 Nortmannize

478 2492 723 2562 partibus
761 2506 882 2545 cum
916 2502 1085 2543 uxore
1111 2488 1355 2551 veniens,
1380 2489 1763 2556 Danorumque
1788 2502 1894 2541 non
1946 2501 2074 2555 par-

481 2596 547 2635 va
600 2596 783 2645 manu,
812 2578 1131 2649 Magoutiaei
1164 2577 1303 2647 apud
1347 2583 1597 2631 sanctum
1622 2576 1914 2640 Albanum,
1948 2590 2072 2629 cum

482 2673 597 2727 suis
624 2672 896 2735 omnibus,
933 2670 1075 2724 sacri
1111 2668 1457 2739 baptismatis
1499 2668 1660 2735 unda,
1688 2676 1771 2722 est
1800 2665 2072 2736 perfusus,

480 2763 838 2836 plurimisque
863 2761 1181 2816 muneribus
1226 2760 1294 2814 ab
1324 2759 1652 2828 imperatore
1681 2759 1935 2813 donatus.
1969 2755 2076 2810 Ve-

481 2872 607 2913 rens
636 2866 819 2911 autem
866 2853 1143 2925 piissimus
1177 2853 1473 2923 imperator
1509 2865 1577 2905 ne
1604 2850 1673 2904 ob
1718 2848 1825 2903 tale
1871 2846 2073 2902 factum

479 2956 779 3020 negaretur
798 2947 848 3001 ei
874 2946 1139 3001 habitatio
1168 2944 1270 2999 soli
1304 2941 1589 3007 naturalis,
1617 2940 1765 2995 dedit
1788 2940 1839 2993 ei
1886 2952 2073 3007 quem-

481 3043 605 3097 dam
664 3039 985 3096 comitatum
1037 3038 1092 3091 in
1146 3036 1343 3101 Frisia,
1409 3033 1565 3103 cujus
1619 3032 1937 3087 vocabulum
1992 3040 2075 3085 est

481 3134 733 3191 Biustri:
778 3147 886 3201 quo
937 3146 997 3186 se
1047 3144 1303 3198 suosque,
1357 3128 1404 3182 si
1462 3126 1761 3181 necessitas
1810 3124 2069 3193 exigeret,

481 3233 599 3280 tuto
635 3224 879 3293 recipere
910 3228 1111 3291 posset.
1143 3220 1356 3273 Interea
1393 3232 1516 3272 cum
1559 3214 1839 3269 Baldricus
1878 3224 1933 3267 et
1965 3211 2044 3267 Ge

481 3315 706 3378 raldus,
761 3312 1051 3380 eaeterique
1106 3309 1509 3364 Pannoniarum
1571 3304 1826 3361 custodes
1882 3302 2069 3357 ﬁnium

480 3406 752 3468 adessent,
779 3403 1005 3456 adduxit
1030 3400 1312 3454 Baldricus
1339 3398 1558 3454 domino
1581 3396 1894 3464 imperatori
1920 3408 2073 3464 pres-

481 3495 735 3564 byterum
776 3491 1067 3561 quemdam
1112 3489 1331 3544 nomine
1364 3487 1704 3557 Gregorium,
1756 3486 1909 3539 bona:
1948 3484 2072 3537 vita:

484 3585 782 3647 hominem,
830 3582 921 3651 qui
990 3581 1197 3635 diceret
1245 3594 1509 3648 organum
1560 3591 1713 3632 more
1759 3576 2072 3631 Graecorum

481 3668 639 3745 posSc
661 3685 1010 3742 componere.
1039 3669 1213 3735 Quem
1244 3670 1542 3739 imperator
1566 3676 1845 3739 gratanter
1886 3680 2070 3721 susce-

482 3765 598 3835 pit:
626 3771 680 3818 et
705 3762 833 3831 quia
864 3762 1006 3815 Deus
1027 3760 1105 3814 illi
1132 3774 1252 3829 quae
1278 3766 1405 3815 ante
1432 3774 1492 3814 se
1528 3760 1786 3813 inusitata
1820 3766 1979 3813 erant
2019 3759 2074 3813 in

484 3871 650 3924 regno
692 3854 1028 3907 Francorum
1084 3851 1434 3916 attribuebat,
1486 3851 1784 3921 gratiarum
1837 3850 2075 3904 actiones

482 3947 736 4009 reddidit,
767 3960 831 3999 ac
878 3942 1140 3998 Tancull‘o
1188 3957 1471 3998 sacrorum
1502 3943 1826 3997 scriniorum
1852 3942 2075 4010 praelato

486 4037 908 4099 commendavit,
950 4034 1291 4104 publicisque
1344 4033 1630 4104 stipendiis
1673 4047 1865 4087 curare
1915 4031 2078 4101 jussit

486 4140 543 4184 et
570 4144 633 4184 ea
662 4139 784 4198 qute
829 4128 956 4181 huic
1003 4126 1154 4195 operi
1204 4125 1512 4180 necessaria
1562 4123 1739 4179 forent
1772 4138 2078 4194 prmparare

488 4220 780 4277 mandavit.
813 4219 934 4288 Ipso
974 4220 1179 4271 interea
1232 4234 1374 4272 anno
1403 4218 1581 4272 medio
1626 4216 1846 4272 Octobri
1874 4224 2076 4271 emtum

486 4311 666 4382 populi
710 4310 1093 4365 Germanicum
1145 4308 1293 4363 coire
1320 4307 1482 4375 jussit
1528 4317 1676 4362 trans
1721 4308 1990 4373 Rhenum,
2022 4308 2075 4360 in

486 4403 611 4458 villa
638 4402 793 4471 cujus
824 4398 1144 4454 vocabulum
1196 4408 1279 4453 est
1314 4398 1460 4453 Salz.
1490 4398 1549 4452 In
1580 4413 1683 4468 qua
1736 4398 2072 4461 consistenti,

2173 1938 2327 1992 stella
2348 1947 2403 1994 et
2455 1941 2745 2010 municipia
2802 1956 2923 2010 qua:
2971 1943 3236 1998 hactenus
3266 1954 3569 1999 tenuerant
3620 1946 3777 1999 relin-

2176 2044 2344 2099 quere
2396 2042 2739 2101 cogerentur,
2769 2032 3097 2103 plurimique
3124 2035 3290 2089 etiam
3324 2050 3353 2088 a
3388 2037 3555 2090 nobis
3591 2036 3774 2090 deﬁce

2173 2129 2315 2187 rent,
2358 2131 2621 2177 eteorum
2661 2138 2720 2178 se
2746 2123 2996 2177 societati
3040 2123 3357 2179 conferrent
3406 2126 3588 2195 (827).
3640 2126 3776 2180 later

2172 2229 2309 2284 quos
2337 2213 2735 2269 Willemundus
2777 2214 2930 2269 Bene
2977 2213 3138 2280 ﬁlius,
3178 2230 3370 2269 eorum
3415 2216 3770 2285 perduellioni

2177 2320 2302 2360 eum
2320 2304 2570 2373 plurimis
2594 2303 2985 2361 ftederatorum
3011 2320 3070 2360 se
3088 2305 3293 2374 junxit.
3321 2307 3408 2361 Ad
3430 2322 3580 2375 quos
3605 2315 3774 2359 motus

2172 2396 2631 2465 comprimendos,
2686 2403 3013 2465 nostrosque
3068 2396 3435 2460 roborandos,
3495 2396 3635 2451 dum
3683 2396 3773 2450 im—

2172 2491 2395 2553 perator
2416 2484 2714 2537 exercitum
2738 2482 2868 2538 illuc
2890 2484 3213 2538 mittendum
3239 2485 3486 2549 ordinat,
3511 2484 3772 2553 praemisit

2173 2575 2452 2630 Elisachar
2476 2574 2749 2639 abbatem,
2783 2582 2839 2629 et
2882 2573 3311 2628 Hiidebrandum
3340 2574 3637 2638 comitem,
3681 2588 3769 2626 nec

2176 2682 2280 2721 non
2310 2675 2365 2720 et
2387 2666 2676 2721 Donatum.
2725 2666 2829 2733 Qui
2857 2666 3249 2736 praecedentes,
3283 2667 3496 2736 junctis
3523 2667 3633 2720 sibi
3672 2666 3766 2720 Go-

2176 2759 2394 2812 thorum
2455 2758 2927 2829 Hispanorumque
2975 2759 3180 2829 copiis,
3212 2759 3431 2813 illorum
3484 2760 3767 2829 protervize

2175 2847 2526 2918 pertinaciter
2555 2848 2893 2913 restiterunt,
2914 2847 3194 2904 Bernardo
3218 2851 3639 2918 quummaxime
3661 2848 3767 2901 Bar.

2177 2938 2385 2993 cinonrc
2414 2940 2611 2993 comite
2649 2947 2878 2993 conatus
2900 2954 3087 2993 eorum
3123 2940 3176 2991 in
3206 2940 3426 2992 irritum
3454 2939 3763 2992 deducente.

2178 3029 2331 3096 Quod
2359 3044 2589 3084 cernens
2615 3028 2773 3095 Aizo,
2822 3031 3121 3085 exercitum
3154 3045 3183 3082 a
3222 3030 3519 3084 Saracenis
3552 3031 3765 3099 petitam

2177 3120 2312 3174 abiit
2337 3120 2739 3188 praatorianum.
2780 3120 2952 3187 Quem
2976 3121 3323 3190 impetratum
3351 3136 3480 3175 cum
3525 3122 3664 3174 duce
3685 3135 3767 3175 suo

2176 3210 2509 3265 Abumarum
2567 3209 2941 3284 [Amaruan]
3021 3210 3500 3282 Caesaraugustam
3555 3221 3615 3265 et
3659 3212 3767 3265 inde

2177 3316 2349 3370 usque
2398 3300 2466 3354 ad
2510 3301 2869 3357 Barcinonam
2924 3303 3197 3372 perduxit.
3257 3300 3432 3357 Porro
3482 3302 3767 3370 imperator

2174 3390 2463 3459 Pippinum
2489 3390 2660 3445 ﬁlium
2686 3408 2845 3446 suum
2874 3392 3183 3462 Aquitaniae
3214 3407 3396 3463 regem
3433 3403 3629 3448 contra
3681 3409 3766 3448 eos

2175 3485 2343 3548 misit,
2385 3484 2652 3553 simulque
2687 3486 2884 3540 missos
2906 3500 2972 3540 ex
3020 3487 3193 3541 latere
3237 3502 3336 3539 suo
3382 3486 3672 3555 llugonem
3718 3496 3766 3539 ct

2176 3574 2487 3629 Matfridum
2528 3575 2775 3629 comites.
2830 3575 3037 3641 Quibus
3066 3576 3443 3629 meticulosius
3473 3591 3637 3644 quam
3682 3574 3765 3628 de-

2177 3666 2291 3720 cuit
2318 3666 2756 3729 occurrentibus,
2785 3665 2970 3719 tandiu
2997 3680 3164 3719 morte
3188 3666 3403 3719 innexm
3430 3674 3563 3719 sunt
3588 3666 3761 3725 moris.

2176 3770 2457 3824 quousque
2482 3755 2558 3809 illi
2590 3763 2802 3810 vastata
2831 3755 3149 3810 Barcinouze
3180 3765 3341 3825 atque
3370 3755 3644 3810 Gerunda:
3688 3772 3762 3809 re-

2176 3850 2334 3920 gione
2355 3890 2368 3914 ,
2401 3849 2873 3919 Caesaraugustam
2917 3865 3037 3904 sese
3068 3860 3411 3919 receperunt.
3471 3848 3759 3904 Praecesseo

2177 3949 2303 3994 runt
2325 3956 2456 3995 sane
2484 3942 2624 3995 hanc
2673 3940 2881 3995 cladem
2938 3939 3209 3993 terribiles
3239 3938 3345 3992 illa:
3395 3939 3503 3993 sub
3535 3947 3763 4008 tempore

2177 4038 2440 4084 nocturno
2470 4030 2633 4095 acies,
2665 4030 2901 4084 humano
2935 4029 3197 4099 sanguine
3239 4029 3561 4093 rutilantes,
3608 4030 3761 4099 ignis-

2177 4131 2283 4185 que
2311 4119 2514 4188 pallore
2566 4117 2878 4188 ﬂagrantes.
2928 4118 3227 4187 lmperator
3274 4133 3442 4187 porro
3498 4118 3759 4171 venationi

2181 4206 2501 4278 [Imperator
2532 4224 2693 4277 porro
2728 4208 3059 4279 Compendio
3103 4223 3282 4262 annua
3330 4210 3636 4277 suscipiens
3682 4209 3764 4261 do-

2180 4318 2267 4367 na,
2301 4302 2384 4355 his
2413 4304 2725 4372 compertis,
2775 4304 2843 4357 ad
2897 4317 3059 4371 supra
3090 4302 3292 4356 dictam
3326 4317 3577 4356 marcam
3628 4309 3762 4353 tuen-

2179 4391 2302 4445 dam
2328 4391 2524 4445 auxilia
2555 4392 2864 4455 destinavit,
2899 4400 2953 4446 et
2974 4405 3145 4459 usque
3166 4391 3235 4443 ad
3259 4390 3490 4445 hiberna
3526 4400 3756 4458 tempora

488 4492 713 4564 perﬁdia
746 4499 907 4559 atque
939 4490 1173 4545 defectio
1193 4489 1415 4544 Aizonis
1449 4491 1697 4543 nuntiata
1725 4496 1827 4552 est,
1883 4489 1975 4557 qui
2013 4488 2079 4542 de
2105 4518 2157 4578 D
2182 4481 2477 4542 venationi.
2509 4482 2639 4552 etc]
2665 4483 2717 4535 in
2766 4481 2991 4535 saltibus
3042 4481 3377 4548 (Zompendio
3405 4489 3460 4534 et
3496 4479 3759 4535 CariSEaco

490 4583 689 4655 palatio
742 4581 949 4635 domini
1010 4580 1356 4648 imperatoris
1412 4578 1645 4649 fugiens,
1702 4579 1767 4632 ad
1802 4579 2077 4635 civitatem

489 4678 764 4730 Ausonam
817 4672 982 4738 venit,
1013 4672 1197 4741 ibique
1227 4679 1499 4740 receptus,
1540 4670 1745 4725 Rodam
1779 4671 2074 4735 subvertit;

491 4768 585 4822 sed
611 4776 665 4821 et
692 4767 947 4820 resistere
966 4765 1264 4818 nitentibus
1292 4780 1399 4818 non
1437 4778 1630 4833 parum
1672 4763 2080 4820 incommodita-

493 4863 562 4916 lis
586 4859 785 4915 intulit.
813 4857 1045 4913 Castella
1075 4870 1195 4925 quae
1228 4856 1526 4925 irrumpere
1556 4856 1731 4924 potuit
1760 4855 2075 4909 custodibus

494 4950 761 5021 impositis
815 4947 1027 5003 fortiter
1065 4946 1435 5001 communivit.
1477 4944 1581 5000 Sed
1610 4953 1664 4999 et
1716 4946 1877 4999 misso
1910 4944 2076 4999 fratre

492 5058 593 5097 suo
623 5041 689 5094 ad
717 5054 897 5109 regem
922 5037 1318 5092 Saracenorum
1354 5036 1684 5090 Abdiraman
1712 5036 1945 5099 nomine,
1980 5052 2072 5088 va-

496 5134 663 5187 lidum
699 5137 887 5185 contra
913 5143 1011 5183 nos
1039 5127 1313 5182 exercitus
1339 5127 1505 5181 robur
1523 5126 1746 5195 accepit.
1780 5125 1908 5192 Qum
1952 5126 2073 5195 qui-

496 5225 616 5277 dem
647 5220 990 5289 imperatoris
1031 5218 1269 5272 animum
1306 5225 1733 5273 commoverunt.
1771 5215 1855 5269 Nil
1898 5225 2076 5269 tamen

493 5326 727 5383 prepere
790 5309 1083 5379 gerendum
1137 5317 1305 5373 ratus,
1369 5308 1798 5363 consiliariorum
1856 5323 2076 5362 suorum

496 5403 846 5466 sententiam,
870 5402 996 5472 quid
1017 5401 1107 5455 tali
1138 5400 1281 5455 facto
1301 5416 1437 5469 opus
1459 5409 1622 5466 esset,
1653 5399 2074 5468 statuitoperiri.

496 5497 600 5552 Per
632 5496 776 5564 idem
808 5506 1022 5567 tempus
1052 5495 1336 5551 Hilduinus
1378 5497 1545 5551 abbas
1572 5496 1887 5551 monasterii
1935 5493 2077 5549 beati

498 5589 737 5659 Dionysii
767 5589 998 5644 Romam
1026 5590 1321 5644 monachos
1346 5589 1624 5658 petitionis
1648 5603 1757 5642 sua:
1782 5584 1990 5653 bajulos
2014 5586 2081 5639 ad

500 5678 795 5749 Eugenium
850 5688 1051 5735 sancta:
1096 5680 1351 5735 Romanze
1399 5680 1542 5733 sedis
1570 5677 1852 5749 pra‘sulem
1911 5676 2078 5739 misit,

500 5766 746 5837 ﬂagitans
777 5786 899 5826 ossa
924 5771 1067 5825 beati
1112 5769 1415 5826 Sebastiani
1470 5769 1721 5839 martyris
1760 5768 1860 5822 sibi
1905 5776 2080 5820 trans-

2184 4569 2451 4638 c0utiguis
2483 4570 2696 4624 institit.
2728 4571 2928 4624 Eodem
2975 4585 3116 4622 anno
3158 4584 3344 4623 mense
3375 4570 3622 4640 Augusto
3661 4570 3755 4622 Eu-

2177 4662 2371 4731 genius
2403 4677 2536 4731 papa
2574 4662 2715 4716 diem
2759 4662 3008 4715 ultimum
3040 4660 3250 4715 clausit.
3292 4659 3617 4714 Valentinus
3652 4660 3754 4713 dia-

2184 4767 2351 4805 conus
2378 4751 2494 4806 loco
2525 4753 2641 4822 ejus
2669 4752 2953 4807 successit.
2986 4752 3101 4817 Quo
3131 4751 3218 4804 vix
3275 4765 3385 4803 uno
3441 4765 3633 4805 mense
3679 4766 3757 4803 su-

2183 4844 2427 4911 perstite,
2452 4844 2570 4898 loco
2602 4844 2743 4899 illius
2775 4845 3067 4915 Gregorius
3096 4844 3387 4913 presbyter
3414 4843 3555 4896 tituli
3598 4845 3756 4897 sancti

2187 4934 2351 4987 Marci
2377 4935 2581 4989 electus
2629 4945 2742 5000 est,
2793 4934 2957 4988 dilata
3005 4932 3419 4987 consecratione
3443 4932 3564 5001 ejus
3603 4947 3755 5001 usque

2185 5025 2250 5078 ad
2282 5025 2587 5078 consultum
2612 5026 2971 5095 imperatoris.
3006 5024 3124 5090 Quo
3151 5035 3441 5087 annuente,
3478 5028 3755 5081 etelectio~

2184 5132 2305 5170 nem
2343 5117 2472 5171 eleri
2511 5127 2564 5171 et
2594 5120 2769 5189 populi
2798 5120 3075 5189 probante,
3119 5119 3404 5174 ordinatus
3436 5132 3519 5174 est
3568 5122 3619 5173 in
3652 5121 3754 5172 loco

2184 5210 2399 5279 prioris.
2443 5209 2627 5279 Legati
2670 5208 3010 5278 imperatoris
3054 5208 3333 5264 Michaelis
3391 5211 3581 5266 eodem
3627 5228 3754 5265 anno

2183 5319 2367 5359 mense
2397 5305 2739 5374 Septembrio
2772 5303 3162 5372 Compendium
3216 5314 3512 5369 venerunt,
3542 5321 3753 5360 munem

2185 5393 2480 5448 attulerunt
2506 5411 2517 5446 :
2556 5394 2807 5448 nobiliter
2839 5394 3095 5462 suscepti,
3128 5396 3543 5464 opulentissime
3569 5398 3752 5457 curati,

2189 5486 2484 5541 liberaliter
2511 5487 2799 5551 munerati,
2831 5496 2886 5541 et
2924 5501 3179 5555 prospere
3204 5495 3330 5541 sunt
3363 5491 3618 5557 regressi.
3652 5488 3752 5556 Ipsi

2189 5598 2329 5637 anno
2356 5582 2653 5636 Heinardus
2686 5578 3093 5651 [Eginhardus],
3121 5579 3364 5633 virorum
3387 5582 3470 5635 sui
3515 5580 3753 5650 temporis

2190 5672 2657 5741 prudentissimus,
2688 5680 2885 5725 sanctre
2928 5670 3228 5724 devotionis
3270 5671 3465 5725 ardore
3494 5673 3750 5724 inuitatus.

2195 5764 2418 5819 Romam
2466 5764 2631 5830 misit,
2660 5773 2711 5818 et
2740 5778 2964 5831 corpora
3012 5771 3325 5817 sanctorum
3374 5762 3664 5819 Marcellini
3707 5772 3751 5812 rt
