3906 6342
201 399 318 456 937

1746 399 1923 455 VITA.

196 511 381 578 Petri,
440 518 708 566 annuente
733 526 890 582 papa,
923 513 974 565 in
1002 512 1290 566 Franciam
1346 512 1474 566 fecit
1499 513 1790 578 transvehi,
1822 519 1872 574 Α
1899 530 2067 581 mum,
2098 518 2289 574 deinde
2331 520 2398 575 ad
2431 519 2834 591 imperatorem,
2865 525 3100 596 professi
3149 536 3274 582 sunt
3327 545 3477 584 erm-

197 614 265 660 et
300 604 455 658 valde
489 604 742 660 decenter
786 605 840 658 in
870 605 1090 674 proprio
1127 604 1406 660 territorio
1456 605 1796 674 propriisque

197 697 516 766 sumptibus
578 696 900 751 recondidit.
973 696 1215 764 Quorum
1275 697 1484 752 meritis
1530 700 1796 752 hactenus

197 788 284 843 ibi
315 787 482 842 multa
502 787 762 843 virtutum
788 789 1048 843 miracula
1086 797 1344 858 operatur
1367 789 1648 844 Dominus.

279 883 462 938 Mense
487 882 782 939 Februario
809 884 1088 953 sequentis
1137 884 1335 939 hiemis
1362 883 1510 955 (828)
1559 899 1793 939 conven~

198 981 296 1027 tus
327 974 540 1028 habitus
566 973 814 1041 publicus
837 973 1187 1043 Aquisgrani,
1213 974 1306 1028 ubi
1363 988 1486 1028 cum
1536 974 1592 1027 in
1649 975 1788 1041 aliis,

199 1071 325 1118 tum
369 1065 604 1118 maxime
629 1063 873 1119 fervebat
894 1079 983 1120 res
1011 1065 1068 1119 in
1102 1080 1284 1120 marca
1305 1065 1595 1136 Hispanica
1623 1081 1793 1136 nuper

197 1155 465 1208 damnose
487 1155 954 1224 ignominioseque
987 1165 1227 1225 peracta.
1289 1155 1406 1222 Qua
1434 1155 1691 1210 ventilata
1738 1165 1792 1212 et

193 1247 642 1304 enucleatissime
694 1250 1052 1322 investigata,
1098 1251 1153 1305 hi
1210 1251 1414 1319 reperti
1457 1258 1585 1304 sunt
1633 1249 1792 1319 hujus

196 1336 376 1405 culp-.2
424 1347 678 1394 auctores
726 1340 820 1410 qui
881 1339 950 1394 ab
1007 1340 1336 1409 imperatore
1381 1338 1622 1409 prazfecti
1665 1349 1791 1395 sunt

196 1429 391 1484 duces.
457 1429 567 1486 Hos
610 1446 739 1503 ergo
788 1431 1128 1486 solummodo
1174 1431 1475 1486 honoribus
1522 1430 1789 1500 ademptis

195 1518 353 1574 luere
370 1519 533 1588 jussit
558 1521 858 1589 imperator
879 1519 1090 1591 culpam
1120 1519 1281 1589 hujus
1300 1521 1544 1590 ignaviae.
1567 1520 1785 1576 Itidem-

193 1625 309 1679 que
335 1610 581 1665 Baldrico
613 1611 736 1665 duci
771 1609 1130 1680 Forojuliensi
1176 1611 1305 1665 dum
1361 1609 1690 1678 objiceretur
1733 1621 1790 1666 et

190 1699 488 1768 probatum
522 1707 667 1754 esset
689 1697 806 1766 ejus
837 1700 1048 1770 ignavia
1091 1708 1148 1754 et
1195 1700 1405 1754 incuria
1457 1707 1723 1754 vastatam
1756 1715 1786 1753 a

191 1787 448 1860 Bnlgaris
466 1798 706 1843 nostram
755 1789 1052 1859 regionem,
1105 1789 1292 1859 pulsus
1328 1797 1410 1844 est
1453 1788 1678 1855 ducatu,
1731 1798 1786 1845 et

1897 620 2033 658 rem.
2089 606 2296 662 Dehinc
2347 609 2658 664 obtulerunt
2703 627 2996 684 congruam
3029 615 3284 672 vindictae
3311 619 3475 674 satis-

1895 694 2188 752 factionem
2214 717 2226 753 :
2252 699 2471 754 modum
2499 709 2680 756 autem
2717 704 3102 762 satisfactionis
3133 708 3479 766 conferentes

1895 786 1952 840 in
1977 787 2322 856 imperatoris
2352 790 2710 851 voluntatem.
2753 792 3043 851 dummodo
3070 797 3300 854 firmitas
3324 799 3478 870 pacis

1895 876 2210 933 inconvulsa
2247 888 2515 934 maneret.
2561 880 2765 947 Quibus
2815 885 3109 954 imperator
3132 903 3233 957 pro
3268 899 3394 946 voto
3419 898 3478 948 et

1892 968 2155 1036 petitione
2207 971 2417 1025 annuit.
2467 971 2777 1028 Bonifacius
2811 989 2994 1030 comes
3045 979 3111 1033 ab
3146 979 3477 1048 imperatore

1893 1057 2128 1126 Corsica:
2158 1061 2449 1130 prrefectus
2478 1064 2689 1130 insulae,
2722 1080 2843 1120 cum
2873 1065 3043 1122 fratre
3072 1067 3298 1127 Beraldo
3329 1072 3478 1131 aliis:-

1891 1165 1998 1220 que
2047 1150 2316 1220 adjunctis
2340 1154 2444 1209 sibi
2497 1170 2795 1212 conscensa
2823 1173 2991 1228 parva
3019 1159 3212 1228 classe,
3239 1163 3365 1218 dum
3394 1165 3476 1236 pi-

1892 1251 2042 1296 ratas
2096 1246 2441 1315 pervagando
2486 1249 2658 1302 maria
2710 1251 2938 1319 requirit
2991 1259 3047 1306 et
3087 1267 3196 1308 non
3247 1253 3478 1322 invenit,

1895 1331 2192 1388 Sardorum
2221 1337 2519 1392 amicorum
2548 1337 2652 1393 sibi
2695 1339 2928 1394 insulam
2967 1342 3175 1412 appulit
3202 1362 3218 1396 :
3243 1343 3480 1415 indeque

1894 1421 2031 1477 alios
2101 1439 2300 1494 gnaros
2363 1428 2562 1481 marini
2616 1429 2829 1484 itineris
2883 1431 2987 1486 sibi
3051 1448 3371 1500 assumens,
3420 1436 3477 1490 in

1889 1508 2131 1565 Africam
2161 1513 2437 1582 profectus
2466 1523 2567 1581 est,
2591 1524 2648 1571 et
2692 1524 3032 1575 transvectus
3063 1521 3205 1578 inter
3251 1522 3472 1579 Uticam

1889 1607 1944 1652 et
1985 1598 2390 1672 Carthaginem.
2422 1603 2624 1660 Contra
2671 1622 2832 1676 quem
2878 1610 3168 1666 multitudo
3216 1612 3476 1670 Afrorum

1890 1692 2236 1759 conveniens,
2269 1695 2555 1774 quinquies
2589 1696 2848 1764 conﬂixit,
2878 1700 3020 1755 inter
3059 1716 3204 1771 quos
3230 1710 3284 1758 et
3306 1719 3471 1773 quos-

1890 1780 2016 1835 dam
2066 1784 2293 1854 contigit
2354 1793 2608 1856 oppetere
2637 1795 2968 1858 nostrorum,
2999 1807 3136 1860 quos
3171 1801 3268 1848 aut
3303 1794 3474 1849 multa

194 1881 344 1936 inter
396 1889 631 1951 quatuor
692 1881 921 1936 comites
989 1879 1230 1948 ejusdem
1300 1887 1543 1950 potestas
1590 1879 1780 1934 divisa,
1815 1864 1863 1922 Β
1891 1871 2164 1939 alacritas,
2202 1883 2297 1928 aut
2317 1874 2624 1932 inconsulta
2649 1876 2841 1934 levitas
2872 1881 2939 1935 ad
2966 1883 3126 1937 nimis
3161 1885 3472 1941 audendum

191 1972 460 2041 Equidem
501 1973 849 2042 imperatoris
882 1973 1094 2027 animus
1119 1980 1310 2027 natura
1342 1972 1785 2028 misericordissi—

190 2078 320 2117 mus
355 2078 567 2133 semper
615 2065 967 2132 peccantibus
996 2065 1420 2120 misericordiam
1477 2080 1783 2137 praerogare

191 2154 422 2208 studuit.
452 2154 524 2208 At
550 2169 681 2209 vero
709 2155 745 2209 ii
781 2155 980 2224 quibus
1015 2155 1145 2209 talia
1169 2155 1409 2224 praestita
1452 2159 1601 2220 sont,
1648 2169 1782 2223 quo-

189 2245 358 2298 modo
384 2243 668 2299 clementia
708 2244 852 2300 illius
896 2245 1052 2300 abusi
1102 2253 1231 2300 sunt
1271 2245 1328 2298 in
1377 2244 1782 2310 crudelitatem,

187 2341 318 2405 post
343 2349 511 2404 pauca
538 2335 766 2405 patebit,
800 2350 925 2390 cum
954 2335 1214 2390 claruerit
1240 2335 1511 2406 quomodo
1533 2350 1632 2406 pro
1658 2336 1784 2390 vita:

189 2424 480 2490 beneﬁcio,
531 2441 798 2480 summam
826 2427 898 2492 ei,
929 2434 1192 2496 quantum
1221 2427 1277 2480 in
1323 2441 1382 2480 se
1417 2424 1540 2490 fuit,
1572 2427 1780 2495 impor-

191 2518 430 2572 taverint
454 2517 682 2572 cladem.
705 2518 826 2588 Ipso
863 2527 1106 2588 tempore
1151 2518 1483 2574 Ilalitcarius
1527 2518 1782 2576 Camera-

187 2609 374 2664 censis
420 2609 729 2679 episcopus,
778 2620 833 2665 et
868 2611 1144 2666 Auﬂ'ridus
1178 2609 1510 2684 [Ansfridus]
1562 2611 1779 2667 Nonan-

189 2699 320 2753 tulre
357 2691 688 2754 'monasterii
733 2701 922 2768 abbas,
951 2717 980 2756 a
1008 2700 1390 2757 transmarinis
1418 2701 1666 2771 partibus
1696 2717 1780 2757 re-

187 2791 460 2855 deuntes,
527 2792 916 2849 humanissime
981 2809 1041 2849 se
1109 2800 1391 2863 susceptos
1457 2808 1488 2848 a
1551 2792 1782 2848 Michael

188 2881 510 2936 retulerunt.
540 2881 841 2952 Imperator
869 2899 1002 2938 sane
1030 2892 1220 2939 aestate
1257 2884 1504 2953 sequenti
1528 2884 1582 2938 in
1608 2882 1782 2954 Ingcl-

188 2969 339 3024 heim
377 2977 701 3025 conventum
753 2973 1028 3042 publicum
1078 2975 1289 3028 habuit.
1351 2974 1538 3044 Ibique
1583 2974 1780 3029 missos

185 3073 343 3128 papae
371 3059 619 3127 Romani,
647 3061 930 3128 Quirinum
968 3064 1362 3133 primicerium,
1387 3072 1443 3118 et
1492 3063 1781 3136 The0phy-

183 3156 393 3210 laetum
444 3157 922 3224 nomenclatorem,
953 3174 1074 3214 cum
1105 3159 1315 3228 magnis
1344 3159 1660 3230 muneribus
1689 3175 1778 3214 ve-

185 3247 422 3312 nientes,
473 3255 526 3301 et
555 3249 793 3317 suscepit
820 3259 874 3302 et
905 3250 1140 3322 remisit.
1185 3250 1402 3304 Etcum
1449 3250 1506 3303 in
1535 3249 1776 3304 Theonis

185 3340 372 3394 villam
405 3340 729 3404 devenisset,
760 3339 1009 3410 famaque
1029 3350 1287 3396 venturos
1319 3342 1373 3395 in
1403 3350 1620 3396 nostros
1643 3341 1778 3397 ﬁnes

183 3431 493 3486 Saracenos
532 3431 924 3501 pcrvulgasset,
957 3433 1102 3486 misit
1154 3433 1322 3486 filium
1349 3433 1666 3486 Lotharium
1710 3431 1779 3484 ad

178 3521 434 3575 eamdem
487 3520 742 3586 Marcam,
785 3521 1056 3595 adjunctis
1095 3522 1169 3576 illi
1200 3522 1534 3577 Francorum
1587 3521 1779 3576 validis

178 3609 482 3677 multisque
502 3611 692 3678 copiis.
726 3609 826 3676 Qui
857 3625 978 3664 cum
1003 3613 1292 3681 praeceptis
1315 3613 1556 3681 paternis
1577 3627 1778 3680 parens

176 3697 506 3769 Lugdunum
557 3699 903 3765 devenisset,
961 3709 1018 3754 et
1073 3699 1321 3755 nun’tium
1373 3702 1776 3771 praestolaretur

176 3789 423 3860 partium
463 3788 899 3860 Hispanicarum,
959 3790 1219 3861 Pippinus
1247 3790 1365 3860 ejus
1393 3791 1561 3846 frater
1611 3792 1776 3847 collo-

175 3889 414 3936 euturus
443 3881 684 3935 advenit.
710 3879 1021 3950 Ibidemque
1045 3881 1152 3934 illis
1181 3882 1542 3947 morantibus,
1575 3883 1774 3937 missus

179 3970 371 4034 rediit,
421 3969 646 4024 dicens:
680 3970 914 4024 movisse
946 3969 1166 4039 quidem
1198 3969 1504 4025 Saracenos
1534 3970 1776 4025 Mauros-

175 4077 292 4131 que
320 4063 614 4116 exercitum
665 4077 828 4131 quam
872 4063 1194 4126 maximum,
1241 4064 1335 4118 sed
1360 4063 1554 4132 pedem
1598 4065 1772 4118 conti-

180 4153 393 4218 nuisse,
447 4168 548 4208 nec
594 4152 684 4207 illo
729 4160 970 4223 tempore
1009 4152 1222 4223 longius
1268 4153 1322 4206 in
1371 4160 1593 4208 nostros
1638 4152 1772 4207 tines

176 4257 555 4316 processuros.
612 4243 819 4310 Quibus
871 4243 1092 4308 auditis,
1143 4242 1403 4313 Pippinus
1447 4245 1500 4304 in
1546 4243 1774 4312 Aquita-

175 4337 356 4400 niam,
390 4334 680 4391 Lotharius
720 4344 901 4390 autem
940 4335 1008 4390 ad
1036 4345 1246 4404 patrem
1294 4349 1550 4404 prospere
1589 4335 1766 4389 rediit.

174 4425 396 4482 [nterea
457 4427 552 4480 ﬁlii
605 4426 879 4482 Godefridi
931 4427 1202 4480 Danorum
1261 4428 1533 4496 quondam
1597 4427 1766 4497 regis,

175 4517 498 4573 Herioldum
522 4532 690 4587 regno
715 4517 1054 4585 expulerant.
1099 4515 1204 4571 Sed
1231 4532 1354 4570 cum
1381 4517 1680 4586 imperator
1715 4527 1769 4571 et
1793 4542 1846 4600 D

175 4606 703 4674 Ilerioldumjuvare
738 4606 918 4671 vellet,
947 4614 999 4660 et
1021 4623 1143 4661 eum
1177 4606 1302 4661 ﬁliis
1339 4605 1618 4660 Godefridi
1665 4607 1768 4662 fua-

174 4702 284 4753 tlus
328 4699 480 4768 pacis
504 4697 715 4762 inisset,
759 4698 940 4751 missis
968 4697 1020 4750 in
1047 4697 1146 4751 hos
1168 4697 1342 4766 ipsum
1370 4711 1494 4751 cum
1518 4697 1638 4766 ipso
1665 4697 1768 4752 IIe-

176 4786 357 4842 rioldo
383 4787 676 4841 comitibus
699 4786 1004 4851 Saxonicis,
1025 4787 1285 4856 praecepit
1313 4795 1370 4840 ut
1393 4795 1617 4857 agerent
1644 4802 1766 4842 cum

173 4880 479 4951 praedictis,
530 4886 796 4947 quatenus
828 4895 951 4933 eum
981 4880 1034 4933 in
1081 4880 1419 4942 societatem,
1470 4888 1530 4934 ut
1558 4881 1766 4948 pridem

175 4970 523 5032 habuerant,
581 4969 940 5038 susciperent.
1003 4968 1287 5023 Herioldus
1343 4979 1522 5026 autem
1571 4971 1762 5024 harum

176 5075 459 5115 morarum
512 5059 820 5128 impatiens,
861 5059 1050 5113 insciis
1093 5059 1318 5123 nostris,
1355 5059 1564 5129 aliquas
1610 5059 1767 5113 villa-

176 5167 302 5205 rum
333 5150 546 5204 illorum
583 5149 706 5219 igne
753 5149 952 5218 injecto
981 5149 1367 5212 concremavit,
1420 5149 1766 5218 praedamque

176 5244 425 5297 abduxit.
455 5243 522 5296 At
558 5241 634 5296 illi
659 5249 916 5312 putantes
962 5242 1080 5296 hazc
1129 5241 1402 5296 voluntate
1453 5250 1764 5296 nostrorum

175 5342 355 5405 gesta,
393 5333 704 5402 improvisis
727 5340 782 5388 et
809 5333 945 5386 nihil
984 5333 1092 5388 tale
1136 5334 1538 5404 suspicantibus
1566 5332 1766 5387 nostris

175 5424 588 5493 superveniunt,
627 5423 961 5492 transitoque
990 5424 1227 5495 Egidora
1275 5423 1513 5488 ﬂumine,
1566 5423 1762 5478 castris

175 5517 404 5588 pellunt,
447 5515 500 5568 in
532 5514 712 5586 fugam
745 5515 1094 5585 compellunt,
1145 5516 1410 5586 potitique
1439 5514 1678 5569 omnium
1707 5514 1760 5566 in

171 5619 357 5662 castra
401 5609 615 5677 prepria
659 5626 716 5665 se
758 5609 1046 5679 recipiunt.
1082 5607 1189 5664 Sed
1229 5610 1315 5664 his
1349 5609 1537 5678 gestis,
1567 5623 1762 5678 cogno-

175 5707 394 5754 scentes
448 5697 524 5753 rei
578 5702 884 5765 veritatem,
933 5709 987 5755 et
1022 5707 1272 5755 verentes
1318 5701 1554 5755 debitam
1599 5698 1758 5752 ultio—

177 5801 325 5851 nem,
362 5787 634 5843 mittentes
682 5791 747 5843 ad
794 5805 888 5844 eos
927 5790 1120 5860 quibus
1170 5789 1295 5843 talia
1339 5787 1762 5857 intulerantpri-

1885 1966 2118 2035 impulit.
2161 1965 2470 2023 Bonifacius
2499 1977 2683 2025 tamen
2709 1971 2872 2027 sociis
2926 1974 3159 2044 receptis
3204 1975 3273 2031 ad
3307 1993 3473 2034 naves

1884 2073 1944 2113 se
1991 2059 2228 2131 collegit,
2261 2060 2495 2130 patriam
2539 2063 2809 2132 repetivit,
2839 2064 3277 2136 inexpletumque
3311 2078 3475 2138 atque

1884 2150 2186 2205 inauditum
2214 2160 2418 2207 metum
2439 2153 2595 2222 prius
2620 2153 2768 2208 Afris
2797 2154 3037 2224 reliquit.
3065 2155 3181 2212 Hoc
3217 2174 3365 2213 anno
3388 2160 3474 2225 bis

1884 2240 2177 2310 deliquium
2205 2242 2348 2298 luna:
2376 2244 2607 2313 contigit
2635 2245 2693 2299 in
2742 2239 3001 2301 Kalendis
3037 2245 3185 2314 Julii,
3216 2256 3274 2304 et
3314 2258 3475 2305 nocte

1884 2329 2090 2386 Natalis
2116 2331 2350 2387 Domini.
2383 2331 2493 2389 Sed
2534 2342 2590 2390 et
2632 2350 2845 2390 annona
2878 2337 3125 2406 quaedam
3156 2338 3473 2410 imperatori

1883 2422 2064 2477 delata
2085 2431 2170 2478 est
2206 2439 2238 2478 a
2274 2425 2497 2495 regione
2533 2425 2858 2491 Wasconiae,
2906 2427 3125 2483 brevior
3171 2427 3470 2498 frumento,

1883 2527 1983 2568 nec
2028 2521 2211 2568 tamen
2263 2521 2408 2569 teres
2451 2523 2510 2569 ut
2552 2517 2691 2586 pisa,
2740 2531 2903 2586 quam
2950 2517 3205 2572 dixerunt
3243 2519 3471 2574 descen-

1882 2605 2026 2661 disse
2057 2606 2125 2662 de
2172 2606 2331 2662 caelo.
2365 2606 2605 2664 Hiberna
2658 2607 2918 2664 Dominus
2963 2609 3261 2679 imperator
3296 2611 3469 2681 Aquis

1883 2695 2083 2765 exegit.

1955 2785 2146 2842 Hieme
2186 2795 2459 2844 transacta
2489 2803 2618 2844 cum
2648 2787 3091 2861 Quadragesimae
3116 2794 3331 2848 sacrati
3355 2795 3470 2850 dies

1882 2876 2313 2944 celebrarentur,
2362 2887 2419 2934 et
2462 2879 2693 2935 instaret
2725 2875 2948 2935 Pascha:
2999 2883 3305 2938 veneranda
3374 2899 3467 2940 so-

1883 2968 2137 3024 lemnitas
2172 2968 2350 3039 (829),
2406 2970 2723 3039 intempesta
2773 2978 2933 3025 nocte
2960 2980 3305 3029 terrmmotus
3333 2975 3471 3031 adeo

1883 3060 2094 3115 validus
2131 3060 2365 3126 exstitit,
2394 3069 2456 3115 ut
2500 3061 2744 3116 :editiciis
2791 3063 3000 3117 cunctis
3047 3064 3258 3118 ruinam
3302 3066 3472 3120 mina-

1885 3161 2052 3206 retur.
2085 3151 2255 3208 Porro
2302 3154 2451 3208 venti
2498 3153 2751 3209 violentia
2797 3154 3109 3219 subsecuta,
3143 3171 3251 3210 non
3301 3157 3464 3213 modo

1884 3247 2116 3313 minora,
2150 3249 2246 3304 sed
2291 3249 2456 3304 etiam
2508 3251 2684 3320 ipsum
2714 3251 2975 3319 palatium
3000 3251 3275 3322 Aqucnse,
3303 3254 3470 3308 vehe-

1880 3337 2083 3392 mentia
2106 3339 2186 3392 sui
2217 3339 2289 3392 ita
2320 3340 2566 3410 agitavit,
2593 3340 2839 3394 utetiam
2865 3341 3141 3396 laterculis
3177 3343 3466 3411 plumbeis,

1879 3428 2075 3496 quibus
2106 3437 2244 3483 tecta
2274 3437 2394 3483 erat
2418 3429 2641 3484 basilica
2675 3439 2879 3484 sancta:
2907 3431 3004 3484 Dei
3040 3432 3322 3502 genitricis
3349 3431 3464 3486 Ma-

1881 3518 1994 3583 riae,
2042 3516 2276 3572 maxima
2304 3534 2369 3574 ex
2399 3530 2552 3589 parte
2580 3520 2880 3591 detegeret.
2933 3521 3170 3577 Moratus
3199 3531 3283 3577 est
3319 3524 3373 3577 in
3403 3539 3468 3578 eo

1879 3608 2077 3674 palatio
2143 3608 2390 3677 plurimis
2440 3611 2757 3679 cogentibus
2795 3612 3229 3676 necessitatibus,
3287 3621 3340 3668 et
3370 3630 3469 3683 pu-

1876 3697 2033 3752 blicis
2082 3698 2425 3753 utilitatibus.
2490 3695 2691 3753 Statuit
2737 3699 2995 3755 Kalendis
3046 3702 3174 3756 Julii
3221 3703 3463 3758 indidem

1876 3787 2166 3856 proficisci,
2199 3796 2254 3842 et
2305 3788 2666 3844 Wormatiam
2695 3791 2764 3845 ad
2809 3790 3192 3846 celebrandum
3244 3809 3467 3863 genera-

1877 3878 1983 3931 lem
2011 3878 2189 3946 populi
2218 3891 2544 3934 conventum
2570 3895 2881 3950 properare.
2913 3882 2956 3934 A
2980 3897 3086 3951 qua
3113 3883 3466 3952 dispositione

1877 3983 2000 4022 eum
2039 3976 2252 4024 mutare
2274 3969 2666 4040 aliquantisper
2689 3972 2871 4041 coegit
2898 3987 3102 4038 rumor,
3133 3973 3226 4043 qui
3250 3975 3464 4030 sederat

1878 4059 2253 4117 Nordmannos
2276 4063 2412 4118 velle
2438 4063 2708 4132 trangredi
2726 4070 2928 4117 statuta
2952 4065 3099 4131 pacti
3133 4073 3186 4120 et
3211 4067 3461 4135 proprios

1877 4152 2032 4215 fines,
2058 4161 2112 4205 et
2139 4152 2582 4206 'I‘ransalbianam
2613 4153 2886 4222 regionem
2912 4153 3180 4223 populari.
3228 4155 3333 4209 Sed
3374 4156 3459 4210 his

1875 4241 2032 4294 aliter
2057 4257 2116 4294 se
2148 4241 2488 4306 habentibus,
2541 4242 2837 4312 imperator
2876 4244 3173 4299 secundum
3220 4245 3453 4315 disposi-

1876 4332 2075 4386 tionem
2127 4331 2230 4386 loci
2277 4341 2331 4387 et
2356 4333 2616 4402 temporis
2648 4334 2886 4399 advenit,
2947 4335 3124 4390 dehis
3175 4352 3294 4405 quae
3344 4337 3454 4392 visa

1875 4431 2000 4475 sunt
2049 4421 2290 4476 studiose
2342 4423 2615 4488 tractavit,
2667 4438 2842 4477 annua
2906 4422 3044 4478 dona
3090 4426 3347 4493 suscepit,
3397 4426 3472 4480 ﬁ-

1875 4511 2111 4581 liumque
2155 4527 2308 4566 suum
2339 4511 2653 4566 Lotharium
2681 4514 2734 4566 in
2777 4513 2988 4570 Italiam
3018 4514 3242 4568 dimisit.
3289 4516 3346 4568 In
3392 4531 3457 4570 eo

1871 4603 2035 4656 etiam
2078 4612 2368 4668 conventu,
2425 4605 2763 4672 comperiens
2801 4603 3166 4660 clandestinas
3207 4608 3349 4660 circa
3399 4624 3458 4662 se

1871 4708 2058 4748 eorum
2112 4709 2249 4762 quos
2276 4694 2400 4749 vita:
2425 4705 2798 4750 reservaverat
2845 4697 3274 4752 machinationes
3305 4714 3458 4754 more

1870 4783 2052 4836 cancri
2119 4798 2358 4852 serpere,
2419 4792 2471 4840 et
2534 4785 2824 4840 multorum
2880 4787 3091 4842 animos
3144 4789 3298 4857 quasi
3358 4805 3456 4859 per

1869 4871 2128 4940 quosdam
2152 4874 2432 4929 cuniculos
2459 4875 2771 4940 sollicitare,
2799 4877 2990 4930 statuit
3016 4877 3119 4931 sibi
3143 4887 3330 4932 contra
3360 4894 3458 4934 eos

1870 4961 2140 5028 quoddam
2184 4962 2641 5032 pr0pugnaculum
2683 4962 2909 5033 erigere.
2959 4962 3094 5017 Nam
3120 4963 3457 5020 Bernardum

1870 5058 2094 5106 eatenus
2119 5051 2501 5122 HiSpaniarum
2527 5053 2763 5122 partium
2802 5060 2856 5107 et
2895 5052 3124 5106 limitum
3173 5055 3452 5120 comitem,

1868 5157 2098 5197 camera:
2124 5158 2234 5197 sure
2259 5141 2520 5211 praefecit.
2552 5143 2682 5209 Quae
2708 5159 2796 5197 res
2827 5158 2932 5198 non
2953 5143 3307 5197 seminarium
3339 5143 3452 5198 dis-

1869 5233 2066 5288 cordia:
2115 5234 2408 5299 exstinxit,
2467 5234 2561 5287 sed
2605 5233 2784 5303 potius
2837 5241 3186 5304 augmentum
3223 5233 3453 5288 creavit.

1871 5323 1976 5378 Sed
2003 5339 2124 5378 cum
2153 5324 2380 5377 necdum
2419 5323 2454 5377 ii
2484 5324 2574 5393 qui
2604 5321 2698 5377 tali
2742 5332 2894 5391 peste
2925 5324 3299 5387 tabescebant,
3337 5323 3451 5376 vul-

1872 5430 1975 5468 nus
2014 5429 2169 5469 suum
2222 5414 2472 5483 detegere
2533 5420 2757 5482 possent
2810 5422 2869 5467 ut
2917 5421 3044 5482 pote
3090 5412 3287 5482 quibus
3307 5411 3452 5466 nulla

1871 5508 2025 5577 capia
2051 5505 2114 5559 ad
2146 5506 2505 5576 peragendum
2553 5520 2672 5574 qua:
2701 5505 3088 5575 concupierant
3115 5512 3450 5574 suppeteret.

1870 5599 1922 5652 in
1950 5597 2092 5651 aliud
2129 5605 2335 5665 tempus
2383 5597 2496 5651 hzec
2530 5593 2746 5650 differre
2788 5603 3112 5650 statuerunt.
3153 5595 3454 5663 Imperator

1870 5697 2050 5742 autem
2106 5689 2228 5751 his,
2290 5697 2348 5740 ut
2397 5686 2769 5758 opportunitas
2832 5686 3091 5752 dictabat,
3148 5682 3448 5754 explicitis,

1872 5781 2116 5836 Ilhenum
2149 5780 2376 5846 transiit,
2409 5778 2814 5836 Franconoford
2845 5779 3028 5834 «illam
3069 5779 3242 5849 petiit,
3270 5777 3450 5846 ibique
