3906 6322
497 390 602 446 959

1601 390 1920 447 LUDOViCl
1962 390 1981 444 l
2020 388 2493 444 COGNOMENTO
2538 390 2617 444 l’ll

3662 388 3754 441 9’50

495 504 733 575 quandiu
773 504 975 559 bonum
1006 506 1178 559 visum
1209 512 1311 567 est,
1344 512 1397 557 et
1426 504 1603 557 hieme
1659 503 2073 573 propinquantia
2104 504 2153 562 Α
2179 500 2328 554 ltalia
2352 502 2519 565 venit,
2550 516 2780 572 eumque
2807 502 2860 557 in
2884 501 3213 573 Compendio
3242 503 3468 572 reperit.
3501 502 3579 555 Ad
3604 516 3763 570 quem

495 595 694 665 frigora
723 595 984 660 siverunt,
1012 595 1280 649 venationi
1309 594 1533 647 indulsit
1562 613 1573 646 :
1606 609 1669 649 ac
1696 596 1888 649 deinde
1931 594 2075 647 circa

494 685 720 740 missam
770 686 944 740 sancti
998 685 1240 751 Martini,
1273 686 1339 740 ad
1396 686 1733 757 Aquasgrani
1780 701 1837 739 se
1892 686 2074 749 vertit,

496 776 680 847 ibique
704 784 758 831 et
787 778 958 845 ipsam
994 775 1366 841 festivitatem,
1406 777 1659 831 ct-sancti
1687 777 1935 841 Andrem,
1981 792 2079 831 nec

495 882 602 922 non
645 865 955 921 Nativitatis
983 866 1295 932 Dominicae,
1328 882 1450 922 cum
1472 868 1714 937 reliquis,
1743 875 1802 920 ut
1830 867 2074 932 decebat,

492 959 705 1029 peregit
732 958 1041 1014 celebriter.

564 1046 722 1101 Circa
751 1055 961 1117 tempus
990 1063 1153 1117 porro
1176 1048 1670 1120 Quadragesimale,
1696 1064 1820 1102 cum
1846 1048 2080 1116 impera-

495 1145 583 1191 tor
609 1137 728 1192 loca
779 1139 915 1193 mari
948 1139 1389 1210 circumjacentia
1437 1152 1776 1211 peragraret,
1824 1139 2078 1195 factionis

496 1228 698 1297 iniqute
723 1228 1000 1298 principes
1020 1229 1160 1284 ultra
1187 1229 1331 1285 ferre
1357 1247 1461 1285 non
1479 1230 1721 1284 valentes
1746 1229 2077 1283 occultatum

494 1317 585 1371 diu
614 1317 811 1373 vulnus
839 1319 1119 1389 detegunt.
1155 1320 1289 1374 Nam
1334 1322 1570 1390 primum
1602 1321 1744 1380 inter
1775 1337 1833 1375 se
1874 1321 2081 1388 primo-

493 1421 582 1461 res
610 1407 813 1462 faadere
839 1410 1075 1477 quodam
1098 1412 1388 1480 conjurant
1412 1452 1427 1475 ,
1476 1412 1669 1466 deinde
1699 1412 1936 1466 minores
1975 1411 2075 1465 sibi

496 1508 816 1569 aggregant.
850 1500 1089 1567 Quorum
1112 1517 1239 1570 pars
1267 1502 1582 1557 mutationis
1606 1517 1823 1571 semper
1857 1502 2072 1569 cupida,

492 1601 645 1641 more
673 1605 869 1644 canum
896 1592 1185 1661 aviumque
1210 1594 1487 1661 rapacium
1513 1634 1527 1656 ,
1561 1608 1679 1661 qua:
1712 1592 1951 1651 alienum
1980 1592 2075 1646 de-

491 1679 812 1733 trimentum
838 1697 994 1735 suum
1031 1693 1279 1751 qumrunt
1301 1683 1417 1737 fieri
1446 1683 1798 1753 suppletionis
1818 1697 2075 1753 augmen-

496 1775 631 1821 tum.
666 1769 813 1824 Freti
842 1785 971 1841 ergo
1000 1772 1340 1827 multitudine
1364 1781 1419 1828 et
1443 1788 1665 1827 assensu
1692 1772 2072 1843 plurimorum,

2180 594 2481 647 venientem
2511 608 2569 647 se
2591 594 2820 648 contulit
2848 604 2957 650 tota
2985 596 3071 649 illa
3091 596 3499 653 factioinimica
3529 596 3759 664 impera-

2183 681 2343 746 toris';
2369 684 2483 751 ipse
2512 692 2693 737 tamen
2720 684 2852 738 nihil
2877 694 3002 739 tunc
3031 687 3289 756 temporis
3334 685 3478 755 patri
3511 686 3757 739 intulisse

2181 773 2328 827 visus
2354 782 2438 829 est
2462 774 2763 839 dedecoris,
2786 776 3033 843 probavit
3058 784 3239 829 autem
3261 791 3384 844 quze
3405 784 3561 844 gesta
3585 786 3761 829 erant.

2182 862 2423 930 Denique
2451 862 3051 919 HeribertusBernardi
3082 864 3273 930 frater,
3304 866 3575 919 luminum
3602 868 3765 921 amis-

2182 953 2329 1007 sione
2354 954 2639 1008 mulctatus
2671 963 2755 1009 est
2782 964 2971 1010 contra
3005 965 3189 1010 votum
3221 958 3599 1027 imperatoris,
3646 958 3762 1012 Odo

2180 1043 2536 1097 consobrinus
2564 1042 2707 1097 illius
2743 1046 2907 1099 armis
2956 1046 3147 1099 ablatis
3181 1047 3374 1100 exsilio
3421 1047 3763 1115 deportatus,

2183 1143 2440 1202 tanquam
2485 1148 2673 1187 eorum
2706 1148 2825 1201 qua:
2860 1133 3134 1189 Bernardo
3176 1144 3231 1189 et
3266 1135 3467 1203 reginae
3500 1134 3766 1189 acclama-

2181 1221 2375 1275 bantur
2415 1223 2617 1277 conscii
2670 1232 2725 1277 et
2770 1222 3031 1278 fautores.
3085 1224 3145 1277 lu
3172 1224 3372 1278 talibus
3430 1226 3766 1293 (ει-εοωωί-

2181 1320 2351 1377 stens,
2397 1312 2511 1367 solo
2561 1314 2779 1369 nomine
2828 1314 3147 1383 imperator,
3200 1323 3445 1369 mstatem
3480 1316 3764 1383 transegit.

2179 1404 2312 1459 Cum
2361 1415 2544 1461 autem
2595 1409 2822 1463 instaret
2861 1410 3189 1465 autumnalis
3224 1411 3557 1479 temperies,
3588 1411 3628 1463 ii
3682 1412 3767 1479 qui

2181 1494 2493 1564 imperatori
2542 1501 2813 1553 contraria
2859 1500 3166 1555 sentiebant
3191 1502 3387 1555 alicubi
3433 1503 3490 1555 in
3538 1501 3773 1556 Francia

2179 1592 2505 1639 conventum
2526 1588 2833 1655 generalem
2865 1589 2981 1643 fieri
3010 1590 3282 1645 volebant.
3337 1591 3651 1661 Imperator
3675 1606 3770 1645 au-

2182 1684 2285 1729 tem
2302 1674 2543 1731 clanculo
2559 1677 2923 1742 obnitebatur,
2948 1678 3191 1733 difﬁdens
3206 1679 3460 1743 Francis,
3486 1680 3769 1750 magisque

2180 1781 2239 1822 se
2263 1769 2490 1823 credens
2516 1769 2821 1825 Germanis.
2849 1770 3095 1825 Obtinuit
3138 1780 3319 1825 tamen
3361 1774 3641 1826 sententia
3668 1774 3767 1824 im-

497 1857 666 1911 ﬁlium
719 1861 1066 1929 imperatoris
1104 1863 1387 1933 Pippinum
1420 1864 1638 1929 adeum,
1674 1866 2075 1934 ριιωιθηάρηιθε
2108 1849 2154 1907 Β
2182 1859 2452 1927 peratoris
2474 1867 2534 1913 ut
2563 1859 2889 1931 Niumagum
2915 1860 3144 1929 populus
3174 1861 3518 1914 conveniret.
3572 1862 3772 1915 Verens

498 1949 857 2019 abjectionem
886 1953 993 2019 sui,
1020 1953 1281 2009 Bernardi
1306 1954 1667 2020 insolentiam,
1686 1964 1741 2011 et
1760 1964 2078 2012 caeterorum

498 2040 902 2110 despectionem
934 2063 945 2098 :
1000 2053 1306 2100 asserentes
1340 2047 1504 2101 etiam
1530 2062 1653 2101 eum
1690 2088 1705 2113 ,
1756 2049 1901 2117 quod
1932 2048 2080 2102 dictu

498 2133 653 2189 nefas
684 2175 699 2199 ,
741 2136 879 2191 thori
927 2138 1139 2206 paterni
1193 2138 1575 2192 incestatorem
1614 2152 1627 2190 :
1670 2152 1832 2207 porro
1867 2145 2079 2207 patrem

494 2224 630 2279 adeo
645 2226 967 2293 quibusdam
985 2228 1276 2296 praestigiis
1296 2227 1504 2281 elusum
1518 2268 1531 2291 ,
1563 2235 1621 2279 ut
1643 2228 1757 2282 haec
1787 2242 1895 2281 non
1919 2227 2080 2281 modo

498 2329 608 2368 non
640 2315 948 2379 vindicare,
990 2316 1085 2371 sed
1114 2332 1217 2372 nec
1251 2316 1534 2372 advertere
1563 2325 1764 2385 posset.
1819 2316 2081 2385 Oportere

495 2416 649 2472 ergo,
675 2402 946 2467 dicebant,
976 2404 1178 2458 bonmn
1206 2404 1377 2459 tilium
1426 2406 1645 2475 indigne
1677 2405 1821 2460 ferre
1844 2406 2080 2460 dedecus

497 2501 807 2561 paternum,
855 2494 1159 2563 ablatisque
1183 2510 1213 2548 e
1242 2495 1420 2549 medio
1450 2496 1739 2549 restituere
1783 2502 1993 2563 patrem
2026 2501 2081 2549 et

498 2583 666 2637 menti
692 2589 745 2637 et
776 2583 1025 2652 dignitati
1054 2601 1068 2649 ;
1100 2593 1155 2638 et
1181 2584 1284 2639 hoc
1314 2592 1564 2652 agentem
1590 2599 1697 2638 non
1728 2584 1903 2639 solum
1936 2584 2079 2637 fama

492 2674 713 2728 virtutis
738 2683 1177 2743 prosequerctur,
1211 2676 1303 2729 sed
1330 2676 1492 2729 etiam
1525 2676 1874 2744 ampliﬁcatio
1920 2676 2073 2745 regni

498 2764 798 2827 terrestris,
826 2764 929 2818 hoc
952 2766 1170 2818 nomine
1194 2773 1555 2833 praetexentes
1571 2766 1804 2834 culpam.
1837 2766 1934 2820 His
1947 2780 2078 2835 ergo

491 2854 869 2908 incitamentis
896 2854 1118 2908 allectus
1136 2855 1373 2923 juvenis,
1398 2871 1520 2909 cum
1550 2856 1631 2910 eis
1656 2864 1711 2911 et
1745 2856 1933 2910 multis
1975 2869 2074 2909 co-

496 2942 603 3013 piis
630 2958 853 2997 suorum
888 2958 986 3012 per
1012 2943 1454 2999 Aurelianeusem
1484 2946 1694 3009 urbem,
1718 2946 1930 3000 sublato
1956 2946 2080 3000 inde

493 3032 701 3099 OJone,
732 3044 787 3089 et
812 3037 1064 3091 restituto
1085 3035 1353 3102 Matfrido,
1388 3036 1772 3091 Werimbriam
1802 3054 1973 3108 usque
1998 3052 2099 3092 ve-

495 3133 711 3181 nerunt.
738 3127 809 3179 At
834 3142 962 3181 vero
1004 3127 1297 3196 imperator
1320 3134 1377 3180 ut
1404 3142 1589 3182 eorum
1621 3129 2078 3197 conspirationem

495 3224 682 3272 contra
728 3231 786 3271 se
828 3227 883 3271 et
913 3232 1137 3272 uxorem
1168 3219 1609 3287 Bernardumque
1654 3220 2080 3275 obstinatissime
2110 3185 2153 3247 Ο

496 3309 763 3375 comperit
777 3306 1021 3362 feraliter
1035 3317 1301 3361 armatam
1313 3349 1327 3374 ,
1349 3308 1685 3362 Bernardum
1700 3310 1922 3378 quidem
1944 3310 2082 3380 fuga:

499 3403 754 3472 praesidio
800 3418 859 3457 se
906 3403 1251 3457 committere
1296 3404 1581 3471 permisit;
1626 3417 1854 3457 uxorem
1900 3412 2081 3457 autem

495 3493 740 3549 Lauduui
762 3510 900 3559 esse,
954 3502 1009 3548 et
1057 3494 1111 3547 in
1143 3494 1470 3548 monasterio
1499 3504 1701 3551 sanctae
1736 3494 1918 3548 Maria:
1948 3509 2080 3548 con-

499 3585 693 3638 sistere
722 3579 923 3647 vol'uit;
952 3584 1068 3652 ipse
1090 3591 1269 3637 autem
1296 3582 1684 3652 Compendium
1704 3583 1881 3652 petiit.
1907 3582 2080 3636 Porro

495 3670 532 3724 ii
586 3671 834 3740 quicum
874 3671 1101 3741 Pippino
1152 3671 1536 3726 Werimbriam
1580 3683 1867 3737 venerunt,
1908 3672 2078 3727 misso

499 3761 724 3816 Werino
753 3760 949 3832 [Infra,
975 3762 1225 3834 Warino]
1247 3772 1302 3817 et
1320 3764 1639 3829 Lantberto,
1657 3764 1884 3832 aliisque
1911 3778 2077 3831 quam

496 3854 762 3925 plurimis,
799 3852 983 3908 Judith
1016 3854 1259 3926 reginam
1302 3870 1370 3909 ex
1398 3856 1620 3910 civitate
1650 3854 2079 3923 mouasteriique

498 3944 721 3999 basilica
752 3944 1025 4009 eductam,
1066 3946 1136 3999 ad
1165 3959 1225 3999 se
1245 3945 1467 4014 perduci
1494 3944 1756 3999 fecerunt.
1782 3942 1951 4008 Quam
1981 3957 2077 3996 us-

497 4049 602 4102 que
628 4035 762 4090 adeo
795 4034 1059 4088 intentata
1084 4049 1182 4103 per
1208 4034 1408 4089 diversi
1433 4034 1647 4104 generis
1688 4048 1882 4104 pcenas
1905 4040 2079 4087 morte

497 4125 745 4194 adegere,
775 4132 835 4176 ut
862 4124 1207 4193 promitteret
1225 4139 1305 4188 se,
1338 4124 1382 4178 si
1400 4123 1501 4177 sibi
1528 4122 1684 4192 copia
1707 4124 1930 4177 daretur
1956 4136 2079 4176 cum

496 4214 819 4283 imperatore
844 4214 1119 4283 loquendi,
1139 4230 1523 4283 persuasuram
1545 4222 1811 4285 quatenus
1847 4214 2080 4282 impera-

495 4311 603 4369 tor,
633 4303 859 4372 abjectis
884 4305 1050 4358 armis
1078 4304 1354 4373 comisque
1369 4306 1577 4369 recisis,
1606 4306 1935 4359 monasterio
1960 4319 2079 4369 sese

498 4394 794 4460 conferret,
832 4408 891 4449 se
919 4395 1085 4449 etiam
1115 4395 1369 4464 imposito
1398 4396 1518 4451 velo
1542 4396 1704 4465 capiti
1736 4396 1921 4449 itidem
1960 4396 2074 4449 fac-

503 4494 701 4541 turam.
753 4486 925 4553 Quam
978 4502 1093 4541 rem
1131 4488 1348 4556 quando
1394 4488 1851 4557 pluscupiebant
1886 4528 1899 4553 ,
1928 4496 2078 4541 tanto

503 4576 715 4631 facilius
748 4578 1112 4633 crediderunt.
1144 4576 1322 4631 Missis
1367 4579 1509 4632 enim
1543 4593 1662 4633 cum
1700 4593 1763 4631 ea
1812 4578 2079 4647 aliquibus

496 4689 718 4730 suorum
747 4714 763 4739 ,
820 4674 887 4727 ad
930 4674 1314 4743 imperatorem
1368 4689 1538 4743 usque
1572 4674 1935 4728 deduxerunt.
1980 4673 2077 4726 Cui

500 4779 623 4818 cum
649 4763 737 4818 ille
758 4764 1023 4818 secretius
1046 4778 1227 4818 secum
1259 4763 1510 4832 loquendi
1564 4763 1836 4817 licentiam
1864 4764 2075 4832 praesti-

501 4858 675 4921 tisset,
703 4856 1052 4926 permittente
1100 4856 1191 4911 illo
1237 4865 1296 4910 ut
1324 4864 1554 4910 mortem
1587 4854 1816 4909 evadere
1868 4864 2073 4924 posset,

499 4948 616 5017 ipsa
650 4947 829 5002 velum
865 4948 970 5002 sibi
1024 4947 1187 5016 capiti
1240 4947 1583 5016 superposuit
1614 4964 1625 4998 :
1664 4946 1730 4999 de
1772 4947 2077 5001 attousione

498 5061 659 5117 porro
704 5061 803 5100 sua
846 5048 1141 5115 imperator
1169 5054 1380 5112 tempus
1424 5042 1754 5098 deliberandi
1804 5042 2068 5112 poposcit.

499 5136 673 5192 Tanto
700 5138 843 5191 enim
874 5138 1187 5206 imperator,
1212 5137 1331 5191 aliis
1366 5137 1597 5205 benigne
1622 5150 1837 5203 semper
1861 5134 2071 5197 vivens,

499 5225 698 5295 injusto
742 5226 867 5280 odio
910 5226 1209 5291 laborabat,
1242 5233 1302 5278 ut
1330 5225 1551 5279 tazderet
1594 5240 1686 5279 eos
1712 5225 1835 5278 vitae
1882 5222 2068 5290 ipsius,

500 5317 655 5385 cujus
698 5313 959 5372 beneflcio
996 5317 1097 5370 nisi
1148 5316 1223 5370 illi
1250 5316 1500 5377 viverint,
1544 5313 1688 5381 juste
1726 5324 1781 5367 et
1827 5312 2073 5382 legaliter

501 5408 611 5461 vita
637 5408 954 5461 caruissent.
1008 5405 1285 5460 Redeunte
1327 5420 1455 5475 ergo
1484 5405 1551 5459 ad
1604 5421 1661 5459 se
1694 5405 1895 5474 regina,
1951 5402 2072 5455 aliis

498 5495 717 5565 quidem
746 5496 900 5550 malis
923 5502 1310 5567 temperarunt,
1334 5495 1706 5550 acclamationi
1730 5503 1909 5549 autem
1926 5493 2071 5562 vulgi

500 5586 924 5651 consentientes,
954 5587 1143 5641 exsilio
1173 5602 1291 5641 eam
1321 5585 1591 5653 deportari
1615 5592 1669 5637 et
1697 5584 1749 5637 iu
1794 5592 2069 5638 monaste-

502 5676 585 5730 rio
614 5685 813 5731 sanctae
835 5676 1179 5745 Radcgundis
1203 5675 1402 5729 retrudi
1423 5672 1717 5741 jusserunt.
1740 5674 1893 5728 Circa
1924 5689 2075 5726 men-

502 5775 616 5820 sc‘m
647 5766 841 5821 Maium
891 5781 1051 5836 porro
1102 5764 1243 5819 filius
1296 5764 1634 5832 imperatoris
1682 5763 1967 5816 Lolliarius
2008 5778 2069 5815 ex

2180 1963 2342 2016 porro
2371 1962 2438 2002 ne
2465 1950 2753 2003 multitudo
2791 1952 3189 2015 contrariorum
3213 1959 3500 2019 superaret
3531 1952 3771 2019 paucita-

2181 2045 2292 2091 tem
2361 2054 2583 2093 suorum
2637 2040 2874 2095 fidelium
2906 2081 2920 2105 ,
2968 2040 3130 2109 jussit
3178 2051 3236 2096 ut
3282 2042 3667 2111 unusquisque
3711 2043 3773 2095 ad

2183 2129 2322 2182 idem
2352 2129 2610 2198 placitum
2638 2132 2877 2197 veniens,
2903 2133 3133 2203 simplici
3166 2142 3412 2188 uteretur
3440 2120 3770 2188 commeatu.

2182 2216 2447 2287 Praecepit
2498 2220 2664 2274 etiam
2723 2222 2977 2277 comitem
3016 2223 3367 2278 Lambertum
3419 2223 3617 2277 finium
3674 2224 3764 2277 sibi

2184 2306 2567 2376 deputatorum
2590 2312 2893 2365 custodiam
2919 2312 3141 2367 habere.
3168 2312 3492 2367 Helisachar
3518 2314 3766 2367 abbatem

2178 2398 2417 2466 justitias
2442 2398 2714 2455 facturum
2743 2418 2809 2457 eo
2852 2418 3067 2473 quoque
3095 2404 3316 2459 direxit.
3359 2404 3616 2459 Tandem
3644 2421 3766 2475 ergo

2183 2491 2504 2563 Niumagum
2531 2503 2753 2549 ventum
2776 2503 2878 2560 est,
2901 2497 3186 2567 omnisque
3223 2496 3528 2552 Germania
3558 2513 3627 2552 eo
3652 2514 3766 2552 eon-

2183 2579 2356 2647 fluxit,
2387 2583 2701 2653 imperatori
2740 2585 2939 2639 auxilio
2978 2584 3177 2639 futura.
3226 2585 3536 2655 Imperator
3594 2596 3765 2639 autem

2186 2675 2373 2729 volens
2402 2676 2578 2729 adhuc
2597 2677 2741 2731 vires
2763 2676 3200 2731 adversariorum
3224 2685 3541 2740 attenuare,
3571 2668 3769 2729 11ίίἀυί-

2182 2781 2309 2817 num
2333 2766 2583 2820 abbatem
2610 2766 2859 2836 culpans,
2887 2768 3237 2838 interrogavit
3268 2782 3387 2832 cur,
3422 2783 3553 2821 cum
3577 2769 3770 2836 simpli.

2183 2856 2317 2908 citer
2346 2855 2531 2908 venire
2548 2856 2734 2924 jussus
2768 2857 2859 2920 sit,
2888 2856 3157 2911 hostiliter
3182 2856 3491 2910 advenerit.
3524 2855 3633 2922 Qui
3660 2871 3768 2908 cum

2183 2961 2381 3016 negare
2427 2948 2693 3017 nequiret,
2735 2950 2994 3003 continuo
3022 2965 3088 3003 ex
3139 2949 3341 3019 palatio
3388 2950 3551 3003 exire
3597 2950 3769 3019 jussus

2183 3044 2265 3089 est
2292 3054 2304 3087 :
2333 3044 2386 3089 et
2409 3051 2531 3090 cum
2560 3037 2902 3105 paucissimis
2928 3038 3237 3093 hominibus
3256 3038 3402 3107 justa
3424 3038 3769 3093 Patrisbrun~

2185 3140 2310 3179 nam
2347 3126 2400 3179 in
2429 3127 2814 3197 expeditionali
2843 3128 3195 3190 tabernaculo
3238 3129 3513 3183 hiemare.
3550 3128 3767 3182 Walach

2185 3216 2354 3271 abbas
2386 3215 2573 3285 jussus
2605 3225 2691 3272 est
2723 3217 2790 3271 ad
2821 3219 3217 3274 monasterium
3261 3218 3449 3273 redire
3508 3219 3764 3277 Coi-heia.

2184 3307 2367 3376 ibique
2390 3307 2710 3378 regulariter
2731 3307 3029 3363 obversari.
3069 3308 3197 3363 Haec
3234 3324 3359 3364 eum
3381 3310 3421 3362 ii
3454 3310 3553 3378 qui
3605 3310 3767 3378 impc-

2185 3396 2354 3450 ratori
2378 3396 2713 3451 adversaturi
2739 3406 3125 3463 convenerant,
3155 3400 3539 3469 providerent,
3591 3402 3659 3454 ad
3690 3401 3768 3454 de-

2183 3486 2547 3555 sperationem
2570 3487 2819 3541 ultimam
2842 3487 3060 3544 infracti
3081 3490 3291 3544 viribus
3317 3503 3441 3544 sese
3467 3499 3762 3545 verterunt.

2182 3576 2424 3645 Denique
2475 3591 2574 3645 per
2603 3585 2774 3631 totam
2804 3586 3020 3633 noctem
3049 3586 3328 3643 coeuntes,
3372 3588 3547 3649 atque
3586 3580 3653 3634 ad
3678 3582 3764 3633 ha-

2180 3667 2479 3722 bitaculum
2528 3669 2772 3724 Lotbarii
2817 3671 3164 3740 imperatoris
3212 3672 3307 3725 filii
3356 3673 3759 3733 convenientes,

2181 3756 2541 3811 hortabantur
2590 3766 2683 3813 aut
2721 3759 2863 3814 bello
2893 3759 3308 3832 conﬂigendum,
3343 3769 3443 3815 aut
3485 3762 3670 3830 aliquo
3692 3777 3763 3817 se-

2185 3847 2485 3901 cedendum
2517 3850 2722 3918 absque
2753 3851 3095 3919 imperatoris
3123 3853 3421 3908 voluntate.
3454 3855 3514 3908 In
3542 3871 3650 3924 qua
3681 3856 3760 3909 de

2181 3938 2500 3994 liberatione
2522 3955 2648 3994 cum
2679 3948 2847 3995 totam
2877 3943 3264 4011 expendisseut
3300 3953 3527 4000 noctem
3552 3987 3567 4009 ,
3619 3962 3761 4000 mane

2182 4031 2479 4100 imperator
2502 4032 2615 4088 filio
2641 4034 2864 4088 mandat
2893 4049 2961 4088 ne
2981 4035 3215 4091 inimicis
3238 4037 3628 4109 communibus
3654 4052 3763 4091 cre-

2183 4120 2294 4185 dat,
2330 4121 2425 4173 sed
2482 4121 2549 4174 ad
2585 4137 2643 4176 se
2688 4130 2947 4190 tanquam
2998 4124 3066 4178 ad
3115 4132 3326 4193 patrem
3373 4124 3523 4180 ﬁlius
3568 4127 3757 4179 veniat.

2182 4210 2385 4277 Quibus
2413 4212 2500 4265 ille
2525 4213 2746 4278 auditis,
2783 4212 2911 4268 licet
2959 4214 3374 4269 dehortantibus
3399 4217 3498 4283 qui
3534 4217 3681 4270 circa
3704 4217 3759 4269 il-

2179 4303 2290 4356 lum
2316 4310 2489 4365 erant,
2534 4303 2599 4356 ad
2635 4313 2843 4371 patrem
2876 4304 3043 4358 venit.
3084 4304 3128 4357 A
3152 4320 3259 4373 quo
3302 4321 3412 4359 non
3462 4314 3548 4359 est
3574 4322 3753 4376 aspera

2182 4395 2551 4463 increpatione
2586 4396 2852 4462 invectus,
2900 4396 2994 4450 sed
3024 4396 3267 4451 modesta
3313 4397 3546 4453 lenitate
3586 4414 3755 4452 corrc-

2184 4491 2322 4538 ctus.
2350 4483 2596 4553 Ingresso
2628 4494 2805 4539 autem
2835 4486 2925 4541 illo
2955 4486 3098 4541 intra
3122 4488 3304 4557 penita
3333 4489 3503 4558 regite
3551 4491 3753 4554 domus,

2186 4574 2383 4629 diaboli
2419 4575 2763 4644 instigatione
2794 4576 2987 4646 vulgus
3024 4587 3215 4632 contra
3262 4594 3320 4633 se
3349 4582 3522 4649 coepit
3561 4580 3752 4642 furere,

2184 4667 2644 4736 processissetque
2667 4666 2818 4721 furor
2838 4683 3009 4737 usque
3039 4669 3105 4723 ad
3131 4678 3374 4723 mutuam
3406 4672 3633 4735 caedem,
3662 4673 3752 4726 nisi

2182 4758 2530 4828 imperatoria
2583 4759 2869 4828 prudentia
2906 4760 3295 4829 prospexisset.
3334 4761 3476 4814 Dum
3506 4762 3651 4817 enim
3684 4762 3753 4815 illi

2182 4849 2322 4903 inter
2368 4864 2429 4903 se
2477 4848 2903 4913 tumultuantes,
2952 4863 3089 4916 pene
3128 4850 3182 4903 in
3227 4864 3488 4904 vesanum
3524 4850 3751 4906 furorem

2181 4946 2419 5002 ruerent,
2445 4938 2740 5005 imperator
2760 4940 2825 4993 ad
2846 4946 3160 4993 cunctorum
3192 4948 3476 5007 aspectum
3504 4957 3630 4995 cum
3657 4942 3753 4995 filio

2183 5031 2467 5097 processit.
2506 5032 2622 5096 Quo
2670 5030 2839 5095 facto,
2887 5032 3063 5085 omnis
3093 5032 3185 5085 illa
3241 5031 3428 5087 feralis
3463 5037 3749 5089 commotio

2181 5122 2505 5189 conquievit.
2538 5122 2885 5193 lmperatoria
2906 5124 3051 5177 enim
3078 5124 3324 5179 oratione
3345 5126 3559 5189 audita,
3587 5129 3750 5181 omnis

2182 5210 2454 5278 popularis
2511 5212 2773 5266 tumultus
2821 5212 3059 5267 facessit.
3115 5212 3243 5268 Post
3296 5214 3414 5268 haec
3465 5216 3749 5284 imperator

2180 5316 2369 5354 omnes
2395 5302 2607 5356 illorum
2636 5300 2794 5369 hujus
2823 5303 2999 5372 impiae
3027 5303 3449 5373 conspirationis
3483 5307 3750 5374 principes

2180 5395 2278 5448 sub
2298 5393 2504 5462 privata
2532 5393 2773 5447 custodia
2814 5392 3082 5448 asservari
3104 5396 3378 5463 pnncepit.
3403 5396 3552 5462 Quos
3571 5406 3747 5465 postea

2181 5484 2245 5536 ad
2273 5482 2536 5549 judicium
2584 5481 2862 5544 adductos,
2902 5496 3025 5535 cum
3073 5496 3263 5536 omnes
3307 5483 3450 5553 juris
3498 5498 3747 5539 censores

2182 5575 2385 5642 filiique
2406 5574 2747 5641 imperatoris
2768 5572 2972 5642 judicio
2996 5571 3177 5641 legali,
3203 5579 3463 5641 tauquam
3494 5589 3618 5628 reos
3645 5590 3745 5627 ma-

2175 5668 2409 5735 jestatis,
2436 5667 2790 5721 decernerent
2810 5665 3024 5734 capitali
3048 5666 3318 5719 sententia
3338 5665 3518 5727 feriri,
3551 5664 3739 5717 nullum

2183 5774 2248 5809 ex
2278 5757 2356 5810 eis
2400 5756 2639 5825 permisit
2676 5755 2885 5810 occidi:
2934 5752 3025 5807 sed
3072 5760 3235 5821 usus,
3265 5763 3323 5808 ut
3355 5754 3541 5809 multis
3583 5754 3745 5807 visum
