  <div class='ocr_page' id='page_1' title='image "/cluster/home/n/w/nwhite01/storage/ocr_20150623/104/uva.x000827061/488.png"; bbox 0 0 3906 6366; ppageno 0'>
   <div class='ocr_carea' id='block_1_1' title="bbox 144 376 267 432">
    <p class='ocr_par' dir='ltr' id='par_1_1' title="bbox 144 376 267 432">
     <span class='ocr_line' id='line_1_1' title="bbox 144 376 267 432; baseline -0.008 0"><span class='ocrx_word' id='word_1_1' title='bbox 144 376 267 432; x_wconf 75' lang='grc'><strong>961</strong></span> 
     </span>
    </p>
   </div>
   <div class='ocr_carea' id='block_1_2' title="bbox 1713 380 1894 435">
    <p class='ocr_par' dir='ltr' id='par_1_2' title="bbox 1713 380 1894 435">
     <span class='ocr_line' id='line_1_2' title="bbox 1713 380 1894 435; baseline 0 -2"><span class='ocrx_word' id='word_1_2' title='bbox 1713 380 1894 435; x_wconf 72' lang='lat' dir='ltr'><strong>VITA.</strong></span> 
     </span>
    </p>
   </div>
   <div class='ocr_carea' id='block_1_3' title="bbox 3325 379 3428 435">
    <p class='ocr_par' dir='ltr' id='par_1_3' title="bbox 3325 379 3428 435">
     <span class='ocr_line' id='line_1_3' title="bbox 3325 379 3428 435; baseline 0 -1"><span class='ocrx_word' id='word_1_3' title='bbox 3325 379 3428 435; x_wconf 70' lang='lat'><strong>902</strong></span> 
     </span>
    </p>
   </div>
   <div class='ocr_carea' id='block_1_4' title="bbox 150 489 3424 561">
    <p class='ocr_par' dir='ltr' id='par_1_4' title="bbox 150 489 3424 561">
     <span class='ocr_line' id='line_1_4' title="bbox 150 489 3424 561; baseline 0.002 -18"><span class='ocrx_word' id='word_1_4' title='bbox 150 498 281 552; x_wconf 82' lang='lat' dir='ltr'><strong>cst,</strong></span> <span class='ocrx_word' id='word_1_5' title='bbox 338 490 529 543; x_wconf 89' lang='lat' dir='ltr'><strong>leniori</strong></span> <span class='ocrx_word' id='word_1_6' title='bbox 560 504 720 557; x_wconf 89' lang='lat' dir='ltr'><strong>quam</strong></span> <span class='ocrx_word' id='word_1_7' title='bbox 759 489 944 543; x_wconf 87' lang='lat' dir='ltr'><strong>debuit</strong></span> <span class='ocrx_word' id='word_1_8' title='bbox 989 489 1210 557; x_wconf 88' lang='lat' dir='ltr'><strong>pietate,</strong></span> <span class='ocrx_word' id='word_1_9' title='bbox 1262 490 1363 544; x_wconf 85' lang='lat' dir='ltr'><strong>sibi</strong></span> <span class='ocrx_word' id='word_1_10' title='bbox 1419 500 1594 545; x_wconf 88' lang='lat' dir='ltr'><strong>tamen</strong></span> <span class='ocrx_word' id='word_1_11' title='bbox 1628 492 1755 546; x_wconf 82' lang='lat' dir='ltr'><strong>eon-</strong></span> <span class='ocrx_word' id='word_1_12' title='bbox 1786 502 1833 555; x_wconf 74' lang='grc' dir='ltr'>Α</span> <span class='ocrx_word' id='word_1_13' title='bbox 1864 491 1970 544; x_wconf 82' lang='lat' dir='ltr'><strong>Sed</strong></span> <span class='ocrx_word' id='word_1_14' title='bbox 2018 490 2370 544; x_wconf 69' lang='lat' dir='ltr'><strong>considerans</strong></span> <span class='ocrx_word' id='word_1_15' title='bbox 2419 491 2709 559; x_wconf 87' lang='lat' dir='ltr'><strong>imperator</strong></span> <span class='ocrx_word' id='word_1_16' title='bbox 2758 493 3110 561; x_wconf 85' lang='lat' dir='ltr'><strong>quorumdam</strong></span> <span class='ocrx_word' id='word_1_17' title='bbox 3160 494 3424 549; x_wconf 87' lang='lat' dir='ltr'><strong>malorum</strong></span> 
     </span>
    </p>
   </div>
   <div class='ocr_carea' id='block_1_5' title="bbox 153 578 1752 650">
    <p class='ocr_par' dir='ltr' id='par_1_5' title="bbox 153 578 1752 650">
     <span class='ocr_line' id='line_1_5' title="bbox 153 578 1752 650; baseline 0.002 -20"><span class='ocrx_word' id='word_1_18' title='bbox 153 586 338 632; x_wconf 79' lang='lat' dir='ltr'><strong>sueto</strong></span> <span class='ocrx_word' id='word_1_19' title='bbox 362 580 709 649; x_wconf 76' lang='lat' dir='ltr'><strong>benignitatis</strong></span> <span class='ocrx_word' id='word_1_20' title='bbox 736 588 791 632; x_wconf 91' lang='lat' dir='ltr'><strong>et</strong></span> <span class='ocrx_word' id='word_1_21' title='bbox 820 578 1120 633; x_wconf 75' lang='lat' dir='ltr'><strong>clementia:</strong></span> <span class='ocrx_word' id='word_1_22' title='bbox 1140 594 1315 643; x_wconf 89' lang='lat' dir='ltr'><strong>more,</strong></span> <span class='ocrx_word' id='word_1_23' title='bbox 1348 580 1517 633; x_wconf 90' lang='lat' dir='ltr'><strong>laicos</strong></span> <span class='ocrx_word' id='word_1_24' title='bbox 1538 581 1752 650; x_wconf 88' lang='lat' dir='ltr'><strong>quidem</strong></span> 
     </span>
    </p>
   </div>
   <div class='ocr_carea' id='block_1_6' title="bbox 152 670 1753 741">
    <p class='ocr_par' dir='ltr' id='par_1_6' title="bbox 152 670 1753 741">
     <span class='ocr_line' id='line_1_6' title="bbox 152 670 1753 741; baseline 0 -16"><span class='ocrx_word' id='word_1_25' title='bbox 152 671 440 741; x_wconf 61' lang='lat' dir='ltr'><strong>praecepit</strong></span> <span class='ocrx_word' id='word_1_26' title='bbox 471 670 605 724; x_wconf 89' lang='lat' dir='ltr'><strong>locis</strong></span> <span class='ocrx_word' id='word_1_27' title='bbox 641 671 957 739; x_wconf 79' lang='lat' dir='ltr'><strong>opportunis</strong></span> <span class='ocrx_word' id='word_1_28' title='bbox 1008 670 1314 735; x_wconf 90' lang='lat' dir='ltr'><strong>attonderi;</strong></span> <span class='ocrx_word' id='word_1_29' title='bbox 1359 671 1588 726; x_wconf 78' lang='lat' dir='ltr'><strong>clericos</strong></span> <span class='ocrx_word' id='word_1_30' title='bbox 1629 686 1753 726; x_wconf 90' lang='lat' dir='ltr'><strong>vero</strong></span> 
     </span>
    </p>
   </div>
   <div class='ocr_carea' id='block_1_7' title="bbox 155 760 1607 816">
    <p class='ocr_par' dir='ltr' id='par_1_7' title="bbox 155 760 1607 816">
     <span class='ocr_line' id='line_1_7' title="bbox 155 760 1607 816; baseline 0.002 -4"><span class='ocrx_word' id='word_1_31' title='bbox 155 760 223 815; x_wconf 85' lang='lat' dir='ltr'><strong>in</strong></span> <span class='ocrx_word' id='word_1_32' title='bbox 264 760 714 816; x_wconf 87' lang='lat' dir='ltr'><strong>convenientibus</strong></span> <span class='ocrx_word' id='word_1_33' title='bbox 736 760 920 813; x_wconf 88' lang='lat' dir='ltr'><strong>itidem</strong></span> <span class='ocrx_word' id='word_1_34' title='bbox 958 761 1303 814; x_wconf 78' lang='lat' dir='ltr'><strong>monasteriis</strong></span> <span class='ocrx_word' id='word_1_35' title='bbox 1330 762 1607 815; x_wconf 79' lang='lat' dir='ltr'><strong>custodiri.</strong></span> 
     </span>
    </p>
   </div>
   <div class='ocr_carea' id='block_1_8' title="bbox 242 852 1751 925">
    <p class='ocr_par' dir='ltr' id='par_1_8' title="bbox 242 852 1751 925">
     <span class='ocr_line' id='line_1_8' title="bbox 242 852 1751 925; baseline 0.003 -21"><span class='ocrx_word' id='word_1_36' title='bbox 242 852 347 906; x_wconf 83' lang='lat' dir='ltr'><strong>His</strong></span> <span class='ocrx_word' id='word_1_37' title='bbox 370 853 605 921; x_wconf 82' lang='lat' dir='ltr'><strong>peractis</strong></span> <span class='ocrx_word' id='word_1_38' title='bbox 628 853 695 906; x_wconf 92' lang='lat' dir='ltr'><strong>ad</strong></span> <span class='ocrx_word' id='word_1_39' title='bbox 722 852 1070 905; x_wconf 89' lang='lat' dir='ltr'><strong>hiemandum</strong></span> <span class='ocrx_word' id='word_1_40' title='bbox 1093 854 1389 921; x_wconf 88' lang='lat' dir='ltr'><strong>imperator</strong></span> <span class='ocrx_word' id='word_1_41' title='bbox 1412 854 1751 925; x_wconf 81' lang='lat' dir='ltr'><strong>Aquasgraui</strong></span> 
     </span>
    </p>
   </div>
   <div class='ocr_carea' id='block_1_9' title="bbox 154 940 1751 1014">
    <p class='ocr_par' dir='ltr' id='par_1_9' title="bbox 154 940 1751 1014">
     <span class='ocr_line' id='line_1_9' title="bbox 154 940 1751 1014; baseline 0.004 -20"><span class='ocrx_word' id='word_1_42' title='bbox 154 941 403 995; x_wconf 86' lang='lat' dir='ltr'><strong>secessit</strong></span> <span class='ocrx_word' id='word_1_43' title='bbox 432 940 599 1011; x_wconf 77' lang='grc'><strong>(831).</strong></span> <span class='ocrx_word' id='word_1_44' title='bbox 644 940 843 995; x_wconf 83' lang='lat' dir='ltr'><strong>Habuit</strong></span> <span class='ocrx_word' id='word_1_45' title='bbox 878 949 1057 995; x_wconf 88' lang='lat' dir='ltr'><strong>autem</strong></span> <span class='ocrx_word' id='word_1_46' title='bbox 1096 958 1194 1012; x_wconf 90' lang='lat' dir='ltr'><strong>per</strong></span> <span class='ocrx_word' id='word_1_47' title='bbox 1241 944 1382 999; x_wconf 90' lang='lat' dir='ltr'><strong>idem</strong></span> <span class='ocrx_word' id='word_1_48' title='bbox 1418 954 1627 1014; x_wconf 88' lang='lat' dir='ltr'><strong>tempus</strong></span> <span class='ocrx_word' id='word_1_49' title='bbox 1669 961 1751 1000; x_wconf 86' lang='lat' dir='ltr'><strong>se-</strong></span> 
     </span>
    </p>
   </div>
   <div class='ocr_carea' id='block_1_10' title="bbox 155 1029 1751 1097">
    <p class='ocr_par' dir='ltr' id='par_1_10' title="bbox 155 1029 1751 1097">
     <span class='ocr_line' id='line_1_10' title="bbox 155 1029 1751 1097; baseline 0.003 -13"><span class='ocrx_word' id='word_1_50' title='bbox 155 1044 301 1084; x_wconf 86' lang='lat' dir='ltr'><strong>cum</strong></span> <span class='ocrx_word' id='word_1_51' title='bbox 336 1044 551 1097; x_wconf 87' lang='lat' dir='ltr'><strong>semper</strong></span> <span class='ocrx_word' id='word_1_52' title='bbox 570 1029 883 1084; x_wconf 86' lang='lat' dir='ltr'><strong>Lotbarium</strong></span> <span class='ocrx_word' id='word_1_53' title='bbox 906 1029 1072 1083; x_wconf 86' lang='lat' dir='ltr'><strong>filium</strong></span> <span class='ocrx_word' id='word_1_54' title='bbox 1098 1046 1274 1085; x_wconf 91' lang='lat' dir='ltr'><strong>suum.</strong></span> <span class='ocrx_word' id='word_1_55' title='bbox 1297 1032 1440 1086; x_wconf 82' lang='lat' dir='ltr'><strong>Misit</strong></span> <span class='ocrx_word' id='word_1_56' title='bbox 1470 1034 1672 1088; x_wconf 81' lang='lat' dir='ltr'><strong>interea</strong></span> <span class='ocrx_word' id='word_1_57' title='bbox 1697 1035 1751 1088; x_wconf 92' lang='lat' dir='ltr'><strong>in</strong></span> 
     </span>
    </p>
   </div>
   <div class='ocr_carea' id='block_1_11' title="bbox 155 1121 1753 1194">
    <p class='ocr_par' dir='ltr' id='par_1_11' title="bbox 155 1121 1753 1194">
     <span class='ocr_line' id='line_1_11' title="bbox 155 1121 1753 1194; baseline 0.003 -20"><span class='ocrx_word' id='word_1_58' title='bbox 155 1121 516 1189; x_wconf 81' lang='lat' dir='ltr'><strong>Aquitaniam</strong></span> <span class='ocrx_word' id='word_1_59' title='bbox 549 1161 563 1185; x_wconf 94' lang='lat'><strong>,</strong></span> <span class='ocrx_word' id='word_1_60' title='bbox 592 1121 983 1191; x_wconf 88' lang='lat' dir='ltr'><strong>conjugemque</strong></span> <span class='ocrx_word' id='word_1_61' title='bbox 1014 1125 1309 1188; x_wconf 80' lang='lat' dir='ltr'><strong>revocavit,</strong></span> <span class='ocrx_word' id='word_1_62' title='bbox 1359 1123 1663 1194; x_wconf 82' lang='lat' dir='ltr'><strong>fratresque</strong></span> <span class='ocrx_word' id='word_1_63' title='bbox 1693 1127 1753 1179; x_wconf 90' lang='lat' dir='ltr'><strong>il-</strong></span> 
     </span>
    </p>
   </div>
   <div class='ocr_carea' id='block_1_12' title="bbox 157 1208 1747 1279">
    <p class='ocr_par' dir='ltr' id='par_1_12' title="bbox 157 1208 1747 1279">
     <span class='ocr_line' id='line_1_12' title="bbox 157 1208 1747 1279; baseline 0.004 -18"><span class='ocrx_word' id='word_1_64' title='bbox 157 1208 280 1264; x_wconf 90' lang='lat' dir='ltr'><strong>lius</strong></span> <span class='ocrx_word' id='word_1_65' title='bbox 326 1209 630 1263; x_wconf 86' lang='lat' dir='ltr'><strong>Conradum</strong></span> <span class='ocrx_word' id='word_1_66' title='bbox 685 1220 739 1264; x_wconf 91' lang='lat' dir='ltr'><strong>et</strong></span> <span class='ocrx_word' id='word_1_67' title='bbox 785 1210 1073 1265; x_wconf 83' lang='lat' dir='ltr'><strong>Rodulfum</strong></span> <span class='ocrx_word' id='word_1_68' title='bbox 1118 1210 1436 1279; x_wconf 83' lang='lat' dir='ltr'><strong>jamdudum</strong></span> <span class='ocrx_word' id='word_1_69' title='bbox 1486 1223 1747 1269; x_wconf 87' lang='lat' dir='ltr'><strong>attonsos.</strong></span> 
     </span>
    </p>
   </div>
   <div class='ocr_carea' id='block_1_13' title="bbox 160 1298 1747 1374">
    <p class='ocr_par' dir='ltr' id='par_1_13' title="bbox 160 1298 1747 1374">
     <span class='ocr_line' id='line_1_13' title="bbox 160 1298 1747 1374; baseline 0.004 -22"><span class='ocrx_word' id='word_1_70' title='bbox 160 1298 350 1364; x_wconf 83' lang='lat' dir='ltr'><strong>Quam</strong></span> <span class='ocrx_word' id='word_1_71' title='bbox 408 1309 585 1355; x_wconf 88' lang='lat' dir='ltr'><strong>tamen</strong></span> <span class='ocrx_word' id='word_1_72' title='bbox 640 1302 881 1371; x_wconf 81' lang='lat' dir='ltr'><strong>conjugis</strong></span> <span class='ocrx_word' id='word_1_73' title='bbox 930 1303 1136 1356; x_wconf 90' lang='lat' dir='ltr'><strong>honore</strong></span> <span class='ocrx_word' id='word_1_74' title='bbox 1189 1319 1295 1358; x_wconf 92' lang='lat' dir='ltr'><strong>non</strong></span> <span class='ocrx_word' id='word_1_75' title='bbox 1347 1314 1429 1359; x_wconf 88' lang='lat' dir='ltr'><strong>est</strong></span> <span class='ocrx_word' id='word_1_76' title='bbox 1477 1306 1747 1374; x_wconf 90' lang='lat' dir='ltr'><strong>dignatus,</strong></span> 
     </span>
    </p>
   </div>
   <div class='ocr_carea' id='block_1_14' title="bbox 163 1391 1749 1466">
    <p class='ocr_par' dir='ltr' id='par_1_14' title="bbox 163 1391 1749 1466">
     <span class='ocr_line' id='line_1_14' title="bbox 163 1391 1749 1466; baseline 0.004 -22"><span class='ocrx_word' id='word_1_77' title='bbox 163 1391 350 1446; x_wconf 87' lang='lat' dir='ltr'><strong>donec</strong></span> <span class='ocrx_word' id='word_1_78' title='bbox 378 1407 435 1446; x_wconf 91' lang='lat' dir='ltr'><strong>se</strong></span> <span class='ocrx_word' id='word_1_79' title='bbox 457 1392 612 1462; x_wconf 78' lang='lat' dir='ltr'><strong>legali</strong></span> <span class='ocrx_word' id='word_1_80' title='bbox 642 1394 957 1462; x_wconf 74' lang='lat' dir='ltr'><strong>prazscripto</strong></span> <span class='ocrx_word' id='word_1_81' title='bbox 985 1394 1144 1448; x_wconf 90' lang='lat' dir='ltr'><strong>modo</strong></span> <span class='ocrx_word' id='word_1_82' title='bbox 1190 1396 1257 1449; x_wconf 90' lang='lat' dir='ltr'><strong>ab</strong></span> <span class='ocrx_word' id='word_1_83' title='bbox 1284 1394 1509 1462; x_wconf 85' lang='lat' dir='ltr'><strong>objectis</strong></span> <span class='ocrx_word' id='word_1_84' title='bbox 1553 1413 1749 1466; x_wconf 81' lang='lat' dir='ltr'><strong>purga-</strong></span> 
     </span>
    </p>
   </div>
   <div class='ocr_carea' id='block_1_15' title="bbox 163 1479 1752 1551">
    <p class='ocr_par' dir='ltr' id='par_1_15' title="bbox 163 1479 1752 1551">
     <span class='ocr_line' id='line_1_15' title="bbox 163 1479 1752 1551; baseline 0.005 -20"><span class='ocrx_word' id='word_1_85' title='bbox 163 1488 274 1534; x_wconf 85' lang='lat' dir='ltr'><strong>ret.</strong></span> <span class='ocrx_word' id='word_1_86' title='bbox 312 1479 463 1546; x_wconf 84' lang='lat' dir='ltr'><strong>Quod</strong></span> <span class='ocrx_word' id='word_1_87' title='bbox 514 1490 798 1550; x_wconf 86' lang='lat' dir='ltr'><strong>postquam</strong></span> <span class='ocrx_word' id='word_1_88' title='bbox 848 1491 1056 1551; x_wconf 86' lang='lat' dir='ltr'><strong>gestum</strong></span> <span class='ocrx_word' id='word_1_89' title='bbox 1104 1491 1215 1549; x_wconf 90' lang='lat' dir='ltr'><strong>est,</strong></span> <span class='ocrx_word' id='word_1_90' title='bbox 1269 1485 1320 1537; x_wconf 90' lang='lat' dir='ltr'><strong>in</strong></span> <span class='ocrx_word' id='word_1_91' title='bbox 1369 1485 1752 1539; x_wconf 87' lang='lat' dir='ltr'><strong>Purilicatione</strong></span> 
     </span>
    </p>
   </div>
   <div class='ocr_carea' id='block_1_16' title="bbox 162 1567 1749 1637">
    <p class='ocr_par' dir='ltr' id='par_1_16' title="bbox 162 1567 1749 1637">
     <span class='ocr_line' id='line_1_16' title="bbox 162 1567 1749 1637; baseline 0.005 -18"><span class='ocrx_word' id='word_1_92' title='bbox 162 1575 379 1621; x_wconf 74' lang='lat' dir='ltr'><strong>sancta:</strong></span> <span class='ocrx_word' id='word_1_93' title='bbox 411 1567 611 1632; x_wconf 71' lang='lat' dir='ltr'><strong>Marizc,</strong></span> <span class='ocrx_word' id='word_1_94' title='bbox 645 1569 853 1622; x_wconf 90' lang='lat' dir='ltr'><strong>cunctis</strong></span> <span class='ocrx_word' id='word_1_95' title='bbox 887 1568 1195 1637; x_wconf 88' lang='lat' dir='ltr'><strong>dijudicatis</strong></span> <span class='ocrx_word' id='word_1_96' title='bbox 1222 1573 1290 1625; x_wconf 92' lang='lat' dir='ltr'><strong>ad</strong></span> <span class='ocrx_word' id='word_1_97' title='bbox 1321 1583 1546 1626; x_wconf 89' lang='lat' dir='ltr'><strong>mortem</strong></span> <span class='ocrx_word' id='word_1_98' title='bbox 1583 1575 1749 1627; x_wconf 88' lang='lat' dir='ltr'><strong>vitam</strong></span> 
     </span>
    </p>
   </div>
   <div class='ocr_carea' id='block_1_17' title="bbox 162 1656 1750 1730">
    <p class='ocr_par' dir='ltr' id='par_1_17' title="bbox 162 1656 1750 1730">
     <span class='ocr_line' id='line_1_17' title="bbox 162 1656 1750 1730; baseline 0.008 -26"><span class='ocrx_word' id='word_1_99' title='bbox 162 1656 459 1709; x_wconf 78' lang='lat' dir='ltr'><strong>concessit.</strong></span> <span class='ocrx_word' id='word_1_100' title='bbox 501 1657 571 1709; x_wconf 85' lang='lat' dir='ltr'><strong>At</strong></span> <span class='ocrx_word' id='word_1_101' title='bbox 618 1656 933 1711; x_wconf 89' lang='lat' dir='ltr'><strong>Lotharium</strong></span> <span class='ocrx_word' id='word_1_102' title='bbox 980 1659 1033 1711; x_wconf 91' lang='lat' dir='ltr'><strong>in</strong></span> <span class='ocrx_word' id='word_1_103' title='bbox 1083 1660 1309 1725; x_wconf 79' lang='lat' dir='ltr'><strong>Italiam,</strong></span> <span class='ocrx_word' id='word_1_104' title='bbox 1360 1661 1645 1730; x_wconf 84' lang='lat' dir='ltr'><strong>Pippinum</strong></span> <span class='ocrx_word' id='word_1_105' title='bbox 1696 1664 1750 1717; x_wconf 92' lang='lat' dir='ltr'><strong>in</strong></span> 
     </span>
    </p>
   </div>
   <div class='ocr_carea' id='block_1_18' title="bbox 162 1746 1747 1821">
    <p class='ocr_par' dir='ltr' id='par_1_18' title="bbox 162 1746 1747 1821">
     <span class='ocr_line' id='line_1_18' title="bbox 162 1746 1747 1821; baseline 0.005 -21"><span class='ocrx_word' id='word_1_106' title='bbox 162 1746 540 1817; x_wconf 78' lang='lat' dir='ltr'><strong>Aquitaniam,</strong></span> <span class='ocrx_word' id='word_1_107' title='bbox 572 1748 904 1804; x_wconf 90' lang='lat' dir='ltr'><strong>Ludovicum</strong></span> <span class='ocrx_word' id='word_1_108' title='bbox 935 1751 987 1803; x_wconf 93' lang='lat' dir='ltr'><strong>in</strong></span> <span class='ocrx_word' id='word_1_109' title='bbox 1018 1751 1316 1818; x_wconf 81' lang='lat' dir='ltr'><strong>Bajoariam</strong></span> <span class='ocrx_word' id='word_1_110' title='bbox 1356 1754 1435 1807; x_wconf 90' lang='lat' dir='ltr'><strong>ire</strong></span> <span class='ocrx_word' id='word_1_111' title='bbox 1464 1755 1747 1821; x_wconf 79' lang='lat' dir='ltr'><strong>permisit:</strong></span> 
     </span>
    </p>
   </div>
   <div class='ocr_carea' id='block_1_19' title="bbox 1860 579 3428 652">
    <p class='ocr_par' dir='ltr' id='par_1_19' title="bbox 1860 579 3428 652">
     <span class='ocr_line' id='line_1_19' title="bbox 1860 579 3428 652; baseline 0.004 -19"><span class='ocrx_word' id='word_1_112' title='bbox 1860 580 2137 633; x_wconf 88' lang='lat' dir='ltr'><strong>hominum</strong></span> <span class='ocrx_word' id='word_1_113' title='bbox 2167 579 2414 641; x_wconf 90' lang='lat' dir='ltr'><strong>consilia,</strong></span> <span class='ocrx_word' id='word_1_114' title='bbox 2466 579 2560 632; x_wconf 78' lang='lat' dir='ltr'><strong>filii</strong></span> <span class='ocrx_word' id='word_1_115' title='bbox 2608 582 2847 634; x_wconf 91' lang='lat' dir='ltr'><strong>animum</strong></span> <span class='ocrx_word' id='word_1_116' title='bbox 2906 591 3012 634; x_wconf 88' lang='lat' dir='ltr'><strong>tam</strong></span> <span class='ocrx_word' id='word_1_117' title='bbox 3053 583 3213 637; x_wconf 90' lang='lat' dir='ltr'><strong>minis</strong></span> <span class='ocrx_word' id='word_1_118' title='bbox 3264 600 3428 652; x_wconf 88' lang='lat' dir='ltr'><strong>quam</strong></span> 
     </span>
    </p>
   </div>
   <div class='ocr_carea' id='block_1_20' title="bbox 1855 667 3423 740">
    <p class='ocr_par' dir='ltr' id='par_1_20' title="bbox 1855 667 3423 740">
     <span class='ocr_line' id='line_1_20' title="bbox 1855 667 3423 740; baseline 0.002 -20"><span class='ocrx_word' id='word_1_119' title='bbox 1855 668 2305 735; x_wconf 87' lang='lat' dir='ltr'><strong>promissionibus</strong></span> <span class='ocrx_word' id='word_1_120' title='bbox 2321 668 2387 721; x_wconf 90' lang='lat' dir='ltr'><strong>ad</strong></span> <span class='ocrx_word' id='word_1_121' title='bbox 2406 667 2674 721; x_wconf 88' lang='lat' dir='ltr'><strong>deteriora</strong></span> <span class='ocrx_word' id='word_1_122' title='bbox 2690 668 3059 723; x_wconf 83' lang='lat' dir='ltr'><strong>festinantium</strong></span> <span class='ocrx_word' id='word_1_123' title='bbox 3082 679 3390 740; x_wconf 76' lang='lat' dir='ltr'><strong>pervertere</strong></span> <span class='ocrx_word' id='word_1_124' title='bbox 3409 689 3423 723; x_wconf 88' lang='lat'><strong>:</strong></span> 
     </span>
    </p>
   </div>
   <div class='ocr_carea' id='block_1_21' title="bbox 1856 758 3427 829">
    <p class='ocr_par' dir='ltr' id='par_1_21' title="bbox 1856 758 3427 829">
     <span class='ocr_line' id='line_1_21' title="bbox 1856 758 3427 829; baseline 0.002 -18"><span class='ocrx_word' id='word_1_125' title='bbox 1856 759 2196 825; x_wconf 77' lang='lat' dir='ltr'><strong>maximeque</strong></span> <span class='ocrx_word' id='word_1_126' title='bbox 2227 758 2554 812; x_wconf 86' lang='lat' dir='ltr'><strong>Bernardum</strong></span> <span class='ocrx_word' id='word_1_127' title='bbox 2616 773 2839 823; x_wconf 90' lang='lat' dir='ltr'><strong>verens,</strong></span> <span class='ocrx_word' id='word_1_128' title='bbox 2888 760 3042 829; x_wconf 87' lang='lat' dir='ltr'><strong>cujus</strong></span> <span class='ocrx_word' id='word_1_129' title='bbox 3081 761 3308 816; x_wconf 90' lang='lat' dir='ltr'><strong>consilio</strong></span> <span class='ocrx_word' id='word_1_130' title='bbox 3348 763 3427 815; x_wconf 86' lang='lat' dir='ltr'><strong>uti</strong></span> 
     </span>
    </p>
   </div>
   <div class='ocr_carea' id='block_1_22' title="bbox 1856 847 3433 923">
    <p class='ocr_par' dir='ltr' id='par_1_22' title="bbox 1856 847 3433 923">
     <span class='ocr_line' id='line_1_22' title="bbox 1856 847 3433 923; baseline 0.003 -19"><span class='ocrx_word' id='word_1_131' title='bbox 1856 859 1982 904; x_wconf 91' lang='lat' dir='ltr'><strong>tunc</strong></span> <span class='ocrx_word' id='word_1_132' title='bbox 2004 850 2283 904; x_wconf 87' lang='lat' dir='ltr'><strong>dicebatur</strong></span> <span class='ocrx_word' id='word_1_133' title='bbox 2325 850 2582 919; x_wconf 86' lang='lat' dir='ltr'><strong>Pippinus</strong></span> <span class='ocrx_word' id='word_1_134' title='bbox 2612 847 2724 919; x_wconf 89' lang='lat' dir='ltr'><strong>(qui</strong></span> <span class='ocrx_word' id='word_1_135' title='bbox 2756 859 2809 903; x_wconf 90' lang='lat' dir='ltr'><strong>et</strong></span> <span class='ocrx_word' id='word_1_136' title='bbox 2838 851 2950 918; x_wconf 89' lang='lat' dir='ltr'><strong>ipse</strong></span> <span class='ocrx_word' id='word_1_137' title='bbox 2974 860 3101 905; x_wconf 91' lang='lat' dir='ltr'><strong>tunc</strong></span> <span class='ocrx_word' id='word_1_138' title='bbox 3128 853 3180 906; x_wconf 90' lang='lat' dir='ltr'><strong>in</strong></span> <span class='ocrx_word' id='word_1_139' title='bbox 3207 852 3433 923; x_wconf 86' lang='lat' dir='ltr'><strong>Aquita-</strong></span> 
     </span>
    </p>
   </div>
   <div class='ocr_carea' id='block_1_23' title="bbox 1854 940 3424 1010">
    <p class='ocr_par' dir='ltr' id='par_1_23' title="bbox 1854 940 3424 1010">
     <span class='ocr_line' id='line_1_23' title="bbox 1854 940 3424 1010; baseline 0.001 -16"><span class='ocrx_word' id='word_1_140' title='bbox 1854 941 1942 994; x_wconf 89' lang='lat' dir='ltr'><strong>nia</strong></span> <span class='ocrx_word' id='word_1_141' title='bbox 1966 940 2318 1010; x_wconf 88' lang='lat' dir='ltr'><strong>morabatur),</strong></span> <span class='ocrx_word' id='word_1_142' title='bbox 2350 941 2523 1010; x_wconf 82' lang='lat' dir='ltr'><strong>Ligeri</strong></span> <span class='ocrx_word' id='word_1_143' title='bbox 2563 950 2896 995; x_wconf 86' lang='lat' dir='ltr'><strong>transmeato</strong></span> <span class='ocrx_word' id='word_1_144' title='bbox 2925 982 2938 1006; x_wconf 96' lang='lat'><strong>,</strong></span> <span class='ocrx_word' id='word_1_145' title='bbox 2980 958 3101 996; x_wconf 91' lang='lat' dir='ltr'><strong>cum</strong></span> <span class='ocrx_word' id='word_1_146' title='bbox 3148 959 3244 998; x_wconf 92' lang='lat' dir='ltr'><strong>suo</strong></span> <span class='ocrx_word' id='word_1_147' title='bbox 3273 960 3424 999; x_wconf 89' lang='lat' dir='ltr'><strong>com-</strong></span> 
     </span>
    </p>
   </div>
   <div class='ocr_carea' id='block_1_24' title="bbox 1854 1030 3425 1100">
    <p class='ocr_par' dir='ltr' id='par_1_24' title="bbox 1854 1030 3425 1100">
     <span class='ocr_line' id='line_1_24' title="bbox 1854 1030 3425 1100; baseline 0.003 -17"><span class='ocrx_word' id='word_1_148' title='bbox 1854 1040 2034 1085; x_wconf 85' lang='lat' dir='ltr'><strong>meatu</strong></span> <span class='ocrx_word' id='word_1_149' title='bbox 2067 1033 2133 1085; x_wconf 91' lang='lat' dir='ltr'><strong>ad</strong></span> <span class='ocrx_word' id='word_1_150' title='bbox 2164 1031 2549 1086; x_wconf 82' lang='lat' dir='ltr'><strong>Jocundiacum</strong></span> <span class='ocrx_word' id='word_1_151' title='bbox 2576 1030 2833 1100; x_wconf 83' lang='lat' dir='ltr'><strong>palatium</strong></span> <span class='ocrx_word' id='word_1_152' title='bbox 2863 1031 3029 1097; x_wconf 87' lang='lat' dir='ltr'><strong>venit,</strong></span> <span class='ocrx_word' id='word_1_153' title='bbox 3065 1033 3115 1085; x_wconf 93' lang='lat' dir='ltr'><strong>in</strong></span> <span class='ocrx_word' id='word_1_154' title='bbox 3146 1034 3425 1087; x_wconf 89' lang='lat' dir='ltr'><strong>territorio</strong></span> 
     </span>
    </p>
   </div>
   <div class='ocr_carea' id='block_1_25' title="bbox 1853 1122 3425 1190">
    <p class='ocr_par' dir='ltr' id='par_1_25' title="bbox 1853 1122 3425 1190">
     <span class='ocr_line' id='line_1_25' title="bbox 1853 1122 3425 1190; baseline 0.001 -15"><span class='ocrx_word' id='word_1_155' title='bbox 1853 1122 2139 1177; x_wconf 87' lang='lat' dir='ltr'><strong>Lemovico</strong></span> <span class='ocrx_word' id='word_1_156' title='bbox 2162 1124 2345 1177; x_wconf 87' lang='lat' dir='ltr'><strong>situm.</strong></span> <span class='ocrx_word' id='word_1_157' title='bbox 2366 1123 2481 1189; x_wconf 88' lang='lat' dir='ltr'><strong>Quo</strong></span> <span class='ocrx_word' id='word_1_158' title='bbox 2505 1123 2762 1175; x_wconf 84' lang='lat' dir='ltr'><strong>ventilata</strong></span> <span class='ocrx_word' id='word_1_159' title='bbox 2786 1123 3067 1190; x_wconf 89' lang='lat' dir='ltr'><strong>utriusque</strong></span> <span class='ocrx_word' id='word_1_160' title='bbox 3088 1139 3270 1188; x_wconf 87' lang='lat' dir='ltr'><strong>causa,</strong></span> <span class='ocrx_word' id='word_1_161' title='bbox 3299 1124 3425 1178; x_wconf 85' lang='lat' dir='ltr'><strong>Ber-</strong></span> 
     </span>
    </p>
   </div>
   <div class='ocr_carea' id='block_1_26' title="bbox 1855 1210 3426 1282">
    <p class='ocr_par' dir='ltr' id='par_1_26' title="bbox 1855 1210 3426 1282">
     <span class='ocr_line' id='line_1_26' title="bbox 1855 1210 3426 1282; baseline 0.001 -17"><span class='ocrx_word' id='word_1_162' title='bbox 1855 1213 2054 1266; x_wconf 92' lang='lat' dir='ltr'><strong>nardus</strong></span> <span class='ocrx_word' id='word_1_163' title='bbox 2081 1213 2299 1282; x_wconf 87' lang='lat' dir='ltr'><strong>quidem</strong></span> <span class='ocrx_word' id='word_1_164' title='bbox 2328 1228 2449 1265; x_wconf 91' lang='lat' dir='ltr'><strong>cum</strong></span> <span class='ocrx_word' id='word_1_165' title='bbox 2482 1212 2885 1265; x_wconf 89' lang='lat' dir='ltr'><strong>insimularetur</strong></span> <span class='ocrx_word' id='word_1_166' title='bbox 2926 1212 3282 1277; x_wconf 85' lang='lat' dir='ltr'><strong>infidelitatis,</strong></span> <span class='ocrx_word' id='word_1_167' title='bbox 3327 1210 3426 1267; x_wconf 85' lang='lat' dir='ltr'><strong>nec</strong></span> 
     </span>
    </p>
   </div>
   <div class='ocr_carea' id='block_1_27' title="bbox 1853 1301 3427 1372">
    <p class='ocr_par' dir='ltr' id='par_1_27' title="bbox 1853 1301 3427 1372">
     <span class='ocr_line' id='line_1_27' title="bbox 1853 1301 3427 1372; baseline -0.001 -17"><span class='ocrx_word' id='word_1_168' title='bbox 1853 1312 2034 1357; x_wconf 88' lang='lat' dir='ltr'><strong>tamen</strong></span> <span class='ocrx_word' id='word_1_169' title='bbox 2063 1318 2232 1371; x_wconf 91' lang='lat' dir='ltr'><strong>usque</strong></span> <span class='ocrx_word' id='word_1_170' title='bbox 2258 1303 2323 1357; x_wconf 90' lang='lat' dir='ltr'><strong>ad</strong></span> <span class='ocrx_word' id='word_1_171' title='bbox 2366 1301 2801 1372; x_wconf 89' lang='lat' dir='ltr'><strong>congressionem</strong></span> <span class='ocrx_word' id='word_1_172' title='bbox 2848 1302 3105 1370; x_wconf 89' lang='lat' dir='ltr'><strong>probator</strong></span> <span class='ocrx_word' id='word_1_173' title='bbox 3132 1301 3427 1371; x_wconf 86' lang='lat' dir='ltr'><strong>procedere</strong></span> 
     </span>
    </p>
   </div>
   <div class='ocr_carea' id='block_1_28' title="bbox 1864 1391 3425 1462">
    <p class='ocr_par' dir='ltr' id='par_1_28' title="bbox 1864 1391 3425 1462">
     <span class='ocr_line' id='line_1_28' title="bbox 1864 1391 3425 1462; baseline 0.001 -19"><span class='ocrx_word' id='word_1_174' title='bbox 1864 1391 2039 1457; x_wconf 80' lang='lat' dir='ltr'><strong>vellet,</strong></span> <span class='ocrx_word' id='word_1_175' title='bbox 2082 1394 2376 1447; x_wconf 58' lang='lat' dir='ltr'><strong>bonoritus</strong></span> <span class='ocrx_word' id='word_1_176' title='bbox 2423 1395 2663 1462; x_wconf 87' lang='lat' dir='ltr'><strong>privatus</strong></span> <span class='ocrx_word' id='word_1_177' title='bbox 2707 1401 2808 1445; x_wconf 86' lang='lat' dir='ltr'><strong>est.</strong></span> <span class='ocrx_word' id='word_1_178' title='bbox 2864 1391 3149 1459; x_wconf 82' lang='lat' dir='ltr'><strong>Pippinum</strong></span> <span class='ocrx_word' id='word_1_179' title='bbox 3203 1406 3330 1445; x_wconf 89' lang='lat' dir='ltr'><strong>vero</strong></span> <span class='ocrx_word' id='word_1_180' title='bbox 3357 1392 3425 1444; x_wconf 92' lang='lat' dir='ltr'><strong>ob</strong></span> 
     </span>
    </p>
   </div>
   <div class='ocr_carea' id='block_1_29' title="bbox 1852 1474 3427 1551">
    <p class='ocr_par' dir='ltr' id='par_1_29' title="bbox 1852 1474 3427 1551">
     <span class='ocr_line' id='line_1_29' title="bbox 1852 1474 3427 1551; baseline -0.001 -17"><span class='ocrx_word' id='word_1_181' title='bbox 1852 1498 2143 1550; x_wconf 87' lang='lat' dir='ltr'><strong>pravorum</strong></span> <span class='ocrx_word' id='word_1_182' title='bbox 2186 1497 2395 1536; x_wconf 89' lang='lat' dir='ltr'><strong>morum</strong></span> <span class='ocrx_word' id='word_1_183' title='bbox 2441 1482 2865 1551; x_wconf 89' lang='lat' dir='ltr'><strong>corruptionem,</strong></span> <span class='ocrx_word' id='word_1_184' title='bbox 2899 1481 3004 1539; x_wconf 82' lang='lat' dir='ltr'><strong>sub</strong></span> <span class='ocrx_word' id='word_1_185' title='bbox 3049 1480 3289 1534; x_wconf 88' lang='lat' dir='ltr'><strong>custodia</strong></span> <span class='ocrx_word' id='word_1_186' title='bbox 3318 1474 3427 1549; x_wconf 74' lang='lat' dir='ltr'><strong>pri-</strong></span> 
     </span>
    </p>
   </div>
   <div class='ocr_carea' id='block_1_30' title="bbox 1862 1569 3421 1640">
    <p class='ocr_par' dir='ltr' id='par_1_30' title="bbox 1862 1569 3421 1640">
     <span class='ocr_line' id='line_1_30' title="bbox 1862 1569 3421 1640; baseline -0.003 -15"><span class='ocrx_word' id='word_1_187' title='bbox 1862 1581 1983 1625; x_wconf 82' lang='lat' dir='ltr'><strong>vata</strong></span> <span class='ocrx_word' id='word_1_188' title='bbox 2027 1570 2292 1625; x_wconf 77' lang='lat' dir='ltr'><strong>Treveros</strong></span> <span class='ocrx_word' id='word_1_189' title='bbox 2323 1571 2541 1640; x_wconf 87' lang='lat' dir='ltr'><strong>perduci</strong></span> <span class='ocrx_word' id='word_1_190' title='bbox 2573 1569 2753 1637; x_wconf 82' lang='lat' dir='ltr'><strong>jussit.</strong></span> <span class='ocrx_word' id='word_1_191' title='bbox 2788 1570 2904 1637; x_wconf 92' lang='lat' dir='ltr'><strong>Quo</strong></span> <span class='ocrx_word' id='word_1_192' title='bbox 2952 1585 3071 1623; x_wconf 89' lang='lat' dir='ltr'><strong>cum</strong></span> <span class='ocrx_word' id='word_1_193' title='bbox 3120 1570 3421 1628; x_wconf 88' lang='lat' dir='ltr'><strong>duceretur,</strong></span> 
     </span>
    </p>
   </div>
   <div class='ocr_carea' id='block_1_31' title="bbox 1850 1658 3425 1731">
    <p class='ocr_par' dir='ltr' id='par_1_31' title="bbox 1850 1658 3425 1731">
     <span class='ocr_line' id='line_1_31' title="bbox 1850 1658 3425 1731; baseline -0.003 -16"><span class='ocrx_word' id='word_1_194' title='bbox 1850 1671 1906 1715; x_wconf 92' lang='lat' dir='ltr'><strong>et</strong></span> <span class='ocrx_word' id='word_1_195' title='bbox 1954 1661 2316 1731; x_wconf 85' lang='lat' dir='ltr'><strong>indulgentius</strong></span> <span class='ocrx_word' id='word_1_196' title='bbox 2367 1661 2677 1724; x_wconf 83' lang='lat' dir='ltr'><strong>haberetur,</strong></span> <span class='ocrx_word' id='word_1_197' title='bbox 2723 1676 2753 1712; x_wconf 90' lang='lat' dir='ltr'><strong>a</strong></span> <span class='ocrx_word' id='word_1_198' title='bbox 2786 1660 2900 1713; x_wconf 89' lang='lat' dir='ltr'><strong>suis</strong></span> <span class='ocrx_word' id='word_1_199' title='bbox 2956 1658 3212 1713; x_wconf 72' lang='lat' dir='ltr'><strong>CUSlOdItD</strong></span> <span class='ocrx_word' id='word_1_200' title='bbox 3263 1668 3425 1711; x_wconf 89' lang='lat' dir='ltr'><strong>noctu</strong></span> 
     </span>
    </p>
   </div>
   <div class='ocr_carea' id='block_1_32' title="bbox 1854 1746 3426 1818">
    <p class='ocr_par' dir='ltr' id='par_1_32' title="bbox 1854 1746 3426 1818">
     <span class='ocr_line' id='line_1_32' title="bbox 1854 1746 3426 1818; baseline -0.004 -13"><span class='ocrx_word' id='word_1_201' title='bbox 1854 1752 2170 1805; x_wconf 89' lang='lat' dir='ltr'><strong>subducitur</strong></span> <span class='ocrx_word' id='word_1_202' title='bbox 2200 1791 2213 1813; x_wconf 93' lang='lat'><strong>,</strong></span> <span class='ocrx_word' id='word_1_203' title='bbox 2275 1758 2327 1804; x_wconf 86' lang='lat' dir='ltr'><strong>et</strong></span> <span class='ocrx_word' id='word_1_204' title='bbox 2383 1765 2555 1818; x_wconf 90' lang='lat' dir='ltr'><strong>usque</strong></span> <span class='ocrx_word' id='word_1_205' title='bbox 2592 1749 2659 1803; x_wconf 90' lang='lat' dir='ltr'><strong>ad</strong></span> <span class='ocrx_word' id='word_1_206' title='bbox 2713 1748 3055 1816; x_wconf 89' lang='lat' dir='ltr'><strong>imperatoris</strong></span> <span class='ocrx_word' id='word_1_207' title='bbox 3100 1746 3328 1801; x_wconf 89' lang='lat' dir='ltr'><strong>reditum</strong></span> <span class='ocrx_word' id='word_1_208' title='bbox 3358 1747 3426 1799; x_wconf 86' lang='lat' dir='ltr'><strong>ab</strong></span> 
     </span>
    </p>
   </div>
   <div class='ocr_carea' id='block_1_33' title="bbox 163 1837 3423 1912">
    <p class='ocr_par' dir='ltr' id='par_1_33' title="bbox 163 1837 3423 1912">
     <span class='ocr_line' id='line_1_33' title="bbox 163 1837 3423 1912; baseline -0.001 -22"><span class='ocrx_word' id='word_1_209' title='bbox 163 1837 286 1905; x_wconf 85' lang='lat' dir='ltr'><strong>ipse</strong></span> <span class='ocrx_word' id='word_1_210' title='bbox 308 1853 436 1893; x_wconf 88' lang='lat' dir='ltr'><strong>vero</strong></span> <span class='ocrx_word' id='word_1_211' title='bbox 455 1838 929 1909; x_wconf 85' lang='lat' dir='ltr'><strong>Quadragesimale</strong></span> <span class='ocrx_word' id='word_1_212' title='bbox 963 1849 1170 1911; x_wconf 84' lang='lat' dir='ltr'><strong>tempus</strong></span> <span class='ocrx_word' id='word_1_213' title='bbox 1189 1843 1519 1912; x_wconf 68' lang='lat' dir='ltr'><strong>Paschteque</strong></span> <span class='ocrx_word' id='word_1_214' title='bbox 1549 1843 1744 1897; x_wconf 88' lang='lat' dir='ltr'><strong>solem-</strong></span> <span class='ocrx_word' id='word_1_215' title='bbox 1771 1841 1817 1899; x_wconf 92' lang='lat' dir='ltr'><strong>B</strong></span> <span class='ocrx_word' id='word_1_216' title='bbox 1844 1839 2156 1908; x_wconf 83' lang='lat' dir='ltr'><strong>Aquitania,</strong></span> <span class='ocrx_word' id='word_1_217' title='bbox 2184 1854 2622 1908; x_wconf 86' lang='lat' dir='ltr'><strong>quaquaversum</strong></span> <span class='ocrx_word' id='word_1_218' title='bbox 2649 1839 2817 1892; x_wconf 87' lang='lat' dir='ltr'><strong>valuit</strong></span> <span class='ocrx_word' id='word_1_219' title='bbox 2846 1846 2899 1891; x_wconf 92' lang='lat' dir='ltr'><strong>et</strong></span> <span class='ocrx_word' id='word_1_220' title='bbox 2922 1837 3124 1901; x_wconf 87' lang='lat' dir='ltr'><strong>voluit,</strong></span> <span class='ocrx_word' id='word_1_221' title='bbox 3161 1851 3423 1906; x_wconf 87' lang='lat' dir='ltr'><strong>pervaga-</strong></span> 
     </span>
    </p>
   </div>
   <div class='ocr_carea' id='block_1_34' title="bbox 164 1928 1741 2002">
    <p class='ocr_par' dir='ltr' id='par_1_34' title="bbox 164 1928 1741 2002">
     <span class='ocr_line' id='line_1_34' title="bbox 164 1928 1741 2002; baseline 0.004 -22"><span class='ocrx_word' id='word_1_222' title='bbox 164 1928 394 1982; x_wconf 88' lang='lat' dir='ltr'><strong>nitatem</strong></span> <span class='ocrx_word' id='word_1_223' title='bbox 425 1929 479 1981; x_wconf 91' lang='lat' dir='ltr'><strong>in</strong></span> <span class='ocrx_word' id='word_1_224' title='bbox 505 1945 569 1983; x_wconf 91' lang='lat' dir='ltr'><strong>eo</strong></span> <span class='ocrx_word' id='word_1_225' title='bbox 601 1928 718 1983; x_wconf 91' lang='lat' dir='ltr'><strong>loco</strong></span> <span class='ocrx_word' id='word_1_226' title='bbox 738 1930 1053 1984; x_wconf 87' lang='lat' dir='ltr'><strong>celebravit.</strong></span> <span class='ocrx_word' id='word_1_227' title='bbox 1082 1931 1431 1986; x_wconf 86' lang='lat' dir='ltr'><strong>Paschalibus</strong></span> <span class='ocrx_word' id='word_1_228' title='bbox 1466 1946 1596 2002; x_wconf 82' lang='lat' dir='ltr'><strong>ergo</strong></span> <span class='ocrx_word' id='word_1_229' title='bbox 1621 1947 1741 2002; x_wconf 90' lang='lat' dir='ltr'><strong>per—</strong></span> 
     </span>
    </p>
   </div>
   <div class='ocr_carea' id='block_1_35' title="bbox 157 2019 1733 2094">
    <p class='ocr_par' dir='ltr' id='par_1_35' title="bbox 157 2019 1733 2094">
     <span class='ocr_line' id='line_1_35' title="bbox 157 2019 1733 2094; baseline 0.003 -22"><span class='ocrx_word' id='word_1_230' title='bbox 157 2019 305 2073; x_wconf 84' lang='lat' dir='ltr'><strong>actis</strong></span> <span class='ocrx_word' id='word_1_231' title='bbox 343 2019 639 2083; x_wconf 88' lang='lat' dir='ltr'><strong>solemniis,</strong></span> <span class='ocrx_word' id='word_1_232' title='bbox 683 2022 747 2074; x_wconf 92' lang='lat' dir='ltr'><strong>ad</strong></span> <span class='ocrx_word' id='word_1_233' title='bbox 794 2021 1085 2091; x_wconf 83' lang='lat' dir='ltr'><strong>Ingelbeim</strong></span> <span class='ocrx_word' id='word_1_234' title='bbox 1131 2024 1427 2091; x_wconf 89' lang='lat' dir='ltr'><strong>imperator</strong></span> <span class='ocrx_word' id='word_1_235' title='bbox 1475 2026 1733 2094; x_wconf 85' lang='lat' dir='ltr'><strong>perrexit.</strong></span> 
     </span>
    </p>
   </div>
   <div class='ocr_carea' id='block_1_36' title="bbox 160 2109 1732 2181">
    <p class='ocr_par' dir='ltr' id='par_1_36' title="bbox 160 2109 1732 2181">
     <span class='ocr_line' id='line_1_36' title="bbox 160 2109 1732 2181; baseline 0.005 -18"><span class='ocrx_word' id='word_1_236' title='bbox 160 2109 286 2178; x_wconf 89' lang='lat' dir='ltr'><strong>Ipso</strong></span> <span class='ocrx_word' id='word_1_237' title='bbox 307 2111 535 2180; x_wconf 90' lang='lat' dir='ltr'><strong>denique</strong></span> <span class='ocrx_word' id='word_1_238' title='bbox 575 2120 813 2181; x_wconf 89' lang='lat' dir='ltr'><strong>tempore</strong></span> <span class='ocrx_word' id='word_1_239' title='bbox 858 2125 1129 2169; x_wconf 75' lang='lat' dir='ltr'><strong>consueta:</strong></span> <span class='ocrx_word' id='word_1_240' title='bbox 1181 2116 1569 2171; x_wconf 69' lang='lat' dir='ltr'><strong>misericordiae</strong></span> <span class='ocrx_word' id='word_1_241' title='bbox 1621 2133 1732 2171; x_wconf 87' lang='lat' dir='ltr'><strong>non</strong></span> 
     </span>
    </p>
   </div>
   <div class='ocr_carea' id='block_1_37' title="bbox 162 2200 1740 2270">
    <p class='ocr_par' dir='ltr' id='par_1_37' title="bbox 162 2200 1740 2270">
     <span class='ocr_line' id='line_1_37' title="bbox 162 2200 1740 2270; baseline 0.006 -19"><span class='ocrx_word' id='word_1_242' title='bbox 162 2200 472 2266; x_wconf 87' lang='lat' dir='ltr'><strong>immemor,</strong></span> <span class='ocrx_word' id='word_1_243' title='bbox 498 2216 639 2270; x_wconf 83' lang='lat' dir='ltr'><strong>quae,</strong></span> <span class='ocrx_word' id='word_1_244' title='bbox 678 2204 818 2256; x_wconf 91' lang='lat' dir='ltr'><strong>sicut</strong></span> <span class='ocrx_word' id='word_1_245' title='bbox 841 2204 907 2257; x_wconf 88' lang='lat' dir='ltr'><strong>de</strong></span> <span class='ocrx_word' id='word_1_246' title='bbox 932 2218 991 2258; x_wconf 89' lang='lat' dir='ltr'><strong>se</strong></span> <span class='ocrx_word' id='word_1_247' title='bbox 1014 2205 1090 2257; x_wconf 90' lang='lat' dir='ltr'><strong>ait</strong></span> <span class='ocrx_word' id='word_1_248' title='bbox 1112 2203 1235 2270; x_wconf 82' lang='lat' dir='ltr'><strong>Job,</strong></span> <span class='ocrx_word' id='word_1_249' title='bbox 1275 2207 1343 2260; x_wconf 92' lang='lat' dir='ltr'><strong>ab</strong></span> <span class='ocrx_word' id='word_1_250' title='bbox 1373 2206 1543 2260; x_wconf 88' lang='lat' dir='ltr'><strong>initiis</strong></span> <span class='ocrx_word' id='word_1_251' title='bbox 1570 2208 1740 2261; x_wconf 90' lang='lat' dir='ltr'><strong>crevit</strong></span> 
     </span>
    </p>
   </div>
   <div class='ocr_carea' id='block_1_38' title="bbox 162 2291 1740 2368">
    <p class='ocr_par' dir='ltr' id='par_1_38' title="bbox 162 2291 1740 2368">
     <span class='ocr_line' id='line_1_38' title="bbox 162 2291 1740 2368; baseline 0.006 -25"><span class='ocrx_word' id='word_1_252' title='bbox 162 2305 290 2344; x_wconf 89' lang='lat' dir='ltr'><strong>cum</strong></span> <span class='ocrx_word' id='word_1_253' title='bbox 318 2291 425 2354; x_wconf 85' lang='lat' dir='ltr'><strong>illo,</strong></span> <span class='ocrx_word' id='word_1_254' title='bbox 467 2300 521 2346; x_wconf 91' lang='lat' dir='ltr'><strong>et</strong></span> <span class='ocrx_word' id='word_1_255' title='bbox 541 2293 607 2348; x_wconf 88' lang='lat' dir='ltr'><strong>de</strong></span> <span class='ocrx_word' id='word_1_256' title='bbox 631 2302 787 2349; x_wconf 88' lang='lat' dir='ltr'><strong>utero</strong></span> <span class='ocrx_word' id='word_1_257' title='bbox 807 2295 998 2350; x_wconf 88' lang='lat' dir='ltr'><strong>matris</strong></span> <span class='ocrx_word' id='word_1_258' title='bbox 1023 2296 1239 2349; x_wconf 85' lang='lat' dir='ltr'><strong>videtur</strong></span> <span class='ocrx_word' id='word_1_259' title='bbox 1271 2312 1393 2351; x_wconf 90' lang='lat' dir='ltr'><strong>cum</strong></span> <span class='ocrx_word' id='word_1_260' title='bbox 1419 2298 1534 2365; x_wconf 89' lang='lat' dir='ltr'><strong>ipso</strong></span> <span class='ocrx_word' id='word_1_261' title='bbox 1558 2312 1740 2368; x_wconf 82' lang='lat' dir='ltr'><strong>egres-</strong></span> 
     </span>
    </p>
   </div>
   <div class='ocr_carea' id='block_1_39' title="bbox 166 2385 1741 2458">
    <p class='ocr_par' dir='ltr' id='par_1_39' title="bbox 166 2385 1741 2458">
     <span class='ocr_line' id='line_1_39' title="bbox 166 2385 1741 2458; baseline 0.006 -24"><span class='ocrx_word' id='word_1_262' title='bbox 166 2396 231 2434; x_wconf 88' lang='lat' dir='ltr'><strong>sa</strong></span> <span class='ocrx_word' id='word_1_263' title='bbox 267 2400 279 2434; x_wconf 88' lang='lat'><strong>:</strong></span> <span class='ocrx_word' id='word_1_264' title='bbox 315 2398 428 2448; x_wconf 92' lang='lat' dir='ltr'><strong>eos,</strong></span> <span class='ocrx_word' id='word_1_265' title='bbox 456 2399 593 2453; x_wconf 91' lang='lat' dir='ltr'><strong>quos</strong></span> <span class='ocrx_word' id='word_1_266' title='bbox 622 2385 820 2439; x_wconf 90' lang='lat' dir='ltr'><strong>dudum</strong></span> <span class='ocrx_word' id='word_1_267' title='bbox 844 2386 1187 2456; x_wconf 82' lang='lat' dir='ltr'><strong>exigentibus</strong></span> <span class='ocrx_word' id='word_1_268' title='bbox 1214 2389 1425 2443; x_wconf 89' lang='lat' dir='ltr'><strong>meritis</strong></span> <span class='ocrx_word' id='word_1_269' title='bbox 1446 2404 1543 2458; x_wconf 85' lang='lat' dir='ltr'><strong>per</strong></span> <span class='ocrx_word' id='word_1_270' title='bbox 1564 2391 1741 2444; x_wconf 89' lang='lat' dir='ltr'><strong>diver-</strong></span> 
     </span>
    </p>
   </div>
   <div class='ocr_carea' id='block_1_40' title="bbox 166 2473 1741 2550">
    <p class='ocr_par' dir='ltr' id='par_1_40' title="bbox 166 2473 1741 2550">
     <span class='ocr_line' id='line_1_40' title="bbox 166 2473 1741 2550; baseline 0.006 -24"><span class='ocrx_word' id='word_1_271' title='bbox 166 2486 229 2526; x_wconf 86' lang='lat' dir='ltr'><strong>sa</strong></span> <span class='ocrx_word' id='word_1_272' title='bbox 280 2473 394 2528; x_wconf 91' lang='lat' dir='ltr'><strong>loca</strong></span> <span class='ocrx_word' id='word_1_273' title='bbox 442 2476 815 2543; x_wconf 88' lang='lat' dir='ltr'><strong>deputaverat,</strong></span> <span class='ocrx_word' id='word_1_274' title='bbox 862 2486 1136 2543; x_wconf 85' lang='lat' dir='ltr'><strong>evocatos,</strong></span> <span class='ocrx_word' id='word_1_275' title='bbox 1188 2479 1344 2534; x_wconf 87' lang='lat' dir='ltr'><strong>bonis</strong></span> <span class='ocrx_word' id='word_1_276' title='bbox 1391 2482 1625 2550; x_wconf 90' lang='lat' dir='ltr'><strong>propriis</strong></span> <span class='ocrx_word' id='word_1_277' title='bbox 1657 2495 1741 2535; x_wconf 90' lang='lat' dir='ltr'><strong>re-</strong></span> 
     </span>
    </p>
   </div>
   <div class='ocr_carea' id='block_1_41' title="bbox 164 2564 1737 2637">
    <p class='ocr_par' dir='ltr' id='par_1_41' title="bbox 164 2564 1737 2637">
     <span class='ocr_line' id='line_1_41' title="bbox 164 2564 1737 2637; baseline 0.006 -20"><span class='ocrx_word' id='word_1_278' title='bbox 164 2564 369 2627; x_wconf 84' lang='lat' dir='ltr'><strong>stituit,</strong></span> <span class='ocrx_word' id='word_1_279' title='bbox 398 2573 452 2617; x_wconf 91' lang='lat' dir='ltr'><strong>et</strong></span> <span class='ocrx_word' id='word_1_280' title='bbox 489 2565 535 2618; x_wconf 89' lang='lat' dir='ltr'><strong>si</strong></span> <span class='ocrx_word' id='word_1_281' title='bbox 564 2566 653 2633; x_wconf 89' lang='lat' dir='ltr'><strong>qui</strong></span> <span class='ocrx_word' id='word_1_282' title='bbox 679 2567 875 2621; x_wconf 89' lang='lat' dir='ltr'><strong>attonsi</strong></span> <span class='ocrx_word' id='word_1_283' title='bbox 912 2567 1143 2633; x_wconf 81' lang='lat' dir='ltr'><strong>fuerant,</strong></span> <span class='ocrx_word' id='word_1_284' title='bbox 1174 2578 1355 2623; x_wconf 90' lang='lat' dir='ltr'><strong>utrum</strong></span> <span class='ocrx_word' id='word_1_285' title='bbox 1386 2572 1464 2624; x_wconf 91' lang='lat' dir='ltr'><strong>sic</strong></span> <span class='ocrx_word' id='word_1_286' title='bbox 1496 2587 1737 2637; x_wconf 91' lang='lat' dir='ltr'><strong>manere,</strong></span> 
     </span>
    </p>
   </div>
   <div class='ocr_carea' id='block_1_42' title="bbox 181 2653 1740 2723">
    <p class='ocr_par' dir='ltr' id='par_1_42' title="bbox 181 2653 1740 2723">
     <span class='ocr_line' id='line_1_42' title="bbox 181 2653 1740 2723; baseline 0.006 -17"><span class='ocrx_word' id='word_1_287' title='bbox 181 2666 253 2707; x_wconf 87' lang='lat' dir='ltr'><strong>an</strong></span> <span class='ocrx_word' id='word_1_288' title='bbox 298 2653 351 2706; x_wconf 88' lang='lat' dir='ltr'><strong>in</strong></span> <span class='ocrx_word' id='word_1_289' title='bbox 380 2653 621 2707; x_wconf 79' lang='lat' dir='ltr'><strong>habiturn</strong></span> <span class='ocrx_word' id='word_1_290' title='bbox 645 2655 932 2723; x_wconf 81' lang='lat' dir='ltr'><strong>pristinum</strong></span> <span class='ocrx_word' id='word_1_291' title='bbox 961 2656 1137 2711; x_wconf 89' lang='lat' dir='ltr'><strong>redire</strong></span> <span class='ocrx_word' id='word_1_292' title='bbox 1186 2657 1405 2722; x_wconf 85' lang='lat' dir='ltr'><strong>vellent,</strong></span> <span class='ocrx_word' id='word_1_293' title='bbox 1428 2658 1740 2715; x_wconf 85' lang='lat' dir='ltr'><strong>facultatem</strong></span> 
     </span>
    </p>
   </div>
   <div class='ocr_carea' id='block_1_43' title="bbox 167 2742 1742 2817">
    <p class='ocr_par' dir='ltr' id='par_1_43' title="bbox 167 2742 1742 2817">
     <span class='ocr_line' id='line_1_43' title="bbox 167 2742 1742 2817; baseline 0.008 -23"><span class='ocrx_word' id='word_1_294' title='bbox 167 2742 487 2796; x_wconf 89' lang='lat' dir='ltr'><strong>contribuit.</strong></span> <span class='ocrx_word' id='word_1_295' title='bbox 538 2743 744 2798; x_wconf 78' lang='lat' dir='ltr'><strong>Dehinc</strong></span> <span class='ocrx_word' id='word_1_296' title='bbox 792 2746 1086 2815; x_wconf 89' lang='lat' dir='ltr'><strong>imperator</strong></span> <span class='ocrx_word' id='word_1_297' title='bbox 1136 2747 1190 2801; x_wconf 88' lang='lat' dir='ltr'><strong>in</strong></span> <span class='ocrx_word' id='word_1_298' title='bbox 1232 2757 1415 2817; x_wconf 91' lang='lat' dir='ltr'><strong>partes</strong></span> <span class='ocrx_word' id='word_1_299' title='bbox 1464 2750 1742 2807; x_wconf 86' lang='lat' dir='ltr'><strong>Rumerici</strong></span> 
     </span>
    </p>
   </div>
   <div class='ocr_carea' id='block_1_44' title="bbox 179 2832 1741 2909">
    <p class='ocr_par' dir='ltr' id='par_1_44' title="bbox 179 2832 1741 2909">
     <span class='ocr_line' id='line_1_44' title="bbox 179 2832 1741 2909; baseline 0.009 -25"><span class='ocrx_word' id='word_1_300' title='bbox 179 2832 381 2886; x_wconf 90' lang='lat' dir='ltr'><strong>montis</strong></span> <span class='ocrx_word' id='word_1_301' title='bbox 407 2849 505 2903; x_wconf 86' lang='lat' dir='ltr'><strong>per</strong></span> <span class='ocrx_word' id='word_1_302' title='bbox 526 2834 795 2905; x_wconf 82' lang='lat' dir='ltr'><strong>Vosagum</strong></span> <span class='ocrx_word' id='word_1_303' title='bbox 829 2839 1081 2892; x_wconf 90' lang='lat' dir='ltr'><strong>transiit:</strong></span> <span class='ocrx_word' id='word_1_304' title='bbox 1114 2839 1296 2908; x_wconf 86' lang='lat' dir='ltr'><strong>ibique</strong></span> <span class='ocrx_word' id='word_1_305' title='bbox 1337 2842 1623 2909; x_wconf 90' lang='lat' dir='ltr'><strong>piscationi</strong></span> <span class='ocrx_word' id='word_1_306' title='bbox 1655 2853 1741 2897; x_wconf 89' lang='lat' dir='ltr'><strong>at-</strong></span> 
     </span>
    </p>
   </div>
   <div class='ocr_carea' id='block_1_45' title="bbox 165 2925 1742 2996">
    <p class='ocr_par' dir='ltr' id='par_1_45' title="bbox 165 2925 1742 2996">
     <span class='ocr_line' id='line_1_45' title="bbox 165 2925 1742 2996; baseline 0.008 -20"><span class='ocrx_word' id='word_1_307' title='bbox 165 2938 275 2991; x_wconf 90' lang='lat' dir='ltr'><strong>que</strong></span> <span class='ocrx_word' id='word_1_308' title='bbox 318 2925 612 2991; x_wconf 83' lang='lat' dir='ltr'><strong>venationi,</strong></span> <span class='ocrx_word' id='word_1_309' title='bbox 658 2928 898 2996; x_wconf 91' lang='lat' dir='ltr'><strong>quandiu</strong></span> <span class='ocrx_word' id='word_1_310' title='bbox 945 2928 1126 2995; x_wconf 92' lang='lat' dir='ltr'><strong>libuit,</strong></span> <span class='ocrx_word' id='word_1_311' title='bbox 1180 2930 1449 2996; x_wconf 92' lang='lat' dir='ltr'><strong>indulsit,</strong></span> <span class='ocrx_word' id='word_1_312' title='bbox 1490 2942 1546 2987; x_wconf 92' lang='lat' dir='ltr'><strong>et</strong></span> <span class='ocrx_word' id='word_1_313' title='bbox 1574 2934 1742 2988; x_wconf 84' lang='lat' dir='ltr'><strong>tilium</strong></span> 
     </span>
    </p>
   </div>
   <div class='ocr_carea' id='block_1_46' title="bbox 167 3013 1743 3095">
    <p class='ocr_par' dir='ltr' id='par_1_46' title="bbox 167 3013 1743 3095">
     <span class='ocr_line' id='line_1_46' title="bbox 167 3013 1743 3095; baseline 0.01 -29"><span class='ocrx_word' id='word_1_314' title='bbox 167 3013 483 3070; x_wconf 83' lang='lat' dir='ltr'><strong>Lotharium</strong></span> <span class='ocrx_word' id='word_1_315' title='bbox 508 3018 563 3071; x_wconf 93' lang='lat' dir='ltr'><strong>in</strong></span> <span class='ocrx_word' id='word_1_316' title='bbox 592 3017 795 3073; x_wconf 90' lang='lat' dir='ltr'><strong>Italiam</strong></span> <span class='ocrx_word' id='word_1_317' title='bbox 818 3020 1033 3074; x_wconf 86' lang='lat' dir='ltr'><strong>direxit.</strong></span> <span class='ocrx_word' id='word_1_318' title='bbox 1067 3021 1236 3078; x_wconf 90' lang='lat' dir='ltr'><strong>Porro</strong></span> <span class='ocrx_word' id='word_1_319' title='bbox 1262 3026 1506 3079; x_wconf 91' lang='lat' dir='ltr'><strong>autumni</strong></span> <span class='ocrx_word' id='word_1_320' title='bbox 1538 3034 1743 3095; x_wconf 88' lang='lat' dir='ltr'><strong>tempo-</strong></span> 
     </span>
    </p>
   </div>
   <div class='ocr_carea' id='block_1_47' title="bbox 171 3106 1739 3184">
    <p class='ocr_par' dir='ltr' id='par_1_47' title="bbox 171 3106 1739 3184">
     <span class='ocr_line' id='line_1_47' title="bbox 171 3106 1739 3184; baseline 0.01 -28"><span class='ocrx_word' id='word_1_321' title='bbox 171 3119 231 3157; x_wconf 92' lang='lat' dir='ltr'><strong>re</strong></span> <span class='ocrx_word' id='word_1_322' title='bbox 258 3106 311 3158; x_wconf 91' lang='lat' dir='ltr'><strong>in</strong></span> <span class='ocrx_word' id='word_1_323' title='bbox 338 3106 639 3163; x_wconf 89' lang='lat' dir='ltr'><strong>Theodonis</strong></span> <span class='ocrx_word' id='word_1_324' title='bbox 667 3110 847 3163; x_wconf 89' lang='lat' dir='ltr'><strong>villam</strong></span> <span class='ocrx_word' id='word_1_325' title='bbox 894 3114 1185 3168; x_wconf 86' lang='lat' dir='ltr'><strong>convenire</strong></span> <span class='ocrx_word' id='word_1_326' title='bbox 1228 3116 1554 3184; x_wconf 86' lang='lat' dir='ltr'><strong>generaliter</strong></span> <span class='ocrx_word' id='word_1_327' title='bbox 1582 3133 1739 3171; x_wconf 92' lang='lat' dir='ltr'><strong>suum</strong></span> 
     </span>
    </p>
   </div>
   <div class='ocr_carea' id='block_1_48' title="bbox 1843 1927 3427 1999">
    <p class='ocr_par' dir='ltr' id='par_1_48' title="bbox 1843 1927 3427 1999">
     <span class='ocr_line' id='line_1_48' title="bbox 1843 1927 3427 1999; baseline -0.002 -15"><span class='ocrx_word' id='word_1_328' title='bbox 1843 1938 1951 1984; x_wconf 93' lang='lat' dir='ltr'><strong>tur.</strong></span> <span class='ocrx_word' id='word_1_329' title='bbox 1986 1930 2053 1983; x_wconf 86' lang='lat' dir='ltr'><strong>Et</strong></span> <span class='ocrx_word' id='word_1_330' title='bbox 2082 1938 2210 1984; x_wconf 91' lang='lat' dir='ltr'><strong>tunc</strong></span> <span class='ocrx_word' id='word_1_331' title='bbox 2239 1930 2456 1999; x_wconf 90' lang='lat' dir='ltr'><strong>quidem</strong></span> <span class='ocrx_word' id='word_1_332' title='bbox 2481 1930 2772 1999; x_wconf 88' lang='lat' dir='ltr'><strong>imperator</strong></span> <span class='ocrx_word' id='word_1_333' title='bbox 2812 1929 2956 1983; x_wconf 91' lang='lat' dir='ltr'><strong>inter</strong></span> <span class='ocrx_word' id='word_1_334' title='bbox 2986 1927 3125 1982; x_wconf 87' lang='lat' dir='ltr'><strong>filios</strong></span> <span class='ocrx_word' id='word_1_335' title='bbox 3156 1942 3280 1982; x_wconf 91' lang='lat' dir='ltr'><strong>suos</strong></span> <span class='ocrx_word' id='word_1_336' title='bbox 3323 1928 3427 1982; x_wconf 89' lang='lat' dir='ltr'><strong>Lo-</strong></span> 
     </span>
    </p>
   </div>
   <div class='ocr_carea' id='block_1_49' title="bbox 1842 2019 3425 2090">
    <p class='ocr_par' dir='ltr' id='par_1_49' title="bbox 1842 2019 3425 2090">
     <span class='ocr_line' id='line_1_49' title="bbox 1842 2019 3425 2090; baseline -0.002 -15"><span class='ocrx_word' id='word_1_337' title='bbox 1842 2022 2075 2075; x_wconf 89' lang='lat' dir='ltr'><strong>tharium</strong></span> <span class='ocrx_word' id='word_1_338' title='bbox 2113 2030 2273 2090; x_wconf 90' lang='lat' dir='ltr'><strong>atque</strong></span> <span class='ocrx_word' id='word_1_339' title='bbox 2300 2020 2549 2075; x_wconf 86' lang='lat' dir='ltr'><strong>Carolum</strong></span> <span class='ocrx_word' id='word_1_340' title='bbox 2578 2022 2865 2090; x_wconf 89' lang='lat' dir='ltr'><strong>quamdam</strong></span> <span class='ocrx_word' id='word_1_341' title='bbox 2912 2019 3228 2074; x_wconf 86' lang='lat' dir='ltr'><strong>divisionem</strong></span> <span class='ocrx_word' id='word_1_342' title='bbox 3273 2022 3425 2089; x_wconf 86' lang='lat' dir='ltr'><strong>regni</strong></span> 
     </span>
    </p>
   </div>
   <div class='ocr_carea' id='block_1_50' title="bbox 1842 2107 3421 2177">
    <p class='ocr_par' dir='ltr' id='par_1_50' title="bbox 1842 2107 3421 2177">
     <span class='ocr_line' id='line_1_50' title="bbox 1842 2107 3421 2177; baseline -0.001 -15"><span class='ocrx_word' id='word_1_343' title='bbox 1842 2109 2138 2163; x_wconf 87' lang='lat' dir='ltr'><strong>constituit.</strong></span> <span class='ocrx_word' id='word_1_344' title='bbox 2198 2108 2326 2175; x_wconf 71' lang='lat' dir='ltr'><strong>Quae</strong></span> <span class='ocrx_word' id='word_1_345' title='bbox 2389 2117 2571 2162; x_wconf 89' lang='lat' dir='ltr'><strong>tamen</strong></span> <span class='ocrx_word' id='word_1_346' title='bbox 2633 2108 2939 2177; x_wconf 81' lang='lat' dir='ltr'><strong>ingentibus</strong></span> <span class='ocrx_word' id='word_1_347' title='bbox 2994 2107 3421 2177; x_wconf 88' lang='lat' dir='ltr'><strong>impedimentis,</strong></span> 
     </span>
    </p>
   </div>
   <div class='ocr_carea' id='block_1_51' title="bbox 1842 2197 3425 2267">
    <p class='ocr_par' dir='ltr' id='par_1_51' title="bbox 1842 2197 3425 2267">
     <span class='ocr_line' id='line_1_51' title="bbox 1842 2197 3425 2267; baseline -0.001 -16"><span class='ocrx_word' id='word_1_348' title='bbox 1842 2213 1960 2267; x_wconf 72' lang='lat' dir='ltr'><strong>qua:</strong></span> <span class='ocrx_word' id='word_1_349' title='bbox 1989 2198 2213 2251; x_wconf 88' lang='lat' dir='ltr'><strong>dicenda</strong></span> <span class='ocrx_word' id='word_1_350' title='bbox 2241 2206 2383 2261; x_wconf 89' lang='lat' dir='ltr'><strong>sunt,</strong></span> <span class='ocrx_word' id='word_1_351' title='bbox 2415 2213 2511 2265; x_wconf 89' lang='lat' dir='ltr'><strong>pro</strong></span> <span class='ocrx_word' id='word_1_352' title='bbox 2537 2206 2663 2251; x_wconf 88' lang='lat' dir='ltr'><strong>voto</strong></span> <span class='ocrx_word' id='word_1_353' title='bbox 2685 2198 2905 2251; x_wconf 90' lang='lat' dir='ltr'><strong>minimc</strong></span> <span class='ocrx_word' id='word_1_354' title='bbox 2931 2200 3113 2253; x_wconf 72' lang='lat' dir='ltr'><strong>cessit.</strong></span> <span class='ocrx_word' id='word_1_355' title='bbox 3155 2197 3233 2251; x_wconf 87' lang='lat' dir='ltr'><strong>Eo</strong></span> <span class='ocrx_word' id='word_1_356' title='bbox 3263 2212 3425 2266; x_wconf 85' lang='lat' dir='ltr'><strong>porro</strong></span> 
     </span>
    </p>
   </div>
   <div class='ocr_carea' id='block_1_52' title="bbox 1843 2286 3427 2356">
    <p class='ocr_par' dir='ltr' id='par_1_52' title="bbox 1843 2286 3427 2356">
     <span class='ocr_line' id='line_1_52' title="bbox 1843 2286 3427 2356; baseline 0.001 -18"><span class='ocrx_word' id='word_1_357' title='bbox 1843 2295 2083 2354; x_wconf 89' lang='lat' dir='ltr'><strong>tempore</strong></span> <span class='ocrx_word' id='word_1_358' title='bbox 2132 2287 2305 2339; x_wconf 75' lang='lat' dir='ltr'><strong>visum</strong></span> <span class='ocrx_word' id='word_1_359' title='bbox 2346 2295 2429 2340; x_wconf 92' lang='lat' dir='ltr'><strong>est</strong></span> <span class='ocrx_word' id='word_1_360' title='bbox 2479 2286 2794 2355; x_wconf 89' lang='lat' dir='ltr'><strong>imperatori</strong></span> <span class='ocrx_word' id='word_1_361' title='bbox 2844 2288 2911 2341; x_wconf 91' lang='lat' dir='ltr'><strong>ab</strong></span> <span class='ocrx_word' id='word_1_362' title='bbox 2950 2286 3240 2356; x_wconf 87' lang='lat' dir='ltr'><strong>Aquitania</strong></span> <span class='ocrx_word' id='word_1_363' title='bbox 3277 2301 3427 2340; x_wconf 87' lang='lat' dir='ltr'><strong>sece-</strong></span> 
     </span>
    </p>
   </div>
   <div class='ocr_carea' id='block_1_53' title="bbox 1843 2377 3424 2448">
    <p class='ocr_par' dir='ltr' id='par_1_53' title="bbox 1843 2377 3424 2448">
     <span class='ocr_line' id='line_1_53' title="bbox 1843 2377 3424 2448; baseline -0.003 -15"><span class='ocrx_word' id='word_1_364' title='bbox 1843 2379 2002 2444; x_wconf 85' lang='lat' dir='ltr'><strong>dere,</strong></span> <span class='ocrx_word' id='word_1_365' title='bbox 2061 2379 2156 2432; x_wconf 92' lang='lat' dir='ltr'><strong>sed</strong></span> <span class='ocrx_word' id='word_1_366' title='bbox 2201 2387 2322 2447; x_wconf 91' lang='lat' dir='ltr'><strong>post</strong></span> <span class='ocrx_word' id='word_1_367' title='bbox 2372 2393 2601 2447; x_wconf 81' lang='lat' dir='ltr'><strong>paucam</strong></span> <span class='ocrx_word' id='word_1_368' title='bbox 2654 2387 2865 2448; x_wconf 88' lang='lat' dir='ltr'><strong>tempus</strong></span> <span class='ocrx_word' id='word_1_369' title='bbox 2919 2378 3059 2432; x_wconf 90' lang='lat' dir='ltr'><strong>idem</strong></span> <span class='ocrx_word' id='word_1_370' title='bbox 3090 2377 3155 2431; x_wconf 92' lang='lat' dir='ltr'><strong>ad</strong></span> <span class='ocrx_word' id='word_1_371' title='bbox 3206 2377 3424 2431; x_wconf 89' lang='lat' dir='ltr'><strong>missam</strong></span> 
     </span>
    </p>
   </div>
   <div class='ocr_carea' id='block_1_54' title="bbox 1841 2460 3425 2533">
    <p class='ocr_par' dir='ltr' id='par_1_54' title="bbox 1841 2460 3425 2533">
     <span class='ocr_line' id='line_1_54' title="bbox 1841 2460 3425 2533; baseline -0.002 -15"><span class='ocrx_word' id='word_1_372' title='bbox 1841 2464 2015 2518; x_wconf 89' lang='lat' dir='ltr'><strong>sancti</strong></span> <span class='ocrx_word' id='word_1_373' title='bbox 2072 2463 2284 2517; x_wconf 84' lang='lat' dir='ltr'><strong>Martini</strong></span> <span class='ocrx_word' id='word_1_374' title='bbox 2355 2466 2612 2533; x_wconf 91' lang='lat' dir='ltr'><strong>populum</strong></span> <span class='ocrx_word' id='word_1_375' title='bbox 2690 2464 3072 2527; x_wconf 88' lang='lat' dir='ltr'><strong>convocavit,</strong></span> <span class='ocrx_word' id='word_1_376' title='bbox 3145 2460 3425 2529; x_wconf 80' lang='lat' dir='ltr'><strong>filiumque</strong></span> 
     </span>
    </p>
   </div>
   <div class='ocr_carea' id='block_1_55' title="bbox 1842 2550 3420 2623">
    <p class='ocr_par' dir='ltr' id='par_1_55' title="bbox 1842 2550 3420 2623">
     <span class='ocr_line' id='line_1_55' title="bbox 1842 2550 3420 2623; baseline -0.002 -17"><span class='ocrx_word' id='word_1_377' title='bbox 1842 2553 2132 2623; x_wconf 86' lang='lat' dir='ltr'><strong>Pippinum</strong></span> <span class='ocrx_word' id='word_1_378' title='bbox 2180 2551 2477 2623; x_wconf 85' lang='lat' dir='ltr'><strong>fugientem</strong></span> <span class='ocrx_word' id='word_1_379' title='bbox 2505 2553 2571 2604; x_wconf 87' lang='lat' dir='ltr'><strong>ad</strong></span> <span class='ocrx_word' id='word_1_380' title='bbox 2600 2566 2657 2605; x_wconf 87' lang='lat' dir='ltr'><strong>se</strong></span> <span class='ocrx_word' id='word_1_381' title='bbox 2700 2566 2915 2621; x_wconf 86' lang='lat' dir='ltr'><strong>quoquo</strong></span> <span class='ocrx_word' id='word_1_382' title='bbox 2950 2550 3110 2605; x_wconf 90' lang='lat' dir='ltr'><strong>modo</strong></span> <span class='ocrx_word' id='word_1_383' title='bbox 3161 2566 3420 2605; x_wconf 86' lang='lat' dir='ltr'><strong>revocare</strong></span> 
     </span>
    </p>
   </div>
   <div class='ocr_carea' id='block_1_56' title="bbox 1844 2640 3423 2712">
    <p class='ocr_par' dir='ltr' id='par_1_56' title="bbox 1844 2640 3423 2712">
     <span class='ocr_line' id='line_1_56' title="bbox 1844 2640 3423 2712; baseline -0.002 -16"><span class='ocrx_word' id='word_1_384' title='bbox 1844 2644 2031 2699; x_wconf 91' lang='lat' dir='ltr'><strong>voluit.</strong></span> <span class='ocrx_word' id='word_1_385' title='bbox 2065 2642 2171 2697; x_wconf 89' lang='lat' dir='ltr'><strong>Sed</strong></span> <span class='ocrx_word' id='word_1_386' title='bbox 2200 2642 2290 2695; x_wconf 71' lang='lat' dir='ltr'><strong>illo</strong></span> <span class='ocrx_word' id='word_1_387' title='bbox 2320 2643 2373 2696; x_wconf 92' lang='lat' dir='ltr'><strong>id</strong></span> <span class='ocrx_word' id='word_1_388' title='bbox 2417 2642 2739 2712; x_wconf 84' lang='lat' dir='ltr'><strong>refugiente,</strong></span> <span class='ocrx_word' id='word_1_389' title='bbox 2780 2641 3081 2710; x_wconf 89' lang='lat' dir='ltr'><strong>asperrima</strong></span> <span class='ocrx_word' id='word_1_390' title='bbox 3120 2640 3313 2695; x_wconf 89' lang='lat' dir='ltr'><strong>hiemis</strong></span> <span class='ocrx_word' id='word_1_391' title='bbox 3334 2642 3423 2694; x_wconf 86' lang='lat' dir='ltr'><strong>iu-</strong></span> 
     </span>
    </p>
   </div>
   <div class='ocr_carea' id='block_1_57' title="bbox 1845 2730 3422 2800">
    <p class='ocr_par' dir='ltr' id='par_1_57' title="bbox 1845 2730 3422 2800">
     <span class='ocr_line' id='line_1_57' title="bbox 1845 2730 3422 2800; baseline -0.003 -13"><span class='ocrx_word' id='word_1_392' title='bbox 1845 2732 2034 2787; x_wconf 92' lang='lat' dir='ltr'><strong>cubuit</strong></span> <span class='ocrx_word' id='word_1_393' title='bbox 2066 2730 2409 2786; x_wconf 88' lang='lat' dir='ltr'><strong>inclementia</strong></span> <span class='ocrx_word' id='word_1_394' title='bbox 2438 2771 2452 2795; x_wconf 94' lang='lat'><strong>,</strong></span> <span class='ocrx_word' id='word_1_395' title='bbox 2486 2732 2659 2800; x_wconf 90' lang='lat' dir='ltr'><strong>primo</strong></span> <span class='ocrx_word' id='word_1_396' title='bbox 2685 2731 2905 2800; x_wconf 89' lang='lat' dir='ltr'><strong>quidem</strong></span> <span class='ocrx_word' id='word_1_397' title='bbox 2928 2730 3230 2800; x_wconf 77' lang='lat' dir='ltr'><strong>pluviarum</strong></span> <span class='ocrx_word' id='word_1_398' title='bbox 3254 2730 3422 2800; x_wconf 89' lang='lat' dir='ltr'><strong>pluri-</strong></span> 
     </span>
    </p>
   </div>
   <div class='ocr_carea' id='block_1_58' title="bbox 1844 2822 3422 2887">
    <p class='ocr_par' dir='ltr' id='par_1_58' title="bbox 1844 2822 3422 2887">
     <span class='ocr_line' id='line_1_58' title="bbox 1844 2822 3422 2887; baseline -0.001 -9"><span class='ocrx_word' id='word_1_399' title='bbox 1844 2839 2059 2878; x_wconf 89' lang='lat' dir='ltr'><strong>marum</strong></span> <span class='ocrx_word' id='word_1_400' title='bbox 2114 2823 2465 2887; x_wconf 88' lang='lat' dir='ltr'><strong>inundantia,</strong></span> <span class='ocrx_word' id='word_1_401' title='bbox 2517 2822 2708 2876; x_wconf 91' lang='lat' dir='ltr'><strong>deinde</strong></span> <span class='ocrx_word' id='word_1_402' title='bbox 2759 2822 3215 2877; x_wconf 87' lang='lat' dir='ltr'><strong>bumectationem</strong></span> <span class='ocrx_word' id='word_1_403' title='bbox 3264 2830 3422 2877; x_wconf 70' lang='lat' dir='ltr'><strong>terra:</strong></span> 
     </span>
    </p>
   </div>
   <div class='ocr_carea' id='block_1_59' title="bbox 1844 2914 3420 2987">
    <p class='ocr_par' dir='ltr' id='par_1_59' title="bbox 1844 2914 3420 2987">
     <span class='ocr_line' id='line_1_59' title="bbox 1844 2914 3420 2987; baseline -0.001 -18"><span class='ocrx_word' id='word_1_404' title='bbox 1844 2916 2059 2987; x_wconf 88' lang='lat' dir='ltr'><strong>glaciali</strong></span> <span class='ocrx_word' id='word_1_405' title='bbox 2099 2918 2279 2987; x_wconf 87' lang='lat' dir='ltr'><strong>rigore</strong></span> <span class='ocrx_word' id='word_1_406' title='bbox 2307 2918 2662 2986; x_wconf 85' lang='lat' dir='ltr'><strong>astringente,</strong></span> <span class='ocrx_word' id='word_1_407' title='bbox 2708 2931 2827 2985; x_wconf 71' lang='lat' dir='ltr'><strong>qua:</strong></span> <span class='ocrx_word' id='word_1_408' title='bbox 2856 2917 2989 2971; x_wconf 90' lang='lat' dir='ltr'><strong>adeo</strong></span> <span class='ocrx_word' id='word_1_409' title='bbox 3018 2916 3179 2971; x_wconf 80' lang='lat' dir='ltr'><strong>noxia</strong></span> <span class='ocrx_word' id='word_1_410' title='bbox 3203 2914 3326 2981; x_wconf 90' lang='lat' dir='ltr'><strong>fuit,</strong></span> <span class='ocrx_word' id='word_1_411' title='bbox 3358 2924 3420 2968; x_wconf 90' lang='lat' dir='ltr'><strong>ut</strong></span> 
     </span>
    </p>
   </div>
   <div class='ocr_carea' id='block_1_60' title="bbox 1845 3005 3419 3077">
    <p class='ocr_par' dir='ltr' id='par_1_60' title="bbox 1845 3005 3419 3077">
     <span class='ocr_line' id='line_1_60' title="bbox 1845 3005 3419 3077; baseline -0.003 -16"><span class='ocrx_word' id='word_1_412' title='bbox 1845 3008 2093 3062; x_wconf 86' lang='lat' dir='ltr'><strong>subtritis</strong></span> <span class='ocrx_word' id='word_1_413' title='bbox 2116 3007 2341 3077; x_wconf 88' lang='lat' dir='ltr'><strong>pedibus</strong></span> <span class='ocrx_word' id='word_1_414' title='bbox 2375 3008 2610 3076; x_wconf 86' lang='lat' dir='ltr'><strong>equinis,</strong></span> <span class='ocrx_word' id='word_1_415' title='bbox 2659 3022 2817 3060; x_wconf 89' lang='lat' dir='ltr'><strong>rarus</strong></span> <span class='ocrx_word' id='word_1_416' title='bbox 2862 3006 3088 3076; x_wconf 79' lang='lat' dir='ltr'><strong>quisque</strong></span> <span class='ocrx_word' id='word_1_417' title='bbox 3136 3005 3276 3060; x_wconf 92' lang='lat' dir='ltr'><strong>foret</strong></span> <span class='ocrx_word' id='word_1_418' title='bbox 3327 3006 3419 3074; x_wconf 91' lang='lat' dir='ltr'><strong>qui</strong></span> 
     </span>
    </p>
   </div>
   <div class='ocr_carea' id='block_1_61' title="bbox 1846 3099 3415 3170">
    <p class='ocr_par' dir='ltr' id='par_1_61' title="bbox 1846 3099 3415 3170">
     <span class='ocr_line' id='line_1_61' title="bbox 1846 3099 3415 3170; baseline -0.003 -15"><span class='ocrx_word' id='word_1_419' title='bbox 1846 3102 2094 3157; x_wconf 86' lang='lat' dir='ltr'><strong>vectione</strong></span> <span class='ocrx_word' id='word_1_420' title='bbox 2142 3116 2404 3170; x_wconf 89' lang='lat' dir='ltr'><strong>equorum</strong></span> <span class='ocrx_word' id='word_1_421' title='bbox 2428 3108 2689 3155; x_wconf 90' lang='lat' dir='ltr'><strong>uteretur.</strong></span> <span class='ocrx_word' id='word_1_422' title='bbox 2745 3099 2942 3154; x_wconf 86' lang='lat' dir='ltr'><strong>Fracto</strong></span> <span class='ocrx_word' id='word_1_423' title='bbox 2989 3113 3119 3170; x_wconf 92' lang='lat' dir='ltr'><strong>ergo</strong></span> <span class='ocrx_word' id='word_1_424' title='bbox 3173 3099 3415 3153; x_wconf 81' lang='lat' dir='ltr'><strong>exercitu</strong></span> 
     </span>
    </p>
   </div>
   <div class='ocr_carea' id='block_1_62' title="bbox 166 3168 3415 3276">
    <p class='ocr_par' dir='ltr' id='par_1_62' title="bbox 166 3168 3415 3276">
     <span class='ocr_line' id='line_1_62' title="bbox 166 3168 3415 3276; baseline -0.003 -26"><span class='ocrx_word' id='word_1_425' title='bbox 166 3195 423 3265; x_wconf 82' lang='lat' dir='ltr'><strong>populum</strong></span> <span class='ocrx_word' id='word_1_426' title='bbox 476 3200 750 3267; x_wconf 67' lang='lat' dir='ltr'><strong>prmcepit.</strong></span> <span class='ocrx_word' id='word_1_427' title='bbox 808 3201 865 3255; x_wconf 84' lang='lat' dir='ltr'><strong>In</strong></span> <span class='ocrx_word' id='word_1_428' title='bbox 905 3216 1012 3270; x_wconf 88' lang='lat' dir='ltr'><strong>quo</strong></span> <span class='ocrx_word' id='word_1_429' title='bbox 1046 3202 1164 3259; x_wconf 79' lang='lat' dir='ltr'><strong>loco</strong></span> <span class='ocrx_word' id='word_1_430' title='bbox 1224 3168 1543 3276; x_wconf 45' lang='lat' dir='ltr'><strong>{regieggﬁ</strong></span> <span class='ocrx_word' id='word_1_431' title='bbox 1769 3168 1813 3229; x_wconf 75' lang='lat' dir='ltr'>C</span> <span class='ocrx_word' id='word_1_432' title='bbox 1846 3192 2014 3246; x_wconf 91' lang='lat' dir='ltr'><strong>multo</strong></span> <span class='ocrx_word' id='word_1_433' title='bbox 2042 3168 2242 3246; x_wconf 84' lang='lat' dir='ltr'><strong>laboris</strong></span> <span class='ocrx_word' id='word_1_434' title='bbox 2270 3192 2640 3256; x_wconf 89' lang='lat' dir='ltr'><strong>incommodo,</strong></span> <span class='ocrx_word' id='word_1_435' title='bbox 2678 3200 2732 3245; x_wconf 90' lang='lat' dir='ltr'><strong>et</strong></span> <span class='ocrx_word' id='word_1_436' title='bbox 2783 3168 3101 3258; x_wconf 83' lang='lat' dir='ltr'><strong>improvisos</strong></span> <span class='ocrx_word' id='word_1_437' title='bbox 3154 3204 3415 3244; x_wconf 84' lang='lat' dir='ltr'><strong>excursus</strong></span> 
     </span>
    </p>
   </div>
   <div class='ocr_carea' id='block_1_63' title="bbox 165 3292 1739 3367">
    <p class='ocr_par' dir='ltr' id='par_1_63' title="bbox 165 3292 1739 3367">
     <span class='ocr_line' id='line_1_63' title="bbox 165 3292 1739 3367; baseline 0.01 -30"><span class='ocrx_word' id='word_1_438' title='bbox 165 3300 426 3339; x_wconf 82' lang='lat' dir='ltr'><strong>eenorum</strong></span> <span class='ocrx_word' id='word_1_439' title='bbox 464 3303 496 3341; x_wconf 88' lang='lat' dir='ltr'><strong>a</strong></span> <span class='ocrx_word' id='word_1_440' title='bbox 536 3292 915 3346; x_wconf 88' lang='lat' dir='ltr'><strong>transmarinis</strong></span> <span class='ocrx_word' id='word_1_441' title='bbox 960 3293 1205 3362; x_wconf 89' lang='lat' dir='ltr'><strong>partibus</strong></span> <span class='ocrx_word' id='word_1_442' title='bbox 1245 3311 1443 3351; x_wconf 90' lang='lat' dir='ltr'><strong>venere</strong></span> <span class='ocrx_word' id='word_1_443' title='bbox 1487 3297 1739 3367; x_wconf 89' lang='lat' dir='ltr'><strong>(quorum</strong></span> 
     </span>
    </p>
   </div>
   <div class='ocr_carea' id='block_1_64' title="bbox 170 3374 1744 3457">
    <p class='ocr_par' dir='ltr' id='par_1_64' title="bbox 170 3374 1744 3457">
     <span class='ocr_line' id='line_1_64' title="bbox 170 3374 1744 3457; baseline 0.008 -29"><span class='ocrx_word' id='word_1_444' title='bbox 170 3376 280 3429; x_wconf 91' lang='lat' dir='ltr'><strong>duo</strong></span> <span class='ocrx_word' id='word_1_445' title='bbox 308 3374 583 3444; x_wconf 88' lang='lat' dir='ltr'><strong>Saraceni,</strong></span> <span class='ocrx_word' id='word_1_446' title='bbox 609 3394 745 3433; x_wconf 90' lang='lat' dir='ltr'><strong>unus</strong></span> <span class='ocrx_word' id='word_1_447' title='bbox 760 3380 863 3435; x_wconf 91' lang='lat' dir='ltr'><strong>fuit</strong></span> <span class='ocrx_word' id='word_1_448' title='bbox 880 3380 1243 3455; x_wconf 88' lang='lat' dir='ltr'><strong>Christianus)</strong></span> <span class='ocrx_word' id='word_1_449' title='bbox 1275 3383 1567 3440; x_wconf 77' lang='lat' dir='ltr'><strong>afferentes</strong></span> <span class='ocrx_word' id='word_1_450' title='bbox 1588 3403 1744 3457; x_wconf 83' lang='lat' dir='ltr'><strong>gran-</strong></span> 
     </span>
    </p>
   </div>
   <div class='ocr_carea' id='block_1_65' title="bbox 172 3465 1742 3549">
    <p class='ocr_par' dir='ltr' id='par_1_65' title="bbox 172 3465 1742 3549">
     <span class='ocr_line' id='line_1_65' title="bbox 172 3465 1742 3549; baseline 0.01 -31"><span class='ocrx_word' id='word_1_451' title='bbox 172 3465 262 3520; x_wconf 88' lang='lat' dir='ltr'><strong>dia</strong></span> <span class='ocrx_word' id='word_1_452' title='bbox 286 3479 502 3522; x_wconf 89' lang='lat' dir='ltr'><strong>munera</strong></span> <span class='ocrx_word' id='word_1_453' title='bbox 532 3483 642 3524; x_wconf 70' lang='lat' dir='ltr'><strong>sua:</strong></span> <span class='ocrx_word' id='word_1_454' title='bbox 674 3471 880 3539; x_wconf 63' lang='lat' dir='ltr'><strong>patriae,</strong></span> <span class='ocrx_word' id='word_1_455' title='bbox 913 3473 1139 3528; x_wconf 88' lang='lat' dir='ltr'><strong>odorum</strong></span> <span class='ocrx_word' id='word_1_456' title='bbox 1165 3475 1373 3529; x_wconf 89' lang='lat' dir='ltr'><strong>scilicet</strong></span> <span class='ocrx_word' id='word_1_457' title='bbox 1410 3476 1621 3532; x_wconf 89' lang='lat' dir='ltr'><strong>diversa</strong></span> <span class='ocrx_word' id='word_1_458' title='bbox 1650 3494 1742 3549; x_wconf 88' lang='lat' dir='ltr'><strong>ge-</strong></span> 
     </span>
    </p>
   </div>
   <div class='ocr_carea' id='block_1_66' title="bbox 168 3560 1739 3635">
    <p class='ocr_par' dir='ltr' id='par_1_66' title="bbox 168 3560 1739 3635">
     <span class='ocr_line' id='line_1_66' title="bbox 168 3560 1739 3635; baseline 0.008 -27"><span class='ocrx_word' id='word_1_459' title='bbox 168 3570 299 3609; x_wconf 83' lang='lat' dir='ltr'><strong>nera</strong></span> <span class='ocrx_word' id='word_1_460' title='bbox 325 3565 377 3610; x_wconf 90' lang='lat' dir='ltr'><strong>et</strong></span> <span class='ocrx_word' id='word_1_461' title='bbox 408 3572 731 3625; x_wconf 88' lang='lat' dir='ltr'><strong>pannorum.</strong></span> <span class='ocrx_word' id='word_1_462' title='bbox 772 3560 882 3627; x_wconf 90' lang='lat' dir='ltr'><strong>Qui</strong></span> <span class='ocrx_word' id='word_1_463' title='bbox 925 3579 1058 3631; x_wconf 91' lang='lat' dir='ltr'><strong>pace</strong></span> <span class='ocrx_word' id='word_1_464' title='bbox 1083 3566 1248 3632; x_wconf 87' lang='lat' dir='ltr'><strong>petita</strong></span> <span class='ocrx_word' id='word_1_465' title='bbox 1295 3574 1350 3619; x_wconf 91' lang='lat' dir='ltr'><strong>et</strong></span> <span class='ocrx_word' id='word_1_466' title='bbox 1376 3576 1618 3635; x_wconf 88' lang='lat' dir='ltr'><strong>accepta,</strong></span> <span class='ocrx_word' id='word_1_467' title='bbox 1649 3584 1739 3621; x_wconf 90' lang='lat' dir='ltr'><strong>re-</strong></span> 
     </span>
    </p>
   </div>
   <div class='ocr_carea' id='block_1_67' title="bbox 168 3644 1729 3723">
    <p class='ocr_par' dir='ltr' id='par_1_67' title="bbox 168 3644 1729 3723">
     <span class='ocr_line' id='line_1_67' title="bbox 168 3644 1729 3723; baseline 0.007 -26"><span class='ocrx_word' id='word_1_468' title='bbox 168 3644 320 3698; x_wconf 86' lang='lat' dir='ltr'><strong>missi</strong></span> <span class='ocrx_word' id='word_1_469' title='bbox 340 3652 481 3699; x_wconf 89' lang='lat' dir='ltr'><strong>sunt.</strong></span> <span class='ocrx_word' id='word_1_470' title='bbox 505 3646 691 3701; x_wconf 84' lang='lat' dir='ltr'><strong>Adfuit</strong></span> <span class='ocrx_word' id='word_1_471' title='bbox 728 3649 893 3701; x_wconf 85' lang='lat' dir='ltr'><strong>etiam</strong></span> <span class='ocrx_word' id='word_1_472' title='bbox 922 3650 1247 3716; x_wconf 87' lang='lat' dir='ltr'><strong>Bernardus,</strong></span> <span class='ocrx_word' id='word_1_473' title='bbox 1289 3653 1380 3720; x_wconf 88' lang='lat' dir='ltr'><strong>qui</strong></span> <span class='ocrx_word' id='word_1_474' title='bbox 1406 3656 1565 3707; x_wconf 82' lang='lat' dir='ltr'><strong>modo</strong></span> <span class='ocrx_word' id='word_1_475' title='bbox 1593 3670 1729 3723; x_wconf 69' lang='lat' dir='ltr'><strong>prae-</strong></span> 
     </span>
    </p>
   </div>
   <div class='ocr_carea' id='block_1_68' title="bbox 164 3732 1732 3813">
    <p class='ocr_par' dir='ltr' id='par_1_68' title="bbox 164 3732 1732 3813">
     <span class='ocr_line' id='line_1_68' title="bbox 164 3732 1732 3813; baseline 0.007 -26"><span class='ocrx_word' id='word_1_476' title='bbox 164 3732 332 3797; x_wconf 88' lang='lat' dir='ltr'><strong>dicto,</strong></span> <span class='ocrx_word' id='word_1_477' title='bbox 381 3733 633 3803; x_wconf 90' lang='lat' dir='ltr'><strong>fugiendo</strong></span> <span class='ocrx_word' id='word_1_478' title='bbox 671 3752 729 3791; x_wconf 90' lang='lat' dir='ltr'><strong>se</strong></span> <span class='ocrx_word' id='word_1_479' title='bbox 759 3738 997 3804; x_wconf 90' lang='lat' dir='ltr'><strong>salvaus,</strong></span> <span class='ocrx_word' id='word_1_480' title='bbox 1027 3740 1115 3793; x_wconf 91' lang='lat' dir='ltr'><strong>diu</strong></span> <span class='ocrx_word' id='word_1_481' title='bbox 1142 3741 1193 3794; x_wconf 94' lang='lat' dir='ltr'><strong>in</strong></span> <span class='ocrx_word' id='word_1_482' title='bbox 1224 3740 1423 3796; x_wconf 85' lang='lat' dir='ltr'><strong>finibus</strong></span> <span class='ocrx_word' id='word_1_483' title='bbox 1455 3742 1732 3813; x_wconf 56' lang='lat' dir='ltr'><strong>Hispaniae</strong></span> 
     </span>
    </p>
   </div>
   <div class='ocr_carea' id='block_1_69' title="bbox 164 3824 1737 3898">
    <p class='ocr_par' dir='ltr' id='par_1_69' title="bbox 164 3824 1737 3898">
     <span class='ocr_line' id='line_1_69' title="bbox 164 3824 1737 3898; baseline 0.007 -20"><span class='ocrx_word' id='word_1_484' title='bbox 164 3824 528 3879; x_wconf 79' lang='lat' dir='ltr'><strong>exsulaverat.</strong></span> <span class='ocrx_word' id='word_1_485' title='bbox 550 3826 601 3881; x_wconf 91' lang='lat' dir='ltr'><strong>Is</strong></span> <span class='ocrx_word' id='word_1_486' title='bbox 620 3842 749 3898; x_wconf 90' lang='lat' dir='ltr'><strong>ergo</strong></span> <span class='ocrx_word' id='word_1_487' title='bbox 776 3828 1159 3898; x_wconf 89' lang='lat' dir='ltr'><strong>imperatorem</strong></span> <span class='ocrx_word' id='word_1_488' title='bbox 1182 3832 1370 3886; x_wconf 90' lang='lat' dir='ltr'><strong>adiens</strong></span> <span class='ocrx_word' id='word_1_489' title='bbox 1397 3873 1411 3897; x_wconf 97' lang='lat'><strong>,</strong></span> <span class='ocrx_word' id='word_1_490' title='bbox 1436 3834 1652 3887; x_wconf 88' lang='lat' dir='ltr'><strong>modum</strong></span> <span class='ocrx_word' id='word_1_491' title='bbox 1678 3850 1737 3889; x_wconf 88' lang='lat' dir='ltr'><strong>se</strong></span> 
     </span>
    </p>
   </div>
   <div class='ocr_carea' id='block_1_70' title="bbox 164 3913 1738 3988">
    <p class='ocr_par' dir='ltr' id='par_1_70' title="bbox 164 3913 1738 3988">
     <span class='ocr_line' id='line_1_70' title="bbox 164 3913 1738 3988; baseline 0.009 -23"><span class='ocrx_word' id='word_1_492' title='bbox 164 3913 427 3983; x_wconf 87' lang='lat' dir='ltr'><strong>purgandi</strong></span> <span class='ocrx_word' id='word_1_493' title='bbox 447 3917 516 3970; x_wconf 91' lang='lat' dir='ltr'><strong>ab</strong></span> <span class='ocrx_word' id='word_1_494' title='bbox 553 3930 618 3971; x_wconf 93' lang='lat' dir='ltr'><strong>eo</strong></span> <span class='ocrx_word' id='word_1_495' title='bbox 648 3918 943 3987; x_wconf 65' lang='lat' dir='ltr'><strong>qumrebat,</strong></span> <span class='ocrx_word' id='word_1_496' title='bbox 977 3934 1128 3973; x_wconf 85' lang='lat' dir='ltr'><strong>mure</strong></span> <span class='ocrx_word' id='word_1_497' title='bbox 1156 3920 1383 3977; x_wconf 86' lang='lat' dir='ltr'><strong>Francis</strong></span> <span class='ocrx_word' id='word_1_498' title='bbox 1407 3923 1588 3988; x_wconf 90' lang='lat' dir='ltr'><strong>solito,</strong></span> <span class='ocrx_word' id='word_1_499' title='bbox 1634 3925 1738 3979; x_wconf 90' lang='lat' dir='ltr'><strong>sci-</strong></span> 
     </span>
    </p>
   </div>
   <div class='ocr_carea' id='block_1_71' title="bbox 165 4006 1735 4082">
    <p class='ocr_par' dir='ltr' id='par_1_71' title="bbox 165 4006 1735 4082">
     <span class='ocr_line' id='line_1_71' title="bbox 165 4006 1735 4082; baseline 0.007 -23"><span class='ocrx_word' id='word_1_500' title='bbox 165 4006 293 4060; x_wconf 86' lang='lat' dir='ltr'><strong>licet</strong></span> <span class='ocrx_word' id='word_1_501' title='bbox 319 4008 521 4062; x_wconf 88' lang='lat' dir='ltr'><strong>crimen</strong></span> <span class='ocrx_word' id='word_1_502' title='bbox 541 4010 813 4079; x_wconf 88' lang='lat' dir='ltr'><strong>objicienti</strong></span> <span class='ocrx_word' id='word_1_503' title='bbox 835 4018 1006 4065; x_wconf 90' lang='lat' dir='ltr'><strong>semet</strong></span> <span class='ocrx_word' id='word_1_504' title='bbox 1029 4011 1269 4082; x_wconf 90' lang='lat' dir='ltr'><strong>objicere</strong></span> <span class='ocrx_word' id='word_1_505' title='bbox 1298 4013 1506 4079; x_wconf 90' lang='lat' dir='ltr'><strong>volens,</strong></span> <span class='ocrx_word' id='word_1_506' title='bbox 1540 4017 1735 4070; x_wconf 87' lang='lat' dir='ltr'><strong>armis-</strong></span> 
     </span>
    </p>
   </div>
   <div class='ocr_carea' id='block_1_72' title="bbox 166 4096 1737 4175">
    <p class='ocr_par' dir='ltr' id='par_1_72' title="bbox 166 4096 1737 4175">
     <span class='ocr_line' id='line_1_72' title="bbox 166 4096 1737 4175; baseline 0.008 -28"><span class='ocrx_word' id='word_1_507' title='bbox 166 4109 270 4163; x_wconf 88' lang='lat' dir='ltr'><strong>que</strong></span> <span class='ocrx_word' id='word_1_508' title='bbox 295 4096 523 4165; x_wconf 89' lang='lat' dir='ltr'><strong>impacta</strong></span> <span class='ocrx_word' id='word_1_509' title='bbox 553 4097 776 4153; x_wconf 89' lang='lat' dir='ltr'><strong>diluere.</strong></span> <span class='ocrx_word' id='word_1_510' title='bbox 816 4098 921 4153; x_wconf 89' lang='lat' dir='ltr'><strong>Sed</strong></span> <span class='ocrx_word' id='word_1_511' title='bbox 950 4115 1073 4154; x_wconf 90' lang='lat' dir='ltr'><strong>cum</strong></span> <span class='ocrx_word' id='word_1_512' title='bbox 1103 4111 1405 4169; x_wconf 88' lang='lat' dir='ltr'><strong>accusator,</strong></span> <span class='ocrx_word' id='word_1_513' title='bbox 1441 4104 1565 4159; x_wconf 91' lang='lat' dir='ltr'><strong>licet</strong></span> <span class='ocrx_word' id='word_1_514' title='bbox 1591 4122 1737 4175; x_wconf 65' lang='lat' dir='ltr'><strong>quae-</strong></span> 
     </span>
    </p>
   </div>
   <div class='ocr_carea' id='block_1_73' title="bbox 166 4185 1735 4263">
    <p class='ocr_par' dir='ltr' id='par_1_73' title="bbox 166 4185 1735 4263">
     <span class='ocr_line' id='line_1_73' title="bbox 166 4185 1735 4263; baseline 0.008 -26"><span class='ocrx_word' id='word_1_515' title='bbox 166 4185 325 4249; x_wconf 86' lang='lat' dir='ltr'><strong>situs,</strong></span> <span class='ocrx_word' id='word_1_516' title='bbox 356 4185 587 4251; x_wconf 86' lang='lat' dir='ltr'><strong>deesset,</strong></span> <span class='ocrx_word' id='word_1_517' title='bbox 626 4190 967 4244; x_wconf 85' lang='lat' dir='ltr'><strong>cessantibus</strong></span> <span class='ocrx_word' id='word_1_518' title='bbox 1002 4192 1169 4245; x_wconf 91' lang='lat' dir='ltr'><strong>armis</strong></span> <span class='ocrx_word' id='word_1_519' title='bbox 1204 4195 1457 4263; x_wconf 87' lang='lat' dir='ltr'><strong>purgatio</strong></span> <span class='ocrx_word' id='word_1_520' title='bbox 1484 4195 1625 4248; x_wconf 89' lang='lat' dir='ltr'><strong>facta</strong></span> <span class='ocrx_word' id='word_1_521' title='bbox 1650 4204 1735 4249; x_wconf 88' lang='lat' dir='ltr'><strong>est</strong></span> 
     </span>
    </p>
   </div>
   <div class='ocr_carea' id='block_1_74' title="bbox 158 4273 1734 4351">
    <p class='ocr_par' dir='ltr' id='par_1_74' title="bbox 158 4273 1734 4351">
     <span class='ocr_line' id='line_1_74' title="bbox 158 4273 1734 4351; baseline 0.009 -24"><span class='ocrx_word' id='word_1_522' title='bbox 158 4273 503 4343; x_wconf 89' lang='lat' dir='ltr'><strong>juramentis.</strong></span> <span class='ocrx_word' id='word_1_523' title='bbox 551 4277 888 4348; x_wconf 68' lang='lat' dir='ltr'><strong>Praeceperat</strong></span> <span class='ocrx_word' id='word_1_524' title='bbox 940 4295 1103 4349; x_wconf 92' lang='lat' dir='ltr'><strong>porro</strong></span> <span class='ocrx_word' id='word_1_525' title='bbox 1160 4283 1455 4351; x_wconf 87' lang='lat' dir='ltr'><strong>imperator</strong></span> <span class='ocrx_word' id='word_1_526' title='bbox 1501 4294 1560 4338; x_wconf 91' lang='lat' dir='ltr'><strong>ut</strong></span> <span class='ocrx_word' id='word_1_527' title='bbox 1608 4287 1734 4341; x_wconf 85' lang='lat' dir='ltr'><strong>huic</strong></span> 
     </span>
    </p>
   </div>
   <div class='ocr_carea' id='block_1_75' title="bbox 166 4365 1725 4437">
    <p class='ocr_par' dir='ltr' id='par_1_75' title="bbox 166 4365 1725 4437">
     <span class='ocr_line' id='line_1_75' title="bbox 166 4365 1725 4437; baseline 0.009 -20"><span class='ocrx_word' id='word_1_528' title='bbox 166 4365 363 4435; x_wconf 89' lang='lat' dir='ltr'><strong>placito</strong></span> <span class='ocrx_word' id='word_1_529' title='bbox 392 4365 533 4420; x_wconf 83' lang='lat' dir='ltr'><strong>filius</strong></span> <span class='ocrx_word' id='word_1_530' title='bbox 561 4365 677 4434; x_wconf 88' lang='lat' dir='ltr'><strong>ejus</strong></span> <span class='ocrx_word' id='word_1_531' title='bbox 701 4367 961 4437; x_wconf 89' lang='lat' dir='ltr'><strong>Pippinus</strong></span> <span class='ocrx_word' id='word_1_532' title='bbox 998 4369 1302 4425; x_wconf 90' lang='lat' dir='ltr'><strong>interesset.</strong></span> <span class='ocrx_word' id='word_1_533' title='bbox 1341 4371 1448 4427; x_wconf 89' lang='lat' dir='ltr'><strong>Sed</strong></span> <span class='ocrx_word' id='word_1_534' title='bbox 1470 4373 1560 4429; x_wconf 92' lang='lat' dir='ltr'><strong>ille</strong></span> <span class='ocrx_word' id='word_1_535' title='bbox 1594 4391 1725 4430; x_wconf 90' lang='lat' dir='ltr'><strong>con-</strong></span> 
     </span>
    </p>
   </div>
   <div class='ocr_carea' id='block_1_76' title="bbox 162 4456 1726 4528">
    <p class='ocr_par' dir='ltr' id='par_1_76' title="bbox 162 4456 1726 4528">
     <span class='ocr_line' id='line_1_76' title="bbox 162 4456 1726 4528; baseline 0.006 -21"><span class='ocrx_word' id='word_1_536' title='bbox 162 4456 341 4509; x_wconf 83' lang='lat' dir='ltr'><strong>ventui</strong></span> <span class='ocrx_word' id='word_1_537' title='bbox 367 4465 537 4510; x_wconf 87' lang='lat' dir='ltr'><strong>semet</strong></span> <span class='ocrx_word' id='word_1_538' title='bbox 558 4457 845 4521; x_wconf 82' lang='lat' dir='ltr'><strong>subtraxit,</strong></span> <span class='ocrx_word' id='word_1_539' title='bbox 862 4467 983 4527; x_wconf 90' lang='lat' dir='ltr'><strong>post</strong></span> <span class='ocrx_word' id='word_1_540' title='bbox 1008 4458 1267 4528; x_wconf 89' lang='lat' dir='ltr'><strong>placitum</strong></span> <span class='ocrx_word' id='word_1_541' title='bbox 1279 4470 1459 4516; x_wconf 89' lang='lat' dir='ltr'><strong>autem</strong></span> <span class='ocrx_word' id='word_1_542' title='bbox 1488 4464 1726 4519; x_wconf 89' lang='lat' dir='ltr'><strong>advenit.</strong></span> 
     </span>
    </p>
   </div>
   <div class='ocr_carea' id='block_1_77' title="bbox 161 4545 1733 4625">
    <p class='ocr_par' dir='ltr' id='par_1_77' title="bbox 161 4545 1733 4625">
     <span class='ocr_line' id='line_1_77' title="bbox 161 4545 1733 4625; baseline 0.007 -27"><span class='ocrx_word' id='word_1_543' title='bbox 161 4545 455 4613; x_wconf 87' lang='lat' dir='ltr'><strong>Imperator</strong></span> <span class='ocrx_word' id='word_1_544' title='bbox 482 4553 662 4603; x_wconf 89' lang='lat' dir='ltr'><strong>autem</strong></span> <span class='ocrx_word' id='word_1_545' title='bbox 686 4548 872 4602; x_wconf 90' lang='lat' dir='ltr'><strong>volens</strong></span> <span class='ocrx_word' id='word_1_546' title='bbox 898 4556 954 4603; x_wconf 93' lang='lat' dir='ltr'><strong>et</strong></span> <span class='ocrx_word' id='word_1_547' title='bbox 988 4550 1127 4603; x_wconf 89' lang='lat' dir='ltr'><strong>hanc</strong></span> <span class='ocrx_word' id='word_1_548' title='bbox 1156 4550 1577 4607; x_wconf 89' lang='lat' dir='ltr'><strong>inobedientiam</strong></span> <span class='ocrx_word' id='word_1_549' title='bbox 1616 4555 1733 4625; x_wconf 89' lang='lat' dir='ltr'><strong>plu-</strong></span> 
     </span>
    </p>
   </div>
   <div class='ocr_carea' id='block_1_78' title="bbox 164 4636 1731 4709">
    <p class='ocr_par' dir='ltr' id='par_1_78' title="bbox 164 4636 1731 4709">
     <span class='ocr_line' id='line_1_78' title="bbox 164 4636 1731 4709; baseline 0.005 -18"><span class='ocrx_word' id='word_1_550' title='bbox 164 4636 460 4706; x_wconf 75' lang='lat' dir='ltr'><strong>rimamque</strong></span> <span class='ocrx_word' id='word_1_551' title='bbox 486 4638 539 4691; x_wconf 93' lang='lat' dir='ltr'><strong>in</strong></span> <span class='ocrx_word' id='word_1_552' title='bbox 559 4650 623 4691; x_wconf 90' lang='lat' dir='ltr'><strong>eo</strong></span> <span class='ocrx_word' id='word_1_553' title='bbox 643 4640 909 4709; x_wconf 90' lang='lat' dir='ltr'><strong>castigare</strong></span> <span class='ocrx_word' id='word_1_554' title='bbox 929 4655 1138 4694; x_wconf 90' lang='lat' dir='ltr'><strong>morum</strong></span> <span class='ocrx_word' id='word_1_555' title='bbox 1160 4641 1519 4704; x_wconf 85' lang='lat' dir='ltr'><strong>insolentiam,</strong></span> <span class='ocrx_word' id='word_1_556' title='bbox 1547 4658 1731 4699; x_wconf 86' lang='lat' dir='ltr'><strong>secum</strong></span> 
     </span>
    </p>
   </div>
   <div class='ocr_carea' id='block_1_79' title="bbox 160 4729 1731 4800">
    <p class='ocr_par' dir='ltr' id='par_1_79' title="bbox 160 4729 1731 4800">
     <span class='ocr_line' id='line_1_79' title="bbox 160 4729 1731 4800; baseline 0.006 -19"><span class='ocrx_word' id='word_1_557' title='bbox 160 4742 286 4782; x_wconf 88' lang='lat' dir='ltr'><strong>eum</strong></span> <span class='ocrx_word' id='word_1_558' title='bbox 313 4729 510 4782; x_wconf 88' lang='lat' dir='ltr'><strong>morari</strong></span> <span class='ocrx_word' id='word_1_559' title='bbox 534 4730 717 4798; x_wconf 86' lang='lat' dir='ltr'><strong>jussit,</strong></span> <span class='ocrx_word' id='word_1_560' title='bbox 743 4738 797 4784; x_wconf 90' lang='lat' dir='ltr'><strong>et</strong></span> <span class='ocrx_word' id='word_1_561' title='bbox 824 4746 996 4800; x_wconf 87' lang='lat' dir='ltr'><strong>usque</strong></span> <span class='ocrx_word' id='word_1_562' title='bbox 1018 4732 1263 4786; x_wconf 90' lang='lat' dir='ltr'><strong>Natalem</strong></span> <span class='ocrx_word' id='word_1_563' title='bbox 1295 4733 1508 4787; x_wconf 89' lang='lat' dir='ltr'><strong>Domini</strong></span> <span class='ocrx_word' id='word_1_564' title='bbox 1545 4750 1731 4789; x_wconf 90' lang='lat' dir='ltr'><strong>secum</strong></span> 
     </span>
    </p>
   </div>
   <div class='ocr_carea' id='block_1_80' title="bbox 160 4814 1733 4895">
    <p class='ocr_par' dir='ltr' id='par_1_80' title="bbox 160 4814 1733 4895">
     <span class='ocr_line' id='line_1_80' title="bbox 160 4814 1733 4895; baseline 0.006 -28"><span class='ocrx_word' id='word_1_565' title='bbox 160 4814 535 4884; x_wconf 78' lang='lat' dir='ltr'><strong>Aquistenuit.</strong></span> <span class='ocrx_word' id='word_1_566' title='bbox 567 4816 671 4871; x_wconf 90' lang='lat' dir='ltr'><strong>Sed</strong></span> <span class='ocrx_word' id='word_1_567' title='bbox 709 4817 797 4872; x_wconf 90' lang='lat' dir='ltr'><strong>ille</strong></span> <span class='ocrx_word' id='word_1_568' title='bbox 822 4818 963 4873; x_wconf 91' lang='lat' dir='ltr'><strong>ultra</strong></span> <span class='ocrx_word' id='word_1_569' title='bbox 988 4835 1144 4873; x_wconf 89' lang='lat' dir='ltr'><strong>suum</strong></span> <span class='ocrx_word' id='word_1_570' title='bbox 1165 4836 1224 4875; x_wconf 90' lang='lat' dir='ltr'><strong>se</strong></span> <span class='ocrx_word' id='word_1_571' title='bbox 1244 4821 1380 4876; x_wconf 88' lang='lat' dir='ltr'><strong>velle</strong></span> <span class='ocrx_word' id='word_1_572' title='bbox 1405 4824 1577 4877; x_wconf 91' lang='lat' dir='ltr'><strong>teneri</strong></span> <span class='ocrx_word' id='word_1_573' title='bbox 1611 4840 1733 4895; x_wconf 88' lang='lat' dir='ltr'><strong>gra-</strong></span> 
     </span>
    </p>
   </div>
   <div class='ocr_carea' id='block_1_81' title="bbox 160 4908 1732 4984">
    <p class='ocr_par' dir='ltr' id='par_1_81' title="bbox 160 4908 1732 4984">
     <span class='ocr_line' id='line_1_81' title="bbox 160 4908 1732 4984; baseline 0.005 -23"><span class='ocrx_word' id='word_1_574' title='bbox 160 4916 337 4971; x_wconf 90' lang='lat' dir='ltr'><strong>vatus,</strong></span> <span class='ocrx_word' id='word_1_575' title='bbox 359 4908 537 4978; x_wconf 83' lang='lat' dir='ltr'><strong>fugam</strong></span> <span class='ocrx_word' id='word_1_576' title='bbox 563 4912 818 4980; x_wconf 89' lang='lat' dir='ltr'><strong>capessit,</strong></span> <span class='ocrx_word' id='word_1_577' title='bbox 874 4920 929 4965; x_wconf 90' lang='lat' dir='ltr'><strong>et</strong></span> <span class='ocrx_word' id='word_1_578' title='bbox 944 4912 1114 4967; x_wconf 89' lang='lat' dir='ltr'><strong>inscio</strong></span> <span class='ocrx_word' id='word_1_579' title='bbox 1140 4922 1294 4982; x_wconf 91' lang='lat' dir='ltr'><strong>patre</strong></span> <span class='ocrx_word' id='word_1_580' title='bbox 1314 4914 1367 4967; x_wconf 90' lang='lat' dir='ltr'><strong>in</strong></span> <span class='ocrx_word' id='word_1_581' title='bbox 1388 4914 1732 4984; x_wconf 85' lang='lat' dir='ltr'><strong>Aquitaniam</strong></span> 
     </span>
    </p>
   </div>
   <div class='ocr_carea' id='block_1_82' title="bbox 160 5002 1729 5077">
    <p class='ocr_par' dir='ltr' id='par_1_82' title="bbox 160 5002 1729 5077">
     <span class='ocr_line' id='line_1_82' title="bbox 160 5002 1729 5077; baseline 0.003 -20"><span class='ocrx_word' id='word_1_582' title='bbox 160 5002 450 5057; x_wconf 85' lang='lat' dir='ltr'><strong>concessit.</strong></span> <span class='ocrx_word' id='word_1_583' title='bbox 495 5002 797 5072; x_wconf 80' lang='lat' dir='ltr'><strong>Imperator</strong></span> <span class='ocrx_word' id='word_1_584' title='bbox 823 5018 953 5058; x_wconf 88' lang='lat' dir='ltr'><strong>vero</strong></span> <span class='ocrx_word' id='word_1_585' title='bbox 1001 5004 1054 5058; x_wconf 90' lang='lat' dir='ltr'><strong>in</strong></span> <span class='ocrx_word' id='word_1_586' title='bbox 1088 5005 1331 5060; x_wconf 87' lang='lat' dir='ltr'><strong>hibernis</strong></span> <span class='ocrx_word' id='word_1_587' title='bbox 1359 5014 1416 5059; x_wconf 89' lang='lat' dir='ltr'><strong>ut</strong></span> <span class='ocrx_word' id='word_1_588' title='bbox 1468 5017 1729 5077; x_wconf 69' lang='lat' dir='ltr'><strong>coeperat,</strong></span> 
     </span>
    </p>
   </div>
   <div class='ocr_carea' id='block_1_83' title="bbox 160 5093 839 5164">
    <p class='ocr_par' dir='ltr' id='par_1_83' title="bbox 160 5093 839 5164">
     <span class='ocr_line' id='line_1_83' title="bbox 160 5093 839 5164; baseline 0.001 -17"><span class='ocrx_word' id='word_1_589' title='bbox 160 5093 485 5164; x_wconf 82' lang='lat' dir='ltr'><strong>Aquisgrani</strong></span> <span class='ocrx_word' id='word_1_590' title='bbox 519 5096 839 5162; x_wconf 88' lang='lat' dir='ltr'><strong>permansit.</strong></span> 
     </span>
    </p>
   </div>
   <div class='ocr_carea' id='block_1_84' title="bbox 234 5181 1729 5254">
    <p class='ocr_par' dir='ltr' id='par_1_84' title="bbox 234 5181 1729 5254">
     <span class='ocr_line' id='line_1_84' title="bbox 234 5181 1729 5254; baseline 0.004 -20"><span class='ocrx_word' id='word_1_591' title='bbox 234 5181 437 5235; x_wconf 81' lang='lat' dir='ltr'><strong>lliemis</strong></span> <span class='ocrx_word' id='word_1_592' title='bbox 463 5198 595 5237; x_wconf 92' lang='lat' dir='ltr'><strong>sane</strong></span> <span class='ocrx_word' id='word_1_593' title='bbox 634 5185 812 5254; x_wconf 89' lang='lat' dir='ltr'><strong>rigore</strong></span> <span class='ocrx_word' id='word_1_594' title='bbox 836 5192 1129 5249; x_wconf 89' lang='lat' dir='ltr'><strong>transacto,</strong></span> <span class='ocrx_word' id='word_1_595' title='bbox 1167 5194 1221 5239; x_wconf 92' lang='lat' dir='ltr'><strong>et</strong></span> <span class='ocrx_word' id='word_1_596' title='bbox 1247 5187 1451 5240; x_wconf 91' lang='lat' dir='ltr'><strong>vernali</strong></span> <span class='ocrx_word' id='word_1_597' title='bbox 1476 5202 1729 5241; x_wconf 86' lang='lat' dir='ltr'><strong>successu</strong></span> 
     </span>
    </p>
   </div>
   <div class='ocr_carea' id='block_1_85' title="bbox 161 5272 1731 5347">
    <p class='ocr_par' dir='ltr' id='par_1_85' title="bbox 161 5272 1731 5347">
     <span class='ocr_line' id='line_1_85' title="bbox 161 5272 1731 5347; baseline 0.004 -21"><span class='ocrx_word' id='word_1_598' title='bbox 161 5272 405 5336; x_wconf 88' lang='lat' dir='ltr'><strong>reducto,</strong></span> <span class='ocrx_word' id='word_1_599' title='bbox 436 5276 740 5329; x_wconf 91' lang='lat' dir='ltr'><strong>nuntiatum</strong></span> <span class='ocrx_word' id='word_1_600' title='bbox 785 5285 869 5329; x_wconf 91' lang='lat' dir='ltr'><strong>est</strong></span> <span class='ocrx_word' id='word_1_601' title='bbox 898 5277 1215 5345; x_wconf 90' lang='lat' dir='ltr'><strong>imperatori</strong></span> <span class='ocrx_word' id='word_1_602' title='bbox 1256 5278 1517 5347; x_wconf 90' lang='lat' dir='ltr'><strong>quosdam</strong></span> <span class='ocrx_word' id='word_1_603' title='bbox 1552 5288 1731 5333; x_wconf 92' lang='lat' dir='ltr'><strong>motus</strong></span> 
     </span>
    </p>
   </div>
   <div class='ocr_carea' id='block_1_86' title="bbox 162 5363 1728 5439">
    <p class='ocr_par' dir='ltr' id='par_1_86' title="bbox 162 5363 1728 5439">
     <span class='ocr_line' id='line_1_86' title="bbox 162 5363 1728 5439; baseline 0.004 -22"><span class='ocrx_word' id='word_1_604' title='bbox 162 5363 425 5417; x_wconf 77' lang='lat' dir='ltr'><strong>excitatos</strong></span> <span class='ocrx_word' id='word_1_605' title='bbox 446 5364 499 5417; x_wconf 91' lang='lat' dir='ltr'><strong>in</strong></span> <span class='ocrx_word' id='word_1_606' title='bbox 536 5365 780 5433; x_wconf 90' lang='lat' dir='ltr'><strong>Bajoaria</strong></span> <span class='ocrx_word' id='word_1_607' title='bbox 810 5366 977 5439; x_wconf 74' lang='grc'><strong>(852).</strong></span> <span class='ocrx_word' id='word_1_608' title='bbox 1009 5367 1092 5421; x_wconf 82' lang='lat' dir='ltr'><strong>Ad</strong></span> <span class='ocrx_word' id='word_1_609' title='bbox 1122 5383 1349 5437; x_wconf 88' lang='lat' dir='ltr'><strong>quorum</strong></span> <span class='ocrx_word' id='word_1_610' title='bbox 1373 5370 1728 5437; x_wconf 89' lang='lat' dir='ltr'><strong>compressio-</strong></span> 
     </span>
    </p>
   </div>
   <div class='ocr_carea' id='block_1_87' title="bbox 164 5452 1723 5527">
    <p class='ocr_par' dir='ltr' id='par_1_87' title="bbox 164 5452 1723 5527">
     <span class='ocr_line' id='line_1_87' title="bbox 164 5452 1723 5527; baseline 0.002 -19"><span class='ocrx_word' id='word_1_611' title='bbox 164 5468 287 5509; x_wconf 89' lang='lat' dir='ltr'><strong>nem</strong></span> <span class='ocrx_word' id='word_1_612' title='bbox 317 5452 541 5509; x_wconf 85' lang='lat' dir='ltr'><strong>festinus</strong></span> <span class='ocrx_word' id='word_1_613' title='bbox 567 5454 719 5522; x_wconf 85' lang='lat' dir='ltr'><strong>abiit,</strong></span> <span class='ocrx_word' id='word_1_614' title='bbox 752 5457 820 5511; x_wconf 87' lang='lat' dir='ltr'><strong>ad</strong></span> <span class='ocrx_word' id='word_1_615' title='bbox 864 5458 1208 5527; x_wconf 81' lang='lat' dir='ltr'><strong>Ausburgum</strong></span> <span class='ocrx_word' id='word_1_616' title='bbox 1254 5472 1424 5527; x_wconf 89' lang='lat' dir='ltr'><strong>usque</strong></span> <span class='ocrx_word' id='word_1_617' title='bbox 1456 5458 1723 5526; x_wconf 87' lang='lat' dir='ltr'><strong>pervenit,</strong></span> 
     </span>
    </p>
   </div>
   <div class='ocr_carea' id='block_1_88' title="bbox 165 5544 1727 5616">
    <p class='ocr_par' dir='ltr' id='par_1_88' title="bbox 165 5544 1727 5616">
     <span class='ocr_line' id='line_1_88' title="bbox 165 5544 1727 5616; baseline 0.003 -19"><span class='ocrx_word' id='word_1_618' title='bbox 165 5544 491 5613; x_wconf 80' lang='lat' dir='ltr'><strong>insurgentia</strong></span> <span class='ocrx_word' id='word_1_619' title='bbox 521 5546 748 5612; x_wconf 91' lang='lat' dir='ltr'><strong>sedavit,</strong></span> <span class='ocrx_word' id='word_1_620' title='bbox 775 5548 1029 5602; x_wconf 91' lang='lat' dir='ltr'><strong>continuo</strong></span> <span class='ocrx_word' id='word_1_621' title='bbox 1059 5548 1241 5613; x_wconf 90' lang='lat' dir='ltr'><strong>rediit,</strong></span> <span class='ocrx_word' id='word_1_622' title='bbox 1295 5555 1727 5616; x_wconf 84' lang='lat' dir='ltr'><strong>conventumque</strong></span> 
     </span>
    </p>
   </div>
   <div class='ocr_carea' id='block_1_89' title="bbox 165 5633 1729 5706">
    <p class='ocr_par' dir='ltr' id='par_1_89' title="bbox 165 5633 1729 5706">
     <span class='ocr_line' id='line_1_89' title="bbox 165 5633 1729 5706; baseline 0.003 -22"><span class='ocrx_word' id='word_1_623' title='bbox 165 5633 435 5702; x_wconf 89' lang='lat' dir='ltr'><strong>publicum</strong></span> <span class='ocrx_word' id='word_1_624' title='bbox 480 5634 781 5691; x_wconf 84' lang='lat' dir='ltr'><strong>Aurelianis</strong></span> <span class='ocrx_word' id='word_1_625' title='bbox 812 5636 928 5691; x_wconf 83' lang='lat' dir='ltr'><strong>fieri</strong></span> <span class='ocrx_word' id='word_1_626' title='bbox 968 5636 1149 5704; x_wconf 81' lang='lat' dir='ltr'><strong>jussit,</strong></span> <span class='ocrx_word' id='word_1_627' title='bbox 1185 5637 1365 5706; x_wconf 88' lang='lat' dir='ltr'><strong>ibique</strong></span> <span class='ocrx_word' id='word_1_628' title='bbox 1405 5636 1506 5689; x_wconf 85' lang='lat' dir='ltr'><strong>sibi</strong></span> <span class='ocrx_word' id='word_1_629' title='bbox 1550 5636 1729 5704; x_wconf 89' lang='lat' dir='ltr'><strong>Pippi-</strong></span> 
     </span>
    </p>
   </div>
   <div class='ocr_carea' id='block_1_90' title="bbox 169 5727 1721 5796">
    <p class='ocr_par' dir='ltr' id='par_1_90' title="bbox 169 5727 1721 5796">
     <span class='ocr_line' id='line_1_90' title="bbox 169 5727 1721 5796; baseline 0.003 -21"><span class='ocrx_word' id='word_1_630' title='bbox 169 5737 294 5775; x_wconf 84' lang='lat' dir='ltr'><strong>num</strong></span> <span class='ocrx_word' id='word_1_631' title='bbox 320 5736 605 5779; x_wconf 84' lang='lat' dir='ltr'><strong>occurrere</strong></span> <span class='ocrx_word' id='word_1_632' title='bbox 638 5727 931 5796; x_wconf 84' lang='lat' dir='ltr'><strong>mandavit,</strong></span> <span class='ocrx_word' id='word_1_633' title='bbox 960 5728 1049 5793; x_wconf 90' lang='lat' dir='ltr'><strong>qui</strong></span> <span class='ocrx_word' id='word_1_634' title='bbox 1078 5727 1201 5783; x_wconf 90' lang='lat' dir='ltr'><strong>licet</strong></span> <span class='ocrx_word' id='word_1_635' title='bbox 1226 5728 1425 5782; x_wconf 90' lang='lat' dir='ltr'><strong>invitus</strong></span> <span class='ocrx_word' id='word_1_636' title='bbox 1467 5729 1721 5781; x_wconf 87' lang='lat' dir='ltr'><strong>occurrit.</strong></span> 
     </span>
    </p>
   </div>
   <div class='ocr_carea' id='block_1_91' title="bbox 1843 3280 3419 3354">
    <p class='ocr_par' dir='ltr' id='par_1_91' title="bbox 1843 3280 3419 3354">
     <span class='ocr_line' id='line_1_91' title="bbox 1843 3280 3419 3354; baseline -0.004 -15"><span class='ocrx_word' id='word_1_637' title='bbox 1843 3286 2242 3354; x_wconf 83' lang='lat' dir='ltr'><strong>Aquitanorum</strong></span> <span class='ocrx_word' id='word_1_638' title='bbox 2271 3283 2496 3337; x_wconf 85' lang='lat' dir='ltr'><strong>subinde</strong></span> <span class='ocrx_word' id='word_1_639' title='bbox 2526 3292 2578 3337; x_wconf 90' lang='lat' dir='ltr'><strong>et</strong></span> <span class='ocrx_word' id='word_1_640' title='bbox 2608 3282 2833 3337; x_wconf 89' lang='lat' dir='ltr'><strong>moleste</strong></span> <span class='ocrx_word' id='word_1_641' title='bbox 2856 3281 3078 3344; x_wconf 88' lang='lat' dir='ltr'><strong>ferente,</strong></span> <span class='ocrx_word' id='word_1_642' title='bbox 3101 3281 3290 3334; x_wconf 90' lang='lat' dir='ltr'><strong>statuit</strong></span> <span class='ocrx_word' id='word_1_643' title='bbox 3314 3280 3419 3333; x_wconf 91' lang='lat' dir='ltr'><strong>im-</strong></span> 
     </span>
    </p>
   </div>
   <div class='ocr_carea' id='block_1_92' title="bbox 1842 3371 3418 3445">
    <p class='ocr_par' dir='ltr' id='par_1_92' title="bbox 1842 3371 3418 3445">
     <span class='ocr_line' id='line_1_92' title="bbox 1842 3371 3418 3445; baseline -0.003 -15"><span class='ocrx_word' id='word_1_644' title='bbox 1842 3384 2066 3445; x_wconf 89' lang='lat' dir='ltr'><strong>perator</strong></span> <span class='ocrx_word' id='word_1_645' title='bbox 2094 3375 2162 3428; x_wconf 91' lang='lat' dir='ltr'><strong>ad</strong></span> <span class='ocrx_word' id='word_1_646' title='bbox 2192 3374 2370 3428; x_wconf 87' lang='lat' dir='ltr'><strong>villam</strong></span> <span class='ocrx_word' id='word_1_647' title='bbox 2396 3374 2547 3444; x_wconf 87' lang='lat' dir='ltr'><strong>cujus</strong></span> <span class='ocrx_word' id='word_1_648' title='bbox 2570 3373 2887 3428; x_wconf 86' lang='lat' dir='ltr'><strong>vocabulum</strong></span> <span class='ocrx_word' id='word_1_649' title='bbox 2908 3382 2991 3427; x_wconf 88' lang='lat' dir='ltr'><strong>est</strong></span> <span class='ocrx_word' id='word_1_650' title='bbox 3012 3371 3191 3427; x_wconf 82' lang='lat' dir='ltr'><strong>Restis</strong></span> <span class='ocrx_word' id='word_1_651' title='bbox 3213 3372 3418 3437; x_wconf 87' lang='lat' dir='ltr'><strong>venire,</strong></span> 
     </span>
    </p>
   </div>
   <div class='ocr_carea' id='block_1_93' title="bbox 1843 3466 3417 3542">
    <p class='ocr_par' dir='ltr' id='par_1_93' title="bbox 1843 3466 3417 3542">
     <span class='ocr_line' id='line_1_93' title="bbox 1843 3466 3417 3542; baseline -0.004 -17"><span class='ocrx_word' id='word_1_652' title='bbox 1843 3473 2024 3541; x_wconf 87' lang='lat' dir='ltr'><strong>ibique</strong></span> <span class='ocrx_word' id='word_1_653' title='bbox 2051 3471 2259 3542; x_wconf 88' lang='lat' dir='ltr'><strong>Ligeris</strong></span> <span class='ocrx_word' id='word_1_654' title='bbox 2289 3483 2447 3523; x_wconf 88' lang='lat' dir='ltr'><strong>amne</strong></span> <span class='ocrx_word' id='word_1_655' title='bbox 2490 3476 2839 3533; x_wconf 88' lang='lat' dir='ltr'><strong>transmeato,</strong></span> <span class='ocrx_word' id='word_1_656' title='bbox 2888 3468 2943 3521; x_wconf 90' lang='lat' dir='ltr'><strong>in</strong></span> <span class='ocrx_word' id='word_1_657' title='bbox 2985 3466 3269 3525; x_wconf 87' lang='lat' dir='ltr'><strong>Franciam</strong></span> <span class='ocrx_word' id='word_1_658' title='bbox 3301 3466 3417 3520; x_wconf 87' lang='lat' dir='ltr'><strong>hie-</strong></span> 
     </span>
    </p>
   </div>
   <div class='ocr_carea' id='block_1_94' title="bbox 1842 3556 3416 3624">
    <p class='ocr_par' dir='ltr' id='par_1_94' title="bbox 1842 3556 3416 3624">
     <span class='ocr_line' id='line_1_94' title="bbox 1842 3556 3416 3624; baseline -0.002 -10"><span class='ocrx_word' id='word_1_659' title='bbox 1842 3569 2046 3614; x_wconf 88' lang='lat' dir='ltr'><strong>matum</strong></span> <span class='ocrx_word' id='word_1_660' title='bbox 2084 3561 2281 3614; x_wconf 89' lang='lat' dir='ltr'><strong>redire.</strong></span> <span class='ocrx_word' id='word_1_661' title='bbox 2337 3558 2488 3624; x_wconf 87' lang='lat' dir='ltr'><strong>Quod</strong></span> <span class='ocrx_word' id='word_1_662' title='bbox 2515 3566 2569 3612; x_wconf 92' lang='lat' dir='ltr'><strong>et</strong></span> <span class='ocrx_word' id='word_1_663' title='bbox 2614 3556 2742 3612; x_wconf 87' lang='lat' dir='ltr'><strong>fecit</strong></span> <span class='ocrx_word' id='word_1_664' title='bbox 2773 3597 2787 3623; x_wconf 92' lang='lat'><strong>,</strong></span> <span class='ocrx_word' id='word_1_665' title='bbox 2818 3557 2946 3611; x_wconf 89' lang='lat' dir='ltr'><strong>licet</strong></span> <span class='ocrx_word' id='word_1_666' title='bbox 2978 3556 3158 3610; x_wconf 88' lang='lat' dir='ltr'><strong>minus</strong></span> <span class='ocrx_word' id='word_1_667' title='bbox 3189 3556 3416 3611; x_wconf 89' lang='lat' dir='ltr'><strong>honeste</strong></span> 
     </span>
    </p>
   </div>
   <div class='ocr_carea' id='block_1_95' title="bbox 1840 3649 2233 3718">
    <p class='ocr_par' dir='ltr' id='par_1_95' title="bbox 1840 3649 2233 3718">
     <span class='ocr_line' id='line_1_95' title="bbox 1840 3649 2233 3718; baseline -0.005 -16"><span class='ocrx_word' id='word_1_668' title='bbox 1840 3665 2002 3718; x_wconf 83' lang='lat' dir='ltr'><strong>quam</strong></span> <span class='ocrx_word' id='word_1_669' title='bbox 2033 3649 2233 3703; x_wconf 90' lang='lat' dir='ltr'><strong>decuit.</strong></span> 
     </span>
    </p>
   </div>
   <div class='ocr_carea' id='block_1_96' title="bbox 1912 3735 3415 3808">
    <p class='ocr_par' dir='ltr' id='par_1_96' title="bbox 1912 3735 3415 3808">
     <span class='ocr_line' id='line_1_96' title="bbox 1912 3735 3415 3808; baseline -0.003 -14"><span class='ocrx_word' id='word_1_670' title='bbox 1912 3743 1926 3805; x_wconf 92' lang='lat'><strong>(</strong></span> <span class='ocrx_word' id='word_1_671' title='bbox 1945 3740 2105 3808; x_wconf 80' lang='grc'><strong>855.)</strong></span> <span class='ocrx_word' id='word_1_672' title='bbox 2145 3738 2391 3792; x_wconf 86' lang='lat' dir='ltr'><strong>Humano</strong></span> <span class='ocrx_word' id='word_1_673' title='bbox 2421 3753 2584 3806; x_wconf 90' lang='lat' dir='ltr'><strong>porro</strong></span> <span class='ocrx_word' id='word_1_674' title='bbox 2616 3738 2801 3807; x_wconf 90' lang='lat' dir='ltr'><strong>generi</strong></span> <span class='ocrx_word' id='word_1_675' title='bbox 2847 3737 3075 3806; x_wconf 89' lang='lat' dir='ltr'><strong>pacique</strong></span> <span class='ocrx_word' id='word_1_676' title='bbox 3108 3735 3415 3790; x_wconf 89' lang='lat' dir='ltr'><strong>contrarius</strong></span> 
     </span>
    </p>
   </div>
   <div class='ocr_carea' id='block_1_97' title="bbox 1841 3826 3411 3898">
    <p class='ocr_par' dir='ltr' id='par_1_97' title="bbox 1841 3826 3411 3898">
     <span class='ocr_line' id='line_1_97' title="bbox 1841 3826 3411 3898; baseline -0.003 -13"><span class='ocrx_word' id='word_1_677' title='bbox 1841 3830 2087 3885; x_wconf 89' lang='lat' dir='ltr'><strong>diabolus</strong></span> <span class='ocrx_word' id='word_1_678' title='bbox 2115 3869 2128 3895; x_wconf 92' lang='lat'><strong>,</strong></span> <span class='ocrx_word' id='word_1_679' title='bbox 2174 3841 2513 3898; x_wconf 87' lang='lat' dir='ltr'><strong>nequaquam</strong></span> <span class='ocrx_word' id='word_1_680' title='bbox 2568 3828 2635 3881; x_wconf 92' lang='lat' dir='ltr'><strong>ab</strong></span> <span class='ocrx_word' id='word_1_681' title='bbox 2686 3826 3029 3881; x_wconf 89' lang='lat' dir='ltr'><strong>infestatione</strong></span> <span class='ocrx_word' id='word_1_682' title='bbox 3071 3827 3411 3895; x_wconf 89' lang='lat' dir='ltr'><strong>imperatoris</strong></span> 
     </span>
    </p>
   </div>
   <div class='ocr_carea' id='block_1_98' title="bbox 1839 3916 3416 3985">
    <p class='ocr_par' dir='ltr' id='par_1_98' title="bbox 1839 3916 3416 3985">
     <span class='ocr_line' id='line_1_98' title="bbox 1839 3916 3416 3985; baseline -0.001 -15"><span class='ocrx_word' id='word_1_683' title='bbox 1839 3918 2155 3980; x_wconf 86' lang='lat' dir='ltr'><strong>feriabatur,</strong></span> <span class='ocrx_word' id='word_1_684' title='bbox 2208 3918 2302 3971; x_wconf 90' lang='lat' dir='ltr'><strong>sed</strong></span> <span class='ocrx_word' id='word_1_685' title='bbox 2341 3931 2439 3985; x_wconf 84' lang='lat' dir='ltr'><strong>per</strong></span> <span class='ocrx_word' id='word_1_686' title='bbox 2471 3916 2761 3970; x_wconf 89' lang='lat' dir='ltr'><strong>satellitum</strong></span> <span class='ocrx_word' id='word_1_687' title='bbox 2799 3932 3018 3971; x_wconf 91' lang='lat' dir='ltr'><strong>suorum</strong></span> <span class='ocrx_word' id='word_1_688' title='bbox 3060 3916 3328 3970; x_wconf 88' lang='lat' dir='ltr'><strong>versutias</strong></span> <span class='ocrx_word' id='word_1_689' title='bbox 3360 3916 3416 3969; x_wconf 86' lang='lat' dir='ltr'><strong>fi-</strong></span> 
     </span>
    </p>
   </div>
   <div class='ocr_carea' id='block_1_99' title="bbox 1838 4002 3413 4075">
    <p class='ocr_par' dir='ltr' id='par_1_99' title="bbox 1838 4002 3413 4075">
     <span class='ocr_line' id='line_1_99' title="bbox 1838 4002 3413 4075; baseline -0.001 -16"><span class='ocrx_word' id='word_1_690' title='bbox 1838 4007 1940 4062; x_wconf 93' lang='lat' dir='ltr'><strong>lios</strong></span> <span class='ocrx_word' id='word_1_691' title='bbox 1966 4006 2313 4071; x_wconf 89' lang='lat' dir='ltr'><strong>sollicitabat,</strong></span> <span class='ocrx_word' id='word_1_692' title='bbox 2343 4002 2687 4075; x_wconf 80' lang='lat' dir='ltr'><strong>persuadens</strong></span> <span class='ocrx_word' id='word_1_693' title='bbox 2704 4005 2811 4059; x_wconf 87' lang='lat' dir='ltr'><strong>illis</strong></span> <span class='ocrx_word' id='word_1_694' title='bbox 2830 4006 2973 4073; x_wconf 90' lang='lat' dir='ltr'><strong>quod</strong></span> <span class='ocrx_word' id='word_1_695' title='bbox 3001 4014 3156 4074; x_wconf 90' lang='lat' dir='ltr'><strong>pater</strong></span> <span class='ocrx_word' id='word_1_696' title='bbox 3180 4005 3299 4059; x_wconf 91' lang='lat' dir='ltr'><strong>illos</strong></span> <span class='ocrx_word' id='word_1_697' title='bbox 3328 4006 3413 4059; x_wconf 91' lang='lat' dir='ltr'><strong>ul-</strong></span> 
     </span>
    </p>
   </div>
   <div class='ocr_carea' id='block_1_100' title="bbox 1840 4094 3416 4166">
    <p class='ocr_par' dir='ltr' id='par_1_100' title="bbox 1840 4094 3416 4166">
     <span class='ocr_line' id='line_1_100' title="bbox 1840 4094 3416 4166; baseline -0.002 -14"><span class='ocrx_word' id='word_1_698' title='bbox 1840 4106 1924 4152; x_wconf 90' lang='lat' dir='ltr'><strong>tro</strong></span> <span class='ocrx_word' id='word_1_699' title='bbox 1954 4098 2179 4166; x_wconf 89' lang='lat' dir='ltr'><strong>perdere</strong></span> <span class='ocrx_word' id='word_1_700' title='bbox 2212 4096 2369 4149; x_wconf 90' lang='lat' dir='ltr'><strong>vellet</strong></span> <span class='ocrx_word' id='word_1_701' title='bbox 2408 4109 2423 4147; x_wconf 90' lang='lat'><strong>:</strong></span> <span class='ocrx_word' id='word_1_702' title='bbox 2455 4110 2561 4148; x_wconf 90' lang='lat' dir='ltr'><strong>non</strong></span> <span class='ocrx_word' id='word_1_703' title='bbox 2588 4094 2995 4149; x_wconf 82' lang='lat' dir='ltr'><strong>considerantes</strong></span> <span class='ocrx_word' id='word_1_704' title='bbox 3026 4095 3167 4164; x_wconf 91' lang='lat' dir='ltr'><strong>quod</strong></span> <span class='ocrx_word' id='word_1_705' title='bbox 3193 4096 3283 4164; x_wconf 91' lang='lat' dir='ltr'><strong>qui</strong></span> <span class='ocrx_word' id='word_1_706' title='bbox 3315 4097 3416 4149; x_wconf 88' lang='lat' dir='ltr'><strong>mi-</strong></span> 
     </span>
    </p>
   </div>
   <div class='ocr_carea' id='block_1_101' title="bbox 1837 4187 3413 4257">
    <p class='ocr_par' dir='ltr' id='par_1_101' title="bbox 1837 4187 3413 4257">
     <span class='ocr_line' id='line_1_101' title="bbox 1837 4187 3413 4257; baseline 0 -16"><span class='ocrx_word' id='word_1_707' title='bbox 1837 4189 1943 4242; x_wconf 89' lang='lat' dir='ltr'><strong>tior</strong></span> <span class='ocrx_word' id='word_1_708' title='bbox 1970 4188 2279 4241; x_wconf 90' lang='lat' dir='ltr'><strong>hominibus</strong></span> <span class='ocrx_word' id='word_1_709' title='bbox 2301 4187 2541 4241; x_wconf 79' lang='lat' dir='ltr'><strong>externis</strong></span> <span class='ocrx_word' id='word_1_710' title='bbox 2567 4196 2745 4252; x_wconf 91' lang='lat' dir='ltr'><strong>esset,</strong></span> <span class='ocrx_word' id='word_1_711' title='bbox 2773 4187 3026 4241; x_wconf 89' lang='lat' dir='ltr'><strong>immanis</strong></span> <span class='ocrx_word' id='word_1_712' title='bbox 3060 4202 3165 4241; x_wconf 93' lang='lat' dir='ltr'><strong>non</strong></span> <span class='ocrx_word' id='word_1_713' title='bbox 3198 4196 3413 4257; x_wconf 88' lang='lat' dir='ltr'><strong>poterat</strong></span> 
     </span>
    </p>
   </div>
   <div class='ocr_carea' id='block_1_102' title="bbox 1836 4278 3411 4349">
    <p class='ocr_par' dir='ltr' id='par_1_102' title="bbox 1836 4278 3411 4349">
     <span class='ocr_line' id='line_1_102' title="bbox 1836 4278 3411 4349; baseline -0.003 -16"><span class='ocrx_word' id='word_1_714' title='bbox 1836 4279 1976 4333; x_wconf 85' lang='lat' dir='ltr'><strong>ellici</strong></span> <span class='ocrx_word' id='word_1_715' title='bbox 2002 4280 2135 4333; x_wconf 89' lang='lat' dir='ltr'><strong>suis.</strong></span> <span class='ocrx_word' id='word_1_716' title='bbox 2177 4278 2282 4333; x_wconf 89' lang='lat' dir='ltr'><strong>Sed</strong></span> <span class='ocrx_word' id='word_1_717' title='bbox 2314 4278 2439 4347; x_wconf 89' lang='lat' dir='ltr'><strong>quia</strong></span> <span class='ocrx_word' id='word_1_718' title='bbox 2465 4286 2820 4349; x_wconf 89' lang='lat' dir='ltr'><strong>corrumpunt</strong></span> <span class='ocrx_word' id='word_1_719' title='bbox 2845 4278 3015 4333; x_wconf 91' lang='lat' dir='ltr'><strong>bonos</strong></span> <span class='ocrx_word' id='word_1_720' title='bbox 3039 4293 3216 4332; x_wconf 89' lang='lat' dir='ltr'><strong>mores</strong></span> <span class='ocrx_word' id='word_1_721' title='bbox 3248 4278 3411 4332; x_wconf 89' lang='lat' dir='ltr'><strong>collo-</strong></span> 
     </span>
    </p>
   </div>
   <div class='ocr_carea' id='block_1_103' title="bbox 1834 4368 3408 4438">
    <p class='ocr_par' dir='ltr' id='par_1_103' title="bbox 1834 4368 3408 4438">
     <span class='ocr_line' id='line_1_103' title="bbox 1834 4368 3408 4438; baseline -0.003 -15"><span class='ocrx_word' id='word_1_722' title='bbox 1834 4370 1959 4438; x_wconf 81' lang='lat' dir='ltr'><strong>quia</strong></span> <span class='ocrx_word' id='word_1_723' title='bbox 1989 4370 2127 4423; x_wconf 88' lang='lat' dir='ltr'><strong>mala</strong></span> <span class='ocrx_word' id='word_1_724' title='bbox 2153 4410 2167 4433; x_wconf 94' lang='lat'><strong>,</strong></span> <span class='ocrx_word' id='word_1_725' title='bbox 2220 4377 2274 4422; x_wconf 92' lang='lat' dir='ltr'><strong>et</strong></span> <span class='ocrx_word' id='word_1_726' title='bbox 2304 4369 2540 4438; x_wconf 90' lang='lat' dir='ltr'><strong>lapidum</strong></span> <span class='ocrx_word' id='word_1_727' title='bbox 2578 4369 2742 4423; x_wconf 88' lang='lat' dir='ltr'><strong>etiam</strong></span> <span class='ocrx_word' id='word_1_728' title='bbox 2770 4369 3022 4423; x_wconf 90' lang='lat' dir='ltr'><strong>duritiam</strong></span> <span class='ocrx_word' id='word_1_729' title='bbox 3052 4368 3233 4421; x_wconf 88' lang='lat' dir='ltr'><strong>mollis</strong></span> <span class='ocrx_word' id='word_1_730' title='bbox 3254 4382 3408 4435; x_wconf 70' lang='lat' dir='ltr'><strong>aqua:</strong></span> 
     </span>
    </p>
   </div>
   <div class='ocr_carea' id='block_1_104' title="bbox 1836 4457 3408 4531">
    <p class='ocr_par' dir='ltr' id='par_1_104' title="bbox 1836 4457 3408 4531">
     <span class='ocr_line' id='line_1_104' title="bbox 1836 4457 3408 4531; baseline -0.003 -17"><span class='ocrx_word' id='word_1_731' title='bbox 1836 4460 2045 4531; x_wconf 89' lang='lat' dir='ltr'><strong>guttula</strong></span> <span class='ocrx_word' id='word_1_732' title='bbox 2074 4460 2269 4529; x_wconf 73' lang='lat' dir='ltr'><strong>szepius</strong></span> <span class='ocrx_word' id='word_1_733' title='bbox 2300 4458 2439 4512; x_wconf 88' lang='lat' dir='ltr'><strong>illisa</strong></span> <span class='ocrx_word' id='word_1_734' title='bbox 2471 4459 2749 4513; x_wconf 89' lang='lat' dir='ltr'><strong>terebrare</strong></span> <span class='ocrx_word' id='word_1_735' title='bbox 2793 4458 2948 4523; x_wconf 91' lang='lat' dir='ltr'><strong>solet,</strong></span> <span class='ocrx_word' id='word_1_736' title='bbox 2997 4458 3216 4511; x_wconf 88' lang='lat' dir='ltr'><strong>tandem</strong></span> <span class='ocrx_word' id='word_1_737' title='bbox 3260 4458 3328 4512; x_wconf 92' lang='lat' dir='ltr'><strong>ad</strong></span> <span class='ocrx_word' id='word_1_738' title='bbox 3356 4457 3408 4510; x_wconf 88' lang='lat' dir='ltr'><strong>id</strong></span> 
     </span>
    </p>
   </div>
   <div class='ocr_carea' id='block_1_105' title="bbox 1838 4546 3409 4618">
    <p class='ocr_par' dir='ltr' id='par_1_105' title="bbox 1838 4546 3409 4618">
     <span class='ocr_line' id='line_1_105' title="bbox 1838 4546 3409 4618; baseline -0.003 -15"><span class='ocrx_word' id='word_1_739' title='bbox 1838 4559 2057 4605; x_wconf 87' lang='lat' dir='ltr'><strong>ventum</strong></span> <span class='ocrx_word' id='word_1_740' title='bbox 2081 4558 2165 4604; x_wconf 92' lang='lat' dir='ltr'><strong>est</strong></span> <span class='ocrx_word' id='word_1_741' title='bbox 2194 4558 2255 4603; x_wconf 90' lang='lat' dir='ltr'><strong>ut</strong></span> <span class='ocrx_word' id='word_1_742' title='bbox 2274 4548 2413 4603; x_wconf 87' lang='lat' dir='ltr'><strong>ﬁlios</strong></span> <span class='ocrx_word' id='word_1_743' title='bbox 2443 4548 2789 4618; x_wconf 89' lang='lat' dir='ltr'><strong>imperatoris</strong></span> <span class='ocrx_word' id='word_1_744' title='bbox 2816 4549 2868 4602; x_wconf 91' lang='lat' dir='ltr'><strong>in</strong></span> <span class='ocrx_word' id='word_1_745' title='bbox 2895 4563 3061 4603; x_wconf 91' lang='lat' dir='ltr'><strong>unum</strong></span> <span class='ocrx_word' id='word_1_746' title='bbox 3088 4562 3211 4600; x_wconf 90' lang='lat' dir='ltr'><strong>cum</strong></span> <span class='ocrx_word' id='word_1_747' title='bbox 3237 4546 3409 4615; x_wconf 84' lang='lat' dir='ltr'><strong>copiis</strong></span> 
     </span>
    </p>
   </div>
   <div class='ocr_carea' id='block_1_106' title="bbox 1837 4638 3409 4710">
    <p class='ocr_par' dir='ltr' id='par_1_106' title="bbox 1837 4638 3409 4710">
     <span class='ocr_line' id='line_1_106' title="bbox 1837 4638 3409 4710; baseline -0.002 -16"><span class='ocrx_word' id='word_1_748' title='bbox 1837 4642 2032 4710; x_wconf 89' lang='lat' dir='ltr'><strong>quibus</strong></span> <span class='ocrx_word' id='word_1_749' title='bbox 2057 4648 2309 4709; x_wconf 89' lang='lat' dir='ltr'><strong>poterant</strong></span> <span class='ocrx_word' id='word_1_750' title='bbox 2352 4640 2498 4694; x_wconf 90' lang='lat' dir='ltr'><strong>coire</strong></span> <span class='ocrx_word' id='word_1_751' title='bbox 2546 4638 2823 4704; x_wconf 87' lang='lat' dir='ltr'><strong>facerent,</strong></span> <span class='ocrx_word' id='word_1_752' title='bbox 2865 4638 3409 4709; x_wconf 86' lang='lat' dir='ltr'><strong>Gregoriumquepa-</strong></span> 
     </span>
    </p>
   </div>
   <div class='ocr_carea' id='block_1_107' title="bbox 1836 4728 3407 4803">
    <p class='ocr_par' dir='ltr' id='par_1_107' title="bbox 1836 4728 3407 4803">
     <span class='ocr_line' id='line_1_107' title="bbox 1836 4728 3407 4803; baseline -0.003 -17"><span class='ocrx_word' id='word_1_753' title='bbox 1836 4748 1962 4803; x_wconf 91' lang='lat' dir='ltr'><strong>pam</strong></span> <span class='ocrx_word' id='word_1_754' title='bbox 1990 4732 2357 4796; x_wconf 88' lang='lat' dir='ltr'><strong>advocarent,</strong></span> <span class='ocrx_word' id='word_1_755' title='bbox 2393 4731 2491 4785; x_wconf 91' lang='lat' dir='ltr'><strong>sub</strong></span> <span class='ocrx_word' id='word_1_756' title='bbox 2520 4739 2713 4785; x_wconf 91' lang='lat' dir='ltr'><strong>ornatu</strong></span> <span class='ocrx_word' id='word_1_757' title='bbox 2744 4730 2899 4799; x_wconf 90' lang='lat' dir='ltr'><strong>quasi</strong></span> <span class='ocrx_word' id='word_1_758' title='bbox 2946 4729 3039 4799; x_wconf 88' lang='lat' dir='ltr'><strong>qui</strong></span> <span class='ocrx_word' id='word_1_759' title='bbox 3080 4729 3221 4797; x_wconf 91' lang='lat' dir='ltr'><strong>patri</strong></span> <span class='ocrx_word' id='word_1_760' title='bbox 3262 4728 3407 4783; x_wconf 87' lang='lat' dir='ltr'><strong>solus</strong></span> 
     </span>
    </p>
   </div>
   <div class='ocr_carea' id='block_1_108' title="bbox 1838 4818 3404 4889">
    <p class='ocr_par' dir='ltr' id='par_1_108' title="bbox 1838 4818 3404 4889">
     <span class='ocr_line' id='line_1_108' title="bbox 1838 4818 3404 4889; baseline -0.003 -14"><span class='ocrx_word' id='word_1_761' title='bbox 1838 4821 1979 4875; x_wconf 80' lang='lat' dir='ltr'><strong>filios</strong></span> <span class='ocrx_word' id='word_1_762' title='bbox 2021 4818 2374 4875; x_wconf 88' lang='lat' dir='ltr'><strong>reconciliare</strong></span> <span class='ocrx_word' id='word_1_763' title='bbox 2401 4820 2622 4874; x_wconf 90' lang='lat' dir='ltr'><strong>deberet</strong></span> <span class='ocrx_word' id='word_1_764' title='bbox 2658 4828 2709 4874; x_wconf 87' lang='lat' dir='ltr'><strong>et</strong></span> <span class='ocrx_word' id='word_1_765' title='bbox 2740 4828 2962 4889; x_wconf 88' lang='lat' dir='ltr'><strong>posset:</strong></span> <span class='ocrx_word' id='word_1_766' title='bbox 2997 4819 3071 4872; x_wconf 91' lang='lat' dir='ltr'><strong>rei</strong></span> <span class='ocrx_word' id='word_1_767' title='bbox 3107 4826 3282 4872; x_wconf 89' lang='lat' dir='ltr'><strong>tamen</strong></span> <span class='ocrx_word' id='word_1_768' title='bbox 3310 4833 3404 4872; x_wconf 82' lang='lat' dir='ltr'><strong>ve-</strong></span> 
     </span>
    </p>
   </div>
   <div class='ocr_carea' id='block_1_109' title="bbox 1836 4910 3407 4983">
    <p class='ocr_par' dir='ltr' id='par_1_109' title="bbox 1836 4910 3407 4983">
     <span class='ocr_line' id='line_1_109' title="bbox 1836 4910 3407 4983; baseline -0.004 -15"><span class='ocrx_word' id='word_1_769' title='bbox 1836 4915 1971 4968; x_wconf 90' lang='lat' dir='ltr'><strong>ritas</strong></span> <span class='ocrx_word' id='word_1_770' title='bbox 1998 4922 2121 4983; x_wconf 91' lang='lat' dir='ltr'><strong>post</strong></span> <span class='ocrx_word' id='word_1_771' title='bbox 2147 4914 2359 4967; x_wconf 92' lang='lat' dir='ltr'><strong>claruit.</strong></span> <span class='ocrx_word' id='word_1_772' title='bbox 2399 4912 2697 4981; x_wconf 90' lang='lat' dir='ltr'><strong>Imperator</strong></span> <span class='ocrx_word' id='word_1_773' title='bbox 2723 4926 2885 4980; x_wconf 92' lang='lat' dir='ltr'><strong>porro</strong></span> <span class='ocrx_word' id='word_1_774' title='bbox 2907 4924 2937 4963; x_wconf 90' lang='lat' dir='ltr'><strong>e</strong></span> <span class='ocrx_word' id='word_1_775' title='bbox 2958 4910 3230 4964; x_wconf 83' lang='lat' dir='ltr'><strong>contrario</strong></span> <span class='ocrx_word' id='word_1_776' title='bbox 3254 4923 3407 4963; x_wconf 90' lang='lat' dir='ltr'><strong>men-</strong></span> 
     </span>
    </p>
   </div>
   <div class='ocr_carea' id='block_1_110' title="bbox 1838 5000 3405 5067">
    <p class='ocr_par' dir='ltr' id='par_1_110' title="bbox 1838 5000 3405 5067">
     <span class='ocr_line' id='line_1_110' title="bbox 1838 5000 3405 5067; baseline -0.003 -8"><span class='ocrx_word' id='word_1_777' title='bbox 1838 5020 1897 5059; x_wconf 89' lang='lat' dir='ltr'><strong>se</strong></span> <span class='ocrx_word' id='word_1_778' title='bbox 1933 5005 2072 5058; x_wconf 86' lang='lat' dir='ltr'><strong>Maio</strong></span> <span class='ocrx_word' id='word_1_779' title='bbox 2102 5003 2459 5057; x_wconf 84' lang='lat' dir='ltr'><strong>Wormatiam</strong></span> <span class='ocrx_word' id='word_1_780' title='bbox 2484 5002 2634 5056; x_wconf 90' lang='lat' dir='ltr'><strong>venit</strong></span> <span class='ocrx_word' id='word_1_781' title='bbox 2660 5017 2783 5057; x_wconf 88' lang='lat' dir='ltr'><strong>cum</strong></span> <span class='ocrx_word' id='word_1_782' title='bbox 2810 5001 2986 5055; x_wconf 88' lang='lat' dir='ltr'><strong>valida</strong></span> <span class='ocrx_word' id='word_1_783' title='bbox 3016 5016 3199 5064; x_wconf 92' lang='lat' dir='ltr'><strong>manu,</strong></span> <span class='ocrx_word' id='word_1_784' title='bbox 3222 5000 3405 5067; x_wconf 85' lang='lat' dir='ltr'><strong>ibique</strong></span> 
     </span>
    </p>
   </div>
   <div class='ocr_carea' id='block_1_111' title="bbox 1837 5088 3403 5165">
    <p class='ocr_par' dir='ltr' id='par_1_111' title="bbox 1837 5088 3403 5165">
     <span class='ocr_line' id='line_1_111' title="bbox 1837 5088 3403 5165; baseline -0.006 -16"><span class='ocrx_word' id='word_1_785' title='bbox 1837 5096 1965 5163; x_wconf 85' lang='lat' dir='ltr'><strong>quid</strong></span> <span class='ocrx_word' id='word_1_786' title='bbox 1996 5095 2259 5165; x_wconf 83' lang='lat' dir='ltr'><strong>agendum</strong></span> <span class='ocrx_word' id='word_1_787' title='bbox 2300 5092 2401 5146; x_wconf 86' lang='lat' dir='ltr'><strong>sibi</strong></span> <span class='ocrx_word' id='word_1_788' title='bbox 2439 5091 2581 5147; x_wconf 89' lang='lat' dir='ltr'><strong>foret</strong></span> <span class='ocrx_word' id='word_1_789' title='bbox 2608 5092 2697 5145; x_wconf 90' lang='lat' dir='ltr'><strong>diu</strong></span> <span class='ocrx_word' id='word_1_790' title='bbox 2726 5090 3059 5145; x_wconf 79' lang='lat' dir='ltr'><strong>deliberavit.</strong></span> <span class='ocrx_word' id='word_1_791' title='bbox 3122 5088 3403 5156; x_wconf 80' lang='lat' dir='ltr'><strong>Missisque</strong></span> 
     </span>
    </p>
   </div>
   <div class='ocr_carea' id='block_1_112' title="bbox 1836 5178 3399 5251">
    <p class='ocr_par' dir='ltr' id='par_1_112' title="bbox 1836 5178 3399 5251">
     <span class='ocr_line' id='line_1_112' title="bbox 1836 5178 3399 5251; baseline -0.006 -10"><span class='ocrx_word' id='word_1_792' title='bbox 1836 5186 2138 5248; x_wconf 88' lang='lat' dir='ltr'><strong>destinatis,</strong></span> <span class='ocrx_word' id='word_1_793' title='bbox 2167 5184 2442 5238; x_wconf 88' lang='lat' dir='ltr'><strong>Bernardo</strong></span> <span class='ocrx_word' id='word_1_794' title='bbox 2472 5183 2679 5237; x_wconf 89' lang='lat' dir='ltr'><strong>scilicet</strong></span> <span class='ocrx_word' id='word_1_795' title='bbox 2716 5182 2967 5251; x_wconf 87' lang='lat' dir='ltr'><strong>episcopo</strong></span> <span class='ocrx_word' id='word_1_796' title='bbox 3006 5194 3129 5234; x_wconf 91' lang='lat' dir='ltr'><strong>cum</strong></span> <span class='ocrx_word' id='word_1_797' title='bbox 3156 5178 3399 5247; x_wconf 87' lang='lat' dir='ltr'><strong>reliquis,</strong></span> 
     </span>
    </p>
   </div>
   <div class='ocr_carea' id='block_1_113' title="bbox 1835 5268 3395 5329">
    <p class='ocr_par' dir='ltr' id='par_1_113' title="bbox 1835 5268 3395 5329">
     <span class='ocr_line' id='line_1_113' title="bbox 1835 5268 3395 5329; baseline -0.007 0"><span class='ocrx_word' id='word_1_798' title='bbox 1835 5276 1976 5329; x_wconf 82' lang='lat' dir='ltr'><strong>ﬁlios</strong></span> <span class='ocrx_word' id='word_1_799' title='bbox 2010 5275 2327 5328; x_wconf 87' lang='lat' dir='ltr'><strong>hortabatur</strong></span> <span class='ocrx_word' id='word_1_800' title='bbox 2372 5273 2442 5326; x_wconf 91' lang='lat' dir='ltr'><strong>ad</strong></span> <span class='ocrx_word' id='word_1_801' title='bbox 2500 5287 2558 5327; x_wconf 88' lang='lat' dir='ltr'><strong>se</strong></span> <span class='ocrx_word' id='word_1_802' title='bbox 2605 5271 2926 5326; x_wconf 86' lang='lat' dir='ltr'><strong>veniendum</strong></span> <span class='ocrx_word' id='word_1_803' title='bbox 2957 5278 3010 5323; x_wconf 85' lang='lat' dir='ltr'><strong>et</strong></span> <span class='ocrx_word' id='word_1_804' title='bbox 3045 5268 3395 5322; x_wconf 86' lang='lat' dir='ltr'><strong>redeundum.</strong></span> 
     </span>
    </p>
   </div>
   <div class='ocr_carea' id='block_1_114' title="bbox 1835 5355 3401 5431">
    <p class='ocr_par' dir='ltr' id='par_1_114' title="bbox 1835 5355 3401 5431">
     <span class='ocr_line' id='line_1_114' title="bbox 1835 5355 3401 5431; baseline -0.007 -13"><span class='ocrx_word' id='word_1_805' title='bbox 1835 5363 1942 5419; x_wconf 91' lang='lat' dir='ltr'><strong>Sed</strong></span> <span class='ocrx_word' id='word_1_806' title='bbox 1970 5373 2024 5417; x_wconf 90' lang='lat' dir='ltr'><strong>et</strong></span> <span class='ocrx_word' id='word_1_807' title='bbox 2048 5376 2239 5431; x_wconf 89' lang='lat' dir='ltr'><strong>papam</strong></span> <span class='ocrx_word' id='word_1_808' title='bbox 2271 5361 2527 5414; x_wconf 46' lang='lat' dir='ltr'><strong>Romanas.</strong></span> <span class='ocrx_word' id='word_1_809' title='bbox 2553 5358 2696 5413; x_wconf 91' lang='lat' dir='ltr'><strong>sedis</strong></span> <span class='ocrx_word' id='word_1_810' title='bbox 2729 5357 3101 5420; x_wconf 88' lang='lat' dir='ltr'><strong>conveniebat,</strong></span> <span class='ocrx_word' id='word_1_811' title='bbox 3128 5364 3189 5409; x_wconf 90' lang='lat' dir='ltr'><strong>ut</strong></span> <span class='ocrx_word' id='word_1_812' title='bbox 3216 5355 3259 5409; x_wconf 87' lang='lat' dir='ltr'><strong>si</strong></span> <span class='ocrx_word' id='word_1_813' title='bbox 3287 5368 3401 5407; x_wconf 91' lang='lat' dir='ltr'><strong>mo-</strong></span> 
     </span>
    </p>
   </div>
   <div class='ocr_carea' id='block_1_115' title="bbox 1833 5448 3402 5522">
    <p class='ocr_par' dir='ltr' id='par_1_115' title="bbox 1833 5448 3402 5522">
     <span class='ocr_line' id='line_1_115' title="bbox 1833 5448 3402 5522; baseline -0.006 -15"><span class='ocrx_word' id='word_1_814' title='bbox 1833 5469 1892 5508; x_wconf 91' lang='lat' dir='ltr'><strong>re</strong></span> <span class='ocrx_word' id='word_1_815' title='bbox 1926 5452 2384 5522; x_wconf 84' lang='lat' dir='ltr'><strong>praedecessorum</strong></span> <span class='ocrx_word' id='word_1_816' title='bbox 2410 5462 2629 5503; x_wconf 88' lang='lat' dir='ltr'><strong>suorum</strong></span> <span class='ocrx_word' id='word_1_817' title='bbox 2658 5448 2865 5511; x_wconf 77' lang='lat' dir='ltr'><strong>aderat;</strong></span> <span class='ocrx_word' id='word_1_818' title='bbox 2895 5462 2995 5501; x_wconf 91' lang='lat' dir='ltr'><strong>cur</strong></span> <span class='ocrx_word' id='word_1_819' title='bbox 3019 5454 3196 5499; x_wconf 90' lang='lat' dir='ltr'><strong>tantas</strong></span> <span class='ocrx_word' id='word_1_820' title='bbox 3222 5453 3402 5498; x_wconf 88' lang='lat' dir='ltr'><strong>necte-</strong></span> 
     </span>
    </p>
   </div>
   <div class='ocr_carea' id='block_1_116' title="bbox 1834 5536 3401 5598">
    <p class='ocr_par' dir='ltr' id='par_1_116' title="bbox 1834 5536 3401 5598">
     <span class='ocr_line' id='line_1_116' title="bbox 1834 5536 3401 5598; baseline -0.008 -1"><span class='ocrx_word' id='word_1_821' title='bbox 1834 5554 1917 5598; x_wconf 89' lang='lat' dir='ltr'><strong>ret</strong></span> <span class='ocrx_word' id='word_1_822' title='bbox 1955 5557 2133 5596; x_wconf 88' lang='lat' dir='ltr'><strong>moras</strong></span> <span class='ocrx_word' id='word_1_823' title='bbox 2176 5557 2283 5595; x_wconf 92' lang='lat' dir='ltr'><strong>non</strong></span> <span class='ocrx_word' id='word_1_824' title='bbox 2332 5540 2432 5595; x_wconf 90' lang='lat' dir='ltr'><strong>sibi</strong></span> <span class='ocrx_word' id='word_1_825' title='bbox 2475 5538 2827 5593; x_wconf 91' lang='lat' dir='ltr'><strong>occurrendo.</strong></span> <span class='ocrx_word' id='word_1_826' title='bbox 2890 5536 3024 5591; x_wconf 89' lang='lat' dir='ltr'><strong>Cum</strong></span> <span class='ocrx_word' id='word_1_827' title='bbox 3058 5550 3183 5589; x_wconf 89' lang='lat' dir='ltr'><strong>vero</strong></span> <span class='ocrx_word' id='word_1_828' title='bbox 3215 5548 3401 5587; x_wconf 90' lang='lat' dir='ltr'><strong>rumor</strong></span> 
     </span>
    </p>
   </div>
   <div class='ocr_carea' id='block_1_117' title="bbox 1835 5628 3401 5703">
    <p class='ocr_par' dir='ltr' id='par_1_117' title="bbox 1835 5628 3401 5703">
     <span class='ocr_line' id='line_1_117' title="bbox 1835 5628 3401 5703; baseline -0.005 -14"><span class='ocrx_word' id='word_1_829' title='bbox 1835 5649 2219 5703; x_wconf 83' lang='lat' dir='ltr'><strong>usquequaque</strong></span> <span class='ocrx_word' id='word_1_830' title='bbox 2244 5632 2466 5687; x_wconf 74' lang='lat' dir='ltr'><strong>diffusus</strong></span> <span class='ocrx_word' id='word_1_831' title='bbox 2494 5640 2701 5685; x_wconf 89' lang='lat' dir='ltr'><strong>sereret</strong></span> <span class='ocrx_word' id='word_1_832' title='bbox 2719 5632 2784 5685; x_wconf 93' lang='lat' dir='ltr'><strong>de</strong></span> <span class='ocrx_word' id='word_1_833' title='bbox 2805 5630 3014 5685; x_wconf 64' lang='lat' dir='ltr'><strong>caeteris</strong></span> <span class='ocrx_word' id='word_1_834' title='bbox 3043 5628 3185 5697; x_wconf 92' lang='lat' dir='ltr'><strong>quod</strong></span> <span class='ocrx_word' id='word_1_835' title='bbox 3213 5641 3401 5681; x_wconf 87' lang='lat' dir='ltr'><strong>verum</strong></span> 
     </span>
    </p>
   </div>
   <div class='ocr_carea' id='block_1_118' title="bbox 1836 5720 3404 5793">
    <p class='ocr_par' dir='ltr' id='par_1_118' title="bbox 1836 5720 3404 5793">
     <span class='ocr_line' id='line_1_118' title="bbox 1836 5720 3404 5793; baseline -0.005 -14"><span class='ocrx_word' id='word_1_836' title='bbox 1836 5734 1985 5790; x_wconf 89' lang='lat' dir='ltr'><strong>erat,</strong></span> <span class='ocrx_word' id='word_1_837' title='bbox 2034 5724 2099 5777; x_wconf 92' lang='lat' dir='ltr'><strong>de</strong></span> <span class='ocrx_word' id='word_1_838' title='bbox 2129 5738 2265 5793; x_wconf 88' lang='lat' dir='ltr'><strong>papa</strong></span> <span class='ocrx_word' id='word_1_839' title='bbox 2296 5737 2422 5777; x_wconf 88' lang='lat' dir='ltr'><strong>vero</strong></span> <span class='ocrx_word' id='word_1_840' title='bbox 2447 5722 2725 5787; x_wconf 84' lang='lat' dir='ltr'><strong>Romano,</strong></span> <span class='ocrx_word' id='word_1_841' title='bbox 2757 5720 2898 5791; x_wconf 87' lang='lat' dir='ltr'><strong>quod</strong></span> <span class='ocrx_word' id='word_1_842' title='bbox 2944 5720 3062 5774; x_wconf 90' lang='lat' dir='ltr'><strong>ideo</strong></span> <span class='ocrx_word' id='word_1_843' title='bbox 3094 5720 3303 5773; x_wconf 83' lang='lat' dir='ltr'><strong>adesset</strong></span> <span class='ocrx_word' id='word_1_844' title='bbox 3343 5726 3404 5771; x_wconf 91' lang='lat' dir='ltr'><strong>ut</strong></span> 
     </span>
    </p>
   </div>
  </div>
