3906 6310
478 336 583 391 965

1614 324 1932 381 LUDOVICI
1970 324 1989 376 Ι
2031 321 2499 378 COGNOMENTO
2539 320 2623 374 Pll
3647 314 3739 366 9‘31

482 458 590 500 tam
618 443 995 513 imperatorem
1024 453 1185 508 quam
1220 437 1501 508 episcopos
1541 435 2053 490 excommunicatio-
2086 439 2127 495 Α
2160 433 2315 487 libuit
2361 446 2705 486 commorans
2731 470 2745 494 ,
2798 437 2853 483 et
2898 443 3015 500 quze
3044 428 3154 482 visa
3186 436 3313 481 sunt
3359 427 3656 487 ordinans,
3683 444 3739 479 ac

481 538 565 592 nis
592 533 819 589 vinculis
842 531 1056 586 irretire
1077 528 1259 594 vellet,
1292 530 1337 582 si
1366 528 1455 595 qui
1480 526 1848 580 inobedienlcs
1872 532 2055 578 essent

483 644 594 684 suae
628 626 969 692 filiorumque
995 619 1341 692 imperatoris
1370 619 1634 672 voluntati
1662 637 1673 670 :
1703 632 1893 687 parum
1926 616 2055 685 quid

481 716 749 787 subripuit
793 713 1060 783 episcopis
1107 710 1451 781 imperatoris
1501 708 1848 778 praesumptio
1892 706 2055 759 auda-

480 808 594 868 ciae,
627 804 994 861 asserentibus
1021 802 1168 856 nullo
1207 802 1365 856 modo
1392 816 1451 855 se
1478 800 1615 853 velle
1649 797 1764 866 ejus
1792 797 2055 851 voluntati

481 897 857 952 succumbere.
909 893 1019 949 Sed
1061 894 1109 947 si
1152 892 1717 947 excommunicaturus
1755 888 2054 951 adveniret,

479 986 980 1044 excommunicatus
1016 985 1218 1046 abiret,
1262 998 1385 1037 cum
1417 981 1574 1035 aliter
1602 995 1661 1034 sc
1689 980 1889 1033 habeat
1917 977 2057 1031 anti-

481 1092 707 1146 quorum
742 1090 1009 1130 canonum
1040 1074 1356 1128 auctoritas.
1398 1070 1638 1125 Tandem
1666 1084 1794 1139 ergo
1823 1081 2057 1122 conven—

480 1177 595 1219 tum
621 1174 705 1220 est
745 1164 1039 1218 festivitate
1083 1162 1256 1218 sancti
1286 1159 1641 1231 praecursoris
1668 1156 1871 1212 Christi
1892 1155 2058 1209 Joan-

481 1258 568 1312 nis
601 1258 657 1311 in
688 1256 865 1310 locum
892 1255 1008 1323 qui,
1030 1256 1097 1308 ab
1127 1269 1191 1308 eo
1214 1252 1357 1322 quod
1384 1252 1456 1306 ibi
1488 1259 1699 1322 gestum
1727 1257 1841 1313 est,
1866 1262 2059 1317 perpe-

480 1354 575 1399 tua
602 1343 838 1397 nominis
860 1342 1154 1413 ignominia
1180 1350 1401 1395 notatus
1429 1350 1540 1404 est,
1568 1346 1626 1393 ut
1656 1347 1878 1393 vocetur
1906 1336 2057 1392 Cam-

479 1434 889 1506 pus-Mentitus.
950 1432 1084 1498 Quia
1139 1433 1284 1487 enim
1322 1432 1355 1484 ii
1405 1431 1497 1500 qui
1542 1429 1701 1483 fidem
1747 1428 2058 1505 imperatori

481 1527 891 1597 promittebant,
928 1526 1139 1579 mentiti
1173 1532 1320 1588 sunt,
1353 1524 1505 1579 locus
1541 1524 1593 1577 in
1625 1538 1731 1592 quo
1756 1524 1809 1577 id
1834 1520 2059 1591 contigit

480 1617 639 1671 testis
668 1616 923 1685 nequitiae
951 1615 1006 1668 in
1042 1630 1140 1669 suo
1159 1615 1375 1668 nomine
1404 1614 1681 1668 remansit.
1714 1611 1846 1667 Cum
1878 1622 2057 1667 autem

481 1706 626 1759 haud
648 1704 836 1775 procul
862 1704 984 1758 inde
1014 1704 1232 1759 aciebus
1256 1703 1520 1757 ordinatis
1546 1703 1923 1764 consisterent,
1945 1700 2055 1768 jam

2153 523 2409 593 populum
2442 522 2729 577 absolvens
2750 561 2764 585 ,
2799 522 2894 575 sed
2918 530 2973 573 et
3007 528 3333 575 conventum
3366 520 3569 587 populo
3590 520 3742 572 Com-

2154 617 2334 685 pendii
2366 616 2610 670 indicens
2635 654 2650 677 ,
2700 613 2969 684 Vosagum
3008 626 3106 680 per
3153 610 3743 664 Maurioliionasterium

2158 707 2395 771 transiit,
2430 714 2486 760 et
2510 704 2974 759 Mediomatricum
2992 744 3006 767 ,
3038 717 3158 771 quae
3186 702 3358 755 altero
3386 702 3611 755 nomine
3641 699 3744 754 Mc-

2157 797 2227 849 tis
2250 804 2501 857 vocatur,
2542 795 2808 865 pervenit.
2851 794 2966 861 Qua
3011 793 3198 848 relicta
3228 794 3482 857 civitate,
3527 792 3747 846 Ϋὶτίὠι-

2158 904 2286 942 num
2317 887 2557 957 appulit,
2599 896 2654 941 et
2682 887 3031 943 Suessionum
3061 888 3253 940 urbem
3284 886 3438 939 adiit.
3480 886 3668 953 Ibique
3695 886 3744 938 in

2157 979 2489 1033 monasterio
2525 978 2986 1037 sancti..\iedardi
3014 986 3227 1047 patrem
3264 977 3365 1031 sub
3395 985 3549 1031 arcta
3574 985 3749 1030 custo-

2158 1070 2245 1124 dia
2266 1086 2382 1125 esse
2397 1071 2651 1140 prmcepit
2676 1092 2687 1123 :
2712 1079 2765 1125 et
2778 1070 2971 1125 Carolo
2982 1070 3213 1125 Prumite
3231 1072 3638 1134 commendato,
3656 1086 3748 1123 nec

2160 1168 2337 1215 tamen
2356 1170 2590 1226 attonso,
2620 1163 2734 1231 ipse
2766 1163 3039 1217 venationi
3063 1163 3278 1225 institit,
3304 1164 3480 1217 donec
3505 1162 3746 1217 autumai

2160 1260 2422 1320 tempore,
2446 1251 2498 1305 id
2517 1261 2599 1322 est
2616 1253 2869 1307 Kalendis
2884 1253 3155 1316 Octobris,
3178 1254 3320 1309 sicut
3339 1263 3461 1308 erat
3485 1256 3749 1310 constitu-

2158 1349 2270 1394 tum
2288 1383 2301 1405 ,
2350 1352 2555 1411 patrem
2584 1359 2767 1399 secum
2796 1346 3028 1411 ducens,
3061 1346 3448 1415 Compendium
3475 1348 3647 1400 venit.

2229 1433 2412 1501 Ibique
2440 1436 2756 1490 consistenti
2796 1436 2995 1506 legatio
3035 1435 3626 1506 Constantinopolitani
3659 1440 3751 1492 im-

2160 1525 2428 1591 peratoris
2454 1535 2478 1589 ,‘
2520 1525 2731 1581 Marcus
2769 1528 3211 1599 archiepisc0pus
3250 1529 3487 1598 Ephesi,
3536 1542 3591 1583 et
3616 1530 3745 1584 Pro-

2161 1614 2528 1681 tospatharius
2552 1616 2914 1685 imperatoris,
2933 1619 2999 1672 ad
3025 1627 3239 1687 patrem
3269 1620 3461 1684 missa,
3486 1623 3745 1681 occurrit,

2162 1704 2386 1757 munera
2416 1705 2515 1760 sibi
2555 1706 2808 1775 deputata
2842 1708 3067 1772 obtulit,
3096 1710 3236 1777 patri
3263 1711 3428 1764 missa
3457 1711 3747 1765 subtraxit.

476 1796 700 1866 jamque
726 1795 986 1848 ruendum
1021 1795 1075 1847 in
1112 1809 1264 1847 arma
1289 1801 1597 1863 putaretur,
1634 1793 1940 1847 nuntiatum
1977 1799 2061 1846 est
2089 1790 2134 1847 B
2164 1791 2332 1857 Quam
2364 1794 2480 1859 ille,
2531 1795 2656 1849 licet
2698 1797 2765 1849 ad
2801 1804 3012 1865 patrem
3045 1797 3228 1859 missa,
3257 1799 3326 1853 ad
3363 1814 3424 1853 se
3454 1809 3644 1854 tamen
3674 1818 3753 1853 vc—

481 1883 799 1952 imperatori
827 1882 1084 1935 advenire
1114 1897 1309 1951 papam
1340 1881 1726 1935 Romanorum.
1770 1880 1939 1946 Quem
1972 1894 2064 1934 ve-

482 1976 721 2029 nientem
748 1975 1047 2044 imperator
1087 1974 1139 2028 in
1169 1974 1283 2043 ipsa
1313 1975 1427 2028 acie
1453 1974 1758 2028 consistens
1804 1973 2060 2040 suscepit,

483 2065 609 2120 licet
638 2065 975 2119 indecentius
1021 2080 1185 2132 quam
1237 2064 1449 2120 debuit:
1503 2062 1774 2131 imputans
1821 2061 1871 2115 ei
1920 2060 2064 2129 quod

481 2154 601 2224 ipse
634 2155 736 2208 sibi
768 2153 929 2206 talem
956 2152 1353 2220 susceptionem
1383 2151 1791 2221 prmparaverit,
1815 2150 1908 2219 qui
1946 2150 2066 2202 inu-

483 2245 647 2299 sitato
680 2247 839 2299 modo
887 2245 955 2299 ad
999 2260 1058 2298 se
1088 2244 1317 2297 venerit.
1378 2244 1581 2297 Ductus
1621 2251 1799 2296 autem
1842 2257 1977 2311 papa
2010 2242 2066 2294 in

483 2337 877 2390 habitationem
908 2342 1274 2399 castrensem,
1311 2334 1494 2387 multis
1527 2332 1920 2387 assertionibus
1946 2346 2068 2399 per-

486 2427 693 2489 docuit,
722 2441 830 2480 non
860 2424 919 2479 se
956 2432 1165 2479 tantum
1196 2424 1301 2477 iter
1327 2424 1395 2478 ob
1424 2424 1568 2477 aliud
1596 2424 1928 2491 suscepisse,
1962 2422 2066 2475 nisi

482 2519 610 2586 quia
662 2518 943 2572 dicebatur
990 2519 1132 2586 quod
1187 2516 1506 2571 inexorabili
1557 2517 1825 2571 discordia
1875 2524 2067 2569 contra

483 2606 622 2661 filios
650 2606 957 2671 laboraret,
985 2607 1213 2675 ideoque
1246 2622 1436 2675 pacem
1468 2607 1519 2659 in
1551 2615 1835 2675 utramque
1856 2591 2067 2674 partem

490 2710 673 2751 serere
698 2695 879 2749 vellet.
920 2694 1113 2749 Audita
1145 2710 1274 2749 vero
1297 2704 1449 2763 parte
1476 2668 1837 2762 imperatoris,
1868 2694 2070 2748 mansit

491 2799 615 2838 cum
642 2798 708 2837 eo
731 2783 935 2851 aliquot
958 2784 1165 2838 diebus.
1211 2783 1489 2837 Remissus
1519 2792 1698 2836 autem
1732 2784 1799 2838 ab
1835 2782 2069 2851 impera-

488 2882 604 2925 tore
630 2872 698 2925 ad
734 2870 895 2935 ﬁlios,
925 2880 985 2924 ut
1020 2886 1206 2940 pacem
1244 2880 1485 2925 mutuam
1516 2878 1755 2925 necteret
1784 2888 1796 2923 :
1830 2887 1953 2925 cum
1976 2886 2070 2939 pe-

484 2976 553 3017 ne
578 2962 757 3015 omnis
796 2961 1024 3030 pupulas
1063 2964 1262 3031 partim
1305 2963 1461 3016 donis
1496 2964 1826 3025 abstractus,
1868 2962 2067 3031 partim

485 3049 772 3119 promissis
801 3050 1034 3116 illectus,
1066 3052 1261 3118 partim
1296 3051 1456 3105 minis
1488 3051 1731 3116 territus,
1762 3051 1829 3104 ad
1857 3066 1951 3105 eos
1975 3066 2072 3119 po-

2168 1884 2403 1938 nientem
2437 1888 2709 1956 suscepit,
2760 1888 2964 1941 audivit
3006 1890 3438 1959 tragcediamqne
3467 1904 3753 1960 reportan-

2167 1980 2273 2027 tem
2321 1989 2456 2042 pene
2500 1975 2795 2045 inauditam
2841 1978 3067 2031 remisit.
3122 1977 3181 2030 In
3232 1980 3427 2033 eodem
3478 1991 3747 2034 conventa

2165 2078 2289 2117 cum
2315 2063 2466 2117 multi
2500 2064 2944 2119 insimularcntur
2972 2067 3276 2121 devotionis
3303 2068 3355 2121 in
3386 2078 3637 2138 patrem,
3668 2072 3752 2123 de-

2168 2149 2417 2205 fectionis
2444 2152 2496 2204 in
2521 2151 2689 2206 filium
2714 2193 2728 2217 ,
2761 2154 2982 2221 quidam
3016 2155 3194 2209 verbis
3231 2158 3613 2226 simplicibus,
3643 2164 3753 2228 qui-

2168 2242 2292 2295 dam
2323 2240 2648 2308 juramentis
2672 2241 2885 2312 objecta
2917 2244 3206 2299 diluerunt.
3266 2246 3555 2302 Miseratio
3583 2259 3750 2303 tamm

2168 2330 2539 2398 hujuscemodi
2563 2333 2664 2395 rei,
2693 2342 2746 2386 et
2776 2333 2897 2387 talis
2924 2349 3103 2388 rerum
3130 2339 3487 2403 permutatio,
3518 2343 3753 2407 exceptis

2167 2421 2480 2475 auctoribus
2498 2461 2512 2484 ,
2558 2436 2747 2476 omnes
2775 2423 3027 2477 habebat.
3072 2424 3226 2478 Unde
3251 2435 3513 2481 verentes
3542 2429 3753 2482 sceleris

2168 2511 2568 2585 conspiratores
2599 2513 2860 2577 inauditi,
2898 2530 2966 2568 ne
2988 2529 3145 2568 versa
3174 2516 3292 2569 vice
3318 2518 3634 2586 retrolapsa
3664 2518 3750 2572 fer-

2167 2609 2358 2654 rentur
2385 2610 2538 2670 gesta
2583 2616 2703 2670 quae
2748 2610 2933 2667 erant,
2966 2602 3178 2667 callido,
3220 2612 3282 2656 ut
3305 2604 3410 2657 sibi
3446 2607 3628 2660 visum
3655 2619 3747 2665 est.

2168 2705 2292 2744 cum
2338 2689 2606 2759 aliquibus
2649 2690 3026 2760 episcoporum
3056 2701 3283 2746 utuntur
3322 2704 3675 2762 argumento,
3699 2710 3749 2749 ut

2168 2794 2267 2847 pro
2298 2779 2384 2833 his
2414 2780 2478 2834 de
2504 2780 2700 2848 quibus
2726 2779 2840 2848 jam
2879 2782 3269 2849 paenitudinem
3315 2795 3568 2853 gesserat
3598 2787 3749 2855 impc-

2172 2878 2339 2932 rator,
2371 2869 2567 2922 iterum
2599 2870 2811 2938 publica
2860 2872 3177 2940 pmnitentia
3204 2874 3219 2938 ,
3272 2875 3448 2929 armis
3477 2876 3747 2944 depositis,

2170 2958 2597 3014 irrevocabiliter
2621 2961 3019 3030 quodammodo
3044 2962 3300 3017 Ecclesiae
3327 2966 3655 3021 satisfacere
3679 2968 3749 3035 ju-

2172 3048 2489 3103 dicaretur:
2542 3065 2663 3103 cum
2712 3065 2779 3103 ne
2836 3050 3082 3106 forenses
3116 3054 3333 3122 quidem
3388 3055 3545 3125 leges
3575 3068 3745 3111 contra

486 3139 781 3210 pulumque
805 3154 927 3193 cum
958 3141 1039 3193 eis
1075 3142 1465 3195 consistentem
1506 3156 1656 3195 more
1688 3142 1942 3197 torrentis
1967 3144 2064 3197 de-
2093 3138 2135 3199 C
2168 3151 2329 3189 unam
2373 3138 2585 3205 Culpam
2619 3139 2783 3192 semel
2830 3142 3175 3195 commissam
3215 3143 3300 3197 bis
3344 3144 3611 3199 invehant
3639 3148 3745 3199 vin-

489 3228 717 3293 ﬂueret,
761 3244 1101 3298 nequaquam
1133 3241 1189 3283 ut
1218 3230 1393 3285 fuerat
1417 3232 1627 3301 jussus,
1658 3240 1741 3287 est
1766 3234 2064 3302 permissus

482 3324 681 3377 redire.
726 3324 826 3378 Tot
859 3340 985 3394 ergo
1017 3325 1185 3394 copiis
1216 3326 1347 3379 inibi
1378 3324 1646 3388 adductis,
1674 3333 1728 3377 et
1751 3324 2061 3393 imperatori

486 3414 766 3468 subdnCtis
787 3455 800 3479 ,
835 3416 968 3468 adeo
999 3415 1228 3469 defectio
1262 3415 1313 3467 in
1352 3415 1466 3468 dies
1500 3414 1757 3477 invaluit,
1810 3423 1868 3467 ut
1896 3415 1949 3467 in
1983 3415 2061 3469 fc—

486 3504 728 3558 stivitate
759 3505 933 3557 sancti
980 3504 1150 3569 Pauli,
1199 3504 1391 3573 plebeii
1422 3512 1611 3558 contra
1654 3504 2060 3574 imperatorem,

490 3594 759 3648 adulando
784 3594 908 3648 filiis
940 3596 1075 3663 ejus,
1110 3594 1465 3663 irruptionem
1494 3593 1671 3647 facere
1702 3593 2058 3647 minarentur.

487 3681 696 3749 Quibus
746 3683 951 3737 viribus
994 3683 1292 3750 imperator
1326 3683 1496 3737 obniti
1548 3698 1653 3736 non
1683 3682 1891 3746 valens,
1940 3682 2063 3737 tiliis

487 3771 762 3827 mandavit
792 3788 861 3827 ne
890 3786 949 3825 se
978 3772 1222 3841 populari
1255 3772 1542 3841 direptioni
1573 3779 1925 3840 exponerent.
1965 3773 2062 3825 (lui

487 3861 812 3915 remandant
847 3867 905 3913 ut
933 3860 1129 3914 castris
1159 3860 1366 3913 relictis
1392 3860 1457 3912 ad
1488 3874 1547 3913 se
1572 3860 1771 3918 veniat,
1797 3874 1855 3913 se
1881 3869 2061 3912 autem

486 3954 848 4009 maturissime
868 3953 1079 4008 obviam
1105 3953 1206 4021 ipsi
1235 3966 1603 4020 processuros.
1639 3951 1843 4016 Quibus
1875 3951 2063 4004 altrin-

490 4059 648 4099 secus
673 4044 890 4098 sibimet
911 4041 1320 4096 occurrentibus
1338 4079 1353 4105 ,
1386 4041 1682 4108 imperator
1721 4038 1857 4093 filios
1880 4039 2063 4092 admo—

486 4133 625 4197 nuit,
656 4133 808 4199 equis
837 4130 1147 4185 desilientes
1167 4170 1180 4192 ,
1225 4137 1280 4182 et
1319 4128 1423 4183 sibi
1452 4138 1823 4192 occurrentes,
1856 4137 1911 4180 ut
1939 4144 2062 4198 pro-

488 4221 764 4275 missionis
793 4236 904 4274 suae
930 4233 1197 4272 memores
1216 4258 1230 4283 ,
1262 4226 1374 4271 tam
1401 4218 1503 4271 sibi
1532 4232 1691 4286 quam
1724 4217 1833 4271 filio
1861 4227 1916 4270 et
1938 4232 2062 4271 uxo-

489 4310 580 4375 ri,
629 4310 835 4363 illibata
896 4325 1016 4378 qum
1064 4308 1194 4364 olim
1245 4308 1609 4377 promiserant
1652 4317 2056 4361 conservarent.

485 4400 634 4468 Quos
664 4416 901 4471 congrue
940 4399 1327 4469 respondentes
1370 4399 1663 4463 osculatus,
1695 4408 1749 4453 et
1775 4400 1842 4453 ad
1878 4409 2057 4453 castra

2166 3226 2389 3290 dictam,
2420 3236 2475 3281 et
2500 3237 2681 3281 nostra
2713 3229 2797 3282 lex
2826 3231 3025 3284 habeat
3057 3246 3161 3285 non
3186 3234 3440 3301 judicare
3468 3235 3642 3289 Deum
3676 3238 3749 3291 bis

2166 3315 2219 3369 in
2250 3317 2501 3387 idipsum.
2543 3318 2641 3372 Cui
2681 3320 2887 3389 judicio
2916 3322 3072 3390 pauci
3104 3325 3530 3389 contradixere,
3579 3328 3747 3395 plures

2166 3422 2446 3461 assensum
2476 3410 2779 3476 praebuere,
2808 3412 3046 3464 maxima
3070 3427 3214 3479 pars,
3248 3422 3305 3466 ut
3342 3415 3555 3469 assolet
3592 3412 3643 3469 in
3682 3428 3746 3470 ta-

2164 3496 2325 3561 libus,
2358 3512 2426 3551 ne
2455 3499 2721 3567 primores
2742 3499 3103 3564 offenderent,
3144 3495 3309 3557 verbo
3340 3513 3505 3559 tenus
3536 3522 3745 3560 consen-

2164 3603 2302 3643 sere.
2344 3588 2721 3659 Adjudicatum
2763 3606 2891 3660 ergo
2920 3606 3041 3645 eum
3067 3594 3383 3656 absentem,
3443 3608 3502 3648 et
3543 3597 3741 3649 inaudi-

2164 3688 2297 3743 tum,
2322 3695 2423 3734 nec
2451 3680 2824 3746 confitentem,
2847 3698 3021 3751 neque
3046 3688 3376 3749 convictum,
3406 3697 3539 3740 ante
3559 3703 3740 3757 corpus

2164 3770 2336 3823 sancti
2385 3769 2623 3825 Medardi
2676 3760 3038 3839 confeSsoris,
3105 3784 3161 3828 et
3213 3778 3388 3830 sancti
3448 3778 3739 3832 Sebastiani

2163 3861 2439 3930 martyris,
2471 3878 2621 3915 arma
2655 3864 2951 3932 deponere,
2999 3873 3051 3919 et
3082 3876 3205 3921 ante
3236 3866 3413 3922 altare
3438 3885 3640 3937 ponere
3662 3885 3735 3923 co-

2162 3959 2330 4019 gunt:
2359 3951 2609 4020 pullaque
2646 3954 2889 4007 indutum
2920 3964 3097 4018 veste,
3144 3956 3387 4010 adhibita
3422 3974 3621 4028 magna
3654 3976 3736 4011 cu-

2171 4041 2367 4105 stodia,
2399 4042 2497 4096 sub
2527 4051 2723 4097 tectum
2755 4045 3023 4111 quoddam
3049 4046 3355 4099 retrudunt.
3392 4048 3625 4117 Expleta
3644 4050 3733 4102 hoc

2162 4130 2395 4198 negotio,
2437 4131 2601 4185 missa
2648 4133 2820 4186 sancti
2871 4132 3117 4197 Martini,
3156 4136 3388 4204 populus
3417 4137 3636 4191 licentia
3662 4154 3733 4191 ac-

2161 4230 2313 4288 cepta
2343 4236 2441 4288 pro
2464 4221 2659 4274 talibus
2701 4223 2868 4291 gestis
2897 4231 3120 4277 mmstus
3159 4225 3225 4277 ad
3274 4228 3495 4295 propria
3532 4232 3733 4282 reverti-

2162 4319 2269 4364 tur.
2308 4311 2800 4371 Lothariusautem
2831 4322 3043 4381 patrem
3082 4332 3236 4369 suum
3266 4317 3476 4372 ducens
3498 4360 3512 4382 ,
3559 4320 3733 4389 Aquis-

2163 4401 2315 4469 grani
2347 4401 2639 4454 hiematum
2668 4403 2989 4471 regreditur.
3036 4405 3183 4459 Intra
3224 4406 3389 4475 bujus
3430 4409 3628 4463 hiemis
3653 4413 3732 4464 du-

486 4465 698 4544 illorum
733 4465 815 4544 est
850 4465 1139 4557 profectus.
1184 4489 1300 4555 Quo
1337 4489 1668 4559 pervenienti
1695 4504 1830 4541 uxor
1860 4490 2059 4543 subdu—
2084 4465 2136 4522 D
2165 4465 2447 4557 rationem,
2478 4465 2756 4562 grcgatini
2770 4494 2946 4562 populi
2974 4503 3079 4548 tam
3112 4465 3357 4551 Francize
3378 4539 3391 4563 ,
3422 4516 3590 4567 quam
3619 4502 3731 4554 Bnr-

485 4585 645 4646 citur,
678 4590 731 4634 et
758 4582 824 4635 ad
847 4581 1106 4635 Ludovici
1130 4582 1476 4635 tabernacula
1503 4583 1852 4635 convertitur.
1881 4582 2056 4651 Ipsum

484 4684 614 4723 vero
645 4669 936 4723 Lotharius
971 4668 1039 4724 ad
1069 4686 1163 4723 sua
1190 4686 1311 4724 cum
1346 4669 1540 4726 Carolo
1576 4670 1860 4725 admodum
1888 4686 2057 4739 puero

483 4760 746 4825 deduxit,
791 4770 846 4814 et
890 4775 1012 4814 cum
1059 4761 1398 4829 paucissimis
1441 4762 1494 4814 in
1538 4761 1804 4829 papilione
1841 4763 1908 4815 ad
1954 4762 2056 4815 hoc

484 4851 742 4918 deputata
789 4851 1089 4904 consistere
1117 4849 1263 4904 fecit.
1309 4850 1435 4905 Post
1478 4852 1592 4905 haec
1625 4860 1802 4905 autem
1827 4853 1939 4921 jam
1968 4867 2057 4920 po-

484 4939 611 5008 pulo
651 4939 975 5008 juramentis
1023 4940 1306 5003 obstricto,
1348 4941 1633 5009 imperium
1679 4942 1815 4993 inter
1858 4940 2056 4996 fratres

486 5038 639 5082 terna
670 5029 910 5093 sectione
938 5030 1189 5097 partitur.
1246 5030 1393 5085 Uxor
1417 5032 1645 5101 patrisa
1672 5033 1943 5087 Ludovico
1974 5050 2055 5088 re-

484 5134 549 5188 ge
578 5129 810 5188 recepta,
860 5121 1051 5176 exsilio
1098 5122 1296 5176 iterum
1343 5124 1657 5191 deportatur
1696 5125 1747 5177 in
1785 5127 2055 5180 civitatem

484 5209 649 5264 Italia:
671 5209 986 5265 Tartonam.
1028 5211 1319 5282 Gregorius
1342 5229 1476 5282 papa
1501 5214 1625 5268 talia
1653 5230 1905 5279 cernens,
1934 5232 2054 5269 cum

418 5310 424 5315 ‘
486 5303 725 5357 maxime
778 5318 1009 5357 maerere
1055 5302 1284 5358 Romam
1339 5303 1671 5373 regreditur;
1725 5314 1778 5358 et
1827 5305 2055 5359 duorum

483 5390 715 5446 fratrum
742 5391 1002 5461 Pippinus
1032 5393 1084 5446 in
1111 5393 1456 5461 Aquitaniam
1478 5432 1492 5455 ,
1536 5392 1836 5448 Ludovicus
1877 5395 1929 5447 in
1962 5395 2057 5447 Ba-

477 5478 711 5549 joariam
743 5483 1050 5536 revertitur.
1081 5482 1249 5538 Porro
1274 5483 1563 5538 Lotharius
1584 5492 1735 5556 patre
1755 5493 2052 5554 assumpto,

483 5580 538 5623 et
568 5586 809 5625 seorsum
839 5589 962 5627 cum
998 5574 1266 5642 deputatis
1299 5577 1576 5643 equitante
1606 5584 1766 5643 atque
1804 5578 2053 5644 privatim

486 5671 769 5727 manente,
825 5662 1134 5732 Merlegium
1182 5664 1359 5717 villam
1407 5665 1647 5725 devenit,
1686 5666 1865 5733 ibique
1898 5678 2055 5735 prout

2161 4584 2389 4654 gundite,
2416 4600 2516 4637 nec
2542 4599 2648 4638 non
2672 4582 2995 4653 Aquitaniae,
3013 4586 3107 4640 sed
3137 4595 3189 4641 et
3211 4586 3523 4643 Germania:
3550 4607 3731 4645 coeun-

2161 4684 2243 4729 tes
2268 4715 2283 4739 ,
2332 4673 2662 4728 calamitosis
2700 4675 2936 4743 querelis
2969 4675 3034 4729 de
3061 4676 3410 4745 imperatoris
3439 4678 3728 4732 infortunio

2159 4765 2547 4833 querebantur.
2612 4765 2678 4817 Et
2718 4765 2936 4833 quidem
2975 4766 3031 4819 in
3068 4765 3355 4821 Franciam
3388 4768 3727 4837 Eggebardus

2160 4869 2360 4919 comes,
2391 4863 2447 4909 et
2486 4854 2787 4907 Willelmus
2822 4869 3001 4909 comes
3046 4855 3275 4920 stabuli,
3321 4872 3462 4925 quos
3491 4867 3725 4926 poterant

2159 4943 2260 4999 sibi
2311 4946 2363 4998 in
2408 4946 2607 4999 unione
2664 4945 2953 4999 voluntatis
3007 4945 3326 4999 restituendi
3389 4947 3725 5015 imperatoris

2159 5036 2555 5089 coadunabant.
2627 5035 2671 5088 A
2714 5034 3000 5088 Germania
3045 5050 3206 5103 porro
3256 5034 3415 5104 Ilugo
3463 5037 3631 5089 abbas
3674 5038 3719 5087 in

2158 5126 2502 5193 Aquitaniam
2534 5126 2731 5181 missus
2762 5140 2791 5177 a
2838 5123 3139 5183 Ludovico,
3184 5134 3238 5178 et
3266 5125 3335 5177 ab
3374 5126 3456 5178 eis
3489 5126 3580 5192 qui
3608 5126 3721 5177 illnc

2159 5214 2534 5285 confugerant,
2562 5230 2590 5267 a
2623 5214 2867 5282 Drogone
2896 5214 3102 5267 scilicet
3132 5215 3384 5282 episcopo
3412 5224 3464 5267 et
3490 5215 3720 5283 reliquis,

2160 5305 2442 5374 Pippinum
2471 5306 2524 5357 in
2553 5304 2657 5358 hoc
2680 5304 2852 5371 ipsum
2878 5304 3186 5372 instigabat.
3232 5303 3405 5358 Porro
3426 5304 3721 5357 Bernardus

2157 5403 2211 5447 et
2275 5394 2526 5447 Warinus
2577 5393 2630 5445 in
2671 5392 2981 5462 Bnrgundia
3035 5392 3420 5445 consistentem
3476 5392 3717 5461 populum

2159 5486 2498 5540 suasionibus
2521 5484 2903 5547 accendebant,
2927 5482 3379 5551 promissionibus
3400 5482 3714 5543 allieiebaut,

2153 5575 2476 5643 juramentis
2490 5575 2883 5643 astringcbant,
2900 5582 2953 5625 et
2969 5573 3019 5624 in
3040 5588 3204 5625 unum
3220 5572 3357 5625 velle
3373 5571 3713 5626 fmderabant.

2231 5666 2401 5736 (85L)
2444 5666 2628 5718 Hieme
2674 5673 2851 5718 autem
2892 5674 3102 5729 exacta,
3147 5673 3200 5716 ct
3229 5678 3355 5716 vere
3376 5666 3486 5732 jam
3520 5676 3712 5717 russam
