3906 6316
147 301 268 355 985

1708 298 1858 353 VITA
1872 337 1883 351 .

3315 310 3418 365 96ίῖ

144 415 359 469 faciem
382 416 777 484 praetendente,
832 413 1123 469 Lotharius
1154 420 1304 481 patre
1343 419 1618 481 assumpto
1645 424 1742 479 per
1769 412 1821 470 Α
1848 410 2159 465 viderentur
2206 411 2453 478 injuriatn
2505 415 2725 481 patienti
2782 418 3011 485 compati
3079 426 3131 472 et
3182 420 3420 477 relevato

142 522 357 576 pagum
408 506 829 561 Hasbaniensem
877 508 980 559 iter
1019 504 1275 573 arripuit,
1319 512 1371 557 et
1412 503 1741 557 Parisiorum

142 602 349 655 urbem
378 600 570 670 petiit,
616 599 707 653 ubi
755 600 972 653 obviam
1010 598 1111 651 sibi
1154 596 1269 651 fore
1299 603 1523 651 cunctos
1559 594 1741 649 ﬁdeles

144 694 435 762 praecepit.
472 691 569 747 Cui
618 692 963 762 Eggebardus
1008 705 1191 745 comes
1226 698 1279 744 et
1319 689 1409 742 alii
1439 687 1581 741 illius
1618 688 1740 757 pagi

142 797 416 850 proceres
443 797 566 836 cum
595 797 789 851 magna
820 788 1006 836 coacta
1030 796 1215 844 manu,
1240 780 1453 835 obviam
1484 793 1581 847 pro
1609 777 1740 830 libe—

144 873 371 928 ratione
408 873 748 941 imperatoris
782 872 1070 941 pugnaturi
1107 877 1525 941 processerunt:
1551 882 1739 937 perve—

149 964 442 1032 nissetque
470 978 558 1017 res
589 964 655 1017 ad
680 962 950 1026 effectum,
979 961 1087 1015 nisi
1108 961 1386 1031 piissimus
1416 959 1735 1027 imperator,

124 1042 361 1109 cavens
388 1063 443 1109 et
485 1054 778 1109 multorum
816 1054 1113 1124 periculum
1157 1052 1317 1107 simul
1353 1059 1408 1104 et
1436 1051 1735 1120 proprium,

145 1153 221 1207 ab
255 1154 362 1209 hoc
396 1153 633 1223 incoepto
661 1160 935 1222 praecepto
975 1162 1029 1207 et
1064 1150 1429 1205 obtestatione
1474 1162 1567 1202 eos
1597 1147 1737 1201 inhi-

142 1246 383 1301 buisset.
426 1245 663 1299 Tandem
714 1261 844 1315 ergo
886 1252 1205 1313 perventum
1248 1248 1332 1295 est
1368 1240 1433 1295 ad
1464 1247 1735 1294 monaste-

145 1338 299 1390 rium
329 1337 502 1391 sancti
529 1336 771 1408 Dionysii
801 1334 1075 1405 martyris.

224 1428 486 1498 Pippinus
536 1444 664 1482 vero
717 1428 784 1481 ab
830 1427 1117 1496 Aquitania
1156 1442 1278 1481 cum
1313 1426 1546 1480 maxima
1575 1440 1734 1478 manu

141 1520 359 1582 exiens,
393 1527 449 1573 et
476 1519 543 1573 ad
575 1518 885 1587 Sequanam
922 1534 1092 1587 usque
1119 1518 1361 1581 veniens,
1392 1532 1515 1571 eum
1544 1524 1733 1584 pontes

142 1610 401 1679 dissipati
447 1625 719 1679 navesque
770 1609 879 1663 alto
914 1610 1176 1664 demersa:
1226 1610 1513 1664 transitum
1550 1607 1734 1677 prohi-

140 1701 439 1767 buissent,
492 1702 751 1755 substitit.
802 1701 975 1755 Porro
1023 1700 1283 1755 Warinus
1328 1710 1385 1755 et
1422 1698 1731 1753 Bernardus

139 1791 409 1855 comites,
446 1791 695 1860 plurimis
731 1792 1002 1846 sociorum
1036 1805 1101 1844 ex
1132 1790 1456 1861 Burgundite
1483 1790 1730 1860 partibus

140 1884 373 1945 coactis,
404 1891 461 1936 et
490 1884 553 1935 ad
577 1881 881 1937 Matronam
908 1881 1131 1936 ﬂuvium
1146 1897 1316 1951 usque
1345 1889 1727 1951 pervenerunt,

138 1980 202 2025 et
226 1972 303 2027 ibi
330 1974 525 2043 partim
556 1974 851 2041 asperitate
894 1981 948 2028 et
998 1972 1320 2041 intemperie
1365 1973 1508 2027 aeris
1552 1978 1729 2026 retar-

138 2062 285 2129 dati,
315 2064 512 2133 partim
540 2080 638 2133 pro
668 2064 988 2133 colligendis
1017 2064 1179 2118 sociis
1211 2065 1487 2133 suspensi,
1523 2064 1575 2116 in
1606 2062 1730 2116 villa

137 2153 407 2224 Bonogilo
454 2162 508 2210 et
548 2156 612 2210 iis
653 2156 872 2224 praediis
931 2170 1050 2224 qum
1093 2154 1479 2224 circumjacent
1525 2155 1729 2222 aliquot

136 2244 341 2299 diebus
378 2245 690 2299 consedere.
751 2245 990 2300 Instabat
1018 2259 1147 2300 sane
1190 2252 1389 2300 sancta:
1423 2244 1731 2313 Quadragc-

135 2333 301 2387 sima:
325 2342 551 2405 tempus.
594 2333 759 2402 Cujus
780 2335 1113 2388 hebdomada
1137 2335 1331 2403 prima,
1358 2332 1492 2387 feria
1516 2333 1722 2401 quinta,

138 2422 302 2477 missi
333 2431 459 2477 sunt
486 2424 552 2478 ab
583 2423 687 2477 illis
714 2423 895 2493 legati,
924 2424 1199 2478 Rebaldus
1220 2422 1386 2477 abbas
1407 2431 1461 2483 et
1484 2421 1728 2477 Gautsel-

136 2529 269 2568 mus
298 2529 480 2569 comes
503 2555 517 2579 ,
577 2514 643 2567 ad
670 2514 989 2568 Lotharium
1022 2512 1190 2567 ﬁlium
1218 2512 1560 2582 imperatoris
1579 2552 1592 2577 ,
1632 2525 1727 2580 po-

131 2603 412 2659 stulantes
439 2612 498 2657 ut
522 2604 601 2658 eis
629 2603 908 2659 absolutus
934 2603 1194 2657 custodite
1225 2601 1454 2656 vinculis
1492 2602 1725 2667 impera-

135 2701 232 2746 tor
262 2691 597 2746 redderetur.
635 2692 875 2758 Quorum
908 2692 952 2746 si
979 2699 1194 2760 pareret
1219 2690 1587 2759 postulationi,
1624 2691 1721 2757 ipsi

133 2797 360 2853 quoque
387 2784 437 2837 ei
462 2798 623 2838 causa
646 2784 788 2852 apud
819 2795 1029 2852 patrem
1060 2784 1249 2837 salutis
1274 2791 1328 2837 et
1350 2783 1572 2836 honoris
1596 2782 1723 2836 olim

135 2873 391 2943 dispositi
423 2872 620 2929 forent.
665 2874 762 2929 Sin
804 2874 983 2939 aliter,
1028 2875 1239 2929 etiamsi
1287 2889 1513 2928 necesse
1559 2884 1720 2937 esset,

137 2978 270 3015 cum
298 2963 381 3017 sui
402 2963 643 3031 periculo
672 2979 795 3017 eum
840 2964 1158 3033 requisituri
1187 2981 1199 3016 :
1250 2971 1306 3016 et
1346 2963 1725 3017 resistentibus

134 3051 248 3105 sibi
276 3050 331 3105 in
358 3051 462 3106 hac
485 3067 545 3107 re
574 3067 695 3107 cum
727 3053 911 3118 armis,
942 3052 1051 3105 Deo
1074 3051 1285 3120 judice;
1320 3060 1504 3106 essent
1540 3052 1723 3106 obvia-

1845 502 2228 570 eongratulari.
2290 502 2501 556 Etenim
2549 521 2717 573 usque
2756 507 2820 559 ad
2855 507 2983 561 illud
3020 517 3231 578 tempus
3271 520 3420 570 tanta

1844 590 2160 644 incubuerat
2191 592 2550 660 procellarum
2579 594 2659 648 vis
2692 596 3102 667 pluviarumque
3132 600 3422 655 vehemen-

1842 680 1939 746 tia,
1969 690 2027 736 ut
2064 692 2217 737 extra
2255 685 2470 739 solitum
2514 700 2778 755 aquarum
2817 691 3305 758 snperabundantia
3331 710 3420 749 ex-

1840 783 2144 838 cresceret,
2176 783 2452 844 statusque
2483 785 2767 830 ventorum
2811 778 3207 847 imperviabiles
3240 782 3419 839 ﬁumi-

1839 878 1966 916 num
2000 864 2183 919 alveos
2231 865 2496 919 redderet.
2560 866 2663 920 Sed
2707 867 2762 921 in
2807 868 2950 922 illius
2984 872 3321 929 absolutione
3342 876 3417 929 ita

1838 956 2232 1023 quodammodo
2260 958 2374 1011 visa
2398 967 2522 1012 sunt
2547 958 2861 1028 conjurasse
2887 962 3174 1031 elementa,
3204 975 3264 1021 ut
3290 984 3415 1023 mox

1837 1053 1891 1099 et
1916 1046 2061 1101 venti
2092 1048 2376 1103 szevientes
2405 1049 2783 1115 mitescerent,
2821 1060 2878 1107 et
2903 1053 3021 1107 cmli
3047 1053 3212 1111 facies
3236 1058 3289 1111 in
3317 1074 3415 1112 an-

1839 1136 2043 1205 tiquam
2069 1149 2123 1191 et
2158 1138 2326 1193 multo
2356 1147 2599 1209 tempore
2629 1142 2857 1196 invisam
2898 1146 3245 1201 serenitatem
3274 1149 3416 1204 redi-

1837 1234 1938 1279 ret.
1982 1227 2283 1297 lmperator
2326 1244 2454 1300 ergo
2498 1232 2566 1285 ab
2594 1246 2659 1285 eo
2686 1232 2802 1287 loco
2839 1234 2943 1288 iter
2974 1236 3155 1304 cmpit,
3200 1237 3292 1291 sed
3322 1253 3416 1293 ne-

1836 1332 2108 1386 quaquam
2158 1319 2324 1374 ﬁlium
2367 1322 2653 1374 abeuntem
2704 1324 2996 1391 persequi,
3059 1324 3186 1379 licet
3232 1327 3413 1382 multis

1836 1409 2203 1474 hortantibus,
2234 1411 2425 1463 voluit.
2466 1412 2593 1466 Inde
2622 1427 2751 1483 ergo
2794 1413 3158 1483 Nantogilum,
3203 1431 3266 1470 ac
3295 1426 3417 1486 post

1835 1500 1981 1553 venit
1998 1499 2329 1555 Carisiaeum
2354 1502 2534 1555 villam
2552 1504 2750 1572 regiam
2771 1521 2783 1569 ;
2820 1506 2908 1559 ubi
2931 1508 3233 1562 consistens
3254 1523 3415 1578 oppe-

1836 1591 2079 1645 riebatur
2109 1590 2277 1645 ﬁlium
2306 1592 2591 1662 Pippinum
2617 1602 2672 1647 et
2694 1610 2787 1649 eos
2816 1597 2908 1664 qui
2938 1605 3090 1651 trans
3116 1598 3413 1652 Matronam

1837 1683 2147 1737 residebant
2174 1702 2185 1735 :
2221 1684 2314 1737 sed
2350 1691 2404 1737 et
2434 1699 2528 1738 eos
2558 1685 2649 1753 qui
2693 1693 2844 1739 trans
2870 1685 3115 1740 Rhenum
3148 1687 3213 1739 ad
3240 1687 3415 1742 Ludo-

1760 1761 1805 1819 B
1838 1772 2016 1826 vicum
2047 1772 2214 1826 ﬁlium
2245 1773 2360 1843 ejus
2399 1774 3008 1843 confugiumfeeerant,
3038 1778 3132 1831 sed
3157 1786 3212 1831 ct
3241 1779 3412 1848 ipsum

1836 1862 2002 1915 ﬁlium
2023 1903 2036 1927 ,
2066 1865 2156 1933 qui
2196 1865 2262 1917 ad
2289 1878 2410 1917 cum
2442 1864 2713 1929 veniebat,
2745 1865 3094 1921 Ludovicum.
3137 1868 3253 1934 Quo
3280 1883 3413 1922 con-

1833 1952 2310 2018 sistenti,'medio
2362 1953 2798 2026 Quadragesimae
2844 1965 3106 2025 tempore,
3141 1960 3415 2013 arridente
3504 1956 3507 1959 ’

1832 2044 1994 2097 etiam
2024 2043 2207 2097 lzetitia
2238 2045 2406 2114 ipsius
2434 2045 2575 2109 diei,
2611 2054 2665 2100 et
2695 2046 2855 2100 ofﬁcii
2885 2048 3211 2102 exhortante
3240 2050 3417 2103 canti-

1832 2131 1952 2185 lena
1981 2135 2372 2199 ecclesiastiea,
2406 2150 2470 2189 ac
2498 2136 2709 2191 dicente
2737 2155 2749 2189 :
2786 2136 3018 2202 Laetare,
3057 2138 3411 2205 Hierusalem,

1831 2232 1877 2275 et
1906 2223 2043 2276 diem
2067 2223 2253 2291 festum
2285 2226 2421 2294 agite
2446 2242 2622 2279 omnes
2654 2228 2742 2297 qui
2764 2227 2982 2298 diligitis
3004 2246 3151 2294 eam;
3179 2231 3413 2285 maxima

1830 2314 2117 2370 multitudo
2144 2316 2379 2371 ﬁdelium
2414 2333 2635 2372 suorum
2665 2320 2864 2374 ibidem
2894 2322 3152 2388 occurrit,
3181 2339 3411 2394 congra-

1828 2404 2009 2457 tulans
2053 2405 2324 2458 communi
2375 2406 2593 2460 laetitite.
2658 2406 2804 2473 Quos
2850 2408 3146 2479 imperator
3185 2412 3413 2481 benigne

1827 2495 2166 2564 suscipiens,
2217 2503 2271 2547 et
2315 2512 2413 2565 pro
2459 2496 2581 2551 ﬁdei
2630 2498 2938 2568 integritate
2988 2501 3190 2570 gratias
3226 2515 3409 2571 agens,

1826 2583 2109 2653 Pippinum
2135 2587 2351 2654 quidem
2388 2586 2558 2641 ﬁlium
2598 2589 2654 2642 in
2695 2589 3042 2659 Aquitaniam
3075 2608 3199 2646 cum
3228 2593 3414 2648 laetitia

1826 2674 2062 2737 dimisit,
2110 2684 2333 2731 caeteros
2368 2685 2549 2731 autem
2586 2680 2653 2733 ad
2685 2679 2803 2733 loca
2833 2680 2936 2734 sibi
2968 2696 3204 2751 congrua
3234 2683 3412 2736 redire

1824 2761 2267 2831 lzetospermisit.
2310 2765 2425 2834 lpse
2448 2777 2629 2822 autem
2653 2768 2987 2839 Aquasgrani
3008 2773 3282 2840 pervenit;
3310 2773 3413 2827 ibi-

1824 2868 1927 2921 que
1958 2852 2142 2908 Judith
2166 2854 2465 2926 Augustam
2490 2860 2558 2913 ab
2585 2859 2735 2913 Italia
2765 2863 3148 2917 reducentibus
3176 2864 3404 2918 Rataldo

1824 2942 2095 3013 episcopo,
2112 2944 2477 3011 etBonifacio,
2503 2949 2594 3002 sed
2612 2957 2665 3002 et
2682 2948 2967 3019 Pippinum
2997 2950 3164 3005 ﬁlium
3184 2955 3405 3023 recepit.

1828 3032 1998 3087 Porro
2026 3033 2279 3089 Carolum
2305 3037 2417 3105 jam
2451 3037 2651 3091 dudum
2677 3053 2859 3093 secum
2886 3040 3141 3094 habebat.
3182 3040 3408 3095 Ibidem-

134 3142 275 3195 ωτί,
319 3139 462 3197 sane
486 3143 615 3197 huic
643 3099 1201 3212 mandato,respo'ndit
1231 3099 1517 3196 [jolharius
1537 3183 1550 3206 ’
1604 3143 1723 3196 ηυι,
1751 3099 1795 3160 C
1826 3138 1931 3191 que
1969 3123 2189 3179 Paschte
2219 3127 2614 3183 solemnitatem
2647 3144 2767 3184 cum
2795 3130 2953 3197 solita
2977 3132 3261 3186 devotione
3289 3148 3407 3201 per-

142 3231 261 3285 lum
306 3233 429 3302 plus
475 3247 533 3288 se
578 3232 664 3287 vel
710 3233 943 3303 compati
988 3240 1226 3301 paternae
1270 3231 1589 3296 calamitati,
1641 3232 1723 3285 vel

141 3323 491 3393 congaudere
518 3323 863 3393 prosperitati
904 3340 916 3375 :
964 3337 1066 3376 nec
1104 3322 1299 3376 debere
1336 3321 1437 3376 sibi
1467 3322 1722 3391 imputari

134 3413 357 3481 culpam
394 3412 625 3467 senioris
659 3412 760 3467 sibi
785 3412 982 3476 oblati,
1012 3427 1134 3465 cum
1164 3412 1265 3481 ipsi
1296 3426 1417 3465 eum
1449 3411 1723 3466 destituis-

134 3512 263 3557 sent
292 3518 355 3557 ac
385 3502 767 3571 prodidissent,
806 3517 983 3570 neque
1010 3501 1299 3556 carceralis
1332 3502 1588 3555 custodiae
1613 3517 1722 3555 nte-

141 3607 275 3645 vum
307 3591 408 3645 sibi
433 3591 556 3659 jure
584 3590 758 3655 inuri,
796 3606 919 3645 cum
946 3596 1226 3645 constaret
1252 3591 1354 3643 hoc
1379 3598 1557 3643 actum
1579 3591 1719 3659 judi-

136 3682 229 3736 cio
258 3680 568 3750 episc0pali.
612 3679 747 3734 Cum
775 3680 877 3734 hac
901 3694 1031 3749 ergo
1058 3677 1430 3733 satisfactione
1454 3679 1718 3747 praemissi

137 3770 308 3839 legati
354 3769 567 3823 remissi
614 3777 739 3822 sunt
782 3769 849 3823 ad
890 3784 984 3823 eos
1012 3768 1104 3837 qui
1136 3782 1196 3823 se
1234 3768 1510 3822 miserant.
1564 3768 1721 3822 Com-

131 3861 381 3915 mandati
434 3868 561 3913 sunt
604 3858 871 3914 Guerinus
910 3874 1121 3924 comes,
1174 3868 1227 3913 et
1280 3859 1425 3921 Odo,
1474 3874 1571 3913 nec
1612 3875 1717 3912 non

129 3949 303 4003 Fulco
323 3956 377 4002 et
398 3947 550 4017 Hugo
580 3947 818 4011 abbateS,
848 3948 915 4003 ad
930 3963 989 4002 se
1008 3948 1286 4003 venirent:
1312 3959 1576 4018 quatenus
1596 3965 1719 4005 cum

126 4040 215 4093 eis
231 4036 624 4091 deliberaretur
642 4036 911 4105 quomodo
931 4036 1122 4107 petitio
1151 4053 1341 4092 eorum
1363 4038 1571 4107 impleri
1596 4053 1717 4106 pos—

128 4136 237 4183 set.
274 4126 536 4196 Praacepit
564 4126 728 4181 etiam
766 4126 909 4181 ﬁlius
944 4127 1188 4197 ejusdem
1232 4128 1573 4196 imperatoris
1615 4127 1717 4180 Lo-

128 4217 347 4273 tharius
378 4225 439 4271 ut
468 4216 618 4270 missi
644 4216 748 4270 sibi
780 4216 833 4269 in
863 4216 1161 4270 crastinum
1200 4216 1583 4285 dirigerentur,
1623 4218 1715 4283 qui

133 4317 352 4378 tempus
396 4308 658 4362 adventus
694 4306 1075 4376 praedictorum
1126 4306 1370 4360 virorum
1404 4308 1473 4361 ab
1518 4321 1584 4361 eo
1623 4321 1715 4360 co-

127 4403 457 4469 gnoscerent
476 4438 490 4463 ,
534 4404 590 4451 et
620 4396 699 4451 sic
728 4395 796 4449 ad
823 4395 1131 4450 condictum
1161 4396 1305 4450 diem
1331 4396 1434 4451 sibi
1464 4411 1714 4451 oecurre-

1823 3214 1950 3283 egit.
2003 3213 2131 3268 Post
2179 3214 2335 3282 cujus
2375 3217 2745 3273 celebritatem
2789 3234 2886 3287 per
2926 3218 3274 3273 Arduennam
3318 3221 3409 3275 sil-

1823 3324 1944 3361 vam
1995 3310 2281 3364 venatione
2330 3324 2389 3363 se
2438 3310 2717 3364 exercuit:
2747 3319 2802 3364 et
2832 3320 2951 3381 post
2988 3322 3187 3366 sanctae
3218 3312 3407 3367 Pente-

1822 3408 1999 3454 costes
2042 3400 2424 3464 festivitatem,
2467 3401 2521 3453 in
2563 3409 2746 3469 partes
2776 3400 3049 3457 Romeriei
3083 3404 3282 3457 montis
3309 3419 3407 3459 ve-

1823 3491 2029 3543 nationi
2080 3498 2240 3558 atque
2281 3491 2567 3558 piseationi
2611 3506 2832 3559 operam
2874 3493 3040 3547 dedit.
3086 3493 3228 3547 Sane
3255 3510 3408 3551 rece-

1820 3581 1980 3635 dente
2007 3580 2114 3634 ﬁlio
2140 3582 2483 3651 imperatoris
2513 3582 2771 3637 Lothario
2810 3600 2839 3637 a
2868 3594 3023 3653 patre
3048 3596 3104 3640 et
3140 3588 3191 3640 in
3224 3596 3407 3656 partes

1818 3671 2104 3739 prmdictas
2136 3672 2400 3737 abeunte,
2435 3680 2813 3726 remanserant
2840 3674 2895 3726 in
2938 3673 3201 3730 Neustriae
3232 3678 3402 3745 parti-

1820 3760 1921 3814 bus
1972 3760 2297 3815 Lanthertus
2351 3776 2574 3825 comes,
2632 3770 2686 3816 et
2739 3762 3054 3828 Matfridus,
3116 3768 3407 3837 cmterique

1820 3852 2224 3920 quamplurimi,
2254 3854 2344 3922 qui
2371 3851 2591 3906 easdem
2617 3860 2803 3921 partes
2828 3855 3047 3923 propria
3086 3858 3136 3910 vi
3170 3859 3406 3914 retinere

1820 3940 2151 3996 nitebantur.
2213 3941 2385 4008 Quam
2428 3957 2540 3995 rem
2571 3958 2712 4011 :egre
2750 3944 2932 3996 ferens
2970 3943 3085 3999 Odo
3113 3960 3317 4011 comes,
3350 3956 3405 4002 et

1818 4030 1908 4083 alii
1934 4032 2089 4085 multi
2122 4033 2465 4100 imperatoris
2488 4034 2734 4101 partibus
2764 4033 3037 4100 faventes,
3081 4047 3271 4093 contra
3307 4056 3404 4096 eos

1818 4136 1968 4174 arma
1990 4122 2312 4190 corripiunt,
2346 4138 2547 4191 eosque
2571 4124 2773 4191 pellere
2794 4125 2901 4180 illis
2928 4126 3062 4181 locis
3090 4129 3403 4185 nitebantur

1818 4221 1912 4266 aut
1945 4222 2091 4267 certe
2136 4228 2259 4267 cum
2305 4214 2384 4268 eis
2415 4214 2689 4286 congredi.
2751 4216 2880 4282 Quae
2910 4232 2997 4272 res
3032 4234 3155 4273 cum
3184 4222 3402 4292 segnius

1816 4317 1978 4370 quam
2022 4302 2203 4355 decuit
2247 4302 2743 4368 administraretur,
2796 4314 2852 4359 et
2896 4307 3074 4361 minus
3102 4318 3258 4363 caute
3286 4311 3397 4365 cir-

1817 4392 2267 4461 cumspiceretur,
2306 4407 2414 4445 non
2444 4393 2723 4447 minimam
2757 4395 3121 4452 calamitatem
3151 4400 3230 4453 eis
3256 4401 3399 4454 intu-

129 4448 279 4553 :ent,
312 4488 378 4542 de
410 4501 572 4541 causa
618 4485 923 4556 supradicta
965 4485 1265 4539 tractaturi.
1326 4486 1539 4541 Etenim
1580 4501 1708 4540 vero
1738 4448 1790 4506 D
1817 4481 1897 4535 lit.
1938 4481 2074 4535 Dum
2104 4483 2246 4535 enim
2294 4496 2361 4537 ex
2411 4483 2684 4551 insperato
2724 4485 2828 4540 illis
2865 4488 3049 4543 hostes
3078 4504 3400 4559 supervene-

127 4587 343 4634 mutato
370 4576 624 4641 consilio,
673 4590 797 4629 cum
826 4575 910 4629 his
937 4575 1029 4644 qui
1067 4576 1182 4645 ejus
1218 4574 1403 4630 favore
1440 4575 1709 4630 duceban-

125 4680 239 4735 tur,
268 4669 459 4723 relicto
484 4676 638 4737 patre
664 4668 720 4721 in
745 4666 1077 4722 monasterio
1098 4667 1269 4720 sancti
1291 4666 1561 4736 Dionysii,
1596 4668 1708 4736 ipse

123 4758 497 4828 Burgundiam
521 4755 696 4825 petiit,
721 4754 982 4809 Viennam
1006 4770 1175 4824 usque
1196 4755 1465 4824 pervenit,
1485 4756 1708 4809 ibidem-

124 4866 233 4920 que
273 4850 469 4904 stativa
498 4848 679 4904 facere
724 4847 939 4918 delegit.
1000 4848 1070 4902 At
1100 4864 1229 4903 vero
1268 4849 1304 4902 ii
1334 4850 1425 4919 qui
1457 4866 1577 4904 cum
1612 4850 1708 4902 im-

122 4947 379 5009 peratore
427 4948 832 5003 remanserant,
889 4952 1012 4993 eum
1055 4940 1121 4992 ad
1165 4938 1502 5007 recipiendas
1531 4941 1699 5008 impe-

122 5022 361 5095 ratorias
396 5026 596 5080 infulas
630 5027 1007 5081 hortabantur.
1052 5025 1156 5081 Sed
1195 5027 1510 5096 imperator,
1540 5045 1705 5097 quan-

124 5136 291 5190 quam
321 5120 482 5173 modo
524 5134 632 5189 quo
669 5120 985 5187 praedictum
1014 5126 1096 5173 est
1118 5118 1371 5173 Ecclesiae
1395 5120 1703 5173 eliminatus

125 5210 505 5266 communione
529 5250 542 5274 ,
573 5224 911 5279 nequaquam
943 5218 1122 5263 tamen
1154 5223 1509 5278 prteproperae
1537 5210 1703 5264 voluit

124 5301 477 5370 acquiescere
503 5300 785 5353 sententia:
812 5318 823 5351 :
855 5299 949 5353 sed
981 5298 1289 5363 Dominica,
1323 5314 1442 5367 qua:
1488 5298 1541 5351 in
1582 5314 1701 5353 cra-

117 5394 330 5459 stinum
378 5392 628 5456 advenit,
680 5392 733 5444 in
764 5392 992 5446 ecclesia
1024 5391 1201 5445 sancti
1232 5391 1469 5460 Dionysii
1498 5392 1704 5459 episco-

124 5484 231 5555 pali
260 5484 563 5538 ministerio
590 5483 755 5538 voluit
784 5482 1147 5549 reconciliari,
1173 5492 1226 5537 et
1248 5498 1345 5553 per
1371 5498 1562 5536 manus
1592 5484 1705 5553 epi-

125 5592 412 5646 scoporum
446 5580 610 5634 armis
638 5576 843 5647 accingi
889 5576 1184 5631 consensit.
1238 5576 1291 5629 In
1337 5592 1440 5645 qua
1473 5592 1529 5630 re
1558 5587 1701 5632 tanta

126 5672 415 5725 exsultatio
441 5673 617 5739 populi
667 5671 935 5732 excrevit,
992 5677 1047 5723 ut
1092 5670 1253 5724 etiam
1289 5670 1397 5737 ipsa
1439 5670 1698 5722 elementa

1818 4580 1975 4636 runt,
2009 4573 2085 4626 illi
2112 4583 2291 4628 autem
2320 4575 2519 4630 minori
2544 4590 2705 4645 quam
2743 4593 2832 4632 res
2856 4581 3161 4647 postulabat
3187 4584 3395 4638 cautela

1816 4670 2131 4728 uterentur,
2160 4664 2533 4720 insistentibus
2563 4667 2809 4721 hostibus
2847 4677 2997 4740 terga
3032 4672 3393 4729 nudaverunt.

1814 4750 1999 4820 lbique
2027 4760 2083 4805 et
2104 4752 2219 4820 ipse
2246 4752 2360 4807 Odo
2390 4770 2512 4807 cum
2543 4754 2711 4809 fratre
2748 4757 3014 4813 Willelmo
3042 4760 3249 4815 interiit
3278 4762 3397 4831 plu-

1814 4842 2074 4912 rimisque
2114 4844 2263 4907 aliis,
2308 4846 2487 4899 cmteri
2517 4846 2745 4900 salutem
2782 4850 2834 4901 in
2864 4848 3005 4920 fuga:
3034 4853 3275 4908 subsidio
3298 4870 3393 4923 po-

1815 4946 2059 4990 suerunt.
2104 4936 2218 5002 Quo
2248 4938 2461 5005 negotio
2487 4946 2729 5005 peracto,
2772 4939 2810 4993 ii
2839 4940 2932 5009 qui
2971 4941 3194 4996 victoria
3235 4946 3391 5011 potiti

1813 5035 1959 5089 sunt,
1992 5041 2113 5079 cum
2153 5040 2326 5093 neque
2362 5026 2433 5079 ibi
2483 5028 2781 5083 consistere
2825 5044 2986 5098 posse
3026 5032 3158 5085 satis
3194 5032 3392 5087 tutum

1812 5118 2106 5181 videretur,
2159 5133 2331 5185 neque
2358 5118 2617 5174 Lothario
2649 5123 2957 5193 sejungere
3000 5124 3261 5189 valerent,
3302 5140 3391 5180 ve—

1811 5216 1992 5261 rentes
2022 5222 2089 5262 ne
2124 5215 2213 5261 aut
2242 5208 2315 5261 ibi
2352 5212 2775 5267 consistentibus
2810 5213 3107 5282 imperator
3134 5231 3389 5285 superve-

1809 5301 1973 5362 niret,
2011 5308 2105 5352 aut
2145 5308 2293 5354 certe
2342 5300 2405 5353 ad
2456 5316 2581 5355 suos
2629 5306 3042 5372 properantibus
3092 5306 3145 5359 in
3194 5306 3388 5362 itinere

1809 5392 2083 5455 obviaret,
2118 5391 2185 5444 ad
2220 5390 2539 5445 Lotharium
2579 5396 2901 5462 quantocius
2944 5396 3179 5459 mittunt,
3217 5405 3275 5449 ut
3307 5397 3389 5451 eis

1810 5482 2084 5552 suppetias
2126 5481 2291 5537 ferret
2326 5498 2460 5551 quos
2515 5484 2648 5537 tanti
2700 5485 3032 5540 discriminis
3075 5495 3251 5540 metus
3280 5487 3389 5541 cir-

1808 5574 2174 5629 cnmvallaret.
2218 5576 2317 5642 Qui
2363 5576 2543 5629 audito
2574 5593 2762 5631 eorum
2808 5579 3075 5647 periculo,
3125 5586 3179 5631 et
3225 5578 3387 5631 rebus

1810 5668 2003 5735 gestis,
2058 5665 2370 5720 deliberavit
2414 5668 2491 5719 eis
2529 5682 2864 5721 succurrere.
2920 5668 3034 5733 Qua
3066 5676 3385 5737 tempestate
