3906 6350
467 320 571 377 9G7

1612 308 1935 366 LUDOVICI
1974 307 1993 361 I
2032 305 2504 363 COGNOMENTO
2544 305 2627 359 PII

3660 303 3764 359 963

462 430 724 485 Warinus
747 439 931 481 comes
960 440 1081 479 cum
1114 422 1361 492 plurimis
1402 420 1565 475 sociis
1601 430 1839 475 castrum
1868 418 2049 473 Cabil—
2078 424 2127 483 Α
2153 429 2462 489 statumque
2506 420 2935 474 ecclesiasticum
2980 433 3114 487 pene
3163 418 3471 485 collapsum
3524 417 3579 470 in
3620 420 3763 472 anti-

461 516 650 573 Ionum
699 523 976 582 utcunque
1006 511 1270 575 munivit;
1310 519 1369 563 ut
1396 510 1443 564 si
1478 510 1682 579 aliquid
1707 509 1775 564 ab
1801 509 2057 563 adversa-

465 622 588 660 rum
613 605 850 676 partium
886 601 1145 656 studiosis
1183 599 1465 653 moliretur
1502 599 1662 659 novi,
1701 599 1804 653 sibi
1840 599 2059 666 suisque

465 693 607 748 foret
638 690 981 761 receptaculo
1011 705 1075 744 ac
1112 688 1417 743 munitioni.
1459 688 1614 754 Quod
1640 703 1765 743 cum
1800 687 2058 741 Lothario

465 792 805 854 compertum
833 781 1010 847 foret,
1056 781 1383 851 improvisus
1431 780 1556 835 illuc
1596 780 1853 835 advenire
1876 780 2060 848 dispo-

467 876 597 940 suit,
637 874 783 945 quod
826 881 1009 927 tamen
1058 873 1239 927 facere
1286 871 1547 941 nequivit.
1593 870 1825 925 Advenit
1853 878 2055 931 tamen,

467 974 523 1019 et
554 966 810 1035 oppidum
856 963 1216 1018 circumdedit
1244 1002 1258 1029 ,
1309 978 1429 1033 qua:
1470 962 1525 1016 in
1566 961 1794 1017 circuitu
1826 961 2060 1015 civitatis

464 1066 622 1111 erant
670 1057 922 1112 incendio
965 1056 1328 1127 conﬂagrans.
1388 1055 1693 1127 Pugnatum
1737 1063 1822 1110 est
1861 1056 2061 1109 acriter

467 1146 660 1201 diebus
688 1148 961 1216 quinque;
1012 1154 1067 1200 et
1092 1147 1313 1200 tandem
1356 1146 1424 1200 ad
1465 1145 1793 1200 deditionem
1822 1146 2060 1214 primum

474 1237 605 1291 urbs
630 1247 845 1307 recepta
877 1246 997 1303 est,
1050 1245 1174 1307 post
1209 1246 1391 1292 autem
1416 1252 1569 1292 versa
1610 1238 1727 1292 vice
1759 1238 2085 1293 crudelium'

465 1327 734 1383 victorum
768 1344 941 1393 more,
973 1330 1208 1398 primum
1233 1330 1450 1398 quidem
1475 1330 1865 1401 direptionibus
1893 1332 2061 1385 eccle-

469 1421 563 1476 site
593 1429 820 1475 vastata":
845 1462 860 1487 ,
916 1422 1159 1475 thesauri
1191 1422 1508 1491 deprtedati,
1538 1431 1591 1476 et
1618 1436 1937 1477 communes
1966 1439 2060 1476 co-

469 1513 573 1582 pire
601 1513 824 1581 direptae
853 1531 865 1564 :
895 1512 963 1566 ad
995 1511 1247 1565 ultimum
1273 1525 1407 1566 vero
1434 1512 1626 1566 civitas
1660 1513 1843 1565 voraci
1877 1513 2063 1567 incen-

468 1603 560 1659 dio
604 1603 827 1674 depasta
877 1611 995 1669 est,
1046 1610 1247 1673 praeter
1296 1618 1460 1657 unam
1507 1618 1729 1673 parvam
1780 1603 2061 1656 basilicam

467 1712 618 1766 quae,
654 1698 920 1767 stupende
959 1699 1244 1764 miraculo,
1286 1714 1408 1753 cum
1441 1700 1568 1754 hinc
1592 1699 1716 1754 inde
1745 1700 1922 1754 cincta
1952 1699 2063 1753 fue-

2162 528 2327 582 quum
2360 521 2562 567 statum
2589 513 2722 582 erigi
2743 512 2925 580 jussit.
2966 513 3206 580 Itemque
3235 513 3503 580 praecepit
3530 522 3593 565 ut
3608 514 3761 568 missi

2160 618 2258 673 per
2285 604 2526 674 singulos
2562 606 2853 659 comitatus
2875 606 3036 669 irent,
3066 606 3159 674 qui
3189 605 3596 658 immanitatem
3623 622 3767 674 pne-

2162 696 2367 750 donum
2407 707 2569 766 atque
2623 696 2923 760 latronum,
2973 712 3092 766 qum
3138 697 3385 751 inaudita
3427 710 3763 757 emerserat,

2161 788 2500 853 cohiberent,
2531 795 2587 842 et
2608 788 2698 842 ubi
2728 803 2914 843 eorum
2939 788 3111 856 major
3131 788 3215 841 vis
3241 788 3576 843 incubuerat
3597 790 3764 842 etiam

2163 879 2390 933 comites
2434 878 2642 933 vicinos
2681 887 2735 933 et
2781 881 3155 948 episcoporum
3209 878 3463 932 homines
3513 879 3587 933 ad
3628 879 3765 932 tales

2162 970 2495 1025 evincendos
2539 980 2595 1025 et
2636 972 2992 1038 proterendns
3037 970 3142 1025 sibi
3180 970 3523 1024 asciscerent
3548 1011 3565 1033 ,
3618 980 3677 1025 et
3702 976 3765 1026 de

2164 1060 2249 1114 his
2279 1060 2505 1131 singulis
2540 1060 2642 1114 sibi
2692 1062 2747 1114 in
2784 1062 3033 1129 proximo
3079 1060 3279 1130 placito
3325 1061 3576 1131 generali
3605 1061 3766 1115 Wor-

2165 1150 2387 1203 matiam
2416 1151 2816 1216 renuntiarent,
2835 1152 2978 1219 quod
3005 1151 3249 1205 futurum
3274 1159 3563 1206 transacta
3586 1153 3763 1206 hieme

2162 1249 2221 1295 et
2247 1242 2506 1295 suadente
2532 1240 2738 1295 vernali
2771 1243 2943 1311 gratia
2970 1242 3184 1296 indixit.

2238 1329 2411 1400 (835.)
2436 1330 2719 1401 Transegit
2740 1345 2868 1401 ergo
2906 1332 3201 1400 imperator
3222 1332 3522 1385 maximam
3552 1342 3761 1400 partem

2166 1420 2377 1474 hiberni
2396 1422 2652 1489 temporis
2663 1420 3010 1491 Aquisgrani.
3025 1422 3259 1491 Indeque
3279 1421 3567 1492 profectus
3592 1434 3678 1477 est
3699 1427 3761 1476 ad

2167 1510 2472 1565 Theodonis
2492 1511 2677 1564 villam
2700 1521 2827 1566 ante
2843 1510 3085 1566 Natalem
3104 1511 3339 1577 Domini,
3355 1512 3447 1566 ubi
3472 1514 3641 1567 etiam
3673 1530 3761 1583 po—

2165 1605 2341 1675 pulus,
2360 1605 2445 1660 cui
2467 1614 2796 1675 praeceptum
2818 1584 3017 1670 fuerat,
3035 1605 3271 1660 advenit.
3293 1605 3401 1661 U-bi
3429 1608 3758 1664 consistens.

2167 1703 2353 1748 contra
2386 1695 2652 1763 quosdam
2681 1695 2964 1765 episcopos
2994 1695 3059 1749 de
3087 1695 3169 1748 sui
3197 1695 3499 1764 dejectione
3531 1711 3761 1765 conque-

466 1785 541 1839 rit
576 1787 924 1840 smvientibus
961 1795 1017 1841 et
1054 1787 1415 1842 lambentibus
1442 1788 1708 1853 ﬂammis,
1742 1800 1920 1843 tamen
1954 1805 2062 1843 non
2090 1795 2136 1853 Β
2166 1784 2402 1838 rebatur.
2451 1782 2557 1837 Sed
2588 1799 2710 1838 cum
2756 1785 2974 1854 quidam
3013 1786 3070 1839 in
3110 1785 3321 1839 Italiam
3366 1786 3760 1857 confugissent.

467 1878 643 1945 potuit
668 1877 843 1931 aduri.
877 1878 999 1931 Fuit
1022 1886 1204 1933 autem
1236 1891 1551 1934 consecrata
1585 1883 1694 1935 Deo
1718 1882 1771 1935 in
1802 1883 2062 1936 honorem

467 1970 611 2023 beati
658 1968 879 2040 Georgii
927 1973 1207 2042 martyris.
1249 1972 1361 2027 Nec
1394 1982 1573 2027 tamen
1601 1972 1847 2026 Lotharii
1874 1970 2065 2025 volun-

472 2072 556 2116 tas
588 2061 691 2116 fuit
724 2071 782 2116 ut
805 2064 1000 2120 civitas
1024 2066 1466 2121 succenderetur.
1504 2064 1910 2120 Acclamatione
1939 2078 2066 2131 por-

470 2163 532 2205 ro
574 2151 797 2205 militari
841 2161 964 2222 post
997 2155 1188 2208 urbem
1237 2163 1451 2224 captam
1471 2195 1484 2219 ,
1516 2153 1829 2209 Gotselinus
1858 2169 2062 2215 comes,

470 2242 707 2310 itemque
736 2240 920 2297 Sanila
944 2258 1127 2299 comes
1146 2284 1161 2309 ,
1191 2260 1293 2299 nec
1320 2260 1428 2299 non
1459 2245 1811 2299 Madalelmus
1831 2243 2068 2297 vasallus

471 2330 799 2397 dominicus,
826 2333 1003 2401 capite
1035 2333 1180 2401 plexi
1218 2341 1362 2388 sunt.
1405 2333 1513 2388 Sed
1542 2343 1596 2387 et
1628 2332 1925 2402 Gerherga,
1958 2332 2066 2385 ﬂlia

471 2421 749 2489 quondam
768 2420 1023 2476 Willelmi
1047 2423 1284 2487 comitis,
1332 2431 1586 2491 tanquam
1609 2422 1870 2485 veneﬁca,
1914 2421 2070 2489 aquis

471 2507 767 2576 praefocata
780 2519 883 2565 est.
912 2510 1043 2578 Qure
1058 2512 1180 2565 dum
1196 2518 1477 2582 geruntur,
1502 2511 1796 2580 imperator
1815 2524 1935 2564 cum
1960 2508 2070 2563 ﬁlio

479 2597 755 2655 Ludovico
777 2601 1077 2671 Lingonum
1101 2600 1372 2657 civitatem
1398 2603 1713 2667 advenerat,
1738 2603 1791 2655 in
1816 2618 1921 2672 qua
1938 2602 2071 2656 urbe

481 2686 853 2756 hujuscemodi
882 2691 1121 2761 suscepit
1151 2692 1424 2756 nuntium,
1465 2692 1557 2761 qui
1586 2706 1709 2745 cum
1749 2691 1902 2746 valde
1931 2704 2069 2744 mm-

475 2783 621 2830 stum
664 2777 917 2831 reddidit.
978 2780 1046 2832 Et
1090 2779 1381 2835 Lotharius
1426 2780 1644 2850 quidem
1691 2781 1808 2851 ejus
1851 2779 1992 2835 filius
2042 2774 2071 2833 a

482 2870 764 2925 Cabillono
810 2873 917 2926 iter
967 2875 1197 2943 suscepit
1230 2875 1299 2929 ad
1332 2873 1810 2945 Augustodunum,
1844 2876 2073 2945 indeque

484 2961 831 3017 Aurelianam
861 2965 1052 3019 urbem
1082 2966 1349 3035 pervenit,
1378 2966 1573 3021 deinde
1602 2968 1653 3020 in
1681 2974 1879 3037 pagum
1907 2966 2075 3022 Ceno—

484 3054 759 3108 manicum
781 3095 794 3118 ,
847 3055 899 3108 in
930 3054 1113 3109 villam
1147 3054 1302 3123 Cujus
1333 3057 1661 3112 vocabulum
1687 3065 1771 3112 est
1808 3056 2072 3121 Matualis,

2167 1876 2384 1945 quidam
2412 1876 2589 1930 vocati
2621 1875 2842 1931 obedire
2871 1877 3173 1932 noluissent
3194 1919 3208 1944 ,
3246 1878 3396 1934 solus
3426 1879 3548 1935 Ebo
3578 1895 3760 1934 eorum

2165 1964 2259 2032 qui
2284 1962 2705 2033 impetebantur,
2731 1963 2921 2018 adfuit.
2948 1965 3050 2031 Qui
3076 1981 3198 2020 cum
3220 1968 3455 2022 rationis
3476 1968 3761 2022 reddenda:

2166 2069 2330 2108 causa
2360 2068 2522 2123 super
2548 2054 2746 2109 talibus
2781 2064 3100 2125 urgeretur,
3146 2059 3476 2113 causabatur
3502 2074 3565 2113 se
3593 2060 3757 2113 solum

2169 2148 2373 2203 relictis
2420 2148 2693 2214 omnibus,
2740 2149 2797 2203 in
2843 2165 3075 2218 quorum
3118 2152 3411 2220 praesentia
3460 2152 3583 2206 haec
3631 2153 3761 2205 facta

2170 2235 2407 2302 fuerant,
2438 2238 2640 2307 urgeri.
2669 2238 2740 2291 At
2760 2253 2891 2294 vero
2917 2242 3097 2294 caeteri
3127 2242 3396 2312 episcopi,
3428 2259 3557 2298 cum
3586 2244 3766 2297 obten-

2172 2326 2363 2381 derent
2408 2329 2790 2383 necessitatem
2819 2332 3155 2399 praesentiae,
3209 2344 3544 2388 excusarent
3593 2344 3762 2388 autem

2170 2415 2507 2471 voluntatem
2539 2416 2891 2483 innocentize,
2942 2418 3083 2473 idem
3122 2421 3234 2475 Ebo
3273 2424 3497 2478 tandem
3545 2425 3765 2479 moleste

2173 2504 2353 2560 ferens
2378 2504 2577 2561 talibus
2620 2508 2937 2574 esttediari,
2978 2511 3207 2565 consilio
3247 2514 3421 2582 petito
3464 2515 3762 2585 aliquorum

2173 2596 2569 2665 episcoporum,
2595 2598 2709 2667 ipse
2736 2598 2790 2652 in
2818 2614 2876 2653 se
2901 2601 3188 2669 quamdam
3212 2602 3615 2659 confessionem
3640 2620 3765 2674 prx-

2175 2688 2394 2755 dicavit,
2428 2690 2877 2760 confirmavitque
2904 2707 2961 2747 se
2984 2701 3039 2747 et
3064 2693 3345 2763 indignum
3376 2696 3687 2749 sacerdotio
3718 2708 3763 2750 et

2176 2782 2610 2837 irrevocabiliter
2638 2797 2703 2837 eo
2732 2783 3004 2837 abstinere
3044 2782 3351 2851 judicavit;
3393 2787 3541 2853 quod
3579 2795 3635 2839 et
3658 2787 3752 2853 cpi-

2179 2872 2358 2940 scopis
2386 2881 2443 2926 et
2464 2888 2563 2942 per
2585 2887 2678 2926 eos
2708 2873 3022 2941 imperatori
3062 2875 3413 2928 contradidit.
3444 2875 3567 2942 Quo
3599 2874 3761 2931 facta.

2176 2961 2497 3033 Agobardus
2516 2962 2891 3033 LUgdunensis
2911 2964 3372 3034 archiepiscopus,
3397 2967 3493 3034 qui
3518 2978 3762 3022 evocatus

2182 3056 2250 3109 ad
2277 3054 2702 3109 satisfactionem
2728 3056 2915 3110 venire
2943 3056 3171 3124 distulit,
3211 3073 3333 3111 cum
3380 3067 3466 3112 ter
3487 3069 3638 3113 esset
3655 3074 3765 3113 eve-

436 3202 439 3205 ,
483 3142 722 3198 devenit.
761 3144 831 3198 At
862 3146 1158 3216 imperator
1191 3162 1313 3202 cum
1339 3148 1453 3202 suis
1491 3148 1743 3206 maximis
1775 3149 1966 3218 ecpiis,
2004 3150 2078 3204 si-
2105 3135 2148 3196 C
2183 3156 2357 3213 catus,
2390 3148 2458 3201 ab
2498 3147 2753 3202 Ecclesiae
2793 3148 3084 3217 prtesulatu
3129 3158 3371 3206 semotus
3401 3159 3512 3215 est,
3541 3153 3760 3210 caneris,

485 3240 597 3292 mul
640 3248 695 3293 et
742 3239 1020 3296 Ludovico
1055 3241 1196 3306 lilio,
1248 3257 1375 3296 eum
1415 3242 1681 3311 sequitur.
1724 3241 1842 3309 Quo
1871 3244 2075 3308 audito,

489 3329 635 3384 ﬁlius
663 3331 779 3401 ejus
802 3331 1118 3399 Lotharius,
1141 3333 1363 3404 jamque
1386 3334 1498 3410 suis
1520 3335 1772 3403 receptis,
1806 3352 1914 3391 non
1942 3337 2081 3391 mul-

491 3430 546 3475 to
591 3422 877 3475 intervallo
926 3439 956 3477 a
1006 3435 1163 3494 patre
1211 3434 1389 3479 castra
1433 3425 1581 3491 ﬁxit;
1634 3426 1816 3496 ibique
1852 3437 2083 3497 quatuor

490 3509 683 3563 diebus
705 3509 897 3580 legatis
919 3511 1412 3569 intercurrentibus
1439 3522 1706 3569 moratum
1739 3525 1839 3570 est.
1881 3517 2085 3583 Quarta

493 3612 624 3653 sane
654 3608 813 3654 nocte
864 3600 1157 3656 Lotharius
1207 3618 1331 3657 cum
1375 3603 1489 3657 suis
1540 3604 1851 3659 hominibus
1881 3606 2087 3661 referre

491 3688 684 3756 pedum
714 3690 781 3743 ad
802 3692 1104 3758 posteriora
1128 3694 1314 3761 coepit.
1353 3692 1554 3747 Contra
1584 3710 1743 3762 quem
1769 3704 1925 3764 pater
1945 3712 2091 3751 com-

491 3782 754 3852 pendiose
808 3784 1004 3838 itinere
1033 3785 1439 3851 obambulabat,
1464 3802 1743 3856 usquequo
1772 3797 2089 3856 perventum

491 3880 578 3926 est
606 3872 674 3925 ad
700 3870 921 3926 ﬂuvium
949 3874 1185 3942 Ligerim
1215 3890 1383 3945 prope
1413 3884 1653 3931 castrum
1679 3876 1953 3941 Blesense,
1979 3893 2089 3947 quo

493 3961 623 4016 Ciza
674 3961 867 4018 ﬂuvius
919 3964 1098 4035 Ligeri
1153 3964 1395 4020 conﬂuit.
1456 3966 1656 4021 Positis
1683 3968 1809 4021 hinc
1846 3969 1971 4023 inde
2000 3984 2092 4023 ca-

497 4055 647 4119 stris,
679 4057 921 4111 occurrit
947 4058 1112 4128 etiam
1141 4058 1285 4129 patri
1312 4059 1574 4130 Pippinus
1598 4060 1742 4115 ﬁlius
1767 4077 1888 4115 cum
1919 4078 2091 4131 quan-

497 4158 552 4203 to
594 4151 771 4219 potuit
816 4152 1037 4205 militari
1091 4160 1376 4221 apparatu.
1414 4151 1682 4206 Infractus
1720 4166 1848 4221 ergo
1886 4152 2092 4207 viribus

498 4238 834 4306 Lotharius,
892 4241 1119 4310 supplex
1168 4240 1237 4295 ad
1284 4248 1495 4309 patrem
1545 4242 1711 4295 venit.
1781 4241 1954 4308 Quem
2004 4242 2092 4296 ille

492 4330 804 4384 coercitum
841 4330 1041 4396 verbis,
1091 4338 1147 4384 et
1198 4329 1522 4401 obligatum,
1574 4342 1685 4384 tam
1725 4330 1899 4398 ipsum
1929 4346 2091 4399 quam

499 4437 759 4492 proceres
789 4424 928 4494 ejus,
959 4426 1157 4493 quibus
1186 4425 1358 4480 voluit
1386 4427 1774 4491 sacramentis,
1808 4427 1861 4480 in
1887 4426 2091 4480 Italiam

2182 3246 2243 3294 ut
2266 3238 2520 3302 diximus,
2547 3239 2602 3292 in
2628 3238 2834 3292 Italiam
2864 3238 3210 3310 fugientibus.
3239 3240 3504 3310 Sequenti
3531 3242 3764 3295 verone

2184 3328 2402 3392 minica,
2432 3344 2553 3398 qua:
2582 3344 2749 3383 sacra:
2779 3330 3215 3400 Quadragesimze
3244 3331 3460 3385 initium
3501 3331 3761 3402 prmcede-

2184 3418 2307 3482 hat,
2359 3417 2413 3470 in
2459 3417 2616 3471 Melis
2648 3416 2924 3471 civitatem
2955 3418 3205 3473 dominus
3243 3419 3579 3488 imperator,
3609 3421 3695 3473 sed
3716 3429 3763 3473 et

2187 3508 2444 3578 episcopi,
2475 3515 2527 3561 et
2554 3507 2785 3577 populus
2827 3508 3149 3564 universalis
3181 3508 3325 3563 illius
3355 3520 3660 3565 conventus
3686 3527 3762 3563 vc-

2187 3600 2304 3653 nit:
2348 3608 2403 3653 et
2440 3600 2582 3653 inter
2618 3599 2909 3653 missarum
2946 3601 3368 3655 celebrationem
3390 3642 3405 3666 ,
3453 3610 3661 3671 septem
3687 3617 3763 3653 ar-

2188 3690 2516 3759 chiepiscopi
2540 3698 2745 3758 septem
2774 3691 3231 3745 reconciliationis
3251 3692 3639 3746 ecclesiasticae
3658 3708 3764 3746 ora-

2191 3781 2365 3834 tiones
2405 3794 2567 3848 super
2611 3795 2735 3833 eum
2774 3781 3106 3836 cecinerunt.
3155 3781 3333 3849 Atque
3380 3797 3574 3837 omnes
3602 3783 3764 3851 pupuli

2190 3869 2293 3924 hoc
2320 3871 2459 3935 viso,
2491 3886 2589 3939 pro
2616 3870 2859 3940 plenaria
2900 3872 3245 3925 restitutione
3270 3872 3617 3941 imperatoris
3644 3872 3764 3925 mul-

2190 3970 2274 4014 tas
2300 3960 2411 4014 Deo
2440 3960 2643 4029 gratias
2674 3961 3043 4015 reddiderunt.
3073 3961 3203 4016 Post
3226 3977 3348 4031 quae
3370 3964 3576 4029 omnia,
3608 3962 3766 4017 Theu-

2192 4049 2346 4103 donis
2378 4048 2559 4102 villam
2591 4059 2703 4102 tam
2730 4050 2982 4104 dominus
3015 4051 3327 4119 imperator,
3363 4066 3530 4120 quam
3558 4053 3642 4121 qui
3662 4050 3765 4118 ejus

2191 4137 2417 4206 populus
2441 4146 2615 4202 erant,
2647 4139 2854 4193 reversi
2884 4146 3041 4193 sunt:
3069 4148 3123 4192 et
3152 4139 3435 4194 Dominico
3464 4156 3621 4195 sacro
3640 4142 3765 4207 Qua-

2193 4229 2511 4299 dragesimte
2559 4239 2802 4298 tempore
2852 4230 3177 4296 inchoante,
3221 4246 3660 4301 unumquemque
3702 4233 3761 4283 811

2193 4319 2411 4388 propria
2438 4319 2615 4373 redire
2652 4320 2925 4389 praecepit.
2974 4321 3092 4389 Ipse
3135 4328 3316 4375 autem
3346 4320 3765 4393 Quadragesime

2198 4417 2409 4478 tempus
2437 4409 2635 4464 ibidem
2665 4412 2864 4480 exegit,
2905 4412 3001 4465 sed
3042 4421 3097 4465 et
3136 4411 3358 4466 Pascha:
3388 4414 3762 4467 solemnitatem

500 4473 525 4492 I’
545 4473 555 4475 ‘
577 4473 593 4476 '
613 4473 756 4477 ""'
794 4473 928 4494 ‘i“'1
963 4473 1155 4493 ‘l"""'
1199 4473 1357 4480 ""'"
1387 4473 1497 4480 "'"
1512 4473 1774 4491 "'""'""”
1808 4473 1861 4480 "‘
1887 4473 2071 4480 ”“““““’”““

500 4513 730 4577 remisit,
758 4514 1011 4584 oppilatis
1043 4516 1309 4585 angustiis
1342 4516 1620 4582 itinerum,
1649 4533 1770 4587 qua:
1799 4518 1852 4572 in
1880 4518 2079 4572 Italian

2198 4501 2252 4555 in
2276 4473 2432 4555 LIetis
2458 4473 2923 4555 celebrav'it.'Post
2943 4502 3339 4557 solemnitatem
3360 4518 3531 4572 porro
3550 4504 3757 4559 Pascha-

503 4607 901 4671 transmittunt,
944 4624 1012 4662 ne
1061 4609 1184 4678 quis
1230 4609 1465 4664 transire
1505 4617 1687 4678 posset
1731 4610 1833 4664 nisi
1877 4610 2093 4665 licentia

504 4697 948 4751 custodientium.
1003 4698 1522 4767 Quibusperactis,
1568 4699 1878 4753 Aurelianis
1926 4714 2097 4767 usque

503 4788 753 4856 pervenit
781 4803 905 4843 cum
933 4788 1043 4843 filio
1074 4789 1349 4845 Ludovico
1370 4831 1384 4855 ,
1408 4790 1623 4859 ,ibique
1644 4798 1753 4843 tam
1791 4789 1901 4843 ﬂlio
1936 4804 2097 4858 quam

508 4879 631 4933 aliis
655 4880 829 4935 reditu
866 4882 933 4934 ad
962 4882 1180 4951 propria
1230 4882 1439 4937 indulto
1488 4882 1728 4936 Parisius
1761 4882 1874 4950 ipse
1914 4897 2101 4951 perve-

513 4971 615 5023 nit.
656 4969 856 5024 Habuit
885 4981 1065 5025 autem
1108 4988 1174 5029 eo
1205 4982 1449 5043 tempore
1491 4975 1635 5027 circa
1678 4973 1898 5025 missam
1929 4973 2102 5026 sancti

513 5058 729 5112 Martini
755 5070 1085 5116 conventum
1126 5064 1430 5131 generalem
1474 5063 1527 5115 in
1568 5062 1840 5116 Attiniaco
1881 5062 2102 5134 palatio,

514 5152 604 5205 ubi
639 5167 762 5205 cum
798 5152 967 5206 multa
1008 5166 1295 5223 perperam
1342 5154 1527 5207 inolita
1562 5168 1795 5224 purgare
1830 5153 2105 5207 decrevis-

514 5253 598 5299 set
639 5253 747 5298 tam
798 5245 853 5298 in
900 5246 1290 5302 ecclesiasticis
1315 5262 1476 5315 quam
1506 5246 1738 5315 publicis
1766 5247 1946 5308 rebus,
1978 5255 2105 5299 tunc

513 5336 787 5405 praecipue
827 5336 1049 5392 fuerunt
1100 5338 1223 5393 ista.
1284 5338 1562 5393 Mandavit
1592 5339 1702 5394 lilio
1732 5338 1979 5408 Pippino,
2008 5354 2106 5407 per

517 5425 831 5480 Ermoldum
862 5428 1135 5491 abbatem,
1165 5444 1254 5484 res
1278 5429 1683 5483 ecclesiasticas
1716 5444 1834 5497 qua:
1862 5430 1913 5482 in
1942 5444 2107 5499 regno

521 5512 828 5580 ejuserant,
848 5531 982 5585 quas
1011 5517 1093 5570 vel
1110 5518 1235 5585 ipse
1259 5517 1371 5571 suis
1396 5517 1741 5579 attribuerat,
1765 5515 1849 5570 vel
1876 5516 1976 5591 ipsi
2004 5516 2106 5569 sibi

523 5606 916 5674 praeripuerant
933 5647 948 5672 ,
994 5608 1197 5675 absque
1228 5607 1573 5661 cunctatione
1598 5604 1843 5659 ecclesiis
1867 5590 2105 5659 restitui.

520 5695 713 5751 Missos
743 5699 905 5753 etiam
931 5714 1031 5770 per
1064 5700 1312 5754 civitates
1341 5706 1395 5753 et
1424 5698 1754 5753 monasteria
1782 5698 2104 5763 transmisit,

2197 4595 2323 4661 lem,
2365 4603 2527 4664 atque
2553 4594 2899 4650 Pentecostes
2925 4595 3287 4651 venerabilem
3314 4596 3479 4659 diem,
3513 4597 3763 4650 civitatem

2202 4684 2559 4754 Vangionum,
2586 4701 2706 4755 qua?
2727 4701 2872 4739 nunc
2894 4685 3197 4739 Wormatia
3226 4694 3474 4751 vocatur,
3492 4688 3761 4741 secundum

2202 4774 2506 4828 condictum
2553 4773 2620 4827 ad
2672 4773 3049 4829 celebrandum
3105 4784 3431 4830 conventum
3482 4778 3761 4847 generalem

2203 4863 2335 4916 abiit
2363 4881 2373 4915 :
2418 4864 2507 4916 ubi
2536 4862 2585 4915 ei
2606 4864 2769 4916 etiam
2798 4863 2937 4917 filius
2965 4864 3224 4933 Pippinus
3248 4866 3513 4931 occurrit,
3542 4881 3637 4921 nec
3670 4867 3761 4920 Lu-

2207 4955 2429 5009 dovicus
2457 4955 2594 5009 alter
2620 4955 2737 5024 ejus
2767 4956 2909 5011 filius
2950 4957 3139 5012 defuit.
3177 4960 3324 5014 More
3348 4968 3531 5014 autem
3561 4977 3655 5016 suo
3679 4963 3759 5015 im-

2205 5051 2423 5111 perator
2449 5060 2786 5113 nequaquam
2828 5056 3149 5102 conventum
3181 5050 3343 5104 istum
3371 5066 3401 5103 a
3434 5050 3640 5121 publica
3678 5058 3761 5104 uti—

2207 5137 2359 5190 litate
2400 5152 2595 5192 vacare
2621 5144 2833 5207 'passus
2872 5149 2974 5194 est.
3023 5140 3320 5211 Diligenter
3366 5158 3600 5212 namque
3629 5145 3679 5197 in
3709 5160 3761 5196 ea

2207 5232 2520 5285 examinare
2548 5230 2754 5286 studuit
2774 5232 2901 5300 quid
2922 5234 3123 5302 quique
3150 5235 3440 5290 missorum
3472 5235 3523 5288 in
3554 5236 3761 5289 diversas

2206 5332 2388 5391 partes
2416 5322 2604 5378 directi
2635 5322 2861 5392 egerint.
2897 5324 2963 5377 Et
2989 5325 3116 5393 quia
3145 5325 3309 5396 aliqui
3334 5327 3591 5381 comitum
3618 5328 3664 5380 in
3688 5344 3758 5380 res

2209 5414 2485 5485 pressione
2506 5424 2561 5468 et
2584 5414 3033 5469 exterminatione
3056 5416 3324 5471 latronum
3365 5419 3564 5488 segnes'
3589 5418 3757 5487 reperti

2210 5515 2367 5571 sunt,
2399 5505 2624 5561 diversis
2664 5507 2949 5561 sententiis
2983 5521 3170 5561 eorum
3200 5508 3486 5577 segnitiem
3530 5509 3758 5577 condigna

2212 5600 2515 5655 invectione
2543 5598 2860 5668 castigavit;
2900 5597 3144 5667 filiosque
3165 5607 3219 5652 et
3242 5598 3498 5668 pepulum
3519 5599 3759 5653 admonuit

2212 5698 2271 5745 ut
2310 5690 2617 5761 aequitatem
2665 5687 2967 5760 diligerent,
3003 5696 3359 5759 raptoresque
3396 5690 3755 5759 opprimerent,
