3906 6322
121 323 224 377 1:09

1653 310 1720 365 Π
1727 310 1813 364 TA
1823 351 1834 364 .

3278 315 3382 370 970

119 438 288 492 bonos
312 447 551 503 quosque
575 440 629 486 et
655 445 842 486 eorum
870 429 1239 498 possessiones
1263 429 1329 480 ab
1351 423 1702 494 oppressione
1733 432 1777 488 Α
1800 421 1996 491 jubens
2022 441 2212 495 parare
2237 425 2334 479 sibi
2361 425 2742 495 stipendiarias
2772 442 3031 490 annonas,
3056 428 3384 498 stativasque

117 526 446 588 relevarent,
475 522 853 576 interminatus
880 519 1042 572 etiam
1082 517 1408 571 severiorem
1436 516 1488 568 in
1521 529 1616 568 eos
1641 527 1699 567 se

121 616 439 668 libraturum
473 611 796 666 sententiam
823 609 914 676 qui
951 609 1076 662 huic
1101 605 1454 660 admonitioni
1481 619 1588 658 non
1615 617 1701 658 es-

121 711 243 758 sent
269 701 711 772 obtemperaturi.
736 697 977 767 Cumque
1005 698 1074 752 ab
1099 697 1200 750 hoc
1223 695 1421 764 p‘lacito
1448 693 1701 762 populum

121 795 440 858 dimitteret,
461 800 516 847 et
537 805 768 860 sequens
790 790 844 843 in
875 787 1182 842 Theodonis
1206 785 1332 839 villa
1357 793 1480 854 post
1497 783 1703 837 Pascha

122 880 510 942 constituisset,
541 878 606 931 ad
633 876 976 932 hiemandum
1003 873 1327 943 Aquisgrani
1359 887 1417 926 se
1445 870 1668 928 contulit
1687 887 1708 922 :-

124 971 342 1039 ﬁlioque
381 983 479 1023 suo
515 968 772 1022 Lothario
809 964 1086 1020 mandavit
1127 973 1186 1018 ut
1225 962 1435 1016 nobiles
1466 975 1708 1030 quosque

124 1079 348 1120 suorum
377 1061 442 1116 ad
476 1061 725 1116 eumdem
767 1059 945 1114 locum
987 1056 1278 1132 dirigeret,
1323 1061 1590 1122 quatenus
1621 1066 1708 1105 rc-

124 1151 520 1208 cnnciliationis
555 1159 756 1205 mutua:
779 1150 922 1203 inter
951 1161 1009 1201 se
1044 1156 1099 1199 et
1135 1143 1283 1198 illum
1314 1142 1450 1196 ratio
1482 1139 1709 1195 investi-

125 1255 360 1316 garetur.
390 1244 630 1312 Augusta
655 1241 838 1296 Judith
862 1255 983 1310 cum
1014 1235 1343 1293 consiliariis
1371 1230 1712 1301 imperatoris

125 1336 353 1392 consilio
382 1336 534 1399 inito,
565 1349 631 1406 eo
659 1331 803 1403 quod
822 1329 1076 1393 valentia,
1109 1336 1170 1381 ut
1199 1326 1505 1388 videbatur,
1544 1322 1713 1390 impe-

127 1428 325 1482 ratoris
350 1441 547 1495 corpus
591 1439 715 1479 mox
744 1422 1064 1478 destitueret
1085 1459 1100 1485 ,
1147 1427 1202 1473 et
1237 1431 1383 1472 mors
1417 1415 1711 1485 ingrueret,

126 1527 179 1573 et
208 1519 310 1573 sibi
336 1527 390 1572 et
421 1516 617 1572 Carolo
646 1513 946 1585 periculum
976 1511 1306 1575 immineret,
1346 1507 1451 1563 nisi
1480 1506 1716 1574 aliquem

127 1608 359 1662 fratrum
412 1606 514 1660 sibi
564 1604 923 1666 asciscerent,
979 1597 1453 1667 conjectantesque
1509 1593 1713 1648 nullum

128 1699 360 1753 ﬁliorum
400 1694 741 1766 imperatoris
765 1702 876 1747 tam
898 1691 1308 1748 convenientem
1333 1689 1458 1758 huic
1479 1687 1557 1742 rei
1579 1687 1714 1741 sicut

1803 529 2071 582 congruas
2101 530 2196 584 per
2223 531 2382 569 omne
2413 516 2542 578 iter,
2595 517 2734 586 qued
2784 516 3008 569 Romam
3049 519 3382 575 transmittit.

1805 605 2027 661 Dicebat
2057 607 2206 662 enim
2235 622 2292 660 se
2325 606 2510 660 limina
2537 608 2818 662 beatorum
2847 608 3209 677 apostolorum
3248 610 3388 663 invi-

1805 713 1926 754 sere
1963 697 2118 753 velle.
2150 697 2301 764 Quod
2331 713 2399 752 ne
2435 700 2616 764 fieret,
2661 698 2889 767 irruptio
2917 699 3389 756 Nordmannorum

1808 791 1860 845 in
1891 791 2117 844 Frisiam
2154 790 2450 859 impedivit.
2495 789 2577 844 Ad
2607 806 2837 860 quorum
2872 792 3212 847 insolentiam
3243 808 3391 847 com-

1807 883 2142 952 primendam
2181 896 2445 953 pergens,
2494 883 2643 938 misit
2684 883 2880 936 missos
2924 883 2990 936 ad
3037 883 3390 945 Lotharium,

1809 971 2099 1045 Fulconem
2125 971 2332 1025 scilicet
2355 970 2625 1035 abbatem,
2661 981 2716 1025 et
2753 972 3078 1026 Richardum
3104 974 3358 1028 comitem
3377 1014 3392 1038 ,

1812 1078 1912 1117 nec
1941 1078 2046 1117 non
2075 1062 2438 1117 Adrcbaldum
2469 1063 2740 1117 abbatem.
2766 1062 3004 1128 Quorum
3029 1062 3196 1120 Fulco
3223 1073 3278 1120 et
3304 1063 3396 1118 Ri—

1812 1152 2046 1206 chardus
2073 1166 2387 1222 responsum
2418 1152 2520 1206 sibi
2547 1167 2576 1205 a
2603 1151 2862 1207 Lothario
2894 1153 3160 1208 referrent
3185 1174 3197 1208 :
3227 1156 3400 1210 Adre-

1813 1241 2004 1295 baldus
2038 1256 2200 1310 porro
2226 1240 2451 1295 Romam
2478 1250 2745 1312 pergeret,
2777 1240 3098 1313 Gregorium
3121 1259 3310 1312 papam
3334 1245 3404 1298 de

1815 1329 2137 1384 necessariis
2163 1329 2526 1393 consulturus,
2571 1339 2625 1385 et
2667 1330 3000 1385 voluntatem
3032 1331 3400 1401 imperatoris,

1816 1431 2120 1490 cmteraque
2147 1421 2246 1476 sibi
2273 1420 2510 1488 injuncta
2534 1422 2856 1491 perlaturus.
2894 1421 3000 1477 Sed
3024 1422 3315 1477 Lotharius
3335 1420 3404 1474 de

1817 1513 1904 1567 his
1931 1520 2250 1575 conventus,
2288 1526 2388 1567 nec
2418 1527 2524 1566 non
2551 1513 2616 1566 de
2648 1513 2807 1567 rebus
2834 1515 3190 1582 quarumdam
3227 1513 3402 1567 eccle-

1819 1603 2022 1658 siarum
2051 1601 2267 1666 ablatis,
2287 1617 2407 1671 qua:
2431 1602 2482 1654 in
2508 1601 2660 1655 italia
2685 1610 2828 1666 sunt,
2847 1602 3166 1670 quibusdam
3190 1603 3400 1665 annuit,

1820 1692 2067 1762 qumdam
2097 1707 2155 1746 se
2186 1707 2293 1746 non
2335 1706 2494 1760 posse
2532 1706 2752 1746 servare
2797 1693 3090 1761 respondit.
3140 1692 3206 1746 Et
3241 1691 3406 1746 Fulco

127 1789 478 1853 Lotharium,
527 1786 732 1842 hortati
782 1793 910 1841 sunt
951 1785 1334 1853 imperatorem
1376 1788 1438 1834 ut
1484 1779 1550 1833 ad
1594 1792 1718 1832 eum
1750 1767 1795 1827 Β
1823 1781 2040 1852 quidem
2080 1789 2240 1850 atque
2277 1781 2582 1836 Richardus
2630 1781 2942 1850 imperatori
2990 1797 3020 1835 a
3065 1782 3238 1837 Frisia
3284 1791 3408 1852 post

129 1879 326 1933 missos
355 1876 613 1947 pacificos
642 1876 882 1929 mitteret
907 1882 962 1928 et
991 1873 1058 1928 ad
1084 1873 1190 1928 hoc
1234 1871 1412 1942 ipsum
1440 1869 1716 1924 invitaret.

128 1970 258 2037 Qui,
301 1978 361 2023 ut
405 1968 525 2039 paci
575 1981 792 2036 semper
821 1966 1083 2030 studens,
1127 1979 1452 2035 semperque
1495 1961 1721 2016 dilector

128 2063 275 2132 pacis
305 2068 468 2129 atque
507 2069 715 2114 amator
756 2059 1062 2122 ﬁrmitatis,
1110 2057 1387 2126 quaerebat
1425 2071 1530 2110 non
1563 2055 1722 2108 modo

130 2155 288 2218 ﬁlios,
332 2153 426 2208 sed
456 2161 512 2207 et
551 2151 808 2211 inimicos
837 2150 938 2204 sibi
984 2148 1252 2203 elraritate
1301 2147 1466 2211 uniri,
1493 2145 1724 2199 libenter

130 2259 386 2300 assensus
409 2253 514 2297 est.
536 2242 590 2295 In
618 2226 865 2297 condicta
894 2255 1057 2312 porro
1080 2240 1226 2303 villa,
1249 2249 1306 2293 et
1333 2247 1572 2308 tempore
1593 2253 1725 2307 prae-

131 2333 299 2393 ﬁnito,
333 2330 553 2384 adfuere
577 2329 729 2384 missi
754 2345 784 2384 a
815 2329 948 2393 ﬁlio,
977 2344 1112 2398 quos
1143 2329 1257 2398 ipse
1284 2328 1572 2397 prmcepit,
1606 2327 1723 2398 plu-

133 2423 272 2486 rimi,
323 2423 460 2474 inter
489 2435 625 2489 quos
669 2421 833 2473 etiam
873 2419 1030 2474 Wala
1075 2419 1284 2488 primus
1315 2417 1509 2472 adfuit.
1551 2418 1724 2473 Causa

131 2524 306 2567 autem
338 2513 594 2583 praedicta
617 2510 898 2575 ventilata,
929 2519 1090 2579 atque
1113 2510 1180 2563 ad
1207 2509 1412 2563 calcem
1439 2509 1720 2578 perducta,

132 2605 426 2673 imperator
451 2619 574 2657 eum
602 2601 831 2673 conjuge
860 2600 1204 2657 reconciliari
1251 2599 1452 2661 voluit,
1485 2599 1722 2670 primum

134 2693 229 2762 ipsi
275 2691 445 2746 Wala:
492 2693 729 2747 dimissis
771 2706 1108 2762 quaecunque
1146 2691 1202 2744 in
1252 2695 1346 2745 eos
1377 2689 1727 2744 commiserat

133 2784 364 2848 delictis,
381 2785 549 2839 multa
562 2785 843 2840 alacritate
859 2792 912 2838 et
925 2783 1259 2853 benignitate
1271 2782 1451 2836 cordis
1471 2799 1484 2847 ;
1504 2781 1726 2834 manda-

133 2878 312 2945 vitque
340 2889 434 2944 per
459 2890 583 2929 eum
609 2885 661 2930 et
688 2884 914 2930 caeteros
934 2873 1043 2928 ﬁlio
1064 2874 1281 2936 missos,
1314 2880 1371 2926 ut
1399 2870 1724 2942 quantocius

134 2966 357 3018 veniret.
391 2965 542 3031 Quod
576 2965 621 3019 si
651 2964 886 3029 faceret,
921 2963 1322 3019 consultissime
1349 2962 1450 3016 sibi
1482 2961 1723 3025 futurum

135 3055 316 3110 sciret.
345 3055 446 3121 Qui
468 3055 762 3119 redierunt,
789 3062 845 3109 et
874 3055 983 3108 lilio
1010 3067 1126 3108 rem
1160 3052 1480 3107 retulerunt.
1513 3048 1627 3104 Sed
1653 3061 1724 3104 ne

137 3145 445 3200 mandatum
491 3146 835 3215 imperatoris
877 3146 943 3200 ad
992 3144 1242 3198 ell‘ectum
1288 3144 1716 3212 perduceretur,

135 3236 354 3290 morbus
381 3234 653 3303 febrisque
682 3236 1020 3299 intercessit,
1055 3245 1110 3290 et
1146 3234 1356 3290 Walam
1385 3236 1602 3305 quidem
1636 3249 1722 3290 re-

135 3328 234 3383 bus
271 3327 522 3382 humanis
548 3328 792 3392 abduxit,
826 3328 1141 3382 Lotharium
1173 3343 1304 3382 vero
1345 3328 1543 3382 lectulo
1584 3325 1719 3395 deji-

135 3418 304 3483 ciens,
347 3417 584 3471 maxinio
629 3426 868 3488 tempore
912 3418 1165 3488 languere
1217 3417 1364 3472 fecit.
1425 3419 1722 3487 Imperator

137 3524 261 3564 vero
292 3509 746 3565 clementissimus
787 3518 980 3564 natura
999 3519 1030 3574 g‘
1049 3518 1109 3564 ut
1134 3510 1302 3565 ﬁlium
1331 3511 1554 3567 adversa
1579 3512 1722 3566 valc-

138 3597 321 3652 tudine
363 3606 670 3666 correptum
701 3600 923 3660 audivit,
971 3614 1069 3668 per
1101 3600 1296 3654 missos
1346 3600 1718 3664 ﬁdelissimos,

138 3685 342 3740 scilicet
369 3685 645 3756 Hugonem
675 3687 897 3742 fratrem
937 3704 1124 3753 suum,
1159 3698 1213 3743 et
1247 3689 1596 3760 Adalgarium
1626 3705 1718 3745 co-

138 3773 346 3840 mitem,
368 3789 493 3829 cum
520 3776 774 3842 visitavit,
817 3787 978 3846 atque
1009 3779 1191 3833 omnia
1231 3779 1349 3848 ejus
1384 3779 1723 3841 incommoda

140 3863 340 3918 rescire
382 3864 623 3917 studuit:
669 3866 910 3924 imitatus
957 3867 1210 3923 videlicet
1253 3870 1470 3923 beatum
1516 3869 1720 3935 David,

138 3953 249 4021 qui,
275 3953 458 4008 multis
479 3954 926 4010 insectationibus
951 3957 1234 4012 lacessitus
1263 3973 1294 4011 a
1326 3957 1458 4024 ﬁlio,
1492 3968 1721 4015 mortem

140 4053 317 4096 tamen
347 4041 463 4109 ejus
489 4045 770 4114 aegerrime
797 4046 934 4100 tulit.
962 4047 1033 4099 At
1060 4062 1191 4102 vero
1226 4058 1514 4118 postquam
1555 4051 1724 4106 desc-

138 4131 317 4185 vientc
347 4131 604 4202 languore
627 4133 916 4199 convaluit,
940 4136 1245 4190 nuntiatum
1273 4146 1356 4191 est
1384 4138 1720 4208 imperatori,

139 4233 202 4273 eo
223 4220 369 4289 quod
397 4221 735 4277 conditiones
771 4233 1236 4280 sacramentorum
1265 4226 1465 4280 dudum
1492 4229 1722 4296 promis-

139 4325 225 4365 sas
255 4312 600 4381 irrumperet,
645 4315 984 4383 maximeque
1024 4316 1307 4370 ecclesiam
1353 4319 1525 4372 sancti
1551 4318 1719 4384 Petri,

138 4413 300 4468 quam
326 4408 433 4454 tam
455 4415 588 4454 avus
617 4400 730 4468 ejus
746 4401 1025 4471 Pippinus,
1041 4419 1204 4473 quam
1234 4415 1389 4474 pater
1417 4405 1533 4474 ejus
1558 4407 1723 4463 Caro-

139 4487 244 4554 lus,
276 4504 378 4545 nec
406 4506 512 4544 non
551 4492 662 4559 ipse
706 4493 759 4546 in
807 4494 1026 4548 tutelam
1073 4509 1445 4567 susceperant,
1479 4501 1726 4555 homines

138 4580 255 4649 ejus
295 4582 670 4638 crudelissima
713 4584 865 4640 clade
892 4597 1168 4641 vexarent.
1200 4589 1330 4654 Quae
1367 4606 1455 4644 res
1483 4592 1724 4646 animum

142 4672 283 4741 illius
308 4673 653 4728 mitissimum
679 4676 814 4730 adeo
851 4680 1208 4748 exasperavit,
1245 4688 1304 4733 ut
1327 4683 1725 4749 quodammodo

141 4762 588 4828 extraordinario,
606 4773 664 4817 ut
690 4765 989 4830 videbatur,
1012 4770 1206 4823 missos
1227 4770 1498 4840 dirigeret,
1520 4773 1724 4828 nullum

141 4868 277 4923 pene
303 4853 368 4908 ad
399 4862 605 4908 tantum
638 4856 741 4909 iter
770 4857 1164 4913 conﬁciendum
1192 4861 1423 4928 spatium
1456 4848 1720 4916 t'ribuens.

145 4943 287 4998 Misit
313 4944 520 5016 legatos
540 4946 610 5003 ad
627 4946 964 5012 Lotharium,
985 4965 1332 5006 commoneas
1363 4968 1429 5006 ne
1454 4953 1579 5007 talia
1606 4952 1722 5008 ﬁeri

143 5033 479 5102 permitteret
503 5052 514 5088 :
556 5049 783 5090 monens
807 5045 867 5090 ut
897 5053 1103 5094 memor
1127 5048 1273 5094 esset
1294 5041 1418 5110 quia
1439 5043 1654 5111 quando
1675 5045 1722 5098 ei

146 5140 368 5198 regnum
393 5127 819 5194 Italiae-donavit,
848 5130 1009 5185 etiam
1035 5146 1222 5185 curam
1247 5142 1448 5188 sanctae
1471 5133 1725 5190 Romanae

146 5219 401 5274 Ecclesiae
442 5220 603 5275 simul
642 5221 946 5287 commisit,
985 5231 1042 5276 et
1084 5239 1244 5292 quam
1289 5225 1358 5279 ab
1399 5227 1726 5282 adversariis

146 5310 530 5365 defensandam
567 5323 902 5381 susceperat,
945 5329 1285 5386 nequaquam
1334 5333 1364 5370 a
1411 5318 1524 5372 suis
1550 5319 1727 5388 dirupi

146 5398 503 5469 permitteret.
549 5399 911 5457 Commonens
936 5405 1100 5458 etiam
1137 5415 1597 5461 sacramentorum
1625 5424 1725 5461 nu-

148 5504 245 5558 per
279 5489 346 5542 ab
389 5504 454 5544 eo
501 5491 602 5544 sibi
651 5491 1077 5560 promissorum,
1115 5510 1184 5549 ne
1227 5493 1366 5550 forte
1407 5493 1730 5552 Oblivisceris

151 5585 310 5647 atque
333 5579 729 5654 parvipendens
751 5596 815 5636 ea
845 5583 1192 5640 Divinitatem
1230 5583 1544 5640 offenderet.
1577 5585 1732 5653 Quod

1753 3101 1798 3166 C

1821 1873 1999 1944 fugam
2030 1873 2500 1929 Nordmannorum
2531 1875 2843 1941 revertenti,
2887 1875 3012 1930 talia
3053 1877 3304 1931 nuntiant
3350 1876 3406 1929 in

1821 1964 2225 2020 Franconoford
2269 1965 2506 2035 palatio:
2550 1964 2638 2018 ubi
2682 1965 2794 2035 ipse
2835 1967 3201 2020 autumnalem
3251 1980 3410 2046 exer-

1821 2075 1950 2113 cens
1973 2060 2332 2124 venationem,
2358 2059 2651 2112 hiematum
2675 2058 3012 2128 Aquasgrani
3036 2073 3155 2113 sese
3182 2073 3409 2113 conver-

1823 2150 1908 2203 tit.
1941 2149 2010 2202 At
2032 2164 2162 2202 vero
2193 2149 2534 2203 Adrebaltlus
2558 2149 2802 2209 Romam,
2838 2156 2894 2202 ut
2921 2147 3133 2216 jussum
3163 2147 3266 2204 sibi
3296 2147 3410 2202 fur-

1825 2250 1929 2305 rat,
1954 2241 2219 2310 pervenit,
2248 2240 2524 2295 dominum
2553 2239 2872 2309 Gregorium
2903 2255 3094 2309 papam
3132 2247 3409 2310 aegrotan-

1825 2340 1932 2386 tem
1982 2331 2211 2400 reperit,
2259 2339 2314 2386 et
2353 2332 2586 2385 maxime
2624 2330 2768 2385 fluxu
2809 2331 3113 2401 sanguinis,
3157 2332 3249 2400 qui
3283 2331 3414 2386 licet

1825 2423 2049 2488 sensim,
2095 2424 2349 2478 continue
2385 2431 2562 2478 tamen
2610 2439 2675 2478 ex
2711 2423 2932 2478 naribus
2967 2422 3254 2478 defluebat.
3299 2423 3405 2477 Sed

1826 2523 1974 2568 tanta
2007 2514 2290 2570 alacritate
2334 2523 2390 2569 et
2435 2515 2628 2584 gaudio
2668 2516 2733 2570 ad
2772 2515 2932 2570 verba
2984 2515 3326 2584 imperatoris
3359 2527 3415 2570 et

1827 2603 2228 2672 compassiones
2257 2605 2374 2674 ejus
2404 2613 2678 2659 recreatus
2712 2616 2814 2669 est,
2866 2613 2924 2658 ut
2971 2605 3319 2674 proﬁteretur
3355 2621 3414 2660 se

1827 2707 1964 2760 pene
1998 2692 2459 2747 incommoditatis
2482 2693 2713 2762 propriae
2735 2693 2978 2748 oblitum.
3005 2695 3188 2762 itaque
3209 2704 3264 2749 et
3286 2697 3414 2750 mis-

1827 2794 1944 2832 sum
1973 2779 2040 2832 ad
2085 2793 2142 2834 se
2169 2779 2578 2848 opulentissime
2607 2781 2816 2834 curavit
2845 2782 2984 2850 apud
3031 2797 3088 2836 se
3115 2785 3415 2839 consisten-

1828 2879 1972 2934 tem,
2023 2878 2079 2924 et
2127 2870 2392 2925 ditissime
2439 2871 2742 2924 muneravit
2787 2872 3158 2927 recedentem:
3194 2875 3416 2928 mittens

1827 2975 1949 3014 cum
1977 2975 2042 3014 co
2069 2961 2202 3015 duos
2225 2962 2529 3031 episcopos,
2562 2960 2780 3016 Petrum
2807 2961 3286 3018 Centumcellensis
3324 2982 3416 3020 ur-

1827 3053 1928 3117 bis,
1957 3063 2012 3108 et
2033 3052 2322 3124 Georgium
2354 3054 2716 3124 regionarium
2761 3053 3019 3110 Romana:
3066 3056 3216 3110 urbis
3251 3057 3415 3112 simul

1829 3145 2162 3215 episcopum.
2181 3143 2470 3198 Lotharius
2493 3160 2654 3212 porro
2673 3153 2730 3199 ut
2758 3144 2961 3199 audivit
2990 3156 3415 3202 mcmoratorum

1825 3236 2206 3306 episcoporum
2255 3235 2320 3288 ad
2360 3235 2635 3288 dominum
2676 3235 3058 3305 imperatorem
3091 3237 3414 3301 adventum,

1828 3326 1980 3379 misit
2008 3325 2266 3389 Leonem,
2292 3325 2382 3394 qui
2414 3334 2525 3379 tum
2554 3326 2693 3393 apud
2725 3325 2872 3379 illum
2901 3329 3082 3396 magni
3111 3325 3214 3380 loci
3246 3327 3414 3382 habe-

1825 3415 2005 3480 batur,
2035 3415 2331 3470 Bononiam
2359 3434 2370 3468 :
2417 3416 2506 3484 qui
2534 3431 2726 3484 magno
2755 3416 3021 3470 intentato
3057 3423 3300 3482 terrore,
3329 3419 3416 3471 ul-

1826 3515 1906 3560 tra
1927 3507 2178 3576 progredi
2210 3507 2490 3576 episcopos
2533 3505 2826 3574 prohibuit.
2868 3506 3207 3560 Adrebaldus
3235 3515 3417 3562 tamen

1823 3597 2108 3665 epistolam
2138 3596 2452 3666 imperatori
2482 3594 2806 3649 destinatam
2839 3595 2906 3649 ab
2939 3596 3021 3650 eis
3062 3597 3273 3652 occulte
3299 3611 3417 3651 sus-

1823 3687 1986 3756 cepit,
2019 3693 2072 3740 et
2094 3685 2306 3740 cuidam
2335 3700 2557 3739 suorum
2589 3686 2690 3738 sub
2719 3683 2939 3738 obtentu
2985 3684 3239 3750 mendici,
3282 3699 3420 3754 quo-

1823 3791 1993 3845 usque
2024 3776 2186 3844 Alpes
2219 3776 2498 3838 transiret,
2542 3775 2821 3829 ferendam
2861 3776 3164 3838 commisit,
3195 3791 3258 3831 ac
3285 3785 3411 3844 post

1828 3867 2141 3936 imperatori
2170 3865 2432 3933 porrexit.
2465 3865 2539 3917 Ea
2563 3871 2883 3933 tempestate
2905 3873 3105 3933 quanta
3135 3864 3250 3918 lues
3277 3879 3416 3918 mor-

1827 3957 1950 4012 talis
1977 3956 2230 4026 populum
2273 3957 2361 4024 qui
2391 3955 2706 4009 Lotharium
2736 3961 2954 4009 secutus
2991 3963 3099 4019 est,
3133 3954 3412 4012 invaserit.

1825 4049 2132 4104 miserabile
2162 4057 2246 4102 est
2273 4047 2439 4101 dictu.
2465 4047 2522 4100 lu
2545 4047 2694 4100 brevi
2722 4047 2886 4109 enim,
2921 4046 2973 4100 id
3004 4057 3086 4099 cst
3111 4061 3140 4098 a
3163 4045 3419 4101 Kalendis

1827 4137 2160 4207 Septembris
2190 4154 2360 4207 usque
2385 4139 2450 4192 ad
2491 4139 2710 4193 missam
2739 4138 2915 4192 sancti
2946 4137 3185 4200 Martini,
3219 4138 3272 4191 hi
3301 4138 3415 4206 pri-

1825 4243 2006 4282 mores
2025 4227 2141 4295 ejus
2161 4229 2268 4282 vita
2297 4237 2682 4282 excesserunt:
2705 4227 2858 4283 Jesse
2877 4229 3006 4283 olim
3033 4228 3416 4282 Ambianeusis

1825 4317 2129 4387 episcopus,
2158 4316 2342 4372 Helias
2374 4318 2709 4372 Trecassinre
2736 4319 2884 4373 urbis
2919 4319 3224 4387 episcopus,
3256 4307 3417 4372 ῖῗειῖιι

1827 4411 2169 4465 Corlieiensis
2192 4411 2501 4464 monasterii
2527 4411 2709 4474 abbas,
2739 4410 3040 4473 Matfridus,
3065 4408 3240 4478 ﬂugo.
3263 4409 3419 4462 Lam-

1829 4501 2053 4570 bertus,
2078 4499 2431 4562 Godofridus,
2467 4501 2700 4568 itemque
2739 4500 2880 4554 ﬁlius
2906 4499 3026 4570 ejus
3055 4497 3411 4560 Godofridus,

1829 4589 2080 4644 Albertus
2104 4605 2285 4644 comes
2313 4589 2608 4654 Pertensis,
2634 4591 2961 4660 Burgaretus
2986 4589 3256 4658 quondam
3279 4604 3416 4658 prm-

1829 4681 2002 4735 fectus
2049 4682 2397 4736 venatoribus
2439 4680 2728 4752 regalibus,
2773 4681 2864 4734 sed
2897 4692 2951 4734 et
2979 4679 3282 4734 Richardus
3324 4680 3415 4733 vix

1827 4771 2017 4824 evasit.
2063 4769 2179 4824 Non
2221 4777 2340 4839 post
2375 4770 2599 4824 nuiltum
2631 4779 2684 4822 et
2715 4770 2828 4838 ipse
2877 4769 3124 4823 moritur.
3172 4767 3235 4821 lli
3267 4767 3414 4822 enim

1827 4869 1985 4916 erant
2014 4876 2242 4929 quorum
2275 4861 2497 4915 decessu
2542 4860 2819 4914 dicebatur
2862 4857 3087 4912 Francia
3130 4857 3412 4911 nobilitate

1828 4951 2040 5017 orbata,
2077 4951 2387 5004 fortitudine
2407 4950 2560 5019 quasi
2584 4949 2764 5003 nervis
2791 4947 3016 5002 succisis
3036 4947 3264 5008 evirata,
3288 4960 3416 5014 prus

1830 5043 2010 5097 dentia
2033 5042 2118 5095 lns
2143 5039 2465 5095 obeuntibus
2490 5038 2784 5092 aunullata.
2811 5037 2917 5092 Sed
2947 5038 3033 5091 his
3059 5035 3268 5090 subruti
3293 5049 3412 5090 sos-

1830 5133 2000 5188 tendit
2039 5133 2180 5188 Deus
2217 5147 2380 5200 quam
2407 5130 2656 5195 salubre,
2693 5145 2854 5198 quam
2902 5127 3166 5182 laudabile
3199 5129 3270 5181 sit
3313 5126 3412 5180 ob-

1831 5240 2070 5289 servare,
2097 5223 2239 5294 quod
2261 5239 2324 5278 ex
2351 5238 2446 5278 ore
2477 5221 2592 5290 ejus
2627 5223 2887 5292 probatur
2913 5220 3206 5290 procedere
3230 5235 3244 5272 :
3289 5219 3414 5274 Non

1830 5315 2103 5384 glorietur,
2134 5314 2402 5382 inquiens,
2434 5314 2639 5383 sapiens
2667 5313 2719 5365 in
2754 5311 3011 5380 sapientia
3041 5328 3158 5373 sua,
3192 5327 3282 5363 nec
3305 5309 3414 5378 for-

1829 5408 1895 5461 tis
1922 5408 1976 5460 in
2005 5405 2313 5476 fortitudine
2337 5422 2452 5470 sua,
2483 5420 2572 5458 nec
2597 5403 2740 5456 dives
2767 5403 2822 5454 in
2844 5401 3039 5454 divitiis
3065 5401 3192 5454 suis.
3227 5398 3331 5454 Sed
3357 5408 3414 5451 et

1832 5496 2173 5566 imperatoris
2195 5495 2436 5548 animum
2455 5493 2578 5563 quis
2599 5493 2827 5546 miretur
2845 5491 3028 5559 digne,
3045 5499 3244 5560 quanta
3270 5489 3413 5543 hunc

1832 5587 2186 5656 temperantia
2209 5586 2386 5641 divina
2427 5583 2807 5653 gubernaverit
2840 5580 3168 5637 clementia?
3200 5579 3414 5634 Etenim

151 5668 249 5723 sibi
272 5669 490 5738 impune
511 5686 618 5725 non
644 5669 883 5726 futurum
915 5689 1021 5730 non
1045 5676 1337 5746 ignoraret.
1370 5675 1541 5732 Simul
1565 5678 1726 5732 etiam
1833 5677 1936 5731 hoc
1964 5684 2215 5746 suscepto
2253 5681 2462 5741 nuntio,
2490 5689 2590 5729 nec
2618 5673 2671 5727 in
2699 5687 2758 5727 se
2783 5671 3095 5732 exsultavit,
3124 5685 3224 5726 nec
3249 5667 3412 5725 morti

511 5759 784 5821 PATROL.
831 5761 988 5824 CIV.

2863 5762 2932 5820 31
