3906 6320
457 341 554 398 9η

1610 341 1936 400 ιυυονιει
1977 339 1997 395 ι
2037 336 2512 396 COGNOMENTO
2552 338 2638 395 PII

3643 351 3746 408 872

448 453 796 510 inimicorum
827 451 1138 516 insultavit;
1175 453 1268 510 sed
1299 465 1480 524 pugno
1506 464 1723 524 pectore
1751 463 1929 520 tunso,
1971 454 2044 506 la-
2073 458 2124 517 Α
2149 450 2265 507 ι)ωο
2289 451 2480 522 scripsi
2505 492 2520 518 ,
2564 462 2620 508 et
2647 468 2737 524 qui
2765 454 2925 525 hujus
2951 459 3027 513 rei
3048 459 3345 515 scientiam
3385 462 3590 516 habere
3621 478 3742 518 cre-

446 542 756 617 crymisque
779 534 951 599 oculis
978 544 1227 615 oppletis,
1255 544 1425 600 Deum
1455 545 1561 600 illis
1589 547 1883 616 propitium
1922 543 2039 598 fieri

448 650 571 691 cum
595 634 799 706 ingenti
824 635 1029 706 gemitu
1067 643 1321 706 precatus
1355 644 1457 691 est.
1506 636 1620 692 Hoc
1657 646 1897 706 tempore
1921 633 2041 698 Bri:-

2145 539 2334 606 debar,
2365 543 2673 610 percontari
2703 544 2908 601 studuit
2935 548 3066 617 quid
3099 564 3263 619 super
3294 551 3398 606 hoc
3429 553 3564 606 mihi
3597 553 3747 608 vide-

2143 639 2316 685 retur.
2343 632 2387 686 Δ
2424 647 2531 702 quo
2554 649 2678 688 cum
2711 643 2923 707 tempus
2949 647 3190 710 peterem
3231 657 3342 710 quo
3367 641 3568 697 faciem
3601 643 3746 699 side-

446 738 634 782 ιοῃυηι
659 726 908 797 impetus
935 736 1153 783 emotus
1184 736 1290 794 est,
1316 729 1412 784 sed
1447 738 1558 784 tam
1598 728 1754 786 facile
1783 729 2044 800 conquie—
2144 720 2219 775 ris
2241 721 2646 779 considerarem
2669 766 2685 792 ,
2717 740 2781 780 ac
2811 743 2908 798 per
2935 729 3049 785 hzec
3077 732 3157 784 rei
3187 733 3480 788 veritatem
3519 735 3744 790 investi-

445 824 542 888 vit,
566 837 729 892 quam
757 822 1053 894 imperator
1075 823 1128 877 in
1159 836 1282 879 eum
1308 839 1458 894 spem
1488 825 1668 894 posuit
1688 824 1777 880 cui
1805 823 2040 879 veracis-

443 915 579 970 sime
609 913 845 969 dicitur:
888 911 1078 969 Subest
1121 915 1258 968 enim
1299 913 1414 981 tibi,
1445 914 1688 980 Domine,
1720 932 1838 968 cum
1863 914 2040 969 volue-

443 1005 539 1070 ris,
562 1021 731 1074 posse.

513 1097 570 1152 In
609 1097 740 1168 ipsis
769 1098 936 1153 etiam
966 1098 1157 1156 diebus
1184 1141 1199 1167 ,
1239 1100 1296 1155 in
1326 1103 1522 1171 quibus
1563 1098 2039 1154 Purillcatiobea—

442 1190 667 1245 tissimae
697 1204 913 1260 semper
929 1190 1158 1262 virginis
1180 1191 1364 1246 Maria:
1385 1191 1713 1256 celebratur,
1737 1198 2037 1246 conventus

442 1281 662 1350 quidem
693 1295 938 1350 magnus,
972 1281 1068 1335 sed
1095 1283 1370 1352 praecipue
1392 1282 1770 1352 episcoporum
1789 1321 1805 1345 ,
1839 1280 2037 1350 Aquis-

440 1372 596 1442 grani
625 1373 875 1428 convenit
903 1372 1076 1446 (836).
1106 1373 1165 1428 in
1191 1389 1300 1444 quo
1323 1389 1448 1429 cum
1471 1373 1539 1429 de
1567 1373 1688 1429 aliis
1709 1373 2037 1428 utilitatibus

439 1466 696 1523 Ecclesia:
729 1468 1097 1532 necessariis,
1149 1475 1263 1522 tum
1317 1467 1591 1539 pracipue
1629 1469 1696 1524 de
1742 1467 1827 1524 his
1874 1469 2037 1523 rebus

438 1565 691 1625 questum
734 1567 834 1622 est,
867 1571 1004 1626 quas
1040 1554 1301 1627 Pippinus
1339 1565 1395 1612 et
1423 1557 1505 1612 sui
1557 1557 1741 1612 multis
1779 1557 2035 1613 Ecclesiis

437 1645 793 1701 abstulerunt.
841 1645 923 1702 0b
950 1661 1112 1716 quam
1152 1661 1266 1702 rem
1296 1647 1598 1718 imperialis
1641 1649 1938 1703 auctoritas
1980 1658 2037 1704 et

436 1723 743 1794 communis
763 1738 979 1793 concilii
1008 1738 1484 1794 commonitorium
1507 1739 1812 1806 ordinatur,
1836 1741 2034 1810 quibus

435 1837 881 1884 commoneretur
911 1829 1174 1899 Pippinus
1199 1837 1255 1884 et
1277 1829 1360 1884 sui
1399 1845 1521 1885 cum
1549 1836 1751 1900 quanto
1791 1830 2034 1900 periculo

434 1935 524 1975 res
564 1918 966 1975 ecclesiasticas
1014 1921 1375 1990 pervaserint.
1412 1919 1544 1987 Quae
1591 1934 1678 1975 res
1713 1935 2035 1991 prosperum

437 2011 679 2083 suscepit
729 2012 960 2067 exitum.
1019 2010 1158 2066 Nam
1197 2011 1459 2084 Pippinus
1499 2013 1704 2067 monita
1747 2012 1821 2082 pii
1863 2011 2036 2081 patris

435 2112 856 2172 sanctorumque
886 2102 1128 2157 virorum
1159 2101 1393 2159 libenter
1416 2101 1750 2172 suscipiens,
1775 2101 2037 2157 obedien-

431 2202 510 2249 ter
542 2194 755 2264 paruit,
781 2203 839 2248 et
865 2193 1048 2248 omnia
1077 2194 1260 2249 invasa
1289 2194 1500 2250 restitui
1532 2195 1698 2250 etiam
1725 2208 1822 2264 per
1849 2193 2034 2249 annuli

432 2286 513 2340 sui
545 2285 957 2356 impressionem
989 2287 1294 2342 constituit.
1328 2286 1645 2340 Proximum
1671 2286 1800 2341 huic
1834 2286 2034 2356 placito

431 2384 758 2432 conventum
806 2375 1105 2447 imperator
1150 2376 1204 2431 in
1243 2391 1382 2447 pago
1426 2375 1770 2446 Lugdunensi
1822 2377 2031 2442 habuit,

429 2477 676 2537 tempore
691 2468 902 2532 mstivo,
925 2469 981 2521 in
1009 2467 1129 2523 loco
1150 2469 1241 2538 qui
1271 2477 1496 2523 vocatur
1524 2467 1878 2535 Stramiacus,
1908 2485 2034 2525 cum

430 2556 660 2630 Pippino
684 2566 740 2613 et
769 2557 1046 2614 Ludovico
1085 2557 1230 2614 filiis.
1268 2557 1406 2614 Nam
1433 2559 1580 2629 quod
1600 2553 1894 2616 Lotharius
1924 2576 2030 2615 non

430 2649 622 2716 adfuit,
665 2650 958 2707 invalentia
986 2650 1326 2720 aegritudinis
1361 2667 1523 2721 supra
1561 2650 1720 2708 dictae
1747 2649 1938 2706 obfuit.
1973 2651 2032 2706 In

432 2754 543 2810 quo
579 2755 802 2794 causam
853 2739 1209 2795 ecclesiarum
1240 2739 1619 2811 Lugdunensis
1663 2749 1826 2810 atque
1865 2741 2030 2796 Vien-

429 2833 616 2888 nensis
638 2831 956 2887 vacantium
1005 2831 1258 2887 ventilari
1291 2831 1439 2896 fecit,
1495 2846 1562 2887 eo
1600 2832 1745 2903 quod
1790 2831 2030 2902 episcopi

431 2922 634 2977 dudum
659 2921 896 2986 illarum,
939 2921 1261 2993 Agohardus
1288 2923 1504 2993 quidem
1528 2922 1714 2993 jussus
1754 2920 1822 2975 ad
1857 2921 2028 2976 ratio-

429 3027 556 3068 nem
608 3028 716 3068 non
770 3014 988 3067 venerit
1041 3012 1419 3080 reddendam;
1475 3011 1788 3068 Bernardus
1846 3019 2028 3066 autem

432 3103 756 3158 Viennensis
779 3101 1033 3157 adfuerit
1055 3102 1295 3173 quidem,
1329 3103 1422 3159 sed
1455 3118 1645 3158 rursus
1674 3100 1855 3172 fugam
1885 3103 2024 3158 inie-

431 3193 520 3246 rit.
546 3191 661 3247 Sed
691 3193 808 3247 hac
833 3193 1050 3261 quidem
1094 3207 1182 3248 res
1219 3192 1539 3264 imperfecta
1581 3193 1860 3258 remansit,
1907 3208 2030 3263 pro-

429 3291 552 3350 pter
575 3280 900 3346 absentiam,
935 3289 996 3335 ut
1015 3282 1342 3352 praedictum
1371 3283 1894 3353 est,episcoporum.
1922 3281 2031 3337 Sed

429 3383 485 3428 et
509 3387 671 3428 causa
701 3370 1003 3428 Gothorum
1041 3372 1240 3428 ibidem
1263 3374 1524 3428 ventilata
1553 3382 1655 3438 est,
1682 3387 1913 3443 quorum
1939 3372 2028 3426 alii

428 3466 677 3536 partibus
711 3464 975 3519 Bernardi
1012 3464 1295 3530 favebant,
1328 3464 1417 3520 alii
1464 3465 1802 3521 ducebantur
1843 3465 2030 3518 favore

428 3556 732 3626 Beringarii
757 3554 1016 3610 lluronici
1047 3553 1333 3628 [Hunroci]
1362 3557 1633 3625 quondam
1661 3557 1876 3611 comitis
1907 3555 2023 3609 filii.

429 3643 539 3700 Sed
586 3643 905 3715 Beringario
954 3644 1244 3698 immatura
1296 3651 1470 3700 morte
1515 3653 1826 3715 praerepto,
1885 3643 2027 3712 apud

433 3735 772 3792 Bernardum
802 3743 1045 3806 potestas
1089 3735 1439 3805 Septimaniae
1469 3751 1632 3806 quam
1673 3737 1910 3791 maxima
1941 3749 2025 3790 re-

431 3826 654 3890 mansit,
700 3825 891 3896 legatis
934 3825 1064 3880 illuc
1090 3825 1294 3890 missis,
1337 3826 1430 3894 qui
1456 3840 1521 3880 ea
1548 3840 1669 3893 quae
1709 3826 2024 3897 indigebant

429 3917 768 3972 correctione
803 3917 857 3971 in
900 3915 1179 3970 meliorem
1213 3923 1616 3985 componerent
1657 3924 1880 3971 statum.
1929 3917 2025 3972 liis

427 4007 668 4076 peractis
686 4047 700 4072 ,
734 4014 789 4062 et
808 4005 922 4075 jam
949 4005 1074 4060 filiis
1100 4006 1406 4076 populoque
1433 4006 1693 4070 dimissis,
1723 4007 2021 4076 imperator

429 4098 729 4153 autumnali
757 4096 1042 4152 venatione
1067 4103 1309 4166 peracta,
1334 4096 1401 4150 ad
1426 4097 1646 4150 missam
1679 4097 1852 4151 sancti
1878 4096 2021 4149 Mar-

427 4189 524 4242 tini
551 4187 877 4258 Aquisgrani
910 4185 1091 4251 rediit,
1115 4193 1170 4240 et
1193 4186 1428 4239 hiemem
1453 4185 1650 4239 ibidem
1677 4186 1880 4256 exegit,
1909 4185 2017 4238 Nu-

428 4281 591 4335 talem
637 4296 851 4351 quoque
883 4279 1094 4334 Domini
1127 4278 1369 4347 itemque
1403 4278 1723 4334 Paschalem
1765 4280 2020 4335 solemni-

428 4383 617 4438 tatem,
644 4371 798 4442 juxta
825 4385 1030 4426 morem
1061 4370 1302 4426 debitum
1335 4377 1388 4424 et
1411 4369 1513 4424 sibi
1544 4385 1760 4440 semper
1783 4369 2017 4425 familia-

428 4466 724 4530 rissimum,
762 4464 961 4520 ibidem
991 4462 1305 4518 celebravit.

499 4555 667 4628 (857.)
691 4555 761 4608 At
787 4569 918 4608 vero
942 4554 1212 4609 mediante
1239 4551 1534 4607 festivitate
1562 4549 1804 4607 Paschali
1835 4557 2017 4606 dirum

427 4662 645 4717 semper
675 4661 738 4701 ac
767 4645 924 4700 triste
949 4653 1277 4714 portentum,
1317 4643 1370 4697 id
1399 4650 1483 4696 est
1504 4652 1729 4697 cometae
1756 4642 1926 4706 sidus,
1961 4642 2013 4695 in

428 4744 584 4811 signo
615 4737 850 4807 Virginis
897 4734 1170 4805 apparuit,
1212 4734 1264 4788 in
1296 4749 1357 4788 ea
1402 4741 1555 4803 parte
1590 4731 1829 4801 ejusdem
1876 4733 2015 4802 signi

429 4847 532 4900 qua
562 4829 813 4900 penulam
843 4827 961 4898 ejus
984 4827 1198 4890 subtus,
1223 4825 1454 4880 caudam
1482 4839 1613 4878 vero
1639 4823 1910 4893 serpentis
1936 4823 1980 4877 si
2001 4852 2013 4859 -

430 4923 647 4993 mulque
689 4935 912 4976 corvum
958 4918 1303 4988 constringit.
1341 4916 1494 4984 Quod
1541 4931 1665 4971 cum
1712 4931 1818 4970 non
1868 4931 2017 4970 more

428 5012 728 5067 errantium
762 5019 968 5080 septem
993 5009 1234 5064 siderum
1260 5007 1534 5063 Orientem
1568 5021 1757 5062 versus
1784 5015 2012 5077 peteret,

428 5117 527 5173 per
562 5101 752 5172 viginti
801 5100 1042 5170 quinque
1077 5099 1193 5153 dies
1218 5138 1233 5162 ,
1280 5098 1426 5168 quod
1459 5097 1658 5151 mirum
1705 5105 1790 5152 est
1820 5097 1971 5162 dictu
1997 5137 2011 5161 ,

430 5195 570 5249 idem
593 5193 742 5248 sidus
767 5191 1037 5247 etLeonis
1063 5205 1128 5244 ac
1152 5189 1371 5255 Cancri,
1403 5205 1501 5246 nec
1525 5203 1631 5243 non
1661 5187 2014 5244 Geminorum

433 5286 702 5342 transiens
730 5283 904 5354 signa,
932 5282 996 5336 :in
1025 5281 1200 5351 capite
1226 5280 1390 5334 Tauri
1424 5280 1640 5334 tandem
1671 5279 1773 5334 sub
1801 5279 2015 5348 Auriga:

430 5376 615 5446 pedes,
649 5374 865 5445 igneum
899 5372 1114 5443 globum
1139 5371 1502 5441 jubarumque
1528 5369 1894 5438 prolixitatem
1923 5368 2015 5422 de-

431 5465 609 5536 posuit
636 5504 650 5528 ,
679 5479 815 5534 quas
839 5477 1225 5533 usquequaque
1262 5468 1582 5532 porrexerat
1627 5468 1805 5514 antea.
1839 5458 2014 5526 Quam

431 5563 543 5612 rem
593 5570 715 5610 cum
743 5555 977 5625 primum
1035 5555 1330 5623 imperator
1357 5552 1543 5607 talium
1587 5551 2014 5607 studiosissimus

429 5651 820 5718 conspexisset,
855 5647 1118 5709 constitit,
1150 5655 1206 5700 et
1250 5654 1538 5714 antequam
1568 5644 1734 5713 quieti
1769 5642 2012 5696 membra

431 5740 812 5811 committeret,
867 5740 1096 5794 accitum
1129 5737 1414 5807 quemdam
1443 5778 1456 5806 ,
1497 5737 1733 5805 itemque
1768 5751 1881 5799 me,
1919 5734 2009 5806 qui

2143 822 2412 882 garem,et
2425 816 2697 887 cognitam
2715 818 2769 871 in
2784 821 3081 875 crastinum
3098 824 3746 896 nuntiarem,imperator

2141 911 2313 971 ratus,
2344 906 2488 976 quod
2524 915 2644 962 erat
2669 923 2851 964 verum
2873 951 2888 976 ,
2927 921 3134 982 tempus
3168 929 3252 968 me
3281 915 3558 971 redimere
3584 918 3740 980 velle,

2142 1009 2212 1050 ne
2231 1007 2450 1067 cogeret
2479 998 2634 1053 triste
2655 999 2858 1070 aliquid
2892 1005 3222 1073 respondere
3257 1024 3268 1058 :
3299 1004 3472 1076 Perge
3491 1049 3508 1070 ,
3545 1008 3743 1077 inquit,

2142 1092 2194 1143 ln
2222 1089 2422 1144 muenia
2461 1090 2589 1145 huic
2634 1091 2818 1147 domui
2870 1097 3143 1166 contigua,
3192 1106 3246 1151 et
3275 1098 3431 1153 nobis
3466 1117 3594 1169 quae
3623 1116 3746 1171 per-

2141 1183 2385 1248 spexeris
2417 1180 2627 1234 nuntia.
2669 1179 2804 1236 Novi
2838 1183 2983 1238 enim
3024 1200 3052 1238 a
3083 1201 3169 1239 me
3205 1187 3344 1241 hanc
3385 1190 3608 1244 stellam
3649 1206 3744 1245 ne.

2141 1283 2415 1340 quaquam
2437 1273 2710 1341 praeterita
2739 1288 2964 1344 vespera
2997 1276 3186 1340 visam,
3219 1278 3302 1332 vel
3333 1295 3362 1332 a
3388 1289 3444 1334 te
3469 1291 3745 1334 monstra-

2143 1368 2255 1415 tam
2285 1376 2299 1414 :
2336 1361 2429 1416 sed
2457 1362 2570 1416 scio
2597 1363 2700 1418 hoc
2727 1363 2944 1433 signum
2971 1369 3333 1423 cometarium
3359 1386 3502 1435 esse,
3539 1372 3611 1426 de
3640 1387 3747 1441 quo

2137 1456 2250 1526 jam
2275 1457 2569 1526 praeteritis
2598 1458 2787 1514 diebus
2810 1461 2973 1515 locuti
2999 1477 3203 1518 sumus.
3230 1463 3370 1530 Quid
3396 1477 3586 1520 autem
3617 1482 3744 1537 por-

2141 1548 2363 1603 tendere
2399 1547 2494 1602 tibi
2525 1549 2791 1616 videatur,
2838 1553 3057 1608 edicito.
3101 1554 3344 1626 Cumque
3374 1556 3562 1627 aliqua
3597 1559 3746 1614 dice-

2141 1655 2278 1704 rem,
2319 1647 2373 1693 et
2399 1639 2579 1709 aliqua
2624 1643 2911 1698 tacuissem
2945 1659 2960 1697 :
2999 1645 3172 1700 Unum
3204 1661 3317 1713 eSt,
3348 1650 3533 1718 inquit
3561 1691 3576 1713 ,
3604 1653 3746 1721 quod

2142 1732 2314 1786 adhuc
2338 1731 2555 1788 silentio
2580 1735 2802 1803 premis.
2842 1735 3193 1792 Mutationem
3221 1741 3368 1794 enim
3397 1743 3566 1812 regni
3598 1758 3741 1797 mor-

2065 1804 2109 1862 Β
2139 1829 2357 1892 temque
2407 1823 2670 1894 principis
2714 1826 2820 1881 hoc
2864 1836 3118 1897 portento
3173 1804 3490 1887 monstrari.
3534 1834 3740 1888 dicunt.

2137 1914 2382 1985 Cumque
2412 1931 2512 1987 ego
2541 1918 2916 1975 testimonium
2946 1921 3233 1991 Pr0phetaa
3257 1923 3313 1979 in
3341 1925 3592 1979 medium
3624 1941 3745 1996 pro-

2140 2005 2378 2062 tulissem
2401 2048 2414 2071 ,
2442 2022 2551 2077 quo
2575 2008 2795 2074 dicitur,
2824 2010 2864 2063 Α
2892 2012 3056 2082 signis
3087 2013 3202 2066 creti
3223 2030 3286 2067 ne
3313 2015 3606 2075 timuerim
3632 2032 3746 2085 φιαρ

2136 2106 2322 2167 pavent
2347 2107 2542 2168 gentes,
2585 2097 2676 2154 ille
2709 2099 2866 2155 solita
2891 2115 3022 2156 usus
3045 2102 3503 2172 magnanimitate
3535 2113 3596 2157 et
3621 2119 3745 2173 prn-

2138 2189 2320 2244 dentia
2353 2189 2512 2244 :Non
2543 2189 2707 2244 alium
2764 2192 2958 2261 inquit,
3011 2193 3204 2248 timere
3229 2193 3498 2248 debemus
3547 2206 3746 2264 praeter

2137 2282 2287 2338 illum
2313 2283 2404 2352 qui
2449 2285 2622 2339 nostri
2667 2292 2722 2338 et
2772 2284 2932 2354 hujus
2976 2285 3172 2341 sideris
3209 2295 3432 2340 creator
3476 2296 3587 2340 est.
3638 2286 3742 2341 Sed

2139 2372 2255 2442 ejus
2283 2373 2626 2429 clementiam
2655 2391 2760 2430 non
2803 2376 2936 2430 satis
2980 2375 3206 2430 laudare
3240 2385 3295 2430 et
3321 2376 3516 2430 mirari
3550 2391 3742 2446 possu-

2137 2479 2277 2529 mus,
2309 2463 2402 2534 qui
2440 2472 2684 2520 nostram
2715 2465 2987 2526 inertiam,
3034 2481 3157 2520 cum
3204 2465 3374 2520 simus
3423 2477 3746 2536 peccatores

2135 2564 2188 2610 et
2221 2557 2644 2627 imposnitentes,
2673 2558 2870 2613 talibus
2896 2558 3111 2613 indiciis
3135 2558 3392 2628 dignatur
3423 2559 3739 2615 admonere.

2135 2647 2271 2714 Quia
2296 2665 2425 2720 ergo
2449 2657 2504 2704 et
2530 2664 2619 2704 me
2645 2658 2698 2704 et
2733 2665 2923 2706 omnes
2945 2651 3311 2706 communiter
3330 2653 3437 2707 hoc
3466 2663 3742 2707 ostentum

2136 2739 2342 2810 tangit,
2374 2755 2566 2795 omnes
2591 2756 2692 2810 pro
2722 2757 2881 2811 posse
2919 2750 2973 2796 et
2998 2757 3195 2811 sapere
3227 2744 3292 2798 ad
3323 2742 3557 2797 meliora
3591 2742 3741 2798 festi-

2135 2845 2358 2895 nemus,
2393 2845 2461 2885 ne
2501 2829 2642 2887 forte
2682 2831 3111 2888 misericordiam
3149 2833 3242 2887 illo
3275 2844 3652 2904 prmrogante,
3693 2843 3745 2888 et

2132 2934 2318 2980 nostra
2343 2924 2756 2993 impaenitudine
2785 2925 3133 2995 impediente,
3157 2942 3254 2980 nos
3275 2925 3365 2979 illa
3390 2927 3742 2981 inveniamur

2130 3013 2354 3084 indigni.
2401 3012 2498 3068 llis
2523 3013 2704 3079 dictis,
2734 3023 2791 3068 et
2823 3015 2940 3084 ipse
2977 3014 3255 3084 paulisper
3295 3030 3450 3069 mero
3490 3015 3737 3077 indulsit,

2131 3111 2188 3160 et
2207 3104 2462 3159 omnibus
2488 3103 2538 3159 id
2561 3103 2741 3160 facere
2764 3103 2950 3173 jussit,
2972 3113 3026 3158 et
3055 3119 3506 3175 unumquemque
3537 3105 3609 3158 ad
3645 3120 3739 3160 sua

2084 3191 2101 3212 ‘
2134 3208 2193 3249 sc
2224 3192 2480 3262 colligere
2525 3194 2804 3264 praecepit.
2842 3192 3176 3263 Noctemque
3219 3193 3368 3247 illam
3395 3235 3411 3259 ,
3465 3203 3530 3246 ut
3584 3194 3739 3248 nobis

2132 3284 2400 3354 perlatum
2430 3294 2535 3350 est,
2573 3285 2891 3354 pervigilem
2934 3285 3104 3347 duxit,
3151 3300 3214 3340 ac
3252 3286 3348 3339 Dei
3387 3285 3653 3342 laudibus
3685 3297 3738 3340 et

2131 3377 2602 3431 obsecrat'onihus
2630 3385 2938 3440 oneratam,
2988 3376 3092 3431 luci
3140 3376 3554 3445 supervenienti
3602 3391 3738 3447 pra-

2131 3466 2384 3520 scntavit.
2415 3465 2472 3518 In
2506 3463 2658 3532 cujus
2685 3465 3004 3536 crepusculo
3034 3465 3312 3520 ministros
3339 3467 3557 3522 aulicos
3578 3483 3738 3521 voca-

2130 3555 2206 3610 vit
2228 3563 2282 3609 et
2305 3554 2678 3624 eleemosynas
2706 3553 3162 3624 quas'largissime
3174 3556 3513 3626 pauperibus
3539 3571 3605 3609 ac
3621 3572 3732 3610 ser-

2130 3646 2212 3701 vis
2249 3647 2385 3710 Dei,
2437 3656 2543 3700 tam
2593 3647 2878 3700 monachis
2923 3661 3084 3715 quam
3141 3646 3422 3700 canonicis
3450 3687 3466 3712 ,
3525 3647 3732 3716 porrigi

2121 3737 2318 3808 jussit;
2346 3740 2748 3807 missarumque
2773 3737 3034 3792 solemnia
3057 3753 3153 3807 per
3174 3753 3535 3807 quoscunque
3559 3740 3732 3807 potuit

2128 3831 2396 3887 celebrari
2427 3829 2556 3885 fecit
2586 3848 2597 3882 :
2629 3845 2737 3884 non
2769 3838 2980 3882 tantum
3012 3829 3114 3882 sibi
3146 3838 3424 3903 metpens,
3463 3838 3728 3896 quantum

2127 3921 2382 3977 Ecclesiae
2413 3921 2516 3975 sibi
2546 3920 2766 3975 creditae
2788 3919 3149 3988 prospiciens.
3177 3918 3385 3985 Quibus
3407 3920 3519 3973 rite
3548 3920 3730 3988 dispo-

2125 4011 2246 4065 sitis
2288 4009 2367 4064 uti
2403 4010 2770 4074 ordinaverat,
2808 4017 3064 4063 venatum
3097 4009 3148 4062 in
3190 4009 3550 4063 Arduennam
3603 4025 3724 4078 per-

2125 4099 2285 4154 rexit.
2318 4099 2545 4166 Quodut
2565 4097 2835 4162 dicebant,
2867 4097 3006 4151 ultra
3035 4099 3252 4152 solitum
3276 4098 3324 4153 ei
3350 4103 3724 4169 prosperrime

2124 4191 2329 4255 cessit;
2378 4190 2667 4258 omniaque
2708 4203 2830 4257 quae
2885 4187 2975 4241 illo
3009 4197 3249 4258 tempore
3295 4189 3371 4242 illi
3429 4190 3719 4259 placuere.

2121 4295 2382 4352 prospero
2412 4289 2607 4335 eventu
2637 4289 3018 4333 cucurrerunt.
3062 4277 3330 4333 Praeterea
3360 4319 3374 4341 ,
3426 4280 3722 4334 insistente

2121 4373 2362 4441 Augusta
2406 4378 2462 4424 et
2504 4369 2771 4423 ministris
2820 4368 3106 4438 palatinis,
3161 4369 3456 4437 quamdam
3511 4381 3718 4438 partem

2046 4477 2098 4536 υ
2127 4459 2339 4530 imperii
2365 4461 2661 4529 imperator
2679 4458 2789 4513 filio
2815 4474 2913 4514 suo
2935 4458 3288 4514 dilectissimo
3305 4457 3506 4515 Carolo
3526 4463 3720 4530 Aquis-

2121 4550 2275 4622 grani
2305 4549 2547 4613 tradidit,
2580 4549 2675 4603 sed
2714 4548 2839 4617 quia
2868 4547 3167 4602 inofﬁciosa
3191 4550 3478 4614 remansit,
3509 4567 3538 4604 a
3563 4553 3718 4606 nobis

2119 4653 2336 4708 quoque
2371 4637 2587 4693 silentio
2622 4637 2908 4706 premitur.
2944 4635 3116 4702 Quam
3165 4651 3280 4690 rem
3316 4638 3559 4693 auditam
3596 4657 3713 4694 cum

2120 4732 2319 4785 fratres
2332 4729 2447 4798 ejus
2460 4745 2602 4800 aegre
2619 4729 2890 4793 tulissent,
2909 4737 3151 4782 mutuum
3175 4729 3346 4783 iniere
3360 4730 3714 4800 colloquium.

2120 4822 2227 4878 Sed
2251 4821 2325 4876 nil
2347 4835 2404 4875 se
2438 4821 2710 4876 contraire
2740 4834 2899 4889 posse
2927 4820 3219 4885 intuentes,
3249 4828 3308 4874 et
3333 4830 3576 4890 coeptum
3607 4822 3713 4876 dis.

2117 4910 2457 4973 simulantes,
2507 4917 2684 4964 motus
2714 4908 2888 4978 patris
2910 4948 2924 4972 ,
2963 4907 3056 4977 qui
3087 4924 3154 4962 ex
3198 4909 3301 4963 hoc
3331 4909 3603 4963 accidisse
3636 4911 3716 4962 vi~

2117 5001 2405 5066 debantur,
2447 4999 2700 5054 facillime
2749 5013 3125 5069 composuere.
3179 4998 3238 5051 ln
3287 4998 3375 5052 his
3415 4998 3715 5068 imperator

2119 5102 2230 5149 tota
2259 5102 2446 5149 aestate
2470 5093 2792 5156 consistens,
2811 5074 3326 5162 indixit/generalem
3353 5098 3707 5151 conventum,

2117 5188 2359 5241 autumni
2381 5196 2648 5255 tempore,
2677 5186 2730 5240 id
2755 5192 2838 5239 est
2865 5182 3171 5252 Septembri
3204 5181 3502 5244 mediante,
3529 5181 3581 5233 in
3609 5179 3703 5233 Ca~

2118 5277 2336 5331 risiaeo.
2368 5275 2426 5330 ln
2454 5292 2561 5346 quo
2599 5276 2718 5330 Ιοὸο
2756 5283 2817 5329 et
2856 5283 3098 5344 tempore
3129 5272 3271 5326 ﬁlius
3301 5270 3419 5339 ejus
3446 5270 3708 5340 Pippinus

2118 5367 2185 5421 ab
2207 5366 2494 5436 Aquitania
2531 5366 2597 5420 ad
2627 5380 2753 5420 eum
2787 5364 2960 5426 venit,
2997 5371 3053 5417 et
3088 5363 3190 5432 ipsi
3221 5361 3512 5416 conventui
3539 5361 3708 5414 inter-

2119 5456 2236 5511 fuit.
2286 5457 2387 5512 Ubi
2416 5457 2667 5511 dominus
2708 5456 3009 5525 imperator
3038 5452 3207 5507 filium
3250 5466 3407 5506 suum
3448 5449 3706 5505 Carolum

2118 5549 2286 5602 armis
2330 5547 2595 5612 virilibus,
2634 5547 2688 5600 id
2725 5555 2830 5610 est,
2867 5559 3019 5607 ense,
3060 5544 3268 5605 cinxit,
3305 5553 3511 5595 corona
3539 5539 3704 5610 regali

2116 5649 2278 5709 caput
2323 5639 2630 5709 insignivit,
2678 5648 2996 5708 partemque
3026 5634 3176 5706 regni
3225 5648 3390 5702 quam
3433 5632 3701 5700 homony-

2118 5747 2238 5788 mus
2277 5733 2392 5804 ejus
2426 5733 2651 5787 Carolus
2683 5731 2902 5793 habuit,
2939 5729 2990 5783 id
3035 5737 3115 5783 est
3160 5725 3505 5790 Neustriam,
3538 5723 3696 5779 attri-
