3906 6368
128 435 243 494 θῗδ

1667 428 1846 486 VlTA.

3282 437 3387 494 974

124 550 272 607 buit.
317 549 503 617 ltaque
542 547 792 602 dominus
838 545 1130 614 imperator
1158 543 1300 598 inter
1330 541 1504 604 ﬁlios,
1538 555 1708 610 quan-
1736 543 1787 602 Α
1814 538 1948 595 velle
1970 540 2134 596 verbo
2161 540 2409 612 signavlt.
2433 543 2733 614 imperator
2753 562 2880 604 vero
2897 547 3182 603 laetabatur
3204 551 3256 604 in
3281 552 3386 614 bis,

124 649 252 695 uim
277 639 378 694 sibi
403 636 654 709 possibile
678 635 794 700 fuit,
820 634 1044 706 coagulo
1066 633 1448 709 benevolentiae
1477 632 1708 695 ﬁrmato,

124 727 418 800 Pippinum
446 729 498 783 in
531 726 902 796 Aquitaniam,
935 724 1184 781 Carolum
1220 732 1403 779 autem
1433 723 1486 777 in
1513 722 1716 792 portio-

125 833 260 875 nem
284 820 435 891 regni
463 819 562 889 ipsi
590 817 908 872 attributam
929 815 1152 871 dimisit.
1186 815 1252 870 Et
1272 822 1567 885 praesentes
1591 814 1712 884 qui-

125 909 259 968 dem
302 909 568 966 Neustrire
617 909 908 978 provinciae
947 908 1215 979 primores
1277 906 1474 963 Carolo
1521 921 1716 960 manus

127 1000 421 1064 dederunt,
455 1008 510 1054 ct
535 999 849 1054 ﬁdelitatem
890 1005 1230 1053 sacramento
1259 997 1663 1052 obstrinxerunt
1698 1013 1710 1049 :

129 1093 440 1148 absentium
468 1099 646 1146 autem
676 1091 904 1161 quisque
933 1098 1122 1160 postea
1154 1087 1338 1143 itidem
1367 1086 1513 1143 fecit.
1547 1089 1605 1145 1n
1630 1101 1717 1142 eo-

127 1181 261 1238 dem
298 1181 415 1238 loco
446 1189 500 1236 et
530 1189 772 1252 tempore
797 1195 934 1250 pene
967 1195 1156 1234 omnes
1186 1177 1533 1247 Septimanize
1559 1177 1714 1232 nobi-

130 1273 216 1331 les
258 1275 584 1340 adfuerunt,
636 1281 1030 1344 conquerentes
1076 1272 1335 1326 adversus
1379 1270 1716 1324 Bernardum

129 1363 331 1420 ducem
355 1365 567 1420 illarum
596 1366 850 1435 partium,
877 1377 943 1417 eo
977 1362 1120 1432 quod
1148 1361 1292 1415 illius
1325 1361 1583 1417 satellites
1605 1370 1716 1415 tam

131 1453 303 1507 rebus
340 1451 723 1507 ecclesiasticis
767 1465 928 1520 quam
953 1450 1196 1519 privatis,
1236 1449 1442 1519 absque
1479 1448 1588 1504 ullo
1632 1465 1718 1504 re-

129 1549 327 1611 epectu
375 1541 557 1596 divino
601 1538 1293 1608 humanoque,.prolibito
1343 1539 1712 1594 abuterentur.

132 1631 296 1689 Unde
322 1634 590 1702 petierunt
620 1639 680 1686 ut
706 1631 957 1686 dominus
983 1631 1277 1699 imperator
1314 1629 1414 1683 sub
1449 1644 1559 1683 suae
1585 1643 1713 1698 pro-

131 1724 389 1787 tectionis
415 1723 712 1777 munimine
741 1738 835 1778 eos
861 1723 1182 1791 susciperet,
1207 1728 1263 1775 et
1292 1728 1411 1792 post
1438 1721 1556 1774 hac
1582 1721 1717 1776 tales

133 1813 336 1868 missos
367 1815 418 1867 in
454 1813 698 1867 eamdem
724 1819 926 1866 terram
949 1812 1226 1880 dirigeret,
1251 1811 1345 1881 qui
1370 1818 1424 1865 et
1447 1817 1715 1881 potestate

1817 637 1872 684 et
1902 638 2129 685 cunctus
2153 632 2381 702 populus
2425 634 2618 691 talibus
2642 635 2799 693 factis
2831 637 3178 708 applaudcns,
3208 655 3389 695 omnm

1817 719 1918 774 sibi
1951 718 2165 788 placere
2191 721 2421 776 dicebat.
2456 722 2523 776 At
2553 740 2681 780 vero
2709 726 2965 782 Ludovici
3003 729 3244 783 animum
3284 744 3392 783 non

1816 826 2007 881 parum
2043 812 2159 866 ham
2188 822 2337 882 gesta
2365 813 2638 869 laeserunt.
2668 816 2962 886 imperator
2988 833 3152 888 porro
3179 835 3279 891 pro
3306 821 3390 875 bis

1817 901 1980 970 gestis
2008 901 2118 956 Deo
2150 903 2352 972 gratias
2378 905 2591 974 agebat,
2623 905 2866 976 filiosque
2897 911 3145 965 monebat
3172 920 3232 966 ut
3258 928 3394 967 una-

1818 992 1991 1060 nimes
2013 1002 2210 1057 essent,
2239 1003 2292 1048 et
2323 1009 2380 1050 se
2406 996 2665 1052 alterutro
2689 1006 2967 1054 tuerentur
2992 1021 3004 1054 :
3029 1010 3083 1057 et
3104 1002 3394 1059 Lotharius

1819 1083 2036 1151 quidem
2060 1084 2292 1154 junioris
2317 1085 2496 1142 fratris
2521 1103 2708 1143 curam
2734 1101 2974 1162 gereret,
3014 1094 3168 1164 cujus
3197 1112 3256 1152 se
3281 1098 3394 1166 spi-

1816 1170 2064 1225 ritualem
2110 1186 2232 1227 esse
2271 1181 2479 1243 patrem
2522 1179 2830 1234 meminisse
2869 1181 3088 1237 deberet
3120 1202 3132 1238 :
3170 1184 3394 1242 Carolus

1817 1269 1997 1315 autem
2033 1269 2289 1331 tanquam
2318 1266 2458 1332 patri
2493 1267 2757 1336 spirituali
2785 1280 2838 1324 ct
2880 1270 3033 1326 fratri
3071 1273 3272 1328 seniori
3302 1276 3395 1330 de-

1817 1349 1986 1405 bitum
2010 1350 2272 1407 honorem
2295 1353 2551 1412 deferret.
2573 1356 2814 1427 Cumque
2842 1360 2944 1416 hoc
2971 1371 3229 1432 tanquam
3250 1380 3392 1420 vera:

1817 1441 1968 1510 pacis
2008 1451 2221 1498 amator
2265 1446 2595 1516 peregisset,
2641 1459 2693 1504 et
2730 1451 2870 1505 inter
2911 1452 3109 1509 fratres
3150 1465 3393 1510 mutuam

1819 1529 2183 1595 dilectionem,
2199 1532 2406 1589 etinter
2429 1536 2709 1606 utriusque
2724 1537 2814 1594 ﬁlii
2832 1529 3104 1611 populum,
3128 1552 3392 1612 quantum
3467 1571 3474 1577 -

1818 1618 1922 1674 sibi
1951 1632 2107 1688 posse
2130 1619 2314 1675 datum
2333 1630 2434 1688 est,
2465 1623 2730 1680 alternum
2753 1629 2978 1684 sevisset
3005 1645 3244 1686 amorem
3264 1672 3279 1695 ,
3307 1631 3398 1687 lae-

1818 1716 1905 1764 tus
1933 1708 2252 1766 Lotharium
2283 1711 2338 1767 in
2365 1713 2570 1770 Italiam
2597 1715 2775 1771 laetum
2803 1719 3044 1786 dimisit,
3069 1722 3251 1778 multis
3278 1739 3396 1777 mu-

1817 1801 2039 1857 neribus
2069 1802 2316 1870 ditatum,
2343 1805 2602 1861 donatum
2636 1809 3100 1868 benedictionibus
3126 1815 3394 1884 paternis,

130 1913 193 1960 et
225 1903 511 1974 prudentia
556 1903 621 1958 de
660 1903 854 1956 ablatis
881 1917 1036 1971 aequo
1080 1901 1370 1956 libramine
1397 1901 1715 1970 penderent,
1748 1892 1794 1950 B
1821 1899 1875 1946 et
1902 1893 2162 1947 monitum
2189 1909 2258 1949 ne
2278 1895 2690 1954 oblivisceretur
2717 1901 2918 1956 saltem
2945 1918 3118 1973 nuper
3137 1905 3237 1960 sibi
3266 1922 3396 1975 pro-

130 2003 194 2052 et
220 1996 420 2051 avitam
444 1997 524 2051 eis
550 1995 725 2066 legem
752 2001 1153 2050 conservarent.
1184 1987 1265 2048 Ad
1293 1994 1433 2063 quod
1456 2008 1720 2064 peragen-

131 2085 269 2141 dum
294 2086 442 2140 missi
479 2092 631 2151 sunt,
660 2085 958 2140 secundum
989 2084 1403 2155 postulationem
1431 2097 1640 2148 eorum,
1666 2090 1720 2138 et

132 2175 344 2231 domini
389 2175 733 2246 imperatoris
767 2174 1107 2239 electionem,
1164 2173 1473 2230 Bonifacius
1513 2188 1717 2239 comes,

133 2276 196 2324 et
234 2265 472 2322 Donatus
499 2267 684 2320 itidem
702 2269 896 2320 'comes
926 2283 938 2319 :
970 2265 1066 2320 sed
1095 2272 1150 2319 et
1178 2263 1516 2318 Adrebaldus
1538 2262 1720 2316 Flavi-

133 2359 411 2415 niacensis
438 2358 751 2412 monasterii
782 2358 967 2412 abbas.
1004 2355 1102 2410 llis
1132 2356 1233 2409 r-ite
1255 2355 1520 2424 peractis,
1551 2354 1721 2424 impe-

136 2458 292 2504 rator
309 2450 376 2504 ab
398 2464 462 2504 eo
478 2449 596 2503 loco
618 2448 858 2514 divertit,
881 2454 935 2502 et
958 2445 1228 2500 venationi
1249 2443 1544 2498 autumnali
1563 2443 1719 2512 juxta

137 2558 349 2610 morem
377 2554 597 2612 operam
633 2541 809 2606 dedit,
852 2550 906 2596 et
933 2541 1000 2596 ad
1035 2547 1277 2610 tempora
1307 2538 1560 2594 hiemalia
1606 2538 1721 2593 exi-

135 2632 315 2704 genda
335 2645 398 2687 se
425 2630 751 2701 Aquisgrani
783 2629 1018 2700 collegit.

210 2723 329 2790 Qua
376 2723 552 2777 hieme
601 2728 873 2777 transacta
900 2761 914 2786 ,
967 2719 1222 2776 Kalendis
1263 2717 1508 2774 Januarii
1548 2732 1722 2772 saevus

131 2821 364 2868 cometae
387 2812 525 2882 ignis
557 2812 609 2866 in
633 2812 787 2881 signo
815 2810 1126 2881 Scorpionis
1157 2809 1426 2879 apparuit,
1457 2823 1563 2862 non
1591 2807 1725 2863 mul-

135 2914 195 2960 to
215 2912 339 2974 post
364 2904 493 2959 solis
517 2903 847 2958 occubitum.
883 2900 1049 2970 Cujus
1076 2903 1344 2957 minacem
1373 2899 1581 2956 vultum
1612 2915 1721 2954 non

135 2994 311 3048 multo
346 3001 467 3063 post
493 3008 749 3048 excessus
779 2992 991 3062 Pippini
1020 2999 1103 3046 est
1135 2991 1477 3046 subsecutus.
1509 2991 1720 3046 Interea

135 3084 324 3142 Iudith
355 3087 625 3156 Augusta,
664 3084 874 3142 consilii
904 3085 1045 3154 quod
1071 3083 1280 3154 pridem
1312 3098 1434 3138 cum
1462 3082 1720 3138 consiliar-

137 3178 238 3234 riis
277 3177 465 3232 aulicis
504 3176 822 3245 caeterisque
870 3175 1026 3246 regni
1073 3173 1406 3236 Francorum
1448 3171 1721 3228 nobilibus

137 3269 340 3324 inierat
370 3283 714 3338 nequaquam
734 3235 1046 3331 immernor,
1097 3264 1366 3336 persuasit
1409 3262 1719 3336 imperatori
1749 3235 1794 3297 Ο

134 3367 409 3430 quatenus
435 3359 502 3413 ad
522 3358 836 3413 Lotharium
861 3355 1027 3410 ﬁlium
1055 3371 1209 3410 suum
1237 3355 1434 3412 missos
1459 3355 1720 3418 mitteret,

134 3447 238 3520 qui
281 3463 403 3504 eum
444 3448 510 3503 ad
539 3455 750 3517 patrem
788 3445 1107 3510 invitarent,
1153 3459 1217 3499 ea
1259 3445 1571 3499 conditione
1593 3451 1652 3498 ut
1678 3443 1724 3498 si

137 3538 332 3595 fratris
350 3539 434 3596 sui
457 3537 637 3592 Caroli
659 3536 884 3592 dilector
905 3544 960 3591 et
980 3534 1214 3606 adjutor,
1247 3542 1498 3604 tutorque
1518 3542 1572 3588 et
1598 3538 1723 3604 pro-

138 3639 318 3686 tector
339 3645 459 3686 esse
483 3629 666 3694 vellet,
695 3629 906 3686 veniret
935 3629 1000 3682 ad
1032 3635 1261 3698 patrem,
1298 3635 1352 3681 et
1379 3626 1543 3681 sciret
1571 3639 1632 3680 se
1655 3626 1722 3681 ab

138 3736 205 3776 eo
249 3721 486 3776 omnium
515 3733 803 3789 perperam
844 3725 1117 3787 gestorum
1165 3716 1554 3786 indulgentiam
1596 3715 1723 3770 ade-

139 3819 393 3881 pturum;
453 3809 614 3864 simul
667 3816 724 3864 et
779 3808 1125 3864 medietatem
1188 3807 1435 3876 imperii,
1497 3815 1721 3876 excepta

136 3900 410 3971 Bajoaria,
432 3906 868 3954 consecuturum.
893 3897 1022 3964 Qua:
1041 3912 1132 3952 res
1155 3904 1261 3950 tam
1283 3897 1540 3951 Lothario
1559 3911 1723 3966 quam

137 3991 259 4045 suis
283 4004 388 4059 per»
406 3989 586 4044 omnia
614 3988 763 4042 utilis
791 3988 904 4043 visa
937 3995 1040 4042 est.
1074 3987 1238 4042 Venit
1265 4001 1394 4056 ergo
1412 3985 1564 4054 juxta
1597 4002 1725 4041 con-

136 4080 345 4137 dictum
390 4080 455 4135 ad
492 4078 850 4134 Wormatiam
889 4086 1014 4148 post
1061 4076 1284 4132 Paschae
1324 4076 1722 4138 solemnitatem

138 4173 314 4245 (838).
348 4172 518 4239 Quem
555 4178 707 4240 pater
747 4185 871 4226 cum
916 4169 1084 4223 multa
1135 4169 1416 4223 alacritate
1464 4169 1717 4242 suscepit,

137 4273 192 4319 et
223 4264 507 4335 dapsiliter
536 4279 662 4318 suos
704 4277 897 4318 curare
938 4261 1215 4332 praecepit,
1247 4269 1301 4316 et
1332 4261 1473 4316 sicut
1502 4261 1722 4314 manda-

135 4361 298 4408 verat
337 4353 589 4408 universa
619 4351 846 4422 peregit,
880 4351 933 4406 in
966 4357 1173 4402 tantum
1202 4348 1328 4401 utei
1367 4347 1509 4401 datis
1544 4346 1723 4402 triduo

137 4444 374 4500 induciis
396 4484 411 4510 ,
443 4444 751 4498 universum
799 4443 1081 4513 imperium
1106 4456 1262 4495 suum
1292 4455 1415 4494 cum
1458 4440 1572 4495 suis
1609 4440 1723 4509 ipse

138 4535 425 4598 divideret,
459 4535 500 4588 si
526 4534 600 4587 ita
628 4533 851 4601 liberet;
877 4533 947 4587 ita
980 4542 1156 4587 tamen
1188 4539 1247 4585 ut
1276 4531 1510 4601 partium
1533 4531 1723 4585 electio

136 4641 309 4698 penes
337 4627 719 4696 imperatorem
765 4634 822 4681 et
863 4625 1116 4680 Carolum
1147 4633 1408 4680 maneret.
1441 4624 1536 4679 Sin
1566 4625 1722 4680 aliter

137 4732 293 4782 vero,
328 4717 672 4788 partitionem
720 4717 930 4787 imperii
978 4715 1289 4786 imperatori
1328 4723 1382 4768 et
1423 4713 1618 4769 Carolo
1646 4714 1725 4768 fa-

138 4808 390 4864 ciendam
427 4809 600 4878 magis
624 4813 888 4861 censeret.
920 4807 1105 4874 Itaque
1136 4805 1426 4860 Lotharius
1460 4820 1582 4859 cum
1611 4804 1724 4858 suis

137 4895 462 4952 divisionem
489 4896 641 4964 regni
691 4897 908 4950 domino
941 4895 1251 4964 imperatori
1292 4911 1388 4966 pro
1426 4911 1525 4949 suo
1570 4895 1723 4949 libitu

139 4987 520 5052 committunt,
549 4987 887 5041 afﬁrmantes
912 5002 971 5042 se
999 4988 1140 5042 hanc
1167 4987 1485 5043 divisionem
1520 5002 1721 5055 nequa-

137 5093 306 5148 quam
347 5078 568 5147 exsequi
612 5092 770 5147 posse
807 5084 1027 5147 propter
1073 5077 1427 5146 ignorantiam
1458 5076 1716 5130 locorum.

138 5170 314 5239 Igitur
340 5168 636 5238 imperator
660 5183 782 5222 cum
806 5167 938 5230 suis,
987 5181 1140 5233 aequo
1167 5174 1225 5217 ut
1255 5165 1357 5218 sibi
1401 5165 1619 5233 suisque
1643 5164 1722 5217 vi-

140 5276 266 5319 sum
310 5268 394 5315 est
438 5259 743 5322 libramine,
789 5271 950 5313 omne
993 5270 1149 5309 suum
1193 5255 1376 5308 divisit
1412 5254 1717 5323 imperium,

138 5361 343 5424 praeter
393 5351 715 5421 Bajoariam,
769 5363 931 5419 quam
980 5347 1253 5401 Ludovico
1296 5345 1511 5413 reliquit
1559 5354 1720 5414 atque

141 5444 267 5500 ideo
295 5443 348 5498 in
372 5450 583 5512 partem
613 5456 801 5497 eorum
829 5439 1027 5495 nemini
1048 5438 1230 5493 cessit.
1261 5436 1356 5490 His
1378 5437 1635 5506 peractis,
1666 5447 1722 5492 et

142 5534 272 5590 ﬁliis
299 5533 660 5601 universoque
678 5530 873 5600 populo
895 5530 1151 5591 evocatis,
1186 5527 1312 5582 data
1350 5527 1462 5581 sibi
1478 5529 1717 5597 optione,

143 5619 437 5680 Lotharius
477 5636 509 5674 ιι
547 5618 708 5674 ﬁuvio
746 5619 891 5675 Mosa
923 5618 1216 5673 australem
1253 5616 1354 5671 sibi
1393 5625 1600 5686 partem
1647 5627 1722 5671 tc-

144 5713 382 5770 nendam
413 5709 643 5780 delegit;
675 5710 954 5765 occiduam
979 5723 1107 5762 vero
1135 5705 1330 5762 Carolo
1344 5705 1497 5760 fratri
1522 5707 1723 5760 haben-

145 5809 269 5863 dam
302 5807 545 5876 reliquit,
581 5814 633 5860 et
665 5815 723 5861 ut
758 5807 978 5860 haberet
1009 5818 1191 5859 coram
1220 5810 1415 5860 cuncto
1440 5801 1634 5872 populo
1665 5816 1720 5854 se

1820 1981 2130 2038 missorum.
2174 1984 2295 2056 Egit
2320 2003 2450 2058 ergo
2474 1989 2680 2046 Natalis
2721 1993 2933 2049 Domini
2972 2003 3135 2064 atque
3177 1996 3397 2054 Paschte

1821 2075 2217 2132 solemnitatem
2239 2079 2589 2136 celeberrime
2611 2082 2800 2152 Aquis.

1894 2164 2063 2237 (859.)
2102 2165 2405 2224 Ludovicus
2441 2185 2572 2226 vero
2623 2173 2846 2228 audiens
2895 2175 3200 2243 bujusmodi
3228 2181 3401 2250 patris

1821 2269 1950 2326 erga
2004 2254 2206 2312 fratres
2261 2273 2388 2313 suos
2435 2259 2787 2329 voluntatem,
2837 2273 2894 2318 et
2945 2266 3094 2337 regni
3137 2268 3275 2323 inter
3305 2285 3400 2326 eos

1823 2348 2162 2416 divisionem,
2192 2364 2297 2405 non
2339 2351 2479 2405 tulit.
2511 2353 2742 2425 Ideoque
2771 2358 3032 2427 quidquid
3063 2361 3215 2432 regni
3246 2371 3401 2418 trans

1831 2436 2078 2492 Rhenum
2113 2437 2231 2517 fuit,
2265 2440 2368 2495 sibi
2400 2443 2780 2500 ascribendum
2799 2450 3028 2517 putavit,
3045 2458 3098 2504 et
3127 2452 3403 2507 vindican-

1822 2532 1949 2586 dum
1979 2533 2186 2587 statuit.
2240 2533 2390 2601 Quod
2420 2551 2544 2591 cum
2598 2537 2912 2608 imperatori
2942 2542 3178 2598 delatum
3233 2554 3400 2610 esset,

1821 2624 1877 2678 in
1918 2633 2245 2681 transactam
2285 2627 2634 2684 festivitatem
2671 2631 2987 2689 Paschalem
3043 2635 3397 2693 differendum

1817 2714 2101 2785 judicavit.
2156 2715 2273 2783 Qua
2299 2727 2539 2788 peracta,
2604 2715 2944 2791 nequaquam
2994 2728 3398 2796 procrastinan-

1823 2804 1951 2860 dum
1980 2806 2036 2860 in
2070 2806 2262 2863 talibus
2288 2818 2460 2876 ratus,
2489 2825 2611 2866 cum
2653 2814 2836 2870 multis
2887 2816 3094 2873 viribus
3148 2818 3398 2875 Rhenum

1824 2896 2041 2966 quidem
2070 2899 2212 2968 apud
2242 2899 2640 2971 Mogontiacum
2691 2906 2908 2960 transiit
2935 2915 2991 2962 et
3027 2907 3286 2966 Triburas
3313 2927 3406 2967 ve-

1822 2987 1922 3053 nit,
1979 2987 2162 3058 ibique
2216 2990 2527 3061 aliquandiu
2582 2994 2650 3049 ad
2703 2994 3060 3067 colligendum
3099 3001 3401 3055 exercitum

1823 3078 2086 3134 consedit.
2113 3078 2230 3147 Quo
2250 3089 2458 3148 coacto,
2482 3098 2651 3153 usque
2675 3083 3006 3141 Bedonniam
3034 3086 3396 3163 [Hodomiaml

1823 3170 2080 3249 perrexit,
2118 3170 2302 3240 ibique
2352 3172 2495 3227 ﬁlius
2547 3189 2855 3245 quanquam
2906 3179 3127 3246 invitus,
3176 3182 3402 3251 supplex

1826 3257 1998 3323 venit,
2027 3267 2082 3313 et
2109 3261 2416 3331 increpatus
2439 3264 2507 3317 ab
2532 3279 2617 3328 eo,
2650 3266 2789 3320 male
2817 3283 2875 3322 se
2899 3268 3074 3339 egisse
3102 3272 3403 3337 confessus,

1827 3347 2344 3421 emendaturumque
2377 3368 2436 3408 se
2465 3369 2746 3425 perperam
2795 3368 2947 3428 gesta
2996 3360 3271 3430 professus
3299 3374 3402 3419 est.

1824 3440 1896 3495 At
1924 3441 2218 3512 imperator
2242 3455 2496 3500 consueta
2531 3455 2585 3502 et
2638 3448 2741 3502 sibi
2783 3465 2995 3520 semper
3044 3455 3218 3509 amica
3248 3464 3405 3511 utens

1826 3536 2257 3602 mansuetudine,
2289 3545 2346 3592 et
2373 3538 2483 3592 ﬁlio
2532 3538 2773 3606 indulsit,
2827 3551 2883 3597 et
2931 3560 3054 3599 eum
3089 3547 3270 3602 verbis
3298 3550 3408 3618 pri-

1824 3639 1991 3689 mum,
2030 3632 2089 3679 ut
2115 3625 2331 3696 dignum
2355 3626 2474 3694 fuit,
2508 3629 2785 3698 paululum
2825 3636 3031 3703 asperis
3059 3636 3360 3707 increpavit
3388 3662 3404 3694 ε

1824 3722 1947 3782 post
1973 3723 2151 3770 autem
2178 3716 2474 3773 lenioribus
2512 3720 2828 3788 demultum,
2861 3723 2915 3777 in
2965 3740 3132 3794 regno
3163 3729 3401 3798 reliquit.

1823 3803 1999 3874 Atque
2039 3805 2092 3860 in
2122 3806 2397 3862 redeundo
2456 3810 2705 3865 Rhenum
2736 3813 2790 3866 in
2823 3812 2941 3867 loco
2989 3817 3081 3883 qui
3114 3815 3407 3874 Conﬁuens

1825 3894 2041 3960 dicitur,
2097 3899 2466 3964 transmeavit,
2523 3902 2577 3954 in
2606 3901 2896 3959 Arduenna
2946 3907 3283 3962 venationem
3314 3926 3405 3965 so-

1825 3981 1975 4036 litam
2011 3993 2348 4052 peracturus.
2387 3986 2444 4040 ln
2474 4003 2578 4056 qua
2639 4004 2760 4044 cum
2812 4003 3182 4061 exerceretur,
3227 3999 3404 4054 nuntii

1825 4071 1892 4126 ad
1922 4088 2044 4127 eum
2080 4074 2367 4129 certissimi
2404 4088 2686 4143 venerunt,
2749 4080 3097 4148 afﬁrmantes,
3148 4087 3292 4154 quod
3321 4103 3410 4142 vc-

1827 4177 1945 4215 rum
1979 4170 2112 4226 erat,
2171 4163 2382 4232 aliquos
2441 4163 2831 4233 Aquitanorum
2891 4184 3045 4224 suam
3076 4175 3404 4230 sententiam

1824 4261 2165 4320 exspectare,
2196 4254 2428 4323 qualiter
2452 4269 2538 4310 res
2589 4259 2899 4328 Aquitanici
2951 4263 3104 4331 regni
3133 4265 3412 4321 ordinare-

1824 4350 1912 4396 tur
1938 4359 1951 4395 :
1983 4343 2192 4414 aliquos
2219 4346 2349 4400 item
2412 4347 2630 4418 indigne
2664 4349 2805 4407 ferre
2831 4354 2974 4422 quod
3011 4357 3283 4413 audierint
3307 4357 3411 4414 Ca-

1825 4434 1939 4488 rolo
1966 4450 1995 4487 a
2019 4444 2173 4504 patre
2224 4436 2365 4490 idem
2404 4453 2628 4508 regnum
2667 4443 2944 4500 traditum.
2985 4445 3121 4500 Nam
3175 4449 3408 4519 impera—

1828 4533 1944 4580 tore
1981 4527 2046 4581 de
2077 4527 2272 4581 talibus
2300 4529 2550 4593 sollicito,
2603 4531 2869 4589 Ebroinus
2920 4537 3288 4594 nobilissimus
3317 4541 3406 4595 Pi-

1826 4616 2097 4670 ctavensis
2171 4617 2456 4686 episcopus
2529 4619 2800 4676 Flateram
2865 4626 3099 4691 advenit,
3152 4631 3408 4685 nuntians

1829 4715 1935 4760 tam
1983 4722 2041 4761 se
2076 4722 2238 4777 quam
2289 4720 2514 4767 carteros
2575 4715 2840 4780 primores
2866 4716 3105 4785 ejusdem
3132 4723 3283 4792 regni
3309 4737 3407 4777 ex-

1827 4805 2072 4865 spectare
2096 4796 2437 4866 imperatoris
2460 4801 2810 4868 voluntatem,
2837 4815 2890 4858 et
2916 4806 3232 4877 imperantis
3251 4826 3407 4866 exse-

1828 4887 1919 4956 qui
1959 4886 2094 4942 velle
2128 4889 2446 4958 jussionem.
2500 4893 2667 4946 Erant
2707 4897 2850 4948 enim
2895 4898 2948 4950 in
2999 4900 3098 4954 hac
3129 4901 3405 4959 voluntate

1827 4980 2204 5050 conspirantes
2256 4983 2476 5036 maximi
2532 4985 2728 5053 quippe
2784 5002 3110 5055 procerum:
3169 5009 3402 5063 quorum

1828 5071 2132 5125 eminentes
2163 5078 2336 5135 erant,
2389 5071 2595 5127 scilicet
2634 5073 2749 5142 ipse
2778 5075 3045 5134 Ebroinus
3072 5084 3404 5142 venerabilis

1829 5163 2132 5232 episcopus,
2170 5160 2506 5231 Reginardus
2560 5177 2764 5230 comes,
2801 5165 3072 5225 Gerardus
3101 5172 3284 5228 itidem
3313 5191 3406 5232 co-

1829 5268 1945 5308 mes
1979 5261 2032 5308 et
2055 5269 2220 5323 gener
2269 5253 2538 5323 quondam
2569 5255 2802 5326 Pippini,
2835 5275 2934 5315 nec
2962 5276 3069 5317 non
3099 5263 3404 5325 Hiratarins

1830 5343 2170 5417 [Ratharius]
2227 5346 2474 5400 similiter
2527 5364 2708 5404 comes
2735 5350 2942 5422 Pippini
3001 5369 3186 5423 gener,
3227 5363 3321 5416 sed
3349 5376 3406 5418 et

1825 5437 1913 5492 alii
1946 5438 2288 5507 quamplures
2317 5437 2507 5493 horum
2559 5452 2848 5510 sequentes
2871 5444 3223 5515 voluntatem,
3257 5452 3403 5504 nullo

1826 5537 2075 5599 poterant
2103 5537 2263 5598 pacto
2289 5529 2516 5598 seiungi.
2554 5533 2625 5586 At
2653 5549 2782 5587 vero
2820 5535 2987 5591 altera
3037 5554 3166 5608 pars
3192 5543 3398 5611 populi,

1827 5632 2055 5686 quorum
2085 5617 2168 5672 vel
2223 5620 2491 5673 maximus
2543 5620 2644 5674 fuit
2697 5623 2931 5679 Emenus
2979 5629 3220 5695 quidam,
3251 5645 3404 5685 assu-

1827 5717 2037 5762 mentes
2097 5707 2262 5762 ﬁlium
2322 5711 2855 5784 quondam.Pippini
2917 5719 3080 5787 regis,
3109 5719 3398 5790 Pippinum

1828 5797 2011 5852 itidem
2070 5800 2305 5866 nomine,
2343 5816 2771 5871 quaquaversum
2819 5815 3086 5877 poterant,
3129 5811 3399 5879 vagaban-
