3906 6336
498 320 603 376 975

1621 316 1945 374 LUDOVICI
1986 316 2006 372 Ι
2043 315 2521 375 COGNOMENTO
2562 318 2648 373 PII
3679 330 3777 385 8'5

497 442 602 498 tur,
654 432 794 488 sicut
830 431 998 487 moris
1062 431 1258 487 talibus
1316 440 1420 498 est,
1467 432 1887 501 praedationibus
1921 440 2082 501 atque
2109 434 2159 493 Α
2187 445 2328 495 mus,
2356 432 2492 487 utin
2525 442 2798 502 apostema
2837 436 3027 506 pituita
3084 448 3407 495 excresceus
3438 442 3775 507 duresceret,

490 523 766 595 tyrannidi
798 537 1019 593 operam
1058 524 1269 579 dantes.
1300 521 1636 579 Precabatur
1675 538 1804 594 ergo
1824 523 2083 593 praefatus

493 614 724 668 antistes
770 612 1045 670 Ebroinus
1100 615 1505 685 imperatorem,
1546 630 1614 670 ue
1644 616 1696 669 in
1726 616 1943 685 longum
1980 613 2084 669 dif-

490 704 666 760 ferret
696 704 842 760 hunc
893 706 1143 760 morbum
1191 721 1435 776 serpere,
1464 707 1558 762 sed
1585 716 1798 762 mature
1832 707 2079 761 medere-

489 805 581 850 tur
607 810 707 866 per
738 811 896 851 suum
928 795 1219 851 adventum
1277 795 1369 851 tali
1399 796 1762 864 incommodo,
1789 807 2077 867 antequam

491 894 640 939 tanta
672 885 790 941 lues
814 885 1078 956 plurimos
1106 885 1327 943 inficere
1354 897 1558 956 posset.
1590 889 1886 959 Imperator
1916 901 2079 959 porro

480 979 773 1049 prtefatum
806 982 1119 1052 episcopum
1144 983 1196 1035 in
1225 981 1570 1052 Aquitaniam
1595 999 1717 1039 cum
1748 984 1934 1039 multis
1957 1000 2079 1056 gra-

487 1072 685 1125 tiarum
734 1072 1039 1128 actionibus
1068 1074 1301 1139 remisit,
1352 1083 1408 1129 et
1435 1091 1555 1145 quae
1581 1076 1695 1129 visa
1726 1084 1849 1129 sunt
1880 1076 1992 1130 suis
2020 1074 2079 1129 fi-

487 1160 698 1216 delibus
746 1161 1063 1216 mandavit:
1092 1170 1145 1217 et
1175 1170 1234 1217 ut
1273 1162 1375 1217 sibi
1430 1164 1673 1217 autumni
1708 1172 1951 1233 tempore
1980 1164 2079 1218 ali-

482 1252 577 1321 qui
613 1268 803 1308 eorum
851 1254 904 1308 in
956 1254 1237 1311 Cabillono
1278 1267 1633 1313 occurrerent
1663 1259 1967 1329 imperavit.
1998 1258 2077 1314 Ibi

483 1345 630 1399 enim
685 1346 995 1417 generalem
1054 1349 1249 1405 indixit
1305 1358 1653 1406 conventum.
1693 1351 1883 1407 Nullus
1909 1368 2075 1422 porro

483 1443 803 1490 succenseat
855 1437 1192 1507 imperatori,
1253 1439 1397 1510 quod
1454 1440 1693 1495 dictante
1727 1440 2072 1506 crudelitate,

483 1533 737 1597 nepotem
794 1541 953 1581 suum
1003 1544 1173 1599 regno
1222 1530 1442 1599 privare
1496 1530 1769 1586 voluerit:
1804 1546 1924 1586 cum
1958 1533 2075 1601 ipse

484 1632 693 1672 morem
750 1618 925 1687 gentis
948 1619 1193 1674 nativum
1227 1621 1464 1686 noverit,
1496 1628 1555 1675 ut
1591 1630 1715 1691 pote
1737 1622 2077 1676 connutritus

484 1709 611 1774 illis,
644 1718 700 1765 et
730 1710 855 1780 quia
887 1710 1093 1765 levitati
1118 1720 1281 1781 atque
1310 1712 1429 1767 aliis
1457 1713 1742 1768 studentes
1762 1713 1926 1779 vitiis,
1959 1728 2077 1784 gra-

2185 528 2239 574 et
2268 522 2408 576 intra
2440 522 2621 577 vitalia
2669 523 2823 581 ulcus
2874 526 3033 581 letale
3080 542 3480 595 concresceret.
3542 533 3777 588 Invictus

2186 620 2367 681 tamen
2398 614 2539 669 illius
2591 616 2826 682 animus,
2858 617 2984 672 dum
3019 620 3223 674 turbari
3278 621 3371 676 tali
3401 634 3561 692 peste
3586 624 3773 681 Eccle-

2183 704 2319 759 siam
2347 705 2442 761 Dei
2473 708 2835 779 populumque.
2859 710 3226 767 Christianum
3258 717 3445 769 vexari
3484 719 3773 787 comperit.

2182 808 2283 847 nec
2311 792 2527 849 fastidio
2549 796 2731 861 cessit,
2765 812 2865 852 nec
2888 799 3056 853 dolori
3086 798 3291 855 fractus
3320 805 3636 858 succubuit.
3672 805 3775 861 Sed

2179 893 2466 953 postquam
2521 894 2767 940 sanctum
2805 887 3280 959 Quadragesimalc
3326 890 3601 961 jejunium
3655 910 3775 947 enm

2180 988 2349 1028 uxore
2369 982 2433 1027 et
2464 974 2573 1029 filio
2607 975 2802 1031 Carolo
2831 979 3127 1042 inchoavit,
3160 981 3421 1035 adversus
3473 982 3618 1035 hanc
3643 993 3776 1036 tem-

2179 1073 2446 1133 pestatem
2496 1067 2786 1121 sedandam
2817 1083 2875 1123 se
2908 1069 3117 1123 obicem
3166 1070 3304 1123 tulit.
3363 1071 3430 1123 Et
3457 1074 3551 1141 qui
3583 1073 3776 1125 solitus

2179 1164 2297 1209 erat
2326 1156 2427 1210 hoc
2455 1164 2667 1227 tempus
2714 1158 3043 1227 psalmorum
3097 1160 3498 1223 deeantatione,
3562 1174 3771 1217 oratio-

2178 1262 2309 1302 num
2338 1249 2618 1315 instantia,
2654 1252 2943 1306 missarum
2972 1254 3360 1320 celebratione,
3391 1256 3768 1328 eleemosynao

2180 1354 2300 1392 rum
2330 1339 2672 1405 liberalitate,
2711 1357 2832 1396 cum
2878 1358 3086 1396 summa
3142 1346 3429 1398 devotione
3465 1355 3644 1399 totum
3691 1361 3773 1399 so-

2178 1427 2354 1483 lemne
2406 1430 2651 1494 reddere,
2705 1432 2779 1486 ita
2811 1440 2871 1486 ut
2899 1434 2990 1486 vix
3039 1448 3147 1486 uno
3196 1443 3289 1486 aut
3317 1434 3537 1488 duobus
3583 1434 3771 1489 diebus

2176 1528 2398 1590 prepter
2417 1521 2862 1576 exercitationem
2891 1524 3212 1592 equitationi
3244 1525 3596 1594 indulgeret:
3631 1542 3771 1580 nunc

2176 1619 2398 1681 propter
2441 1612 2766 1668 discordiam
2822 1612 3132 1684 fugandam,
3176 1631 3477 1684 pacemque
3510 1632 3770 1674 revocan-

2179 1704 2321 1768 dam,
2352 1704 2558 1759 nullum
2608 1706 2750 1760 diem
2779 1707 2981 1760 habere
3008 1706 3260 1761 feriatum
3293 1708 3483 1761 voluit.
3523 1708 3769 1763 Pastoris

471 1798 635 1852 vitali
685 1809 848 1870 atque
896 1800 1178 1857 stabilitati
1214 1804 1430 1873 penitus
1480 1804 1900 1870 renuntiarunt,
1931 1812 2067 1858 etut
2098 1788 2143 1846 Β
2170 1795 2315 1849 enim
2344 1796 2470 1849 boni
2507 1797 2810 1866 ειεηητιιιιη
2842 1813 3094 1866 sequens,
3150 1814 3247 1867 Ρνο
3300 1799 3543 1852 “limine
3592 1802 3767 1868 gregis

472 1888 643 1942 talem
690 1889 977 1961 Pippinum
1029 1888 1253 1946 fratrem
1303 1892 1421 1962 ejus
1448 1893 1627 1949 facere
1652 1902 1894 1963 possent,
1933 1910 2071 1963 pene

478 1994 673 2035 omnes
704 1983 797 2050 qui
825 1983 893 2038 ob
924 1984 1257 2039 custodelam
1304 1985 1353 2039 ei
1404 1984 1557 2041 missi
1596 1995 1771 2051 erant,
1803 1988 1943 2042 sicut
1967 1986 2069 2042 sibi

476 2070 609 2125 olim
640 2088 671 2127 a
708 2084 863 2143 patre
895 2074 1089 2130 Carolo
1136 2074 1248 2129 dati
1296 2076 1527 2141 fuerant,
1572 2079 1639 2133 ab
1677 2078 1979 2149 Aquitania:
2010 2079 2073 2132 fi-

480 2164 642 2219 nibus
669 2165 1105 2221 eliminaverunt.
1140 2166 1268 2223 Post
1298 2185 1530 2239 quorum
1558 2171 1843 2225 abcessum
1867 2178 2068 2241 quanta

468 2263 534 2308 ~et
566 2256 745 2324 qualia
773 2259 1102 2311 emerserint
1130 2259 1397 2313 malorum
1428 2261 1796 2331 vitiorumque
1826 2269 2069 2317 monstra

478 2354 533 2401 et
566 2348 781 2419 publica
840 2358 896 2403 et
945 2349 1154 2418 privata
1204 2351 1256 2404 in
1316 2352 1508 2406 eodem
1568 2369 1753 2421 regno,
1808 2354 2067 2408 moderna

475 2450 692 2505 quoque
749 2438 1094 2507 praesentium
1150 2441 1324 2494 studia
1383 2452 1789 2511 rcprmsentant.
1841 2442 2069 2497 Volebat

475 2528 753 2598 piissimus
804 2529 1099 2599 imperator
1152 2532 1237 2600 pie
1282 2542 1337 2587 ct
1386 2533 1786 2589 rationabiliter
1841 2533 2065 2590 educari

474 2634 724 2688 puerum,
754 2635 821 2675 ne
862 2622 1006 2677 vitiis
1035 2623 1358 2691 prostitutus
1389 2639 1487 2679 nec
1522 2625 1621 2679 sibi
1652 2640 1751 2692 nec
1780 2626 1901 2682 aliis
1924 2642 2064 2697 prte-

476 2726 597 2764 essc
622 2720 678 2765 et
708 2711 967 2782 prodesse
996 2722 1183 2782 postea
1210 2723 1394 2783 posset
1421 2732 1432 2767 :
1467 2715 1713 2785 cogitans
1740 2715 1889 2782 illud,
1920 2717 2064 2786 quod

476 2800 713 2868 quidam,
750 2800 838 2869 qui
874 2800 998 2855 filiis
1031 2802 1083 2854 in
1138 2803 1391 2858 teneriori
1450 2811 1609 2857 (etate
1664 2804 1841 2860 adhuc
1876 2806 2066 2874 positis

475 2893 693 2947 tradere
725 2908 950 2962 regnum
990 2893 1174 2957 nollet,
1208 2895 1389 2949 taliter
1422 2911 1479 2950 se
1507 2910 1797 2951 excusasse
1827 2896 2060 2967 legitur:

476 2982 588 3053 Ego
613 2983 757 3037 enim
794 3000 897 3038 non
940 2985 1081 3053 quod
1134 2986 1403 3040 invideam
1433 3002 1500 3041 ex
1538 3004 1623 3043 me
1648 2989 1864 3058 genitis,
1896 2991 2064 3045 hono-

475 3074 626 3129 rifice
668 3091 763 3132 eos
796 3078 983 3132 haberi
1013 3087 1154 3143 veto,
1187 3078 1279 3134 sed
1307 3080 1433 3150 quia
1479 3082 1601 3135 novi
1632 3081 2062 3138 adolescentibus

2172 1886 2274 1941 sibi
2304 1889 2584 1942 commissi
2617 1904 2721 1942 non
2762 1890 3063 1961 refugiebat
3094 1894 3255 1945 etiam
3282 1894 3491 1962 proprii
3522 1896 3769 1963 corporis

2166 1977 2435 2047 jacturam
2480 1978 2643 2034 ferre.
2699 1979 2854 2034 Unde
2884 1994 2988 2033 non
3024 1984 3408 2049 ambigendum
3438 1993 3527 2036 est
3564 1985 3613 2036 ei
3646 1988 3766 2038 red-

2170 2067 2340 2121 ditum
2385 2070 2665 2137 prtemium
2712 2068 2856 2138 quod
2905 2070 2978 2123 ita
3020 2070 3392 2127 laborantibus
3421 2088 3480 2125 se
3514 2075 3766 2129 daturum

2168 2158 2419 2226 promisit
2471 2159 2740 2213 maximus
2802 2159 2962 2213 Pater
3028 2161 3386 2230 princepsque
3458 2171 3761 2232 pastorum.

2163 2246 2304 2302 Cum
2353 2248 2588 2301 maxima
2630 2250 2793 2318 igitur
2824 2248 3139 2320 fatigatione
3188 2252 3647 2321 impugnantibus
3676 2267 3766 2305 ve-

2170 2337 2389 2391 lentiam
2424 2339 2562 2393 illius
2586 2340 2881 2407 praemissis
2904 2342 3138 2407 casibus,
3165 2344 3416 2410 pervenit
3443 2344 3762 2397 imminente

2168 2430 2533 2483 sacratissima
2565 2429 2807 2484 [’ascliali
2841 2432 3185 2487 solemnitate
3238 2433 3620 2503 Aquasgrani,
3660 2434 3757 2489 ibi-

2168 2534 2272 2588 que
2323 2534 2440 2575 cam
2475 2536 2596 2573 cum
2635 2521 2790 2574 solita
2824 2522 3106 2577 devotione
3158 2523 3481 2577 celebravit.
3519 2524 3639 2590 Qua
3674 2540 3758 2578 ex-

2166 2610 2622 2681 plicita,eteptum
2653 2614 2927 2682 negotium
2962 2613 3287 2668 acceleravit
3324 2616 3575 2682 explere.
3606 2614 3754 2676 Nam,

2168 2701 2357 2755 Rheno
2394 2710 2745 2766 transmeato,
2802 2704 3155 2775 Thoringiam
3209 2707 3535 2759 continuato
3570 2706 3755 2759 itinere

2163 2793 2513 2862 penetravit:
2550 2793 2641 2846 ubi
2694 2793 3029 2848 Ludovicum
3067 2796 3266 2848 morari
3301 2809 3401 2862 per
3437 2796 3489 2848 id
3549 2806 3756 2865 tempus

2164 2882 2373 2936 didicit.
2411 2882 2467 2935 In
2530 2897 2637 2950 qua
2666 2898 2788 2936 cum
2837 2898 2960 2937 eum
3006 2886 3337 2937 conscientia
3403 2887 3615 2937 mortui
3656 2900 3754 2938 non

2165 2980 2461 3043 pateretur,
2489 2981 2549 3027 ut
2603 2983 2728 3042 pote
2766 2972 2877 3042 jam
2930 2984 3082 3043 patre
3124 2977 3557 3044 propinquante,
3601 2978 3754 3030 rebus

2163 3064 2329 3118 etiam
2360 3064 2645 3130 diffideret,
2700 3065 2930 3120 salutem
2969 3067 3021 3119 in
3072 3066 3208 3137 fugae
3256 3068 3505 3121 subsidio
3560 3069 3750 3136 posuit.

608 3128 619 3129 κ
678 3128 692 3130 -
739 3128 758 3132 -
1026 3128 1154 3143 .--Ἴ
1187 3128 1279 3134 ηρ
1311 3128 1433 3150 τυ-
1480 3128 1601 3135 ..-.-
1632 3128 2062 3138 a..----w--...._-

476 3170 592 3220 haec
650 3167 829 3221 studia
878 3168 1091 3223 ferocize
1128 3170 1457 3225 nutrimenta
1506 3186 1816 3243 suggerere.
1876 3173 2061 3242 Itaque

2170 3154 2463 3227 Redempto
2518 3158 2662 3211 enim
2717 3158 2929 3219 itinere,
2978 3173 3075 3226 per
3119 3158 3439 3212 Sclavormn
3475 3169 3681 3213 terram
3708 3162 3751 3213 in

476 3258 795 3325 imperator,
823 3262 901 3311 uti
957 3260 1293 3325 condixerat,
1355 3266 1595 3329 tempore
1634 3264 1929 3317 autumnali
1960 3263 2063 3318 Ca-

474 3345 833 3399 billoncnsem
861 3348 1048 3402 urbem
1077 3348 1252 3416 petiit,
1293 3358 1348 3403 et
1372 3356 1480 3404 tam
1512 3350 1876 3406 ecclesiastica
1900 3368 2061 3422 quam

478 3435 693 3503 publica
724 3452 823 3490 suo
850 3452 1001 3491 more
1039 3438 1321 3506 disposuit.
1356 3440 1557 3495 Deinde
1606 3442 1671 3496 ad
1718 3443 1867 3518 regqi
1898 3444 2065 3513 Aqui-

479 3527 642 3579 tanici
696 3527 1090 3581 ordinationem
1122 3544 1181 3583 se
1230 3530 1516 3584 convertit.
1550 3529 1684 3584 Nam
1726 3548 1849 3586 cum
1880 3534 2063 3605 regina

482 3617 651 3670 movit
677 3616 745 3669 ab
774 3617 965 3671 eodem
1008 3616 1159 3682 loco,
1186 3626 1239 3671 et
1270 3618 1383 3673 filio
1414 3634 1511 3674 suo
1540 3620 1756 3686 Carolo,
1788 3632 1844 3677 et
1887 3623 2061 3678 valida

488 3723 694 3761 manu:
750 3716 804 3761 et
842 3707 1052 3777 Ligeris
1110 3724 1267 3762 amne
1302 3710 1643 3777 transmisso,
1695 3712 2062 3768 Arvernorum

483 3796 672 3850 urbem
728 3796 903 3865 petiit.
938 3795 1123 3864 Ibique
1153 3795 1340 3851 fideles
1389 3812 1515 3852 suos
1566 3801 1667 3852 sibi
1714 3809 2064 3855 occurrentes

477 3886 711 3956 benigne
738 3885 890 3954 juxta
925 3901 1132 3940 morem
1166 3886 1383 3940 solitum
1433 3890 1691 3956 suscepit,
1746 3898 1800 3943 et
1828 3904 1924 3943 suo
1953 3890 2064 3945 filio

473 3978 668 4033 Carolo
698 3993 820 4032 cum
850 3977 1023 4031 solitis
1072 3977 1431 4031 sacramentis
1491 3979 1862 4033 commendari
1912 3978 2060 4033 fecit.

481 4069 769 4136 Quosdam,
834 4070 927 4137 qui
981 4084 1270 4125 occursum
1334 4070 1575 4127 debitum
1640 4071 2065 4142 fidelitatemque

474 4162 573 4217 sibi
609 4162 918 4231 impendere
942 4163 1294 4232 denegarunt,
1328 4162 1421 4216 sed
1449 4163 1667 4233 insuper
1691 4164 2064 4220 latrocinando

475 4252 740 4305 exercitui
802 4250 1245 4316 obambulabant,
1306 4260 1364 4306 et
1414 4267 1765 4322 quascunque
1817 4263 2066 4324 poterant

472 4342 683 4411 prmdas
707 4342 1054 4407 exercebant,
1108 4343 1530 4413 comprehensos
1581 4344 1737 4416 legali
1782 4348 2064 4415 quarstioni

472 4434 634 4503 jussit
664 4434 911 4488 subdere.

548 4521 720 4594 (840.)
762 4522 887 4577 Herc
936 4537 1000 4577 eo
1031 4534 1246 4592 agente,
1301 4523 1509 4579 Natalis
1537 4525 1749 4580 Domini
1796 4525 2061 4583 festivitas

474 4612 653 4676 rediit,
687 4611 1043 4681 eamdemque
1077 4614 1477 4668 solemnitatem
1527 4614 1765 4670 Pictavis
1793 4631 1916 4670 cum
1969 4618 2062 4672 de-

473 4704 587 4757 bito
637 4711 693 4757 et
737 4701 899 4757 solito
952 4703 1159 4757 honore
1217 4703 1545 4759 celebravit:
1586 4705 1892 4776 ibidemque
1943 4722 2059 4763 mo—

470 4793 639 4857 ranti,
671 4802 726 4847 et
754 4808 873 4862 qua:
919 4793 1127 4847 utilitas
1158 4795 1439 4863 poscebat,
1473 4796 1801 4864 disponenti,
1834 4797 2058 4851 nuntius

470 4884 566 4937 ille
596 4884 834 4948 advenit,
861 4884 1049 4939 dicens
1071 4884 1403 4941 Ludovieum
1442 4887 1609 4940 tilium
1641 4902 1820 4953 suum,
1851 4904 2061 4943 assum-

474 4975 585 5045 ptis
628 4975 947 5044 quibusdam
980 4975 1290 5031 Saxonibus
1318 4986 1479 5046 atque
1536 4978 1826 5048 Thoringis
1852 4994 2057 5047 secum,

476 5066 853 5120 Alamanniam
897 5066 1184 5121 invasisse.
1223 5067 1353 5134 Quae
1403 5084 1489 5123 res
1529 5070 1826 5123 maximum
1859 5071 2062 5126 incom-

477 5160 694 5213 modum
747 5158 798 5212 ei
826 5159 1054 5229 peperit.
1092 5158 1306 5212 Etenim
1364 5176 1484 5215 cum
1524 5158 1639 5228 jam
1692 5161 1847 5216 senili
1902 5172 2062 5217 aetate

479 5256 819 5319 gravaretur,
851 5257 905 5301 et
953 5248 1276 5317 phlegmatis
1332 5248 1686 5314 abundantia,
1737 5266 1857 5319 quae
1883 5251 2063 5305 hieme

478 5344 879 5407 augmentatur,
921 5337 1061 5391 ultra
1090 5338 1307 5392 solitum
1334 5338 1518 5406 pulmo
1551 5337 1669 5406 ejus
1718 5346 2058 5408 gravaretur,

478 5436 777 5497 pectusque
834 5435 1170 5495 quateretur,
1238 5428 1472 5481 accessit
1533 5429 1695 5482 etiam
1734 5430 1824 5483 hic
1890 5431 2063 5484 tristis

480 5518 722 5570 nuntius.
764 5516 927 5585 Cujus
950 5518 1125 5572 relatu
1152 5519 1288 5573 adeo
1314 5518 1540 5572 affectus
1564 5528 1646 5574 est
1678 5520 2065 5586 amaritudine,

478 5608 726 5675 quamvis
739 5616 881 5662 esset
899 5624 1036 5678 pene
1049 5610 1185 5663 ultra
1201 5611 1498 5664 humanum
1514 5610 1729 5665 modum
1754 5621 1945 5667 natura
1969 5614 2069 5667 mi-

476 5698 749 5763 tissimus,
780 5700 1092 5756 fortitudine
1128 5702 1530 5768 magnanimus,
1580 5703 1779 5771 pietate
1808 5704 2063 5757 cautissi-

2162 3248 2381 3317 propria
2434 3249 2611 3302 rediit.
2648 3248 2764 3315 Quo
2790 3248 2880 3301 illo
2921 3250 3201 3313 redeunte,
3254 3251 3561 3319 imperator
3596 3266 3751 3320 gene-

2164 3343 2331 3398 ralem
2385 3353 2708 3398 convcntum
2760 3344 2812 3397 in
2852 3344 2985 3397 urbe
3034 3345 3395 3413 Vangionum,
3455 3358 3591 3413 qua:
3622 3358 3752 3397 nunc

2163 3434 2461 3489 Wormatia
2504 3435 2715 3499 dicitur,
2755 3435 3069 3504 congregari
3103 3436 3379 3503 praecepit.
3412 3434 3485 3487 Et
3519 3436 3647 3503 quia
3674 3450 3752 3487 res

2164 3525 2421 3579 Ludovici
2470 3525 2650 3578 taliter
2680 3539 2737 3578 se
2777 3524 3067 3588 habebant,
3119 3525 3346 3579 Carolus
3398 3537 3588 3577 autem
3622 3524 3752 3576 filius

2164 3618 2282 3687 ejus
2305 3635 2426 3673 eum
2450 3626 2621 3671 matre
2649 3619 2700 3671 in
2727 3617 3015 3685 Aquitania
3060 3618 3404 3679 versabatur,
3466 3618 3753 3683 imperator

2165 3711 2231 3763 ad
2266 3710 2433 3763 filium
2485 3726 2641 3763 suum
2689 3709 3008 3765 Letharium
3041 3711 3094 3763 in
3122 3711 3328 3763 Italiam
3363 3712 3545 3773 misit,
3567 3713 3752 3779 jubens

2163 3810 2223 3854 ut
2248 3802 2423 3854 eidem
2448 3800 2644 3870 placito
2677 3800 2983 3865 interesset,
3018 3811 3285 3869 quatenus
3317 3818 3444 3854 eum
3476 3816 3542 3855 eo
3568 3812 3622 3856 et
3643 3802 3751 3855 aliis

2164 3892 2231 3946 de
2265 3892 2369 3945 hac
2396 3908 2455 3946 re
2503 3891 2848 3945 deliberaret.
2901 3890 3018 3958 Quo
3070 3892 3122 3944 in
3177 3903 3425 3959 tempore
3460 3893 3750 3961 deliquium

2166 3982 2296 4035 solis
2334 3982 2578 4049 contigit,
2626 3982 2788 4035 tertia
2828 3982 2912 4035 die
2958 3981 3183 4034 Litanim
3233 3979 3482 4047 majoris,
3542 3982 3753 4035 insolito

2161 4070 2344 4125 modo.
2395 4070 2454 4123 In
2481 4078 2689 4123 tantum
2735 4071 2880 4123 enim
2931 4070 3066 4124 lucis
3096 4086 3313 4124 recessu
3354 4071 3599 4124 tenebrat
3626 4088 3753 4140 pra:-

2164 4161 2472 4223 valuerunt,
2506 4170 2565 4213 ut
2590 4161 2723 4214 nihil
2749 4177 2777 4213 a
2818 4162 2993 4215 noctis
3022 4162 3249 4215 veritate
3273 4162 3505 4217 diﬂ‘erre
3554 4164 3755 4216 videre-

2165 4256 2274 4303 tur.
2318 4249 2607 4303 Stellarum
2648 4265 2883 4319 namque
2933 4259 3083 4305 ratus
3111 4252 3244 4305 ordo
3276 4252 3353 4304 ita
3407 4256 3749 4312 cernebatur.

2166 4348 2227 4394 ut
2253 4340 2459 4394 nullum
2488 4342 2638 4395 sidus
2659 4341 2795 4396 lucis
2826 4342 3019 4397 solaris
3042 4343 3432 4399 hebetudinem
3459 4355 3751 4414 pateretur,

2168 4431 2300 4500 quin
2351 4432 2531 4499 potius
2560 4432 2708 4496 luna,
2759 4447 2880 4501 qua:
2909 4448 2969 4486 se
2999 4434 3048 4487 ei
3088 4434 3375 4487 adversam
3430 4436 3753 4505 praebuerat,

2168 4520 2426 4589 paulatim
2483 4521 2748 4575 orientem
2803 4522 3036 4590 petendo
3086 4523 3321 4591 primum
3377 4526 3753 4579 corniculatim

2167 4609 2243 4663 illi
2280 4610 2458 4664 lumen
2490 4626 2518 4663 a
2543 4618 2699 4680 parte
2739 4610 3061 4665 occidentali
3093 4612 3433 4675 restitueret,
3469 4614 3527 4665 in
3557 4628 3753 4666 morem

2168 4703 2273 4768 sui,
2302 4701 2517 4771 quando
2541 4703 2716 4770 prima
2746 4701 2831 4755 vel
2871 4702 3105 4756 secunda
3152 4704 3421 4767 cernitur,
3458 4713 3517 4757 et
3552 4704 3635 4757 sic.
3667 4719 3753 4773 per

2167 4802 2455 4863 augmenta
2485 4799 2651 4846 totam
2690 4802 3030 4846 venustatem
3076 4802 3185 4846 tota
3219 4803 3338 4847 rota
3396 4793 3532 4847 solis
3564 4795 3755 4863 recipe.

2168 4893 2269 4937 ret.
2308 4883 2462 4949 Quod
2514 4883 2839 4953 proligium,
2892 4882 3019 4937 licet
3053 4894 3265 4937 naturae
3310 4885 3648 4945 ascribatur,
3675 4892 3750 4935 ta-

2168 4990 2289 5029 men
2320 4974 2653 5028 lamentabili
2693 4975 2843 5029 exitu
2893 4984 3326 5029 consummatum
3374 4982 3483 5028 est.
3526 4973 3749 5027 Porten-

2167 5067 2395 5121 debatur
2449 5066 2594 5121 enim
2634 5081 2733 5136 per
2770 5068 2873 5121 hoc
2908 5067 3203 5121 maximum
3237 5064 3369 5119 illud
3400 5064 3589 5119 lumen
3617 5079 3749 5118 mor-

2168 5156 2377 5220 talium,
2404 5156 2545 5225 quod
2579 5156 2632 5209 in
2664 5156 2825 5210 domo
2866 5156 2963 5211 Dei
2996 5171 3158 5224 supra
3191 5156 3583 5210 candelabrum
3615 5153 3747 5223 posi-

2169 5256 2281 5299 tum
2309 5246 2559 5300 omnibus
2588 5245 2822 5309 lucebat,
2849 5247 3107 5316 piissima:
3164 5245 3563 5300 recordationis
3595 5244 3745 5313 impe-

2167 5348 2401 5391 ratorem
2441 5335 2580 5398 dico,
2614 5338 2932 5391 maturrime
2961 5338 3122 5390 rebus
3144 5337 3397 5391 humanis
3423 5336 3742 5390 subtrahen-

2172 5428 2318 5491 dum,
2344 5430 2713 5497 mundumque
2735 5430 2851 5497 ejus
2866 5430 3089 5483 decessu
3117 5428 3171 5480 in
3190 5427 3429 5480 tenebris
3449 5424 3742 5479 tribulatio-

2174 5536 2301 5575 num
2352 5520 2783 5588 relinquendum.
2818 5518 2995 5588 Cmpit
3023 5533 3152 5589 ergo
3180 5517 3399 5571 fastidio
3454 5517 3735 5573 tabescens

2172 5620 2228 5664 et
2256 5611 2536 5664 nauseanti
2582 5610 2857 5663 stomacho
2910 5609 2977 5663 ad
3028 5610 3205 5662 cibum
3236 5615 3532 5675 potumque
3582 5606 3744 5658 inten-

2174 5704 2321 5771 dere,
2356 5703 2562 5759 erebris
2594 5702 2841 5770 suspiriis
2871 5702 3071 5771 urgeri,
3127 5698 3450 5772 singultibus
3488 5696 3656 5766 quati,
3682 5709 3736 5747 ac
