3906 6330
154 408 270 461 077

1705 405 1742 457 V
1752 402 1859 457 [TA
1870 442 1889 455 .

3321 415 3424 468 978

152 538 264 590 per
295 524 397 576 hoc
444 520 640 576 virtute
669 519 907 575 destitui.
946 518 1146 573 Natura
1192 516 1337 571 enim
1369 516 1483 570 suis
1527 516 1739 570 deserta
1770 522 1821 577 Α
1846 515 2145 569 commodis
2169 515 2237 567 ab
2268 530 2332 568 eo
2366 516 2598 572 af‘dictus
2624 518 2713 581 sit,
2764 528 2816 573 et
2842 521 2970 590 quid
3024 529 3212 574 contra
3270 536 3421 576 natu-

153 612 475 676 eomitibus,
508 624 730 665 necesse
769 618 851 664 est
882 619 944 663 ut
986 610 1127 663 victa
1158 608 1392 662 fatiscat.
1453 606 1606 673 Quod
1629 622 1747 661 cer-

154 716 321 765 nens,
346 700 511 771 jussit
548 700 649 755 sibi
678 701 859 771 parari
914 697 1219 753 habitacula
1246 697 1432 751 aestiva
1461 706 1622 766 atque
1651 710 1746 750 ex-

151 790 531 861 peditionalia,
584 790 637 845 in
691 791 866 845 insula
918 788 1154 859 quadam
1215 788 1465 858 contigua
1522 786 1746 857 Mogon-

154 884 323 938 tiaca:
351 884 553 939 civitati
588 900 599 936 :
635 883 817 952 ibique
866 881 1072 936 viribus
1101 883 1372 946 desertus,
1401 878 1598 935 lectulo
1624 894 1743 933 sese

148 974 466 1028 committit.

231 1064 403 1117 Porro
427 1063 549 1132 quis
572 1061 806 1131 explicet
848 1060 965 1130 ejus
990 1077 1089 1133 pro
1117 1062 1376 1116 Ecclesia:
1422 1069 1568 1115 statu
1596 1059 1744 1115 solli-

150 1157 485 1219 citudinem,
542 1154 627 1209 vel
683 1170 782 1223 pro
838 1152 953 1223 ejus
1003 1153 1358 1208 concussione
1411 1151 1744 1205 maerorem?

145 1245 281 1313 quis
307 1258 563 1299 enarrare
590 1242 951 1311 lacrymarum
982 1241 1223 1305 ﬂumina,
1263 1257 1399 1311 quas
1456 1256 1555 1309 pro
1585 1252 1740 1293 acce-

147 1332 422 1389 leratione
445 1333 641 1387 divinae
688 1332 987 1387 clementiae
1044 1330 1343 1385 fundebat?
1368 1328 1483 1383 Non
1512 1330 1657 1383 enim
1684 1344 1742 1383 se

148 1441 500 1482 recessurum
528 1424 766 1489 dolebat,
804 1423 897 1479 sed
924 1423 1069 1493 quod
1106 1420 1347 1475 futurum
1400 1427 1624 1475 noverat
1652 1433 1744 1487 ge-

147 1518 365 1582 mebat,
396 1516 582 1571 dicens
613 1532 671 1571 se
720 1516 999 1575 miserum,
1056 1513 1210 1582 cujus
1257 1520 1501 1565 extrema
1534 1509 1745 1564 claude-

146 1615 349 1661 rentur
403 1605 602 1659 talibus
651 1602 857 1657 inferiis
919 1600 1225 1673 [miseriis].
1282 1599 1521 1654 Aderant
1562 1608 1743 1651 autem

144 1696 273 1765 ejus
302 1694 652 1750 consolationi
708 1692 1041 1747 venerabiles
1066 1690 1339 1744 antistites
1376 1689 1431 1742 et
1478 1688 1568 1741 alii
1599 1685 1742 1740 servi

150 1790 250 1843 Dei
282 1786 687 1857 quamplurimi,
719 1787 857 1839 inter
892 1800 1027 1853 quos
1058 1793 1213 1837 erant
1239 1782 1395 1837 liethi
1418 1780 1742 1835 venerabilis

1850 619 1963 656 ram
1990 613 2045 657 et
2070 604 2280 657 Domini
2310 616 2631 675 praeceptum
2666 609 2792 663 talia
2822 611 3030 681 agendo
3079 626 3417 667 commeruec

1847 692 1937 745 rit.
1974 691 2079 747 Sed
2104 694 2228 761 quia
2275 694 2407 763 ipse.
2440 695 2634 765 inquit,
2667 697 2733 751 ad
2763 714 2846 752 me
2896 700 3079 754 venire
3104 699 3417 756 satisfactu-

1844 797 1938 836 rus
1967 784 2177 852 nequit,
2207 800 2306 855 ego
2332 788 2473 854 quod
2505 801 2684 841 meum
2730 798 2814 843 est
2841 805 2961 860 ago,
2991 791 3142 846 vobis
3191 792 3419 848 testibus

1845 883 1901 927 et
1932 874 2063 939 Deo,
2089 876 2266 929 omnia
2298 892 2416 944 qua:
2444 877 2495 930 in
2527 892 2612 931 me
2653 880 2896 947 peccavit
2923 880 2997 935 illi
3027 882 3262 937 remitto.
3320 882 3420 937 Ve-

1844 974 2019 1020 strum
2055 975 2234 1020 autem
2270 969 2373 1022 erit
2403 968 2551 1023 illum
2594 978 2834 1035 monere,
2864 980 2923 1024 ut
2948 972 2992 1025 si
3016 987 3115 1042 ego
3154 973 3225 1027 illi
3261 975 3419 1029 toties

1844 1072 2127 1126 perperam
2174 1068 2324 1127 gesta
2372 1060 2588 1123 indulsi,
2621 1060 2709 1114 ille
2760 1070 2937 1115 tamen
2967 1062 3049 1115 sui
3095 1077 3200 1116 non
3229 1062 3417 1117 oblivi-

1846 1158 2047 1214 scatur,
2078 1151 2171 1219 qui
2224 1166 2386 1205 canos
2431 1160 2687 1221 paternos
2728 1152 2945 1207 deducit
2974 1168 3096 1206 cum
3140 1151 3322 1208 dolore
3349 1154 3417 1206 ad

1844 1249 2097 1304 mortem,
2130 1249 2185 1294 et
2214 1241 2267 1294 in
2315 1242 2512 1296 talibus
2540 1242 2843 1296 communis
2884 1242 3060 1297 Patris
3106 1242 3199 1296 Dei
3226 1258 3420 1313 praece-

1842 1338 1936 1398 pta
1996 1330 2275 1400 minasque
2328 1334 2671 1403 contempsit.
2728 1332 2823 1388 llis
2874 1336 3109 1403 peractis
3152 1342 3207 1387 et
3260 1334 3419 1387 dictis

1845 1422 1983 1491 (erat
2024 1422 2167 1476 enim
2221 1438 2446 1493 vespere
2509 1423 2763 1494 sabbati),
2799 1425 3058 1495 pratcepit
3109 1433 3167 1480 ut
3210 1434 3334 1478 ante
3363 1440 3420 1478 se

1844 1511 2249 1567 celebrarentur
2278 1513 2473 1583 vigilite
2495 1522 2791 1579 nocturnae,
2823 1522 2876 1569 et
2907 1513 3051 1581 ligno
3074 1522 3272 1569 sancta:
3297 1529 3419 1568 cru-

1844 1604 1922 1658 cis
1970 1614 2158 1673 peetus
2202 1620 2357 1658 suum
2409 1606 2753 1659 muniretur:
2785 1614 2842 1660 et
2895 1606 3133 1675 quandiu
3184 1604 3418 1665 valebat,

1846 1711 2009 1748 manu
2048 1696 2267 1766 propria
2297 1703 2407 1749 tam
2450 1695 2682 1750 frontem
2709 1711 2869 1764 quam
2916 1704 3104 1764 pectus
3145 1695 3331 1749 eodem
3358 1696 3421 1746 si—

1846 1784 2073 1853 gnaculo
2102 1785 2409 1855 insignibat.
2436 1784 2493 1839 Si
2517 1785 2730 1854 quando
2759 1785 3080 1849 lassabatur,
3112 1800 3207 1853 per
3231 1800 3424 1837 manus

149 1878 518 1931 Treverorum
569 1875 1023 1944 archiepiscopus,
1064 1873 1317 1943 Otgarius
1352 1871 1635 1941 Mogontia:
1669 1871 1740 1924 si-
1770 1879 1817 1937 B
1848 1875 2034 1930 fratris
2086 1877 2167 1930 sui
2204 1876 2468 1947 Drogonis
2499 1885 2631 1931 nutu
2683 1877 2735 1931 id
2766 1876 2882 1932 fieri
2910 1878 3182 1947 poscebat.
3226 1877 3424 1931 Mansit

147 1967 359 2021 militer
400 1965 838 2035 archiepiscopus
868 2005 881 2029 ,
924 1966 1017 2018 sed
1049 1973 1103 2018 et
1131 1965 1307 2033 Drogo
1337 1963 1505 2017 frater
1532 1962 1737 2017 domini

148 2055 499 2124 imperatoris
548 2054 803 2109 Metensis
855 2055 1159 2123 cpiscopus,
1192 2069 1292 2107 nec
1338 2068 1443 2106 non
1472 2052 1609 2107 sacri
1647 2069 1739 2122 pa-

148 2143 275 2197 latii
304 2142 791 2211 archicapellanus.
823 2142 993 2208 Quem
1022 2152 1223 2211 quanto
1253 2143 1355 2197 sibi
1398 2144 1742 2212 prOpinquio-

148 2252 271 2291 rem
316 2244 560 2300 noverat,
594 2243 747 2289 tanto
774 2236 823 2289 ei
863 2235 1183 2288 familiarius
1218 2250 1313 2289 sua
1344 2235 1522 2289 omnia
1559 2241 1613 2287 et
1651 2248 1739 2287 sc-

148 2335 267 2380 met
306 2324 577 2379 credebat.
631 2324 735 2377 Per
793 2324 1041 2377 eumdem
1091 2324 1332 2391 quotidie
1382 2322 1739 2377 confessionis

146 2431 265 2469 sum
292 2429 505 2477 munus,
539 2412 862 2466 sacrificium
894 2412 1113 2482 spiritus
1142 2412 1505 2477 contribulati,
1539 2422 1595 2466 et
1615 2429 1739 2465 cor-

147 2507 552 2568 dishumiliati,
612 2506 756 2573 quod
806 2505 947 2557 Deus
989 2520 1095 2558 non
1153 2505 1401 2572 despicit,
1455 2504 1735 2559 offerebat.

144 2598 319 2653 Cibus
370 2598 487 2667 ejus
532 2607 649 2651 erat
696 2596 1033 2649 solummodo
1085 2612 1183 2665 per
1236 2595 1351 2649 dies
1384 2598 1739 2667 quadraginta

149 2690 495 2744 Dominicum
527 2706 743 2759 corpus,
783 2690 1033 2743 laudante
1060 2706 1123 2743 eo
1167 2690 1435 2758 justitiam
1466 2691 1556 2745 Dei
1583 2701 1633 2745 et
1662 2692 1741 2746 di-

147 2786 350 2832 cente:
383 2777 567 2832 Justus
614 2794 695 2842 es,
758 2779 1005 2842 Domine,
1076 2780 1281 2847 utquia
1309 2780 1741 2850 Quadragesimm

148 2879 370 2939 tempus
420 2886 526 2924 non
576 2871 827 2939 jejunans
884 2870 1061 2939 exegi,
1105 2869 1294 2923 saltem
1351 2878 1569 2924 coactus
1600 2870 1738 2925 idem

140 2956 411 3026 jejunium
445 2960 537 3013 tibi
570 2960 865 3014 exsolvam.
920 2959 1083 3014 Jussit
1120 2968 1299 3013 autem
1358 2960 1535 3013 eidem
1581 2974 1741 3015 vene-

152 3049 313 3103 rabili
346 3049 496 3102 fratri
526 3066 624 3103 suo
653 3050 910 3120 Drogoni,
948 3058 1004 3103 ut
1032 3049 1314 3103 ministros
1367 3064 1598 3105 camera:
1628 3064 1741 3105 sua:

148 3147 281 3191 ante
311 3153 368 3192 se
402 3139 587 3193 venire
610 3137 827 3199 faceret,
862 3147 916 3193 et
939 3154 1051 3192 rem
1081 3138 1423 3202 familiarem,
1456 3153 1579 3209 qum
1604 3154 1737 3193 con-

1841 1982 1970 2035 ergo
2024 1975 2132 2021 tota
2163 1967 2252 2021 illa
2286 1976 2442 2022 nocte
2492 1968 2671 2022 omnis
2692 1968 2905 2022 virtutis
2947 1983 3219 2038 corporeae
3246 1970 3420 2038 inops,

1839 2057 2005 2110 solius
2043 2057 2351 2111 sobrietatis
2383 2058 2547 2110 animi
2578 2072 2817 2127 compos.
2866 2057 2926 2111 1n
2954 2058 3269 2122 crastinum,
3306 2074 3425 2128 qua:

1844 2154 1963 2199 erat
1988 2146 2288 2209 Dominica,
2316 2145 2489 2213 jussit,
2513 2146 2873 2201 ministerium
2900 2148 3088 2202 altaris
3110 2151 3421 2218 praeparari,

1840 2242 1893 2287 et
1922 2248 2018 2301 per
2058 2232 2289 2287 officium
2330 2234 2590 2303 Drogonis
2628 2234 2915 2289 missarmn
2964 2236 3226 2291 solemnia
3280 2237 3425 2292 cele-

1838 2327 1985 2381 brari
2018 2344 2030 2379 :
2077 2342 2176 2381 nec
2202 2342 2307 2381 non
2338 2341 2435 2396 per
2471 2343 2665 2381 manus
2692 2326 2826 2395 ejus,
2844 2328 2998 2398 juxta
3023 2344 3250 2393 morem,
3277 2344 3425 2384 com-

1841 2416 2150 2468 nmnionem
2190 2430 2397 2470 sacram
2438 2417 2539 2469 sibi
2569 2417 2704 2481 dari,
2740 2424 2792 2470 et
2832 2426 2952 2485 post
2981 2418 3096 2471 bare
3143 2417 3422 2487 cujusdam

1838 2507 2162 2576 potiunculte
2206 2506 2451 2561 ealidula:
2476 2508 2723 2561 haustum
2755 2508 3004 2575 praeberi.
3060 2506 3177 2573 Quo
3201 2523 3425 2577 perpau-

1843 2595 2009 2649 lulum
2062 2594 2360 2664 praelibato,
2409 2604 2661 2664 precatus
2705 2604 2791 2649 est
2839 2594 3095 2660 fratrem,
3153 2605 3207 2649 et
3264 2597 3425 2651 simul

1843 2694 2105 2750 astantes,
2137 2695 2201 2742 ut
2225 2687 2481 2741 curandis
2509 2687 2825 2756 corporibus
2876 2702 3097 2757 Operam
3126 2688 3336 2751 darent,
3366 2700 3426 2741 se

1844 2775 2028 2829 tandiu
2078 2776 2510 2844 prmstolaturum
2562 2777 2798 2845 quandiu
2863 2776 2939 2829 illi
2992 2775 3137 2831 refici
3186 2786 3423 2844 possent.

1840 2866 2080 2919 Instante
2110 2874 2288 2919 autem
2312 2865 2649 2935 migrationis
2677 2865 2791 2934 ejus
2814 2864 3061 2929 articulo,
3092 2863 3282 2931 juncto
3304 2864 3423 2933 pol-

1842 2954 1943 3008 lico
1981 2970 2103 3007 cum
2152 2954 2396 3009 articulis
2451 2954 2577 3024 (hoc
2628 2955 2771 3008 enim
2819 2953 2999 3009 facere
3042 2963 3421 3015 consueverat.

1844 3045 1887 3098 si
1916 3044 2131 3114 quando
2156 3044 2380 3098 fratrem
2426 3053 2557 3097 nutu
2590 3045 2842 3114 vocabat)
2888 3043 3193 3113 Drogonem
3242 3060 3423 3098 accer-

1844 3136 1986 3189 sivit.
2026 3135 2144 3201 Quo
2173 3135 2422 3190 veniente
2455 3145 2510 3189 et
2539 3135 2762 3205 reliquis
2813 3136 3204 3201 sacerdotibus,
3234 3138 3423 3190 verbis

150 3229 337 3284 stabat
363 3228 415 3281 in
468 3229 802 3282 ornamentis
833 3228 1127 3298 regalibus,
1179 3228 1385 3283 scilicet
1412 3228 1650 3291 coronis,
1677 3220 1802 3283 etC
1834 3226 2030 3296 quibus
2080 3226 2253 3295 potuit
2276 3232 2331 3279 et
2360 3226 2577 3279 nutibus
2628 3240 2686 3280 se
2720 3226 3126 3289 commendans,
3170 3225 3413 3279 benedici

152 3318 347 3382 armis,
385 3318 549 3379 vasis,
582 3318 754 3380 libris,
797 3317 1326 3385 sacerdotalibusque
1353 3318 1612 3381 vestibus,
1640 3333 1738 3387 per

150 3406 365 3475 singula
394 3406 625 3460 describi
654 3407 888 3475 jubet-et.
923 3406 1020 3459 Cui
1076 3415 1233 3475 prout
1262 3407 1361 3461 sibi
1412 3408 1584 3462 visum
1613 3407 1732 3465 fuit.

148 3495 283 3563 quid
314 3496 579 3559 ecclesiis,
606 3496 733 3564 quid
776 3496 1123 3563 pauperibus,
1160 3505 1431 3565 postremo
1453 3498 1580 3566 quid
1612 3498 1736 3552 filiis

147 3584 373 3655 elargiri
424 3586 669 3649 deberet,
707 3587 973 3649 edixerat,
1018 3585 1274 3641 Lothario
1322 3587 1526 3642 scilicet
1555 3596 1609 3640 et
1634 3587 1736 3641 Ca-

151 3674 286 3728 rolo.
319 3676 379 3727 Et
406 3675 661 3728 Lothario
693 3676 909 3743 quidem
933 3690 1211 3739 coronam,
1235 3690 1441 3739 ensem,
1463 3690 1734 3745 sceptrum

147 3780 286 3819 auro
316 3766 650 3833 gemmisque
714 3765 1041 3828 redimitum,
1076 3779 1141 3818 eo
1196 3774 1383 3819 tenore.
1428 3765 1733 3821 habendum

148 3856 320 3917 misit,
347 3866 406 3909 ut
441 3856 600 3910 fidem
655 3856 847 3911 Carolo
906 3867 960 3911 et
985 3854 1173 3911 Judith
1219 3865 1463 3913 servaret
1490 3866 1545 3913 et
1566 3866 1734 3913 totam

148 3949 303 4016 regni
334 3948 636 4016 portionem
690 3948 765 4001 illi
794 3948 1128 4002 consentiret
1154 3958 1209 4001 et
1236 3956 1501 4012 tueretur,
1546 3964 1729 4018 quam,

146 4041 261 4099 Deo
318 4050 453 4095 teste
498 4048 553 4095 et
580 4041 898 4109 proceribus
920 4040 1125 4111 palatii,
1166 4040 1253 4095 ille
1304 4056 1487 4095 secum
1519 4049 1574 4095 et
1612 4050 1734 4094 ante

145 4150 208 4190 se
239 4135 463 4202 largitus
492 4134 544 4188 ei
596 4133 790 4187 fuerat.
829 4133 925 4187 liis
955 4134 1058 4189 rite
1086 4133 1340 4202 peractis,
1392 4133 1594 4201 gratias
1624 4132 1732 4186 Deo

143 4227 260 4296 egit
289 4227 416 4295 quia
474 4226 605 4279 nihil
650 4225 752 4280 sibi
804 4240 1089 4294 superesse
1132 4224 1407 4293 proprium
1460 4222 1729 4291 cognovit.

144 4313 297 4367 lnter
324 4314 437 4367 haec
462 4322 572 4366 tam
592 4312 916 4366 venerabilis
947 4311 1175 4365 antistes
1202 4310 1400 4381 Drogo,
1435 4325 1597 4378 quam
1626 4324 1733 4363 cae-

146 4403 252 4457 teri
293 4400 592 4469 pontifices,
632 4402 759 4455 dum
790 4402 843 4455 in
885 4400 1103 4455 cunctis
1145 4416 1265 4469 quae.
1295 4401 1594 4471 agebantur
1624 4402 1735 4455 Deo

144 4500 333 4562 grates
377 4490 788 4558 persolverent:
840 4498 901 4543 ut
953 4497 1078 4557 pote
1131 4489 1220 4558 qui
1266 4489 1522 4544 videbant
1592 4490 1734 4557 quod

143 4594 297 4643 eum,
332 4593 490 4647 quem
517 4580 717 4633 chorus
770 4579 1028 4633 virtutum
1066 4594 1281 4649 semper
1308 4580 1595 4634 comitatus
1621 4579 1736 4634 fue-

145 4678 253 4733 rat,
300 4685 441 4723 nunc
500 4670 903 4739 perseverantia
964 4670 1325 4738 subsequens,
1376 4672 1531 4739 quasi
1561 4671 1732 4724 cauda

145 4761 363 4824 hostire,
398 4768 566 4813 totum
588 4761 705 4829 ejus
734 4761 858 4814 vita:
908 4760 1233 4815 sacrificium
1264 4761 1375 4816 Deo
1404 4778 1623 4831 prorsus
1647 4778 1733 4817 ac-

147 4857 367 4916 ceptum
408 4848 703 4901 reddebat:
748 4864 912 4901 unmn
956 4858 1074 4904 erat
1105 4866 1212 4919 quo
1265 4852 1519 4919 gaudium
1545 4866 1731 4907 eorum

147 4936 534 4992 oll‘uscabatur.
588 4936 924 4992 Verebantur
972 4940 1117 4993 enim
1170 4955 1238 4994 ne
1275 4940 1412 4995 forte.
1462 4941 1571 4996 filio
1623 4942 1729 4995 Lu-

148 5025 343 5079 dovico
372 5025 725 5093 implacabilis
746 5041 867 5081 esse
891 5026 1071 5091 vellet,
1111 5028 1345 5083 scientes
1371 5030 1515 5098 quod
1540 5029 1733 5084 vulnus

150 5119 467 5187 frequenter
520 5118 772 5182 incisum,
826 5126 920 5171 aut
970 5120 1209 5173 cauterio
1261 5120 1529 5185 adustum,
1586 5137 1731 5177 accr-

149 5208 359 5261 biorem
412 5206 652 5262 dolorem
718 5208 1004 5263 sustinenti
1040 5217 1393 5279 propagaret;
1439 5209 1522 5264 fisi
1554 5219 1731 5265 tamen

152 5298 217 5352 de
241 5295 358 5365 ejus
388 5297 584 5351 invicta
611 5296 871 5366 patientia
923 5314 1029 5366 qua
1081 5313 1295 5367 semper
1343 5314 1472 5353 usus
1501 5310 1603 5365 est,
1637 5316 1735 5371 per

156 5392 461 5458 ltrogonem
492 5387 717 5441 fratrem
755 5387 893 5456 ejus,
934 5387 1088 5457 cujus
1135 5391 1297 5445 verba
1348 5406 1603 5459 spernere
1633 5408 1731 5447 no-

154 5480 318 5542 lebat,
370 5478 608 5531 animum
660 5477 801 5533 illius
856 5478 1052 5533 leniter
1084 5480 1317 5549 pulsant.
1357 5479 1457 5546 Qui
1499 5482 1733 5550 primmn

154 5571 372 5641 quidem
398 5570 808 5625 amaritudinem
834 5570 913 5624 sui
940 5571 1105 5625 animi
1128 5573 1481 5626 demonstrat.
1513 5572 1581 5625 At
1607 5590 1733 5627 vero

154 5674 447 5730 parmnper
501 5659 822 5722 deliberans,
880 5668 933 5715 et
988 5661 1191 5716 viribus
1248 5662 1731 5733 quantuliscunquc

155 5752 399 5805 roliertis
453 5765 770 5804 enumerare
821 5752 1292 5821 conabatm',quot
1335 5762 1386 5807 ct
1416 5755 1626 5821 quantis
1659 5754 1726 5807 in-

1839 3316 2051 3385 petivit,
2083 3324 2136 3369 et
2184 3331 2305 3385 qua:
2342 3315 2515 3368 solent
2560 3314 2645 3385 agi
2692 3315 2743 3368 in
2775 3329 2991 3384 egressu
3028 3314 3241 3379 anima),
3304 3315 3422 3368 fieri

1837 3407 2149 3477 postulavit.
2205 3406 2411 3473 Quibus
2442 3406 2491 3459 id
2533 3404 2836 3475 agentibus,
2879 3406 3020 3459 sicut
3074 3404 3254 3473 plures
3286 3405 3422 3457 mihi

1840 3495 2159 3559 retulerunt,
2217 3510 2476 3549 conversa
2527 3494 2643 3548 acie
2675 3494 2725 3546 in
2766 3493 3043 3547 sinistram
3076 3506 3306 3562 partem,
3340 3494 3422 3546 iu-

1838 3586 2108 3657 dignando
2157 3584 2571 3653 quodammodo,
2603 3583 2803 3637 virtute
2848 3591 3048 3652 quanta
3088 3583 3419 3651 potuitdixit

1837 3680 1919 3732 his
1948 3676 2111 3740 Hutz,
2151 3676 2317 3739 Ilutz,
2348 3674 2488 3745 quod
2515 3674 2808 3743 signiﬁcat,
2838 3673 3025 3736 Foras,
3051 3672 3239 3726 Foras.
3267 3672 3422 3727 Unde

1836 3774 1986 3836 patet
2031 3767 2158 3835 quia
2188 3756 2479 3834 malignum
2517 3764 2766 3833 spiritum
2810 3764 2964 3827 vidit,
2997 3763 3147 3832 cujus
3193 3763 3423 3817 societa-

1839 3865 1946 3911 tem
1974 3872 2074 3911 nec
2120 3857 2276 3911 vivus
2310 3871 2407 3910 nec
2451 3856 2690 3909 moriens
2743 3856 2941 3909 habere
2970 3853 3154 3907 voluit.
3185 3854 3254 3907 At
3292 3872 3420 3908 vero

1837 3948 2064 4003 elevatis
2100 3948 2166 4002 ad
2194 3948 2390 4003 caalum
2430 3947 2621 4010 oculis,
2672 3956 2875 4014 quanto
2912 3946 3016 4000 huc
3047 3946 3309 4000 minacius
3340 3947 3421 4000 in-

1840 4039 2110 4101 tuebatur,
2161 4046 2309 4091 tanto
2344 4037 2470 4090 illuc
2520 4036 2696 4112 lartius
2748 4034 3061 4089 intendebat
3114 4034 3240 4104 [Μδ.
3272 4036 3413 4095 cod.

1836 4130 2148 4199 angelorum
2188 4128 2403 4198 agmina
2431 4127 2498 4180 ad
2527 4141 2584 4180 se
2627 4126 2843 4181 intuens
2865 4125 3145 4195 conspexit
3198 4127 3418 4180 venien-

1838 4223 1912 4277 tia
1944 4240 1956 4276 :
1997 4221 2085 4275 illa
2125 4221 2301 4275 laetius
2338 4221 2415 4275 sic
2470 4218 2806 4283 intendebat,
2853 4217 3002 4290 etc.],
3036 4220 3112 4273 ita
3140 4227 3198 4272 ut
3221 4220 3357 4273 nihil
3386 4238 3417 4274 a

1839 4313 2049 4368 ridente
2079 4310 2296 4366 differre
2330 4311 2623 4366 videretur.
2656 4309 2712 4363 ln
2755 4309 2949 4364 talibus
2976 4324 3104 4380 ergo
3132 4310 3252 4366 vita:
3279 4328 3415 4381 prai-

1838 4404 2006 4458 seutis
2068 4403 2354 4457 terminum
2397 4401 2640 4462 sortitus,
2690 4400 2756 4453 ad
2787 4400 3031 4469 requiem
3076 4398 3324 4463 feliciter,
3359 4411 3416 4453 ut

1838 4493 2128 4554 credimus,
2185 4490 2594 4560 commigravit:
2628 4489 2771 4557 quia,
2809 4496 2866 4541 ut
2911 4487 3180 4543 veraciter
3208 4489 3411 4544 dictum

1838 4594 1922 4638 est
1966 4599 1997 4636 a
2046 4581 2283 4636 veridico
2328 4580 2585 4635 doctore:
2624 4578 2746 4631 Non
2793 4588 2956 4648 potest
3003 4579 3139 4632 male
3168 4580 3301 4634 meri
3328 4582 3416 4649 qui

1840 4675 1964 4727 bene
1990 4674 2193 4728 vixerit.
2224 4671 2463 4726 Decessit
2488 4679 2666 4723 autem
2694 4686 2768 4723 xu
2807 4668 3070 4723 Kalendas
3093 4667 3241 4735 Julii,
3273 4686 3415 4723 anno

1842 4765 1966 4819 vita:
1998 4781 2108 4818 sua:
2138 4779 2301 4833 sexag
2338 4763 2472 4817 simo
2518 4768 2729 4828 quarto.
2764 4758 2830 4811 Et
2859 4758 3163 4827 Aquitanae
3198 4760 3412 4829 quidem

1839 4854 2056 4924 prasfuit
2083 4867 2177 4922 per
2206 4867 2377 4905 annos
2409 4850 2621 4921 triginta
2680 4857 2904 4917 septem,
2955 4847 3237 4918 imperavit
3282 4864 3411 4901 vero

1840 4944 2029 5015 viginti
2059 4950 2285 5011 septem.
2314 4941 2505 4995 Anima
2527 4954 2687 5009 porro
2715 4939 3018 5003 recedente,
3052 4940 3225 5009 Drogo
3246 4937 3417 4994 frater

1840 5032 1958 5101 cjus
1986 5042 2041 5087 ct
2069 5033 2351 5102 episcopus
2382 5029 2654 5092 Metcnsis,
2700 5043 2821 5082 cum
2852 5029 2967 5082 aliis
3001 5027 3291 5097 episcopis,
3322 5028 3417 5081 ab—

1840 5122 2073 5185 batibus,
2124 5119 2434 5183 comitibus,
2489 5119 2661 5173 vassis
2716 5118 3023 5183 dominicis,
3078 5117 3415 5187 plurimaque

1838 5212 2143 5281 frequentia
2192 5219 2299 5264 tam
2328 5210 2457 5265 cleri
2493 5225 2653 5279 quam
2698 5208 2898 5277 populi,
2932 5208 3161 5276 sumptis
3186 5208 3416 5277 impera-

1841 5303 1974 5357 toris
2016 5302 2256 5371 reliquiis
2311 5316 2435 5355 cum
2466 5315 2659 5370 magno
2711 5300 2913 5353 honore
2944 5297 3098 5351 Motis
3134 5306 3411 5367 transpor-

1842 5394 1942 5448 tari
1970 5391 2112 5455 fecit,
2146 5401 2200 5446 et
2225 5392 2276 5445 in
2306 5390 2524 5447 basilica
2557 5390 2726 5444 sancti
2758 5389 2983 5453 Arnulfi,
3015 5404 3122 5458 quo
3153 5399 3208 5444 et
3237 5396 3413 5443 mater

1837 5484 1952 5551 ejus
1979 5483 2193 5537 condita
2222 5491 2327 5546 est,
2358 5481 2608 5535 nobiliter
2632 5480 2893 5548 sepelivit.

1912 5574 2127 5628 Finiunt
2189 5571 2306 5625 Vita
2354 5581 2572 5625 ductus
2624 5569 2837 5639 gloriasi
2872 5569 3121 5639 principis
3160 5568 3409 5625 inrictict

1836 5665 2110 5719 orthodoxi
2139 5662 2459 5734 impcrnloris
2484 5661 2731 5715 Ludoriri
2761 5659 2858 5715 Pii.
