3906 6326
499 333 605 394 U79

767 444 1185 502 EPITAPIII‘UM
1243 447 1568 504 LUDOVICI
1607 448 1812 506 REGIS

985 517 1076 572 ΕΤ
1102 516 1589 585 IMPERATORIS,

495 625 585 672 QUI
611 622 772 663 ιλσετ
809 625 865 664 IN
907 623 1252 666 IONAB‘I‘ERIO
1290 626 1477 666 SANCTI
1531 627 1757 667 ABNULFI
1800 628 2076 668 HETENSIS.

493 697 713 770 Imperii
742 698 969 765 fulmen,
999 700 1335 758 Francorum
1365 703 1544 758 nobile
1567 703 1800 769 culmen,

566 790 765 846 Erutus
793 807 824 848 a
849 791 1011 848 szeclo
1034 793 1284 847 conditur
1306 793 1408 848 hoc
1437 793 1658 848 tumulo.

494 881 607 936 ltex
636 881 939 946 Luoovtcus
965 882 1183 951 pietatis
1211 891 1396 938 tantus
1425 883 1651 946 amicus,

565 972 718 1039 Quod
741 973 870 1028 Pius
897 988 927 1027 a
951 973 1148 1044 populo
1179 974 1377 1029 dicitur
1413 981 1466 1029 et
1494 973 1672 1027 titulo.

491 1060 786 1130 llildegard
812 1061 1046 1128 soboles,
1078 1061 1258 1118 Caroli
1292 1062 1471 1133 Magni
1499 1064 1587 1132 pia
1611 1062 1809 1132 proles,

563 1153 623 1208 In
651 1153 802 1224 pacis
823 1164 1001 1210 metas
1041 1155 1245 1226 colligit
1288 1157 1433 1211 hunc
1455 1157 1649 1227 pietas.

492 1244 834 1300 ltumelicum
855 1245 1059 1312 villam,
1089 1247 1420 1317 quidquidve
1451 1248 1688 1303 refertur
1717 1247 1783 1301 ad
1815 1247 1981 1313 illam,

563 1335 789 1392 Arnult‘o
821 1345 1011 1393 sancto
1041 1338 1290 1404 contulit,
1321 1339 1556 1409 buicque
1584 1340 1721 1396 loco.

492 1425 671 1496 Stirps
704 1442 736 1482 a
763 1443 873 1500 quo
895 1443 1204 1498 procerum,
1237 1444 1532 1500 regumque
1559 1430 1644 1485 vel
1669 1430 2078 1500 imperatorum,

560 1517 804 1587 Quorum
834 1523 1152 1584 muneribus
1179 1523 1388 1578 sistitur
1417 1523 1521 1578 iste
1547 1523 1717 1579 locus.

744 1651 954 1708 ALIUD
992 1652 1416 1710 EPITAPIIIUM
1456 1654 1800 1711 LUDOVICI.

489 1760 601 1831 (Ea:
640 1764 807 1842 veteri
834 1764 1138 1842 membrana
1255 1767 1466 1842 Amat/3'
1509 1767 1950 1842 Μειεῃξὶξεᾳριιά
1971 1770 2079 1824 Βα-

737 1833 958 1899 (uitium,
987 1833 1218 1906 Capitul.
1247 1846 1373 1890 tom.
1401 1833 1487 1903 ΙΙ,
1515 1855 1635 1909 pag.
1661 1833 1846 1912 1566.)

487 1921 788 1980 Przecelsus
817 1926 1048 1993 meritis,
1079 1926 1287 1984 famoso
1321 1937 1378 1984 et
1400 1931 1618 1985 nomine
1649 1931 1853 1994 clarus,

561 2013 713 2069 Felix
740 2015 1018 2086 Augustus
1041 2017 1131 2073 hic
1158 2017 1430 2074 Luduicus
1455 2018 1628 2075 adest.

1635 337 1955 397 LUDOVlCl
1992 339 2014 395 1
2052 337 2524 399 COGNOMENTO
2560 342 2646 398 Ρη
3029 329 3042 338 “
3667 344 3762 399 asa

2108 454 2156 514 Α
2183 450 2438 520 Corporis
2462 455 2546 510 hic
2572 464 2722 510 artus
2748 455 2947 512 clausit
2971 459 3186 528 quando
3218 457 3402 512 ultima
3430 458 3596 514 solvit

2255 540 2515 597 Humana:
2543 544 2668 600 vitte
2693 554 2747 600 et
2777 562 2941 617 super
2970 555 3117 602 astra
3144 549 3299 617 petit.

2183 630 2284 687 Hic
2309 633 2468 700 ﬁdus,
2498 633 2674 702 fortis,
2699 637 2833 692 nulli
2858 639 3057 710 pietate
3077 640 3370 704 secundus,

2255 721 2523 790 Clemens,
2547 733 2603 780 et
2635 727 2867 796 patiens,
2895 738 3055 800 atque
3079 731 3344 800 benignus
3373 741 3516 785 erat.

2182 812 2455 869 Ecclesias
2481 813 2682 870 Christi
2714 818 2820 872 ritu
2849 820 3132 874 renovavit
3158 819 3403 885 honesto,

2255 905 2426 976 Ipsius
2455 914 2509 962 et
2538 908 2714 964 cultor
2741 925 2904 967 verus
2930 913 3124 983 ubique
3148 912 3265 968 fuit.

2183 995 2413 1052 Cassaris
2441 997 2528 1053 hic
2566 1001 2780 1070 genitus
2808 999 2984 1057 Caroli
3010 1002 3346 1073 Augustique
3367 1012 3650 1073 superstes

2256 1085 2528 1143 Successit
2555 1105 2722 1160 regno
2745 1091 2872 1146 huic
2896 1099 3110 1162 sceptra
3139 1108 3334 1162 regens
3361 1092 3566 1162 pOpuIi.

2183 1178 2351 1246 Quem
2383 1196 2528 1236 nunc
2561 1197 2660 1252 pro
2686 1184 2858 1238 sacris
2887 1184 3094 1238 meritis
3113 1183 3225 1253 jam
3260 1184 3488 1239 credere
3524 1183 3606 1239 fas
3636 1195 3717 1239 est

2254 1272 2386 1328 Cum
2414 1273 2632 1329 Christo
2662 1275 2888 1330 Domino
2918 1267 3085 1346 regna
3109 1284 3296 1331 tenere
3327 1275 3458 1345 poli.

2182 1363 2348 1432 Cujus
2372 1380 2663 1434 germanus
2697 1367 2871 1436 Drogo
2901 1366 3210 1437 Christique
3237 1368 3495 1422 sacerdos

2255 1453 2554 1509 Transtulit
2579 1454 2684 1510 huc
2713 1471 2932 1526 corpus,
2956 1456 3195 1512 condidit
3224 1456 3328 1510 hoc
3359 1454 3592 1510 tumulo.

2254 1564 2498 1636 Decessit
2549 1573 2729 1620 autem
2780 1580 2921 1620 anno
2968 1567 3180 1636 imperii
3233 1567 3312 1620 sui
3351 1582 3526 1630 xxvu,
3566 1567 3654 1620 die
3703 1582 3766 1619 xu

2185 1634 2299 1688 Kal.
2326 1634 2475 1700 Julii,
2505 1651 2646 1690 anno
2667 1650 2796 1690 vero
2821 1637 2998 1691 aetatis
3027 1634 3173 1702 inv,
3197 1638 3515 1707 quievitque
3540 1638 3591 1690 in
3622 1651 3765 1706 pace.

2184 1751 2356 1819 lianc,
2387 1759 2586 1806 aeterne
2609 1750 2787 1816 “Deus,
2813 1749 2996 1806 Caesar
3023 1750 3312 1806 Lotharius
3341 1766 3496 1805 aram

2107 1829 2155 1888 B
2256 1841 2458 1897 Devoto
2483 1842 2644 1912 jussit
2669 1840 2836 1896 corde
2863 1856 3056 1910 parare
3082 1841 3211 1904 tibi;

2189 1930 2300 1986 Illic
2331 1946 2484 1984 sacra
2518 1931 2592 1984 tui
2633 1945 2740 2000 quo
2767 1931 2987 1985 victima
3017 1941 3120 1984 rite
3150 1939 3397 1985 sacretur

2256 2020 2532 2091 Corporis,
2566 2031 2618 2077 et
2657 2021 2748 2075 ﬁat
2779 2023 3040 2093 sanguine
3073 2024 3270 2076 munda
3299 2031 3414 2078 tuo.

1001 2494 1709 2575 COGNOMENTO
1766 2495 1977 2589 PII,
2057 2497 2751 2574 IMPERATORIS
2833 2499 3284 2578 AUGUSTI

1241 2710 1820 2826 NECNON
1908 2712 2596 2828 FILIORUM
2681 2715 3016 2833 EJUS

1010 2959 1932 3065 DIPLOMATA
2069 2961 3270 3073 ECCLESIASTICA

1166 3176 1421 3250 USQUE
1465 3178 1574 3238 AD
1625 3178 2105 3240 DIVISIONEM
2147 3180 2457 3242 IMPERII
2504 3181 2722 3242 ANNO
2767 3182 3105 3244 DCCCXL.

1927 3342 2331 3357 ψ..-

827 3588 930 3630 PBO
967 3586 1330 3630 NOBILIACENSI
1374 3586 1732 3626 IIONASTEIIIO.

1096 3682 1269 3756 (Anno
1306 3683 1455 3752 793.)

490 3796 741 3874 [Mabill.,
770 3793 965 3850 Annal.
1012 3793 1128 3849 0rd.
1159 3791 1219 3848 S.
1258 3791 1476 3857 Bened.,
1508 3795 1747 3862 tom.1|l,
1767 3807 1889 3862 pag.
1923 3791 2072 3863 7l5.]

558 3886 864 3945 Ludovicus
888 3885 1060 3956 gratia
1091 3883 1187 3937 Dei
1227 3898 1321 3937 rex
1349 3883 1762 3952 Aquitanorum.

562 4004 620 4058 In
650 4001 854 4057 Christi
898 3998 1116 4054 nomine
1166 3997 1318 4051 nobis
1347 4006 1554 4051 rectum
1585 4011 1704 4050 esse
1751 3996 1982 4060 videtur,
2016 4006 2075 4051 ut

489 4093 811 4166 quandoque
855 4089 1215 4146 ecclesiastici
1245 4089 1346 4142 viri
1396 4089 1649 4144 catholici
1683 4097 1738 4142 et
1767 4089 1860 4144 Dei
1891 4103 2077 4143 sacer-

489 4187 663 4250 dotes,
695 4183 877 4238 clerici
927 4189 983 4236 et
1025 4194 1313 4249 pauperes,
1347 4179 1413 4233 ad
1464 4186 1704 4233 nostram
1734 4188 1916 4248 petent
1963 4180 2072 4234 cle-

491 4275 772 4338 mentiam,
821 4274 900 4328 eis
931 4271 1127 4342 regalis
1154 4279 1395 4340 potestas
1444 4271 1727 4325 tuitionem
1778 4270 2073 4338 impertiat,

490 4365 582 4433 qui
615 4363 845 4418 ﬁdeliter
876 4361 944 4416 ad
992 4369 1236 4416 nostram
1273 4361 1586 4417 desiderant
1623 4361 1931 4430 pertingere
1959 4376 2076 4414 ma-

489 4452 876 4523 gniﬁcentiam.
907 4451 973 4504 Et
1000 4449 1215 4505 Christo
1251 4450 1457 4518 auspici
1501 4451 1618 4504 sine
1662 4450 1826 4504 dubio
1861 4449 2075 4518 plenius

491 4542 765 4597 credimus
790 4540 971 4596 divina
1003 4541 1373 4596 misericordia
1407 4539 1561 4594 nobis
1588 4541 1866 4605 exaudire,
1897 4542 1941 4594 si
1980 4556 2073 4610 pe-

491 4631 771 4687 titionibus
806 4632 1149 4686 sacerdotum
1191 4630 1403 4700 placitis
1447 4631 1668 4684 auribus
1697 4630 2071 4693 obaudiamus,

490 4732 546 4779 et
573 4738 637 4778 ea
666 4737 786 4793 quae
813 4733 962 4778 recta
1014 4723 1380 4793 poposcerint,
1431 4723 1499 4776 ad
1537 4721 1786 4777 eﬁectum
1823 4722 2070 4790 perduci-

2106 3467 2150 3527 C
2185 3473 2304 3513 mus
2334 3457 2552 3513 domino
2583 3467 2639 3514 et
2671 3459 2916 3530 genitore
2947 3475 3065 3514 meo
3096 3469 3149 3514 et
3179 3470 3387 3525 noster,
3419 3463 3578 3518 nobis
3609 3466 3773 3521 subti-

2181 3546 2303 3600 liter
2331 3549 2612 3617 suggessit,
2649 3557 2706 3602 ut
2739 3548 2852 3617 ipsa
2897 3549 3029 3602 cella
3083 3549 3166 3603 vel
3199 3549 3458 3615 reiculas,
3486 3567 3627 3621 quas
3664 3556 3774 3624 ipse

2182 3635 2377 3690 ibidem
2411 3636 2618 3700 detulit,
2651 3653 2862 3692 necnon
2916 3646 2969 3691 et
3022 3639 3124 3693 hoc
3150 3639 3293 3708 quod
3325 3640 3774 3699 Ilcrmembertus

2179 3728 2437 3781 sacerdus
2459 3737 2640 3781 rector
2667 3728 2836 3796 ipsius
2867 3729 3070 3782 cellolze
3102 3730 3297 3783 ibidem
3329 3731 3698 3797 conﬁrmavit,
3723 3744 3773 3789 et

2179 3816 2298 3870 illas
2323 3815 2752 3883 conjunctiones,
2776 3832 2912 3884 quas
2938 3818 3198 3871 anteriori
3219 3819 3466 3886 pontiﬁci
3493 3819 3772 3876 Pictaven-

2177 3908 2276 3970 sis,
2310 3922 2470 3976 quem
2523 3921 2624 3961 nos
2675 3908 3109 3978 recognovimus,
3141 3907 3434 3974 Ansaldus,
3486 3898 3768 3975 Ebarcius,

2177 4003 2232 4048 et
2261 3994 2622 4061 Guozbertus,
2674 3997 2742 4050 ad
2775 3997 2946 4066 ipsam
2979 3997 3168 4052 cellam
3199 3999 3540 4063 detulerunt,
3571 4002 3654 4055 vel
3681 4002 3770 4056 Dei

2179 4087 2434 4141 timentes
2458 4094 2512 4140 et
2541 4087 2644 4140 viri
2674 4087 2924 4142 catholici
2959 4089 3175 4142 inantea
3205 4090 3458 4145 cenferre
3483 4094 3766 4156 voluerint,

2176 4193 2274 4247 per
2311 4186 2550 4232 nostram
2595 4177 3025 4232 munificentiam
3051 4194 3268 4250 semper
3295 4181 3368 4234 sit
3393 4183 3764 4251 conjunctum.

2177 4274 2231 4319 et
2261 4283 2537 4335 nunquam
2591 4268 2662 4322 sit
2694 4269 3072 4338 interruptum.
3121 4269 3500 4340 Praecipiendo
3530 4273 3770 4342 ι)ταὶρὶ-

2177 4373 2298 4412 mus
2325 4359 2594 4414 universis
2619 4359 2865 4414 ﬁdelibus
2907 4362 3108 4416 nostris
3133 4362 3427 4433 episcopis,
3461 4364 3764 4428 abbatibus,

2176 4451 2428 4515 ducibus,
2463 4451 2772 4515 comitibus,
2809 4451 3044 4516 vicariis,
3071 4457 3422 4518 centenariis,
3459 4457 3759 4521 telonariis,

2176 4539 2260 4594 vel
2297 4541 2550 4594 omnibus
2581 4541 2762 4596 missis
2808 4541 3009 4595 nostris
3039 4542 3492 4610 discurrentibus,
3546 4564 3643 4602 seu
3677 4551 3760 4619 qni

2177 4645 2363 4682 curam
2415 4630 2684 4698 publicam
2714 4638 2770 4685 et
2799 4631 3067 4702 privatam
3108 4631 3307 4689 habere
3354 4647 3680 4698 noscuntur,
3709 4651 3762 4691 ut

2178 4721 2230 4774 in
2265 4721 2495 4776 reiculas
2529 4721 2768 4791 praefata)
2792 4723 3011 4787 ecllokc,
3037 4724 3119 4777 vel
3143 4725 3392 4780 homines
3416 4741 3612 4781 eorum
3643 4729 3760 4783 ubi-

493 4828 632 4869 mus.
663 4813 902 4883 Denique
928 4822 1203 4870 ostensum
1245 4823 1327 4868 est
1354 4816 1408 4869 in
1440 4823 1731 4884 conspectu
1763 4823 1950 4874 nostro
1978 4829 2074 4883 per
2099 4827 2151 4885 D
2178 4823 2282 4879 que
2337 4811 2846 4875 eommanentibus,
2876 4812 2968 4881 qui
3021 4813 3221 4867 ibidem
3273 4824 3421 4868 recte
3470 4817 3763 4884 aspiciunt,

492 4903 780 4976 magniﬁco
822 4905 941 4960 viro
963 4913 1015 4960 et
1041 4915 1262 4975 parente
1317 4915 1504 4961 nostro
1528 4907 1703 4962 Atone
1733 4907 1959 4960 diacono
1991 4915 2073 4960 at-

493 5012 597 5067 que
623 4995 817 5052 abbate
860 5006 1082 5062 statuta,
1113 5013 1274 5066 quam
1313 4998 1427 5066 ipse
1457 5013 1524 5052 ex
1567 5011 1662 5050 ore
1701 4995 2073 5067 gloriosissimi

493 5097 547 5142 et
569 5087 828 5159 genitoris
851 5089 957 5142 mei
981 5089 1122 5158 regis
1146 5087 1324 5142 Caroli
1349 5101 1728 5157 summumque
1749 5086 2073 5141 catholicum

493 5179 742 5248 sumpsit,
773 5180 1010 5250 qualiter
1057 5178 1266 5243 cellola,
1319 5178 1473 5248 cujus
1501 5179 1822 5233 vocabulum
1858 5188 1944 5232 est
1971 5177 2078 5232 Nn-

493 5269 754 5336 valiacus,
815 5271 880 5324 de
928 5271 1136 5325 ratione
1189 5270 1359 5324 sancti
1411 5268 1638 5327 llilarii,
1694 5268 1797 5322 sita
1862 5268 1913 5320 in
1958 5267 2077 5321 loco

494 5361 700 5430 quieto,
729 5370 784 5416 et
809 5360 964 5415 valde
994 5376 1233 5432 congrua
1287 5364 1349 5415 ad
1379 5361 1762 5414 habitationem
1797 5374 2076 5414 servorum

494 5451 592 5508 Dei
613 5462 667 5508 et
695 5468 1013 5524 pauperum,
1040 5453 1194 5523 juxta
1219 5452 1631 5522 possibilitatem
1661 5452 1764 5506 loci
1797 5451 1937 5505 illius
1963 5466 2077 5504 mo-

497 5544 720 5607 nachos,
744 5543 835 5612 qui
861 5544 1154 5598 secundum
1184 5542 1352 5597 sancti
1393 5540 1667 5596 Benedicti
1715 5540 1952 5610 regulam
1985 5540 2078 5594 de-

496 5647 623 5701 gere
653 5633 929 5698 deberent,
956 5634 1206 5688 instituit.
1243 5632 1307 5686 Et
1339 5632 1663 5686 venerabilis
1716 5632 1797 5684 vir
1820 5632 1930 5700 jam
1963 5648 2075 5685 mc-

499 5730 743 5780 moratus
778 5724 1002 5780 domnus
1033 5723 1137 5778 Ato
1183 5722 1338 5787 abba,
1372 5736 1565 5788 parcns
1596 5730 1799 5786 noster,
1832 5720 2073 5776 ﬁdelissi-

2179 4901 2326 4955 nullo
2359 4916 2592 4970 unquam
2619 4909 2860 4969 tempore
2896 4901 2962 4955 ad
2989 4916 3180 4956 causas
3207 4903 3526 4967 audiendas,
3552 4905 3638 4959 vel
3666 4904 3762 4959 fre-

2181 4992 2244 5045 da
2273 4992 2511 5061 undique
2537 4991 2816 5060 exigenda,
2847 5007 2941 5047 seu
2969 4992 3280 5048 mansiones
3309 5002 3404 5047 aut
3431 5003 3657 5062 paratas
3681 4995 3758 5048 fa-

2181 5082 2450 5145 ciendum,
2475 5081 2556 5134 vel
2579 5097 2929 5150 quascunque
2950 5082 3352 5138 reddibutiones
3380 5085 3756 5152 requirendas,

2181 5171 2388 5240 ingredi
2421 5187 2525 5224 non
2573 5180 2931 5241 prmsumant;
2985 5173 3078 5227 sed
3107 5188 3205 5243 pro
3249 5175 3456 5243 intt‘gm
3508 5175 3761 5228 ﬁrmitate

2180 5263 2335 5330 petiit
2357 5271 2686 5317 memoratus
2706 5262 2945 5317 'domnus
2965 5264 3069 5317 Ato
3106 5265 3241 5318 abba
3272 5266 3460 5333 suique
3489 5267 3757 5327 monachi,

2181 5362 2239 5406 ut
2268 5354 2411 5408 circa
2445 5355 2559 5423 ipsa
2589 5353 2724 5407 cella
2762 5355 2852 5408 Dei
2885 5369 2981 5422 per
3018 5364 3260 5409 nostram
3306 5356 3683 5409 auctoritatem
3707 5356 3758 5409 in

2180 5444 2428 5498 omnibus
2459 5443 2782 5497 conﬁrmare
2810 5443 3130 5497 deberemus
3159 5462 3170 5495 :
3198 5444 3338 5510 quod
3372 5458 3470 5512 pro
3513 5457 3759 5497 reveren-

2181 5535 2252 5587 tia
2282 5534 2482 5588 domini
2506 5543 2559 5587 et
2591 5534 2800 5602 patroni
2843 5533 3013 5586 nostri
3044 5532 3340 5586 beatissimi
3391 5531 3574 5585 Hilarii
3608 5530 3753 5584 beni-

2179 5625 2438 5694 gnissimo
2489 5623 2669 5676 animo
2722 5622 2850 5676 illud
2905 5622 3218 5690 praestitisse
3272 5621 3354 5674 vel
3409 5619 3755 5676 continuasse

2178 5715 2490 5784 comperite.
2518 5712 2583 5766 Et
2605 5712 2863 5781 quidquid
2886 5712 3078 5767 exinde
3102 5711 3266 5767 ﬁscus
3292 5721 3475 5766 noster
3501 5724 3754 5779 augmen-
