3906 6368
259 388 362 451 Ml

257 618 362 672 per
384 601 708 657 emunitates
730 603 1060 657 anteriorum
1091 614 1276 669 regum
1314 600 1648 656 declaratum
1673 599 1838 654 fuisse

262 693 556 760 indultum,
591 701 697 748 tam
733 693 800 748 de
822 694 967 764 ipsas
1011 707 1118 757 res,
1150 707 1270 762 quae
1297 691 1550 762 praesenti
1601 699 1840 759 tempore

257 785 332 840 ad
355 786 469 855 ipsa
497 798 626 840 casa
650 784 746 840 Dei
767 783 1002 854 legitime
1031 783 1336 854 obtingunt,
1369 795 1531 850 quam
1558 789 1615 834 et
1636 786 1701 834 de
1723 794 1836 843 eas,

257 891 384 946 qua
432 891 461 930 a
507 876 618 932 Deo
668 876 983 932 timentibus
1035 874 1342 930 hominibus
1394 873 1592 929 ibidem
1622 872 1838 926 inautca

255 966 427 1023 fuerit
479 967 859 1034 condonatum,
915 967 971 1022 in
1023 965 1377 1021 luminaribus
1435 964 1604 1034 ipsius
1661 962 1836 1017 sancti

256 1057 366 1113 loci
393 1056 477 1112 vel
505 1058 770 1128 stipendia
805 1058 1193 1112 monachorum
1223 1055 1608 1127 perpetualiter
1655 1053 1838 1109 debiat

255 1147 524 1218 proficere
551 1149 605 1202 in
652 1149 955 1220 augmentis
986 1163 1000 1202 :
1034 1157 1299 1218 quatenus
1346 1148 1461 1217 ipsa
1488 1147 1837 1217 congregatio

253 1252 358 1307 pro
404 1237 698 1294 stabilitate
729 1239 878 1309 regni
917 1240 1089 1294 nostri
1123 1237 1314 1294 melius
1342 1237 1570 1292 delectet
1625 1235 1835 1290 Domini

254 1329 688 1385 misericordiam
726 1329 998 1384 adtentius
1043 1342 1291 1384 exorare.
1345 1327 1414 1381 Et
1448 1334 1507 1382 ut
1551 1327 1666 1380 haec
1696 1339 1834 1394 prae-

251 1419 435 1488 ceptio
464 1417 758 1474 firmiorem
807 1419 1093 1482 habeatur,
1132 1424 1187 1472 et
1235 1415 1427 1472 melius
1455 1424 1833 1479 conservetur,

254 1508 444 1564 subter
470 1523 591 1563 eam
643 1508 980 1564 decrevimus
1030 1507 1322 1564 afﬁrmare.
1367 1506 1428 1562 lu
1473 1507 1567 1562 Dei
1617 1505 1835 1561 nomine

251 1595 621 1666 Reginpertus
670 1611 766 1652 seu
816 1596 1063 1666 indignus
1112 1605 1335 1651 vocatus
1389 1596 1676 1666 episcopus
1720 1595 1834 1651 sive

251 1686 587 1757 cappalanus
598 1687 872 1745 Ludovico
886 1688 1029 1759 regis
1041 1687 1453 1758 Aqu-itaniorum
1475 1688 1622 1743 subs.
1639 1687 1832 1759 διεπει-

251 1772 553 1849 Μιειιὲιδίο.
612 1776 762 1849 Sign.
812 1780 852 1848 ’ί-
901 1778 1160 1832 Immone.
1218 1776 1371 1849 Sign.
1417 1777 1460 1849 -ι-
1517 1777 1828 1833 Adalberto.

250 1869 408 1941 Sign.
437 1869 478 1940 1-
505 1867 738 1924 Erlaldo.
789 1868 940 1939 Sign.
964 1868 1006 1939 1-
1029 1866 1250 1924 Garico.
1303 1867 1451 1938 Sign.
1481 1867 1522 1938 -ζ-
1543 1865 1830 1922 Witfredo.
1860 1871 1909 1931 B

247 1960 408 2032 Sign.
447 1961 489 2031 τ
517 1961 801 2016 Ademaro.
856 1960 970 2032 Sig.
1006 1962 1049 2032 1-
1080 1960 1443 2032 Raganf'redo.
1504 1958 1654 2031 Sign.
1686 1959 1723 2030 -ι-
1743 1958 1832 2014 Bi-

247 2065 410 2106 oone.
437 2049 587 2121 Sign.
613 2052 652 2120 -ι-
672 2049 993 2106 Cislemaro.
1017 2051 1150 2106 Item
1171 2048 1635 2120 sigmGislemaro
1665 2048 1834 2104 Caro-

246 2141 338 2197 lus
391 2140 539 2196 subs.
583 2139 734 2212 Sign.
761 2142 800 2210 -ι-
839 2140 1110 2196 Harialdo.
1163 2139 1315 2210 Sign.
1353 2138 1577 2194 Abbone
1629 2137 1835 2192 Jalinus

245 2230 487 2285 clericus
553 2230 700 2284 subs.
754 2229 905 2301 Sign.
958 2231 998 2300 1-
1050 2228 1314 2285 Wadone.
1363 2227 1514 2299 Sign.
1578 2225 1833 2282 Ludovici

248 2320 626 2393 gloriosissimi
648 2320 810 2392 regis.

326 2410 462 2464 Data
491 2426 549 2464 ιιι
588 2410 769 2466 Nonas
795 2410 1086 2481 Augustas,
1126 2424 1267 2466 anno
1295 2410 1365 2464 25
1405 2408 1605 2482 [Caroli
1630 2408 1830 2480 glorio-

248 2499 458 2555 sissimi
487 2498 649 2572 regis]
677 2506 732 2554 et
753 2514 896 2554 anno
917 2499 983 2553 M
1016 2499 1163 2570 regni
1197 2499 1386 2553 nostri.
1416 2501 1610 2553 Actum
1632 2499 1834 2568 Jogun-

250 2588 412 2646 dieeo
431 2589 632 2660 palatio
657 2601 864 2646 nostro.
908 2591 1020 2662 Ego
1048 2590 1374 2658 Hildigarius
1402 2591 1469 2646 ad
1496 2590 1667 2645 vicem
1698 2589 1833 2646 Deo-

270 2678 372 2734 lati
401 2680 713 2749 subscripsi.

592 2895 689 2936 Ριιο
727 2896 1063 2938 ιοΝΑεηιιιο
1098 2898 1504 2940 (ιοκιΑιιιεεκει.

870 2993 1042 3066 (Anno
1063 2995 1212 3068 807.)

271 3088 296 3163 [
322 3103 475 3173 Apud
511 3103 716 3170 Baluz.,
744 3104 1123 3249 Capitulkorieg].
1164 3106 1388 3172 Frena,
1414 3116 1542 3163 tom.
1576 3106 1637 3172 ll,
1666 3121 1787 3176 pag.

325 3282 650 3348 Ludovicus,
690 3285 861 3356 gratia
886 3286 982 3341 Dei
1013 3301 1107 3341 rex
1137 3285 1550 3355 Aquitanorum,
1577 3282 1828 3356 omnibus

247 3375 540 3444 episcopis,
571 3376 876 3442 abbatibus,
899 3377 1207 3444 comitibus,
1228 3378 1562 3445 domesticis,
1587 3375 1825 3445 vicariis,

251 3464 602 3546 ceritenariis,
634 3481 728 3522 seu
765 3468 985 3538 reliquis
1013 3467 1261 3525 ﬁdelibus
1306 3469 1508 3525 nostris
1548 3464 1829 3539 presenti-

250 3555 354 3609 bus
397 3553 604 3610 scilicet
634 3563 688 3610 et
732 3555 944 3613 futuris.
985 3557 1184 3613 Notum
1211 3559 1284 3613 sit
1310 3560 1435 3630 quia
1461 3558 1828 3613 concessimus

249 3642 533 3713 Fridegiso
581 3645 758 3700 abbati
800 3661 867 3701 ex
903 3647 1233 3703 monasterio
1258 3648 1432 3702 sancti
1465 3647 1703 3712 Martini,
1735 3647 1828 3702 ubi

250 3733 368 3802 ipse
394 3748 621 3802 corpore
645 3735 954 3803 requiescit,
989 3745 1049 3789 ut
1095 3736 1375 3792 monachis
1402 3735 1826 3791 Cormaricensis

250 3825 587 3889 mormsterii,
619 3825 710 3893 qui
743 3826 1037 3880 monastice
1066 3827 1167 3882 sub
1199 3824 1403 3896 Regula
1439 3825 1613 3881 sancti
1641 3840 1829 3880 mona-

248 3913 476 3968 chorum
503 3915 677 3971 Patris
702 3916 976 3972 Benedicti
1001 3917 1197 3988 degere
1216 3918 1486 3983 videntur,
1512 3917 1672 3972 liceat
1695 3917 1828 3972 duas

250 4016 436 4068 naves,
473 4005 556 4060 vel
604 4014 867 4076 quotquot
913 4006 1113 4062 fuerint
1165 4007 1268 4063 sibi
1324 4007 1682 4070 necessarias,
1730 4021 1829 4077 per

246 4094 428 4147 ninnia
461 4093 681 4149 flumina
709 4097 761 4149 in
787 4111 952 4167 regno
983 4106 1189 4163 nostro,
1210 4097 1320 4153 Deo
1343 4097 1600 4166 propitio,
1620 4095 1826 4150 discur-

251 4182 654 4253 rentiaabsque
683 4185 788 4239 ulla
813 4187 1199 4241 consuetudine
1223 4194 1445 4256 propter
1485 4199 1611 4240 suas
1639 4199 1828 4240 neces-

248 4275 443 4330 sitates
480 4276 733 4346 dirigere.
755 4277 836 4332 Ad
879 4277 1032 4346 cujus
1057 4276 1426 4333 concessionis
1447 4275 1825 4332 auctoritatem

247 4365 706 4430 corroborandam
736 4365 839 4420 hoc
884 4380 1122 4435 praesens
1169 4365 1285 4421 fieri
1322 4366 1584 4436 jussimus
1626 4381 1827 4436 praece-

245 4463 417 4523 ptum,
431 4469 529 4524 per
549 4456 690 4523 quod
715 4455 976 4524 imperiali
997 4454 1320 4510 auctoritate
1341 4453 1593 4524 jubemus
1620 4463 1679 4509 ut
1708 4456 1827 4510 nul-

1395 393 1788 450 DIPLOMATA
1828 390 2378 448 ECCLESIASTICA.

257 523 382 568 tare
404 511 657 583 potuerit,
688 512 985 582 inspectam
1031 519 1270 566 nostram
1313 510 1649 571 firmitatem.
1698 510 1839 564 sicut
1868 518 1910 576 Α

2684 509 2764 564 Ill.

2298 614 2399 654 PRO
2438 615 2771 656 ΒΟΝΔΒΤΕΜΟ
2808 614 3145 656 εειιοκεκδι.

2553 691 2726 764 (Anno
2769 689 2916 762 807.)

1943 780 2118 854 [Apud
2168 781 2229 836 D.
2289 780 2864 923 Bouquetupalgieitéezill
2899 781 2989 835 des
3040 781 3186 847 hist,
3241 788 3373 840 tom.
3425 782 3515 850 Vl,

2008 941 2064 996 in
2092 942 2306 999 nomine
2331 942 2539 998 Domini
2570 941 2741 997 nostri
2764 939 2895 998 Jcsu
2934 941 3157 1006 Christi,
3200 941 3509 997 Ludovicus

1939 1030 2120 1086 divina
2149 1033 2429 1088 ordinante
2451 1032 2788 1102 providentia
2817 1047 2911 1088 rex
2939 1032 3319 1088 serenissimus
3347 1030 3515 1102 Aqui-

1940 1120 2098 1175 taniae
2120 1158 2136 1174 .

2007 1209 2269 1276 Quoniam
2295 1209 2640 1280 cOgitandum
2664 1211 2816 1266 nobis
2835 1218 2919 1267 cst
2946 1211 3182 1282 qualiter
3204 1211 3393 1266 aeterni
3424 1224 3524 1266 re-

1937 1301 2020 1371 gis
2040 1314 2278 1356 amorem
2304 1300 2604 1357 obsistente
2635 1311 2981 1371 peccatorum
3002 1305 3238 1373 pondere
3264 1302 3512 1356 amittere

1936 1403 2044 1442 non
2093 1389 2386 1459 possimus,
2443 1390 2578 1446 locis
2625 1391 2998 1447 insistentibus
3040 1392 3237 1446 divinis
3281 1391 3525 1446 cultibus.

1935 1479 2138 1549 placuit
2179 1481 2363 1552 largiri
2387 1490 2611 1551 propter
2645 1498 2866 1553 regnum
2914 1491 3177 1538 aeternum
3216 1481 3518 1538 Salvatoris

1935 1573 2128 1638 nostri,
2151 1573 2372 1642 ejusque
2400 1573 2532 1627 inibi
2565 1574 2664 1628 sibi
2696 1573 3084 1630 famulantibus
3110 1574 3372 1630 beneficia
3415 1589 3513 1644 op-

1935 1670 2162 1732 portuna
2195 1680 2209 1716 :
2252 1670 2517 1732 quatenus
2543 1663 2612 1717 ab
2637 1663 2729 1717 illo
2761 1665 3112 1729 remunerati,
3156 1664 3351 1736 gaudio
3393 1663 3514 1718 sine

1936 1752 2044 1809 ﬁne
2092 1766 2399 1808 mereamur
2441 1751 2666 1823 perfrui.
2714 1753 2838 1809 ldeo
2876 1762 3061 1808 notum
3108 1769 3229 1809 esse
3265 1754 3512 1808 volumus

1934 1843 2187 1898 onmibus
2216 1842 2462 1898 fidelibus
2501 1844 2861 1913 praesentibus
2902 1853 2958 1898 et
2991 1844 3209 1908 futuris,
3238 1843 3381 1913 quod
3417 1857 3513 1913 pe-

1936 1941 2082 1988 tente
2111 1932 2310 1987 domno
2353 1931 2638 1987 Cuillelmo
2673 1934 2958 1996 monacho,
2993 1932 3084 2002 qui
3117 1932 3173 1986 in
3204 1932 3325 1986 aula
3354 1933 3508 2001 geni-

1934 2023 2068 2079 toris
2118 2022 2289 2077 nostri
2341 2009 2519 2077 Caroli
2556 2021 2784 2092 Augusti
2806 2037 2993 2077 comes
3036 2021 3248 2076 exstitit
3276 2020 3512 2077 clarissi-

1933 2126 2071 2177 mus,
2103 2112 2196 2167 sed
2225 2127 2324 2182 pro
2361 2111 2456 2165 Dei
2501 2125 2688 2166 amore
2719 2112 3000 2166 meliorem
3050 2126 3313 2167 exercens
3340 2113 3510 2166 vitam

1933 2199 2138 2254 studuit
2179 2194 2529 2269 esse-pauper
2558 2200 2859 2254 recusando
2887 2199 3169 2262 sublimia;
3201 2198 3270 2254 ob
3307 2199 3511 2254 irrevo-

1934 2291 2162 2346 cabilem
2192 2305 2322 2346 vero
2351 2306 2462 2346 sua:
2507 2289 2812 2346 dilectionis
2865 2292 3008 2346 circa
3050 2307 3151 2346 nos
3191 2289 3508 2346 fidelitatem

1932 2381 2176 2452 petitioni
2199 2380 2314 2450 ejus
2334 2383 2639 2451 praebentes
2655 2397 2957 2448 assensum,
2973 2382 3177 2453 placuit
3197 2383 3372 2448 nobis,
3396 2390 3447 2437 ta
3457 2399 3510 2436 ιιι

1931 2488 2030 2544 pro
2055 2473 2318 2528 mercedis
2363 2482 2565 2528 nostrae
2613 2480 2924 2544 augmento,
2970 2489 3132 2543 quam
3175 2489 3275 2544 pro
3325 2488 3509 2528 amore

1933 2567 2073 2634 ejus,
2104 2565 2172 2619 ad
2197 2565 2583 2619 monasterium
2607 2565 2750 2634 quod
2775 2551 2972 2619 dicitur
2994 2576 3019 2604 α
3048 2564 3312 2630 Gellonis,
3343 2565 3508 2620 situm

1935 2658 1990 2711 in
2034 2671 2172 2728 pago
2219 2656 2518 2711 Lutevense
2547 2654 2702 2725 juxta
2731 2654 2949 2712 fluvium
2975 2655 3170 2723 Araur,
3204 2657 3392 2711 subtus
3420 2671 3512 2710 ca-

1933 2752 2108 2802 stram
2139 2747 2384 2810 Virduni,
2413 2754 2689 2802 sacratum
2730 2747 2783 2801 in
2814 2747 3020 2802 honore
3045 2747 3257 2802 Domini
3294 2755 3350 2801 et
3382 2746 3506 2801 Sal—

1933 2837 2138 2892 vatoris
2164 2836 2335 2892 nostri
2359 2835 2486 2893 Iesu
2503 2836 2706 2892 Christi
2732 2845 2787 2892 et
2812 2847 3012 2893 sancta:
3029 2837 3211 2892 Maria:
3227 2837 3508 2906 sanctique

1936 2928 2232 2994 Michaelis,
2263 2944 2326 2984 ac
2360 2938 2670 2984 sanctorum
2703 2929 3242 3000 apostolorum'Petri
3276 2936 3330 2982 et
3357 2928 3518 2986 Pauli

1934 3027 1990 3075 ct
2027 3021 2201 3076 sancti
2230 3019 2428 3074 Andra
2468 3021 2817 3090 omniumque
2846 3021 3231 3090 apostolorum,
3256 3028 3506 3074 constru-

1933 3118 2082 3165 ctum
2118 3125 2147 3164 a
2172 3109 2284 3180 jam
2328 3110 2476 3166 dicto
2495 3110 2698 3166 comite
2725 3109 3009 3171 Guillelmo
3051 3109 3106 3164 in
3143 3124 3306 3164 causa
3336 3111 3508 3164 nostri

1854 3209 1899 3271 (ζ
1931 3199 2211 3271 genitoris,
2237 3198 2330 3254 ubi
2350 3199 2379 3239 ιι
2405 3197 2734 3255 Juliof‘redus
2765 3207 2948 3255 rector
2970 3207 3028 3254 et
3064 3198 3510 3268 abbasprasesse

1930 3288 2160 3350 videtur.
2195 3288 2398 3358 aliquid
2427 3302 2493 3342 ex
2539 3289 2700 3343 rebus
2735 3289 2949 3343 tradere
2975 3287 3209 3351 nostris,
3246 3288 3300 3342 id
3337 3296 3426 3342 est
3448 3288 3520 3341 fi—

1930 3391 2082 3432 scum
2109 3377 2396 3447 quemdam
2430 3386 2674 3448 nostrum
2712 3378 2767 3432 in
2789 3393 2927 3449 pago
2950 3378 3271 3434 Biderrensc
3304 3378 3395 3448 qui
3429 3378 3508 3433 di-

1931 3465 2076 3520 citur
2112 3465 2376 3532 Miliacus,
2423 3481 2549 3522 cum
2589 3466 2718 3520 villa
2745 3475 2802 3522 et
2842 3467 3083 3523 ecclesia
3117 3468 3292 3521 sancti
3342 3466 3510 3521 Para-

1929 3555 2088 3622 gorii,
2138 3563 2194 3609 et
2240 3555 2509 3610 Miliciano
2554 3555 2680 3609 villa
2731 3565 2895 3626 atque
2943 3555 3332 3627 Campaniano,
3382 3572 3506 3612 cum

1930 3643 2179 3698 omnibus
2206 3643 2538 3713 appendiciis
2558 3652 2611 3699 et
2632 3644 2950 3715 adjacentiis
2973 3645 3092 3701 suis
3122 3645 3224 3700 sub
3251 3646 3411 3703 omni
3424 3646 3511 3701 in-

1930 3733 2198 3804 tegritate,
2242 3735 2381 3787 sicut
2414 3748 2445 3787 a
2490 3733 2654 3788 misso
2696 3743 2905 3790 nostro.
2932 3735 3131 3792 comite
3169 3746 3192 3776 α
3230 3734 3510 3793 Gotcelmo

1928 3839 2027 3894 per
2050 3839 2240 3880 cruces
2264 3825 2318 3879 in
2353 3824 2620 3894 lapidibus
2648 3824 2892 3896 scalptas
2913 3840 3010 3880 seu
3054 3825 3314 3882 decursus
3336 3841 3508 3896 aqua,

1929 3931 2051 3970 rum
2110 3916 2166 3971 in
2215 3916 2686 3972 terminationibus
2753 3917 3008 3972 traditum
3057 3925 3115 3973 et
3172 3919 3507 3989 assignath

1928 4014 2031 4070 cst,
2079 4000 2108 4059 a
2157 4006 2400 4074 genitore
2430 4013 2614 4059 nostro
2639 4012 2695 4059 et
2737 4020 2769 4059 a
2797 4005 2954 4061 nobis
2989 4020 3320 4075 possessum.
3351 4007 3422 4062 Et
3443 4009 3505 4063 .iu

1927 4108 2064 4164 pago
2101 4092 2216 4162 jam
2255 4093 2399 4148 dicto
2440 4093 2743 4149 Lutevense
2785 4094 3086 4164 locumqui
3128 4095 3330 4153 dicitur
3371 4097 3507 4153 Cas-

1928 4185 2077 4250 trias,
2146 4185 2369 4256 vulgare
2429 4192 2607 4239 autem
2669 4184 3154 4253 CastrarPastura,
3202 4187 3268 4243 ad
3310 4203 3511 4258 peoora

1926 4290 2113 4330 eorum
2140 4274 2354 4340 alenda,
2377 4289 2500 4330 cum
2516 4273 2745 4330 ecclesia
2776 4276 2957 4332 sancti
2980 4275 3224 4341 Martini,
3245 4293 3369 4334 cum
3398 4289 3505 4334 ter-

1928 4365 2090 4421 minis
2139 4374 2194 4420 et
2227 4365 2566 4435 adjacentiis.
2593 4365 2726 4430 suis,
2752 4380 2876 4420 cum
2901 4366 3050 4420 omni
3079 4367 3403 4436 integritate,
3422 4368 3502 4422 .ad

1927 4458 2170 4512 diversos
2200 4471 2328 4516 usus
2368 4471 2577 4511 eorum.
2605 4455 2671 4509 Et
2698 4457 2751 4510 in
2788 4458 2974 4513 eodem
3004 4472 3142 4528 pago
3173 4458 3351 4512 villam
3382 4474 3504 4528 quae

246 4543 332 4598 Ius
355 4551 664 4599 nostrorum
694 4545 1042 4614 praesentium
1064 4545 1178 4599 sive
1207 4543 1512 4599 futurorum
1541 4543 1595 4598 in
1617 4544 1721 4599 hac
1741 4558 1824 4599 re-
1849 4537 1903 4597 D
1929 4548 2125 4602 dicitur
2156 4545 2568 4617 Magaranciatis
2621 4561 2742 4601 cum
2793 4548 3022 4603 ecclesia
3073 4546 3246 4604 sancti
3284 4549 3501 4615 Felicis.

242 4634 350 4705 gali
379 4635 661 4690 sanctione
704 4635 898 4688 audeat
928 4633 1033 4688 illis
1063 4634 1116 4687 in
1147 4633 1324 4702 aliqua
1366 4641 1520 4702 parte
1548 4632 1821 4687 contradi-

242 4738 400 4789 cere.,
441 4721 510 4778 Et
555 4732 616 4778 ut
648 4722 910 4792 majorem
956 4724 1154 4778 habeat
1181 4724 1236 4778 in
1261 4739 1320 4779 se
1364 4725 1467 4779 hoc
1494 4731 1819 4794 praeceptum

242 4816 517 4887 vigorem,
561 4814 746 4870 annuli
800 4815 971 4870 nostri
1022 4815 1377 4884 impressione
1427 4813 1650 4885 sigillari
1697 4815 1816 4884 jus-

241 4905 432 4960 simus.

314 4991 448 5047 Data
475 5008 551 5047 vn
582 4992 706 5050 ldus
743 4993 961 5064 Aprilis,
1003 5009 1143 5049 anno
1189 4994 1257 5048 27
1305 4995 1450 5064 regni
1484 4997 1674 5049 nostri.
1717 4995 1818 5050 Ac-

240 5093 356 5138 tum
395 5083 755 5152 Cassanogelo
799 5085 998 5155 palatio
1053 5084 1104 5138 in
1156 5085 1250 5139 Dei
1302 5085 1518 5140 nomine
1567 5084 1814 5140 feliciter.

240 5174 437 5228 Amen.

311 5265 448 5322 Albo
475 5266 542 5321 ad
565 5267 736 5323 vicem
759 5267 1074 5322 Helisachar
1094 5269 1307 5339 scripsi.

313 5431 338 5459 α
364 5415 690 5476 Gellonensc
728 5422 1115 5476 monasterium
1156 5421 1319 5476 situm
1364 5422 1416 5476 in
1448 5422 1721 5477 Occitania
1763 5423 1814 5475 in

239 5502 385 5612 pago
406 5489 692 5544 Lutevensi
724 5489 1386 5572 adAraurimlluviolum,
1412 5507 1554 5546 nunc
1577 5490 1631 5548 S.
1661 5491 1814 5546 Cuil-

258 5557 388 5612 elmt
409 5559 477 5612 de
504 5557 730 5612 Deserto
756 5561 971 5612 dlClltll'.
1000 5558 1742 5612 Samt-Gmllem-du-Désert.

258 5557 388 5614 elini
409 5559 477 5614 de
504 5557 730 5613 Deserto
756 5559 971 5623 dicitur,
1000 5558 1742 5614 Saint-Cuillem-du-Désert.

315 5627 342 5667 ιν
356 5626 383 5681 ι
391 5627 519 5683 uliof
523 5629 635 5683 redi
657 5631 905 5685 meminit
929 5629 1249 5684 tabularium
1261 5629 1579 5686 Gellonense
1600 5631 1685 5684 his
1701 5647 1818 5684 ver-

241 5696 328 5752 bis
365 5717 378 5752 :
418 5716 434 5749 ι
469 5697 796 5754 Juliof'redus
840 5699 997 5760 abba,
1031 5701 1462 5760 consanguineus
1492 5698 1668 5755 Caroli
1719 5703 1818 5752 im-

240 5769 528 5838 peratoris,
576 5767 702 5824 fecit
732 5777 1112 5824 testamentum
1141 5767 1400 5836 scribere,
1435 5771 1486 5826 in
1521 5787 1627 5841 quo
1685 5785 1812 5824 ron-

1929 4653 2050 4696 cum
2078 4637 2327 4692 omnibus
2354 4636 2680 4707 appenditiis
2708 4647 2762 4692 et
2804 4636 3120 4707 adjacentiis
3161 4640 3291 4694 suis.
3323 4639 3504 4695 llono-

1930 4743 2042 4780 rem
2084 4742 2213 4782 vero
2260 4727 2619 4797 illum,.quem
2657 4728 2885 4782 domnus
2922 4727 3241 4784 Guillelmus
3286 4744 3382 4786 seu
3411 4730 3503 4785 alii

1929 4814 2114 4871 fideles
2158 4832 2255 4886 per
2289 4818 2646 4872 instrumenta
2679 4817 2990 4872 chartarum
3043 4818 3268 4888 praefato
3310 4835 3500 4874 mona-

1928 4907 2093 4960 sterio
2123 4907 2479 4970 tradiderunt,
2511 4907 2564 4959 in
2613 4907 3023 4976 quibuscunque
3064 4909 3196 4965 locis
3238 4912 3330 4974 sit,
3360 4926 3504 4980 qua:-

1927 5013 2032 5065 que
2061 4997 2225 5050 etiam
2251 4996 2504 5065 deinceps
2536 4993 2587 5049 in
2613 4993 2737 5064 jure
2759 4996 2927 5065 ipsius
2951 4998 3124 5053 sancti
3153 4998 3254 5053 loci
3284 5013 3380 5068 per
3405 5015 3502 5054 nos

1927 5097 2019 5140 aut
2042 5101 2136 5154 per
2158 5084 2294 5137 alios
2323 5083 2561 5137 voluerit,
2577 5084 2754 5138 divina
2779 5085 2952 5154 pietas
2972 5086 3192 5156 augeri,.
3211 5095 3380 5140 totum
3406 5102 3504 5140 nos

1929 5191 2026 5244 pro
2053 5184 2252 5227 aztcrna
2275 5188 2561 5228 remunera
2572 5174 2716 5229 tione
2741 5176 3001 5244 praedicto
3026 5177 3353 5246 monasterio
3373 5191 3500 5229 con-

1928 5263 2190 5328 cedimus,
2239 5270 2299 5316 ut
2321 5263 2598 5332 perpetuis
2643 5263 3056 5333 temporibusin
3085 5263 3338 5319 alimonia
3372 5279 3503 5334 pau-

1931 5416 2135 5488 tiuetur
2158 5417 2336 5470 omnis
2362 5416 2715 5488 honorgqucm
2743 5418 3030 5488 acquisivit
3055 5428 3274 5475 sanctus
3299 5414 3501 5473 Willel~

1920 5503 2041 5540 lllllS
2053 5487 2311 5608 princeps
2339 5488 2501 5540 totius
2518 5486 2702 5565 Callia:
2723 5486 2920 5542 ﬁnibus
2941 5504 2970 5541 a
2995 5489 3225 5543 dominis
3253 5497 3309 5544 et
3325 5489 3502 5560 piissi-

1921 5557 2025 5608 mis
2079 5556 2248 5608 "trolo
2273 5566 2327 5608 et
2351 5556 2616 5608 Ludovnco
2648 5558 3082 5608 imperatoribus.
3123 5577 3141 5608 ι

1921 5557 2025 5611 mis
2053 5556 2248 5625 Carolo
2273 5566 2327 5610 et
2351 5556 2616 5610 Ludovico
2648 5558 3082 5625 imperatoribus.
3123 5577 3141 5610 ι

1993 5637 2014 5664 ε
2058 5624 2368 5681 Gotcelmus
2406 5627 2544 5679 filius
2575 5637 2690 5680 erat
2725 5624 2900 5681 sancti
2925 5626 3192 5681 Guillelmi
3223 5627 3375 5683 ducis
3399 5626 3501 5681 To-

1921 5695 2111 5775 losani.
2168 5697 2337 5751 l‘ratcr
2386 5695 2646 5752 Bernardi
2706 5697 3045 5767 postmodum
3109 5697 3260 5753 ducis
3321 5697 3500 5766 Septi-

1919 5780 2131 5820 manta}.
