3906 6322
448 379 554 436 εδδ

1588 385 1906 444 ιιῐυονιει
1946 385 1963 439 1
2005 383 2476 442 (ὶΟίὶΝΟὶΙΕΝΤΟ
2514 381 2597 437 ιλιι

3641 394 3740 452 93!

447 511 638 566 perum
669 505 726 552 et
751 496 1018 568 stipendia
1060 499 1447 554 monachorum
1481 499 1678 555 ibidem
1720 500 1832 554 Deo
1870 497 2040 554 famu-
2069 499 2108 557 Α
2144 497 2300 552 scite.
2334 496 2720 566 llr-accipientes
2767 513 2897 568 ergo
2929 496 3188 566 jubemus
3240 509 3299 554 ut
3348 502 3533 559 nullus
3572 509 3738 578 judex

449 590 678 645 lautinm
722 589 974 661 proﬁciat
1016 591 1069 645 in
1100 599 1468 662 augmentum.
1519 589 1644 646 Htcc
1677 591 1861 644 omnia
1885 605 2033 660 prcc-

447 684 652 752 scripta
701 697 824 738 cum
872 681 1140 748 ecclesiis,
1187 682 1347 747 villis,
1409 682 1706 748 villaribus,
1760 682 2032 747 domibus,

447 771 712 836 aediﬁciis,
754 772 978 841 campis,
1014 773 1196 839 terris,
1223 772 1419 838 vineis,
1443 773 1677 839 olivetis,
1707 774 1875 839 silvis,
1911 789 2036 843 gar-

444 864 598 929 ricis,
621 865 818 934 pratis,
839 865 1077 934 pascuis,
1102 864 1445 931 molendinis,
1477 866 1634 935 aquis
1663 880 2034 936 aquarumque

445 959 788 1023 decursibus,
812 959 1038 1031 perviis,
1065 959 1299 1014 exitibus
1323 968 1376 1014 et
1405 958 1769 1030 regressibus,
1793 959 1954 1013 cultis
1979 966 2034 1012 ct

443 1049 690 1116 incultis,
721 1065 844 1105 eum
889 1049 1141 1105 omnibus
1173 1048 1491 1119 adjacentiis
1521 1065 1730 1112 earum,
1768 1056 1942 1103 totum
1980 1056 2036 1103 ct

441 1140 715 1214 integrum
767 1141 1026 1211 prtedicto
1055 1141 1386 1196 monasterio
1429 1140 1736 1196 Gclloneasi
1767 1156 1866 1210 per
1888 1139 2032 1194 hanc

439 1230 754 1286 donationis
815 1231 1195 1286 auctoritatem
1239 1231 1626 1302 perpetualiter
1683 1230 2034 1284 concedimus

440 1323 508 1378 ad
534 1323 844 1378 habendum
877 1339 890 1374 :
919 1323 993 1376 ita
1014 1321 1267 1377 videlicet
1290 1330 1350 1375 ut
1379 1321 1638 1391 quidquid
1671 1320 1736 1375 ab
1767 1320 2032 1375 hodierno

439 1414 527 1468 die
566 1420 621 1468 et
656 1422 898 1483 tempore
929 1412 996 1467 de
1046 1412 1315 1482 praedictis
1357 1411 1518 1466 rebus
1543 1410 1724 1466 facere
1773 1410 1853 1465 vel
1885 1411 2030 1465 ordi-

438 1519 593 1568 nare,
619 1503 702 1559 vel
732 1503 896 1560 etiam
935 1502 1223 1572 disponere
1251 1503 1589 1557 habitatores
1617 1501 1777 1570 hujus
1803 1501 1905 1556 loci
1935 1517 2031 1557 vo-

436 1593 658 1655 luerint.
691 1594 866 1648 libero
899 1594 951 1648 in
995 1593 1247 1648 omnibus
1297 1593 1650 1662 perfruantur
1681 1593 1908 1648 arbitrio
1945 1594 2014 1648 fa-

436 1685 632 1738 ricudi.

508 1773 856 1830 Godolclmus
907 1777 1149 1831 notarius
1209 1776 1275 1830 ad
1320 1776 1494 1832 vicem
1557 1777 1816 1848 Guigonis
1875 1794 2023 1834 reco-

435 1867 640 1939 gaovit.

507 1959 704 2014 Datum
760 1959 865 2013 hoc
909 1968 1238 2029 praeceptum
1284 1961 1324 2014 V'
1355 1960 1473 2014 Kal.
1506 1959 1772 2026 Januarii,
1816 1974 1840 2002 α
1889 1963 2029 2018 lndi-

433 2051 616 2106 ctione
646 2049 700 2114 1,
724 2066 867 2105 anno
886 2050 953 2104 27
985 2051 1190 2106 domini
1221 2051 1474 2108 Ludovici
1503 2055 1670 2123 regni,
1702 2053 1909 2108 Tolosa:
1931 2071 2030 2125 pu-

431 2138 606 2205 blice;
633 2138 811 2195 Caroli
845 2153 973 2195 vero
1000 2141 1213 2211 imperii
1245 2141 1274 2182 b
1303 2141 1355 2196 8.
1389 2142 1455 2196 Et
1487 2152 1544 2197 ut
1576 2144 1689 2198 hcce
1730 2145 2027 2198 auctoritas

433 2230 638 2286 nostris
680 2228 986 2300 futurisque
1042 2233 1373 2300 temporibus
1429 2233 1660 2288 Domino
1710 2243 2028 2305 protegente

433 2322 612 2377 valeat
642 2323 963 2378 inconcussa
996 2339 1234 2388 manere,
1267 2341 1428 2378 manu
1455 2328 1670 2395 propria
1705 2329 2028 2397 subscripsi-

431 2429 577 2477 mus,
599 2423 652 2469 et
679 2414 865 2469 annuli
898 2415 1070 2470 nostri
1099 2415 1458 2485 impressione
1487 2417 1693 2470 ﬁrmari
1737 2415 2021 2485 jussimus,

431 2505 487 2558 in
511 2505 604 2558 Dei
635 2505 851 2559 nomine
871 2503 1124 2559 feliciter.
1153 2505 1347 2560 Amen.

505 2594 729 2666 Signum
759 2595 942 2651 domui
969 2595 1227 2651 Ludovici
1267 2597 1603 2652 serenissimi
1636 2599 1804 2667 regis.

1193 2685 1279 2740 IV.

804 2790 904 2831 Ριὶο
943 2791 1284 2831 MONASTERIO
1322 2792 1632 2833 noscar-.351.

1037 2867 1211 2939 (Ληηο
1262 2867 1418 2937 8M.)

432 2957 610 3030 [Apud
646 2956 1221 3030 D._Bouquet.,_ibid.,
1251 2973 1314 3030 ex
1353 2958 1585 3013 Chiﬁlet.
1620 2960 1671 3013 in
1696 2961 1905 3030 probat.
1956 2963 2021 3018 ad

681 2977 708 3011 ι.
740 2977 1024 3027 υοιιψιθιη
1064 2977 1221 3022 ιυια.,
1251 2977 1314 3012 ex
1353 2977 1585 3013 ununet.
1620 2977 1671 3013 In
1736 2979 1772 3015 I't

681 3026 822 3082 Hist.
855 3027 974 3081 abb.
1012 3027 1422 3090 Trenorciensis,
1467 3045 1592 3099 pag.
1623 2977 1772 3099 268.]

503 3120 560 3173 In
606 3120 824 3175 nomine
873 3119 1085 3174 Domini
1116 3121 1212 3174 Dei
1261 3129 1315 3174 et
1342 3119 1642 3176 Salvatoris
1684 3123 1854 3177 nostri
1892 3121 2018 3178 Jesu

430 3207 656 3274 Christi,
695 3208 1001 3264 Ludovicus
1024 3209 1204 3263 divina
1232 3211 1521 3265 ordinante
1541 3213 1888 3281 providentia
1922 3214 2023 3268 im-
2051 3201 2095 3262 C

429 3309 654 3372 pcrator
677 3301 969 3371 Augustus.

503 3390 815 3460 Comperiat
860 3391 1070 3445 interea
1113 3392 1357 3444 omnium
1397 3392 1637 3446 ﬁdelium
1683 3403 2020 3459 nostrorum,

429 3484 784 3555 praisentium
814 3481 1021 3536 scilicet
1066 3492 1123 3538 et
1169 3481 1475 3537 futurorum
1519 3484 1762 3550 solertia,
1790 3487 2028 3555 qualiter

430 3576 636 3629 Dexter
665 3573 832 3628 abbas
861 3586 925 3628 ex
966 3575 1298 3628 monasterio
1349 3583 1370 3611 ο
1420 3575 1733 3642 Duserensi,
1777 3579 1920 3646 quod
1947 3585 2030 3632 est

433 3680 804 3726 constructum
846 3672 899 3725 in
947 3670 1154 3725 honore
1204 3677 1404 3724 sanctae
1463 3669 1642 3725 Mariae
1693 3670 1925 3742 virginis
1973 3679 2032 3724 et

433 3765 606 3815 saumi
635 3760 780 3816 Petri
796 3769 850 3815 et
869 3761 1099 3816 aliorum
1124 3767 1438 3815 sanctorum
1464 3760 1516 3812 in
1547 3761 1830 3816 territorio
1861 3760 2029 3814 Arau-

434 3853 572 3915 sico,
602 3851 827 3906 veniens
849 3851 916 3906 ad
937 3865 1058 3914 nos,
1083 3848 1274 3904 detulit
1309 3849 1464 3902 nobis
1490 3858 1820 3920 prmccptum
1850 3847 2028 3904 Caroli

435 3941 772 3998 serenissimi
802 3941 1145 4012 imperatoris
1174 3941 1434 4010 genitoris
1457 3941 1654 4006 nostri,
1686 3942 1739 3995 in
1763 3955 1870 4011 quo
1902 3955 2030 3996 eon-

436 4031 713 4085 tinebatur
741 4031 977 4101 qualiter
1007 4031 1184 4100 ipsum
1231 4029 1431 4093 locum,
1479 4031 1569 4098 qui
1607 4039 1730 4084 erat
1787 4032 1855 4085 de
1906 4047 2028 4100 pro~

435 4123 670 4193 prietate
698 4121 796 4176 soli
835 4119 973 4190 ejus,
1005 4121 1073 4174 ad
1112 4121 1360 4175 eumdem
1391 4119 1582 4194 [idem]
1636 4123 2025 4177 monasterium

439 4211 863 4268 construendum
889 4210 1131 4266 Norﬁdio
1151 4212 1333 4267 abbati
1363 4212 1445 4266 vel
1471 4210 1588 4280 ejus
1623 4213 2028 4267 successoribus

442 4310 786 4358 concesserat
828 4311 988 4372 atque
1031 4302 1308 4372 perpetuis
1338 4302 1676 4370 temporibus
1731 4301 1797 4355 ad
1827 4301 2028 4354 haben-

443 4393 570 4446 dum
620 4391 1054 4447 conﬁrmaverat.
1107 4392 1213 4447 Sed
1268 4398 1600 4446 memoratus
1635 4391 1772 4446 abba
1809 4398 1864 4445 et
1912 4389 2028 4458 ejus

446 4483 798 4554 congregatio
820 4483 1092 4553 petierunt
1113 4482 1491 4536 celsitudinem
1515 4489 1777 4546 nostram,
1803 4489 1861 4534 ut
1884 4481 2026 4549 ipsas

443 4589 536 4630 res
562 4589 685 4630 cum
712 4573 962 4629 omnibus
996 4575 1326 4644 appendiciis
1354 4574 1437 4628 vel
1468 4573 1784 4640 adjacentiis
1813 4588 2022 4636 earum,

447 4666 516 4719 ad
547 4666 718 4736 ipsam
755 4663 1040 4719 ecclesiam
1073 4665 1140 4718 ad
1163 4679 1350 4718 eorum
1379 4663 1702 4731 supplendas
1732 4663 2030 4717 necessita—

446 4765 548 4814 tes.
607 4768 672 4808 ex
735 4762 917 4807 nostra
967 4754 1307 4815 auctoritate,
1358 4768 1456 4822 pro
1513 4751 1780 4807 mercedis
1832 4762 2030 4807 nostrm

448 4853 740 4915 augmento
784 4843 1228 4898 eonﬁrmaremus
1273 4861 1285 4895 :
1331 4854 1385 4898 et
1421 4844 1527 4898 tale
1577 4852 1901 4911 prmecptum
1951 4844 2032 4898 eis

392 4978 398 4984 .
449 4935 571 4989 ﬁeri
611 4936 946 5005 jubercmus,
993 4951 1090 5004 per
1125 4934 1267 5003 quod
1309 4943 1637 4988 mmnoratas
1682 4950 1769 4987 res
1807 4941 1862 4986 et
1898 4920 2031 4987 alias

452 5039 572 5093 qua:
605 5041 633 5078 a
664 5025 829 5078 Deum
857 5023 1170 5077 timentibus
1199 5025 1264 5075 ad
1294 5024 1543 5076 eumdem
1576 5031 1824 5077 sanctuzu
1853 5023 2031 5077 locum

452 5117 663 5172 collatae
689 5123 836 5180 sunt,
864 5115 1046 5184 quiete
1072 5114 1293 5178 habere,
1321 5123 1481 5182 atque
1511 5114 1790 5182 perpetuis
1821 5122 2034 5182 tempo-

455 5208 608 5262 ribus
657 5208 862 5275 absque
911 5203 1138 5273 alicujus
1186 5204 1572 5258 eontrarietate
1624 5204 1904 5272 possidere
1941 5221 2037 5257 va-

457 5308 650 5353 lerent.
680 5297 920 5364 Quorum
961 5297 1280 5365 petitionem
1313 5294 1580 5362 denegare
1610 5293 1908 5356 noluimus;
1941 5294 2036 5347 scd

459 5389 514 5443 in
552 5389 803 5443 omnibus
853 5387 927 5441 ita
969 5386 1287 5456 prmstitisse
1323 5383 1405 5436 vel
1443 5383 1795 5437 conﬁrmasse
1839 5398 2039 5454 cogno-

535 5538 556 5562 δ
589 5523 726 5578 Male
756 5523 1040 5577 indictione
1077 5521 1142 5575 10
1171 5519 1324 5589 apud,
1343 5516 1753 5589 Mabiiioniutnt
1783 5515 1873 5589 qu_i
1906 5509 2034 5589 illud

463 5595 697 5665 (iipiutila
749 5593 915 5649 edidit
976 5592 1029 5644 in
1083 5583 1233 5665 Actis
1299 5587 1399 5643 SS.
1455 5586 1662 5641 ordinis
1723 5586 1779 5639 S.
1835 5583 2033 5639 Bcncd.

463 5663 587 5720 acc.
618 5681 691 5727 tv,
715 5675 864 5734 parte
892 5681 927 5723 l,
948 5677 1077 5734 pag.
1107 5663 1193 5734 90.

543 5738 567 5774 δ
598 5723 906 5796 Jan-{igitur
933 5723 1249 5786 (inille-Imus
1277 5729 1569 5786 monachus
1594 5734 1702 5779 erat
1737 5739 1880 5779 anno
1911 5723 2034 5796 80?;

471 5817 629 5876 πτοίςη-
661 5794 777 5863 uti;
805 5805 910 5868 «ᾗτε
957 5804 1305 5859 medullitus
1339 5818 1442 5854 non
1484 5805 1558 5853 cui
1612 5795 1936 5851 {lilii-mulus
1981 5794 2035 5846 in

2139 589 2408 658 publicus,
2436 603 2611 657 neque
2639 588 2899 660 quislibet
2919 604 2984 644 ex
3003 590 3295 660 judiciaria
3319 601 3618 661 potestate,
3640 614 3740 654 nec

2137 677 2278 732 ullus
2315 692 2382 733 ex
2413 675 2660 732 ﬁdelibus
2688 687 2890 734 sanctze
2928 679 3024 733 Dei
3046 679 3305 736 Ecclesia
3331 697 3397 738 ac
3421 689 3655 750 nostris,
3685 691 3739 742 in

2136 769 2395 826 ecclesias
2440 784 2505 824 ac
2530 769 2668 835 loca,
2702 770 2789 826 vel
2817 785 2998 841 agros,
3031 785 3127 827 seu
3164 771 3406 843 reliquas
3431 781 3738 846 possessio-

2137 877 2233 918 nes
2285 862 2527 932 praedicti
2576 864 2921 929 monasterii,
2979 879 3117 934 quas
3176 866 3444 922 moderno
3494 879 3736 941 tempore

2127 954 2276 1023 juste
2318 964 2373 1010 et
2414 954 2814 1009 rationabiliter
2835 971 2934 1026 per
2961 956 3308 1012 donationem
3337 958 3528 1014 domui
3569 971 3628 1015 et
3649 979 3737 1033 ge-

2135 1047 2332 1104 nitoris
2361 1048 2532 1103 nostri
2563 1047 2645 1102 vel
2673 1057 2994 1102 cmterorum
3017 1047 3253 1104 ﬁdelium
3274 1051 3563 1118 possidere
3589 1053 3739 1108 vidc-

2137 1148 2224 1193 tur
2251 1139 2304 1194 in
2339 1139 2670 1209 quibuslibet
2696 1140 2847 1210 pagis
2893 1149 2948 1194 et
2981 1141 3297 1206 territoriis,
3329 1143 3603 1213 quidquid
3639 1145 3737 1199 ibi-

2133 1231 2255 1287 dem
2276 1230 2532 1286 collatum
2557 1229 2676 1295 fuit,
2705 1230 2789 1286 vel
2815 1245 3043 1301 qumque
3063 1231 3320 1302 deinceps
3341 1234 3398 1288 in
3412 1235 3543 1304 jure
3571 1237 3738 1306 ipsius

2132 1323 2305 1378 sancti
2333 1322 2456 1387 loci,
2498 1330 2594 1377 aut
2616 1337 2715 1394 per
2758 1337 2880 1388 nos,
2910 1331 3004 1377 aut
3038 1339 3138 1394 per
3164 1324 3302 1378 alios
3332 1325 3575 1380 voluerit
3601 1329 3737 1381 divi-

2133 1431 2200 1470 na
2242 1417 2416 1486 pietas
2454 1416 2663 1486 augeri,
2713 1415 2782 1469 ad
2820 1429 3016 1470 causas
3061 1415 3382 1480 audiendas,
3435 1417 3527 1472 vel
3579 1417 3732 1473 {reda

2130 1507 2414 1578 exigenda,
2466 1515 2560 1561 aut
2593 1506 2908 1562 mansiones
2956 1507 3038 1562 vel
3064 1509 3312 1578 paroeias
3350 1508 3628 1582 [paratas]
3661 1509 3735 1564 fa-

2130 1597 2371 1662 ciendas,
2425 1606 2518 1652 aut
2584 1596 2934 1667 ﬁdejussores
2989 1599 3274 1664 tollendos,
3336 1601 3422 1655 vel
3484 1602 3736 1655 homines

2131 1689 2299 1760 ipsius
2340 1688 2608 1754 ecclesiae,
2646 1697 2759 1743 tam
2804 1689 3068 1760 ingenuos
3113 1704 3389 1760 quamque
3435 1699 3496 1745 et
3526 1707 3731 1752 servos.

2129 1779 2220 1848 qui
2250 1792 2414 1847 super
2448 1787 2652 1833 terram
2698 1777 2870 1848 ipsius
2931 1776 3172 1832 residere
3203 1778 3480 1843 videntur,
3513 1772 3734 1833 distrin-

2058 1855 2106 1912 Β
2135 1868 2367 1938 gendos;
2401 1882 2503 1921 nec
2543 1867 2679 1922 ullas
2707 1866 3100 1922 redhibitiones
3119 1875 3213 1920 aut
3239 1867 3457 1922 illicitas
3484 1869 3733 1923 occasio-

2132 1972 2230 2012 nes
2261 1957 2613 2026 requirendas
2634 1998 2648 2022 ,
2679 1957 2790 2012 ullo
2815 1971 3058 2025 unquam
3089 1964 3335 2027 tempore
3372 1958 3590 2028 ingredi
3642 1974 3732 2012 auo

2133 2049 2277 2113 deat,
2323 2048 2411 2102 vel
2433 2055 2690 2103 exactore
2739 2055 3049 2117 praesumat.
3083 2047 3152 2101 Et
3180 2049 3445 2116 quidquid
3469 2049 3542 2103 de
3575 2051 3732 2104 rebus

2129 2138 2340 2210 pra-fati
2370 2139 2687 2196 monasterii
2714 2139 2878 2194 ﬁscus
2919 2154 3144 2208 sperare
3184 2150 3393 2210 posset,
3430 2149 3609 2195 totum
3637 2159 3730 2197 nos

2129 2245 2228 2298 pro
2259 2239 2462 2285 aeterna
2487 2231 2926 2285 remuneratione
2939 2228 3053 2297 jam
3076 2231 3222 2286 dicto
3246 2234 3588 2286 monasterio
3608 2249 3729 2287 con-

2129 2321 2389 2385 cedimus,
2443 2329 2502 2375 ut
2565 2321 2845 2391 perpetuis
2903 2322 3242 2391 temporibus
3296 2322 3352 2376 in
3416 2322 3730 2377 alimoniam

2128 2427 2429 2482 pauperum
2473 2421 2528 2468 et
2557 2412 2826 2482 stipendia
2856 2414 3248 2468 monachorum
3274 2414 3480 2469 ibidem
3515 2415 3630 2468 Deo
3657 2415 3728 2468 fa-

2129 2505 2454 2560 mulantium
2487 2506 2741 2576 proﬁciat
2766 2507 2820 2561 in
2852 2515 3226 2577 augmentum.
3260 2507 3329 2560 Et
3353 2509 3586 2577 quando
3615 2509 3729 2575 qni-

2129 2595 2250 2649 dem
2280 2594 2463 2649 divina
2491 2595 2778 2650 vocatione
2813 2593 3160 2664 supradictus
3185 2595 3354 2650 abbas
3381 2595 3469 2650 vel
3502 2609 3725 2650 succes-

2128 2699 2283 2738 sores
2332 2681 2449 2750 ejus
2477 2683 2543 2738 de
2595 2684 2697 2738 hac
2727 2683 2846 2737 luce
2893 2683 3268 2752 migraverint,
3325 2684 3575 2751 quaudiu
3633 2685 3726 2754 ipsi

2129 2774 2378 2828 monachi
2410 2774 2552 2828 inter
2574 2789 2632 2828 se
2660 2774 2796 2829 tales
2827 2774 3070 2828 invenire
3098 2773 3394 2842 potuerint,
3434 2775 3529 2842 qui
3560 2776 3724 2844 ipsum

2128 2865 2603 2936 congregationem
2637 2865 2935 2920 secundum
2966 2865 3208 2936 regulam
3236 2865 3415 2919 sancti
3447 2864 3724 2918 Βειιοιῐξιιί

2129 2970 2314 3026 regere
2362 2955 2594 3020 valeant,
2627 2971 2725 3025 per
2754 2956 2895 3008 hanc
2941 2964 3183 3009 nostram
3240 2956 3634 3010 auctoritatem
3678 2965 3726 3008 et

2129 3058 2453 3098 consensum
2481 3044 2755 3097 licentiam
2780 3043 3018 3097 habeant
3045 3043 3276 3113 eligendi
3301 3043 3529 3098 abbates
3549 3084 3564 3106 ,
3600 3060 3726 3112 qua-

2129 3145 2287 3189 tenus
2328 3134 2460 3204 ipsis
2489 3135 2664 3189 servis
2693 3135 2788 3188 Dei
2825 3133 2916 3202 qui
2955 3133 3156 3188 ibidem
3188 3134 3298 3188 Deo
3334 3133 3607 3188 famulare
3655 3135 3725 3188 vi-

2129 3221 2345 3284 dentur,
2375 3238 2475 3292 pro
2506 3222 2683 3286 nobis,
2723 3219 2950 3291 conjuge
2977 3220 3236 3291 proleque
3266 3231 3478 3285 nostra,
3530 3232 3588 3274 et
3620 3231 3698 3274 sta

2129 3311 2334 3367 bilitate
2362 3312 2527 3366 totius
2552 3311 2766 3382 imperii
2794 3311 2968 3366 nostri
2989 3327 3020 3364 a
3045 3311 3156 3365 Deo
3177 3312 3334 3365 nobis
3363 3313 3617 3365 concessi
3645 3311 3724 3364 vel

2129 3405 2504 3468 conservandi,
2545 3402 2752 3472 jngiter
2777 3402 2992 3456 Domini
3025 3402 3459 3456 misericordiam
3493 3417 3724 3456 exorare

2129 3493 2445 3548 delectetur.
2485 3494 2550 3548 Et
2589 3502 2649 3546 ut
2675 3493 2793 3547 haec
2835 3492 3133 3546 auctoritas
3161 3492 3365 3546 nostris
3412 3489 3720 3559 futurisque

2129 3582 2462 3652 temporibus
2515 3581 2706 3635 melius
2768 3579 3081 3635 ineonvulsa
3133 3591 3513 3644 conservetur,
3563 3595 3720 3633 manu

2127 3674 2347 3743 propria
2397 3672 2835 3743 subscripsimus,
2871 3679 2928 3725 et
2964 3671 3031 3725 de
3080 3669 3281 3725 annulo
3316 3679 3510 3727 nostro
3535 3670 3722 3725 subter

2129 3763 2366 3834 sigillare
2386 3763 2669 3832 jussimus.

2201 3851 2426 3923 Signum
2453 3851 2712 3906 Ludovici
2745 3848 3083 3906 serenissimi
3115 3848 3484 3918 imperatoris.

2201 3940 2519 3995 llelisachar
2546 3941 2833 4011 recognovi
2865 3946 2920 3992 et
2941 3937 3258 4006 subscripsi.

2201 4034 2336 4088 Data
2367 4032 2542 4102 pridie
2571 4031 2841 4086 Kalendas
2869 4029 3080 4094 lunias,
3109 4045 3253 4084 anno
3289 4029 3469 4098 primo
3507 4028 3721 4082 Christo

2129 4122 2365 4191 propitio
2401 4121 2614 4191 imperii
2641 4119 2847 4183 nostri,
2884 4119 3178 4173 indictione
3203 4118 3258 4169 7.
3292 4117 3491 4170 Actum
3527 4117 3696 4185 Aquis

2130 4211 2282 4280 grani
2313 4210 2514 4281 palatio
2547 4210 2697 4280 regio
2721 4209 2774 4263 in
2805 4209 2902 4264 Dei
2929 4209 3148 4262 nomine
3174 4205 3424 4260 feliciter.
3453 4205 3650 4260 Amen.

2895 4355 2960 4408 γ.

2205 4483 2304 4523 PRO
2342 4481 2678 4522 HONASTERIO
2714 4477 2902 4519 SANCTI
2940 4476 3184 4516 δενειιικι
3227 4473 3649 4516 βυιιηεωυςδει.

2746 4595 2918 4662 (Anna
2953 4593 3015 4648 81
3032 4591 3102 4664 ι.)

2135 4729 2311 4801 [Apud
2357 4730 2420 4784 D.
2467 4724 3111 4801 Bouqttet.,ibid.,_pag.,
3153 4722 3400 4801 £5_$_,‘ex
3426 4722 3612 4778 Bessio
3663 4722 3715 4776 in

2545 4791 2773 4866 Regibus
2820 4791 3174 4864 Amata—pag.
3207 4791 3318 4863 17.]

2209 4931 2262 4983 In
2305 4928 2520 4982 nomine
2550 4924 2762 4979 Domini
2809 4921 2904 4976 Dei
2931 4929 2985 4976 et
3032 4921 3330 4976 Salvatoris
3375 4921 3550 4974 nostri
3593 4919 3716 4974 Jesu

2137 5020 2360 5081 Christi,
2393 5015 2694 5071 Ludovicus
2719 5013 2902 5069 divina
2930 5010 3218 5064 ordinante
3251 5008 3592 5077 providentia
3621 5008 3716 5062 imo

2138 5117 2356 5177 perator
2395 5110 2686 5177 Augustus.

2211 5199 2406 5253 Notum
2451 5199 2522 5252 sit
2548 5195 2800 5250 omnibus
2843 5191 3087 5247 ﬁdelibus
3114 5199 3317 5244 saneta:
3341 5189 3438 5244 Dei
3468 5186 3716 5242 Ecclesiae

2142 5308 2205 5345 ac
2233 5290 2433 5344 nostris
2474 5286 2826 5359 praesentibus
2874 5284 3084 5338 scilicet
3111 5291 3166 5337 et
3194 5281 3413 5344 futuris,
3445 5282 3572 5351 quia
3609 5278 3716 5349 pla-

2142 5383 2254 5435 cuit
2279 5381 2429 5435 nobis
2452 5393 2549 5448 pro
2574 5376 2840 5432 mercedis
2868 5385 3066 5429 nostrae
3096 5381 3389 5444 augmento
3409 5373 3477 5426 ad
3501 5383 3709 5427 monas-

2145 5528 2342 5566 annnm
2380 5520 2716 5581 sequentem,
2747 5518 2809 5563 ut
2853 5506 3065 5562 Cointio
3109 5507 3283 5581 visum
3329 5514 3434 5581 est,
3486 5504 3579 5581 sed
3622 5516 3716 5581 an:

2145 5599 2212 5636 nu
2258 5583 2362 5638 806
2391 5569 2807 5649 cobsignandus,
2856 5591 3128 5649 anonymo
3161 5575 3294 5628 Viue
3320 5575 3438 5645 ejus
3467 5569 3711 5643 scriptori

2143 5661 2194 5701 et.
2224 5653 2479 5708 thalcrico
2501 5645 2957 5720 suifragantehoc
2971 5645 3290 5720 diplomate.

2216 5740 2233 5762 ε
2269 5722 2436 5793 Vulgo
2474 5715 2709 5774 Denche
2738 5719 2803 5773 ad
2829 5715 3169 5771 Rhodanum.
