3906 6342
156 429 273 485 985

1305 428 1692 488 DIPLOMATA
1732 425 2283 490 ECCLESIASTICA.

3317 450 3417 508 986

157 510 365 602 teriam
407 556 432 584 ι
464 544 522 601 S.
557 544 801 602 Severini
828 560 994 617 prope
1024 547 1219 602 urbem
1244 546 1744 618 Burdegalensium,
1775 546 1827 606 Α
1855 544 1997 601 tibus
2028 547 2270 603 hostibus
2316 549 2599 620 ignemque
2647 552 3083 616 submittentibus
3110 601 3124 626 ,
3176 566 3417 632 quietiam

154 633 350 688 villain
369 649 489 704 qua:
513 635 706 690 dicitur
729 636 996 699 Misenria,
1028 636 1082 691 in
1104 651 1242 706 pago
1265 634 1557 691 Santonico
1581 650 1744 704 super

154 723 384 779 fluvium
409 725 737 781 Garumnam
769 728 950 791 sitam,
982 742 1103 781 cum
1141 729 1392 783 omnibus
1416 727 1742 798 appenditiis

151 816 299 881 suis,
338 816 405 870 ad
433 817 859 888 supplementum
902 818 1132 873 fratrum
1161 820 1216 873 in
1259 820 1376 888 ipso
1411 819 1740 874 monasterio

150 908 572 963 consistendum
616 909 871 975 reddere;
904 918 1064 980 atque
1092 919 1152 964 ut
1176 911 1451 981 perpetuis
1480 910 1737 981 tempori—

149 997 263 1053 bus
289 998 467 1067 quiete
482 999 637 1052 ‘illam
664 1014 792 1069 pars
814 1000 1058 1071 praedicti
1080 1001 1394 1056 monasterii
1423 1001 1624 1055 habere
1653 1016 1739 1055 va-

149 1088 289 1153 leat,
312 1105 409 1158 per
433 1091 531 1145 has
559 1101 756 1147 nostrai
780 1095 1121 1149 auctoritatis
1152 1095 1363 1149 litteras
1385 1096 1729 1151 confirmare.

146 1176 389 1233 Proinde
431 1181 534 1234 hoc
562 1191 887 1251 prmeeptum
917 1192 1154 1237 nostrum
1184 1182 1299 1237 ﬁeri
1344 1184 1423 1238 eis
1451 1184 1731 1253 jussimus,

143 1281 256 1335 per
284 1270 423 1337 quod
446 1271 655 1324 cunctis
679 1270 925 1326 ﬁdelibus
952 1281 1153 1326 sancta:
1186 1272 1283 1327 Dei
1317 1272 1561 1327 ecclesia:
1596 1288 1734 1342 prai-

145 1358 400 1412 sentibus
442 1366 496 1412 et
539 1358 734 1414 futuris
783 1371 973 1415 notum
1027 1360 1275 1425 facimus,
1324 1370 1385 1415 ut
1416 1362 1730 1432 praedictam

144 1449 336 1503 villam
365 1465 485 1503 cum
516 1451 765 1506 omnibus
794 1453 1117 1521 appenditiis
1146 1454 1259 1508 suis
1284 1454 1367 1508 vel
1390 1454 1726 1523 adjacentiis,

145 1554 278 1593 cum
306 1539 569 1604 domibus,
597 1540 861 1605 aedificiis,
893 1543 1072 1607 terris,
1110 1544 1301 1609 vineis,
1331 1544 1523 1612 pratis,
1557 1544 1724 1606 silvis,

141 1629 389 1698 pascuis,
431 1631 605 1698 aquis,
641 1646 904 1700 aquarum
947 1628 1285 1699 decursibus,
1327 1634 1586 1704 quidquid
1626 1634 1728 1689 ibi-

141 1718 275 1773 dem
316 1722 437 1791 jure
478 1721 748 1789 pertinere
782 1722 1010 1787 videtur,
1049 1732 1222 1777 totum
1252 1730 1306 1778 et
1342 1724 1611 1791 integrum
1642 1724 1724 1777 vel

142 1807 536 1877 inexquisitum
588 1825 687 1880 per
740 1810 882 1865 hanc
932 1818 1176 1865 nostram
1234 1813 1607 1867 auctoritatem
1657 1814 1726 1866 ad

138 1900 325 1970 ipsum
353 1902 740 1956 monasterium
767 1909 1062 1971 agnoscant
1087 1917 1117 1955 a
1143 1902 1298 1956 nobis
1317 1917 1437 1957 esse
1460 1902 1727 1957 redditum

140 2001 315 2059 atque
354 1991 755 2047 confirmatum.
786 1990 1169 2061 Praecipientes
1207 2005 1336 2061 ergo
1370 1990 1622 2059 jubemus
1667 2001 1727 2046 ut

138 2081 325 2134 nullus
370 2081 594 2149 quilibet
617 2081 683 2135 de
719 2081 993 2150 praedictis
1022 2082 1205 2145 rebus,
1231 2097 1366 2150 quas
1410 2082 1565 2135 nobis
1589 2096 1727 2150 prae-

138 2169 265 2224 fato
297 2171 626 2225 monasterio
672 2170 901 2225 reddere
947 2180 1107 2239 atque
1151 2170 1473 2225 confirmare
1502 2169 1720 2239 placuit,

136 2264 352 2332 aliquid
383 2262 697 2318 abstrahere
727 2272 818 2316 aut
847 2261 1043 2331 injuste
1075 2263 1339 2326 minuere,
1368 2271 1457 2317 aut
1489 2263 1725 2331 aliquam

137 2354 587 2409 contrarietatem
634 2353 831 2417 facere,
884 2354 966 2407 vel
1012 2352 1271 2421 injustam
1316 2352 1723 2407 resultationem

134 2441 346 2495 inferre
395 2450 596 2495 tentet:
646 2440 753 2496 Sed
782 2442 942 2495 liceat
977 2442 1122 2511 ipsas
1152 2457 1238 2496 res
1275 2450 1605 2496 memoratas
1633 2456 1722 2496 ec-

133 2531 324 2585 clesia:
353 2532 645 2599 possidere,
676 2540 838 2600 atque
872 2546 969 2600 pro
1008 2531 1258 2585 omnibus
1299 2531 1629 2599 temporibus
1654 2530 1720 2583 ad

132 2622 468 2690 stipendium
513 2619 742 2673 fratrum
780 2620 976 2673 ibidem
1022 2621 1131 2673 Deo
1161 2619 1535 2673 famulantium
1563 2618 1721 2688 profi-

130 2722 286 2762 cere.
331 2709 395 2761 Et
439 2708 613 2762 nullus
637 2723 755 2761 eam
789 2707 925 2779 [eas]
956 2708 1151 2762 exinde
1179 2707 1288 2761 ullo
1315 2723 1551 2776 unquam
1588 2715 1722 2761 tem-

126 2819 273 2873 pore
319 2804 633 2857 abstrahere
671 2802 892 2867 nitatur,
944 2802 988 2855 si
1028 2801 1316 2855 Dominum
1354 2800 1470 2854 vult
1520 2801 1720 2855 habere

129 2894 452 2962 propitium.
498 2892 687 2945 Nullus
734 2907 970 2961 unquam
1004 2889 1169 2958 jndex
1210 2891 1459 2960 publicus
1500 2890 1554 2944 in
1584 2906 1720 2960 prte-

126 2987 296 3041 dictis
320 2986 478 3039 rebus
500 2987 565 3038 ad
589 3000 780 3038 causas
806 2983 1119 3047 audiendas,
1148 2983 1233 3037 vel
1257 2982 1407 3037 freda
1433 2983 1714 3052 exigenda,

129 3084 232 3129 aut
263 3076 570 3129 mansiones
592 3074 676 3128 vel
698 3082 917 3143 paratas
944 3072 1237 3137 faciendas,
1269 3072 1353 3127 vel
1377 3071 1717 3140 lidejussores

126 3165 423 3229 tollendos,
458 3174 549 3219 aut
570 3165 814 3219 homines
843 3164 1011 3234 ipsius
1031 3165 1273 3219 ecclesia:
1298 3164 1708 3234 distringendos,

126 3264 231 3309 aut
254 3255 387 3309 ullas
418 3254 803 3309 redliibitiones
832 3262 924 3307 aut
948 3254 1159 3308 illicitas
1190 3254 1503 3308 occasiones
1528 3253 1711 3321 requi-

128 3347 333 3401 rendas
361 3348 565 3416 ingredi
593 3348 805 3411 audeat,
830 3346 911 3401 vel
932 3356 1185 3401 exactare
1209 3353 1529 3415 praesumat;
1559 3346 1630 3399 ita
1653 3353 1712 3399 ut

126 3439 217 3493 ba:
257 3436 449 3490 futuris
492 3437 824 3506 temporibus
853 3437 1014 3491 salva:
1052 3445 1107 3490 et
1135 3437 1313 3491 ill-.1353:
1341 3452 1438 3505 per
1463 3446 1709 3491 nostram

126 3528 504 3583 defensionem
554 3528 699 3581 omni
732 3537 971 3596 tempore
1003 3527 1298 3596 persistere
1321 3527 1551 3580 valeant.
1585 3526 1711 3581 Haec

121 3634 264 3673 vero
306 3618 602 3672 auctoritas
657 3624 715 3669 ut
768 3617 968 3671 nostris
1028 3616 1332 3685 futurisque
1380 3616 1710 3685 temporibus

118 3705 331 3762 melius
360 3706 630 3771 credatur,
661 3714 715 3760 et
747 3721 777 3759 δ
813 3704 1060 3759 fidelibus
1090 3712 1289 3759 sancta:
1320 3705 1414 3758 Dei
1455 3704 1708 3759 Ecclesia:

122 3806 183 3853 et
212 3814 241 3850 a
281 3798 483 3852 nostris
511 3796 891 3851 inviolabiliter
916 3795 1269 3859 custodiatur,
1300 3810 1462 3848 manu
1492 3794 1708 3864 propria

122 3891 572 3958 subscripsimus.
603 3897 658 3944 et
690 3890 755 3944 de
786 3888 984 3943 annulo
1014 3895 1200 3942 nostro
1240 3885 1425 3941 subter
1448 3884 1708 3953 jussimus

120 3980 378 4051 sigillari.

200 4068 426 4138 Signum
450 4067 705 4122 Ludovici
737 4068 1074 4123 serenissimi
1096 4066 1463 4136 imperatoris.

195 4159 323 4212 Dat.
356 4174 387 4211 v
413 4157 536 4212 Idus
566 4156 714 4222 Julii,
743 4174 886 4211 anno
934 4159 957 4211 1
985 4157 1202 4213 Christo
1228 4157 1465 4228 propitio
1496 4156 1704 4226 imperii

121 4248 326 4310 nosni,
362 4246 654 4301 indictione
681 4246 732 4298 7.
764 4245 957 4300 Actum
983 4246 1306 4316 Aquisgrani
1336 4245 1533 4315 palatio
1558 4244 1707 4315 regio

121 4340 179 4392 in
214 4337 309 4392 Dei
348 4340 564 4391 nomine
598 4336 847 4390 feliciter.
880 4335 1069 4388 Amen.

874 4425 961 4480 Vl.

516 4529 614 4569 PRO
648 4529 895 4568 ECCLESIA
934 4528 1296 4568 CENOﬂANENSI
1305 4552 1320 4567 .

751 4602 921 4674 (Anno
948 4602 1095 4673 8M.)

308 4695 493 4767 [Apud
521 4693 745 4757 Mabill.,
778 4692 1013 4746 Analect.
1056 4702 1175 4755 vet.,
1217 4709 1336 4763 pag.
1366 4693 1526 4765 296.]

196 4788 257 4841 In
287 4786 501 4840 nomine
529 4784 736 4838 Domini
764 4782 857 4837 Dei
884 4782 1181 4837 Salvatoris
1215 4786 1381 4837 nostri
1404 4782 1526 4838 Jesu
1549 4784 1702 4838 Chri-

119 4879 219 4942 sti,
234 4876 537 4930 Ludovicus
558 4875 733 4929 divina
758 4874 1039 4927 ordinante
1052 4874 1384 4942 providentia
1410 4876 1701 4943 imperator

116 4970 417 5035 Augustus.

197 5053 420 5108 Noverit
463 5052 724 5121 sagacitas
755 5066 848 5105 seu
899 5051 1160 5105 industria
1189 5051 1426 5105 fidelium
1456 5053 1695 5107 onmium

120 5154 454 5204 nostrorum,
486 5150 592 5194 tam
638 5140 979 5209 praesentium
1010 5156 1171 5209 quam
1202 5150 1257 5192 et
1286 5139 1609 5203 futurorum,
1638 5155 1702 5195 eo

120 5230 269 5302 quod
298 5231 383 5283 vir
422 5228 742 5283 venerabilis
768 5228 975 5282 Franco
1005 5228 1377 5282 Cenomanica:
1414 5228 1562 5281 urbis
1590 5229 1704 5297 epi-

121 5334 323 5389 scopus
344 5318 536 5373 obtulit
569 5318 845 5373 serenitati
891 5328 1087 5372 nostra:
1116 5320 1374 5388 quasdam
1413 5319 1702 5373 auctorita-

120 5420 206 5463 tes
218 5408 679 5477 praedecessorum
700 5414 1007 5463 nostrorum
1020 5449 1034 5471 ,
1059 5424 1244 5478 regum
1261 5408 1507 5462 videlicet
1533 5408 1700 5463 Fran-

122 5512 337 5561 corum,
374 5497 430 5550 in
467 5498 663 5565 quibus
717 5496 1129 5551 continebantur
1181 5498 1322 5566 quod
1367 5497 1565 5565 partim
1609 5513 1700 5553 ne-

126 5590 384 5661 gligentia
410 5587 801 5642 incuriosorum
824 5587 1125 5653 hominum,
1154 5587 1350 5657 partim
1378 5586 1699 5655 depopulan-

1845 641 2140 691 strumenta
2161 639 2470 693 chartarum
2507 656 2603 710 per
2649 661 2765 713 quae
2792 664 2945 719 reges
2972 653 3314 722 reginaeque,
3366 668 3420 711 et

1840 723 2389 815 eieteriquamplures
2419 732 2671 786 catholici
2708 736 2810 790 viri
2840 754 2926 793 res
2968 750 3127 810 atque
3150 746 3417 815 mancipia

1840 812 2081 866 ecclesia:
2129 815 2183 867 in
2227 816 2429 871 honore
2481 819 2681 876 Christi
2728 834 3031 897 martyrum
3066 812 3419 889 Gervasii'et

1837 902 2069 959 Protasii
2098 915 2439 975 constructae,
2480 915 2567 967 cui
2605 924 2825 972 auctore
2858 920 2965 975 Deo
3014 923 3127 991 ipse
3178 937 3373 994 praeest
3396 967 3410 989 ,

1837 996 2198 1064 contulerant,
2215 999 2344 1053 olim
2368 1012 2555 1058 exusta
2584 1006 2666 1060 vel
2690 1020 3033 1065 concremata
3057 1011 3288 1080 fuerint;
3315 1032 3415 1085 per

1836 1101 1971 1155 quas
2000 1089 2163 1143 etiam
2221 1095 2573 1151 auctoritates
2609 1114 2716 1152 non
2769 1100 2941 1155 solum
2991 1106 3413 1172 praedecessor-es

1835 1177 1938 1267 sui,
1970 1188 2204 1236 rectores
2231 1182 2481 1239 videlicet
2508 1187 2675 1256 ipsius
2702 1193 2965 1257 ecclesiae,
2991 1195 3083 1249 sed
3108 1196 3269 1249 etiam
3298 1199 3411 1267 ipse

1835 1266 1887 1319 in
1908 1270 2245 1336 postmodum
2276 1274 2491 1328 easdem
2535 1292 2622 1332 res
2646 1279 2730 1333 vel
2758 1282 3046 1352 mancipia,
3084 1300 3204 1353 quae
3232 1284 3286 1337 in
3307 1266 3410 1339 eis-

1833 1357 1952 1411 dem
1976 1373 2093 1428 qua:
2120 1371 2308 1417 exusta
2322 1363 2539 1421 fuerunt
2566 1372 2901 1438 strumentis,
2928 1374 3071 1443 juste
3092 1384 3146 1429 et
3167 1376 3413 1445 legaliter

1832 1454 1886 1500 et
1912 1463 2102 1505 secure
2140 1467 2204 1506 ac
2236 1455 2416 1523 quiete
2442 1456 2704 1512 hactenus
2731 1468 3014 1515 tenuerant
3046 1479 3108 1518 ac
3158 1466 3406 1534 possede-

1834 1547 1971 1600 rant,
2002 1555 2098 1594 ceu
2129 1542 2397 1599 firmitatis
2444 1548 2620 1603 studio
2664 1552 2939 1605 serenitati
2968 1562 3164 1608 nostrae
3206 1563 3264 1608 ut
3289 1571 3408 1611 eas-

1831 1626 1953 1680 dem
1979 1632 2328 1687 auctoritates
2352 1643 2535 1689 nostra
2568 1637 2908 1694 firmaremus
2930 1642 3271 1697 auctoritate.
3296 1643 3406 1699 Nos

1830 1716 2009 1786 itaque
2064 1724 2362 1791 perspectis
2410 1726 2611 1780 eisdem
2658 1730 3099 1797 auctoritatibus,
3134 1747 3234 1801 pro
3266 1749 3408 1788 mer—

1828 1809 1977 1864 cedis
2026 1819 2226 1867 nostraa
2255 1827 2563 1885 augmento,
2579 1818 2734 1873 libuit
2762 1822 2918 1876 nobis
2946 1823 3155 1891 praefati
3184 1840 3408 1881 venera-

1757 1875 1804 1937 Β
1830 1898 1953 1953 bilis
1979 1901 2079 1955 viri
2108 1904 2453 1972 petitionibus
2480 1923 2743 1976 annuere,
2772 1919 2825 1965 et
2862 1875 3062 1967 eisdem
3113 1918 3407 1971 auctorita-

1830 1988 1973 2043 tibus
2006 1990 2147 2045 hanc
2196 2008 2411 2063 quoque
2440 2005 2679 2051 nostram
2721 1997 2950 2069 jungere
2990 2004 3399 2070 auctoritatem,

1825 2094 1923 2148 per
1943 2092 2103 2150 quam
2124 2082 2378 2151 jubemus
2414 2095 2575 2157 atque
2618 2090 2960 2158 prmcipimus
2984 2099 3043 2144 ut
3087 2107 3273 2149 omnes
3315 2111 3403 2150 res

1824 2168 1910 2223 vel
1953 2172 2218 2242 mancipia
2250 2214 2265 2239 ,
2320 2191 2439 2245 qua:
2476 2193 2543 2230 ex
2592 2178 2909 2234 liberalitate
2964 2182 3137 2235 eidem
3196 2184 3401 2239 collata:

1824 2257 2028 2315 fuerint
2057 2263 2315 2331 ecclesiae,
2347 2268 2546 2323 nostris
2594 2278 2650 2323 et
2691 2268 2884 2325 futuris
2911 2274 3241 2341 temporibus
3302 2291 3399 2343 per

1824 2351 1964 2407 hanc
1990 2361 2229 2408 nostram
2253 2358 2631 2412 auctoritatem
2670 2360 2929 2429 praefatus
2953 2361 3164 2417 France
3192 2364 3399 2432 episco-

1821 2460 1921 2514 pus
1942 2462 2388 2519 successoresque
2414 2454 2496 2507 sui
2529 2454 2731 2521 absque
2762 2454 2873 2508 ulla
2901 2454 3272 2524 inquietudine
3314 2458 3395 2511 vel

1820 2536 2019 2605 injusta
2060 2539 2487 2609 interpellatione
2528 2543 2707 2610 quiete
2741 2551 2794 2596 et
2850 2558 3039 2598 secure
3089 2545 3288 2599 habere
3315 2545 3397 2599 vel

1818 2628 2095 2696 possidere
2118 2629 2347 2684 valeant.
2372 2630 2524 2697 Quod
2550 2633 2594 2685 si
2621 2630 2758 2685 forte
2798 2648 2957 2701 super
2985 2633 3188 2687 eisdem
3235 2634 3396 2687 rebus

1820 2729 1943 2769 ante
1975 2718 2253 2786 praefatam
2278 2721 2611 2774 exustionem
2637 2736 2667 2774 a
2702 2721 2937 2789 przelatis
2968 2722 3136 2790 ipsius
3162 2722 3399 2775 civitatis

1811 2803 1934 2872 jure
1959 2807 2225 2873 possessis
2249 2809 2476 2876 quaestio
2505 2818 2623 2863 orta
2674 2808 2868 2874 fuerit,
2913 2819 2971 2863 ut
2999 2825 3096 2878 pro
3126 2810 3203 2863 eis
3225 2809 3397 2864 disce-

1818 2902 1970 2962 ptare
1998 2910 2218 2951 necesse
2250 2898 2357 2963 sit;
2411 2899 2482 2952 ita
2507 2913 2604 2968 per
2657 2900 2797 2953 hanc
2839 2908 3079 2953 nostram
3111 2902 3400 2955 auctoritao

1818 2997 1925 3043 tem
1962 2986 2175 3043 easdem
2207 3002 2293 3042 res
2320 2996 2375 3042 et
2423 2990 2689 3058 mancipia
2718 2990 2883 3058 ipsius
2940 2989 3180 3043 ecclesiae
3212 2988 3396 3043 defcno

1816 3078 2028 3141 dantur,
2065 3078 2220 3132 sicuti
2245 3091 2339 3147 per
2375 3079 2562 3134 eadem
2591 3087 2921 3142 stramenta,
2962 3081 3007 3132 si
3042 3080 3149 3150 igni
3193 3095 3396 3135 assum-

1813 3176 1905 3237 pta
1941 3183 2047 3222 non
2074 3167 2321 3232 fuissent,
2346 3167 2553 3239 legibus
2605 3169 2819 3223 defendi
2866 3177 3171 3238 potuerant.
3222 3171 3283 3223 Et
3334 3180 3393 3225 ut

1813 3256 1928 3310 [nec
1954 3257 2249 3311 auctoritas
2282 3256 2487 3310 firmior
2516 3257 2810 3322 habeatur,
2858 3267 2911 3311 et
2958 3259 3011 3311 in
3043 3257 3223 3312 futura
3260 3267 3394 3312 tem-

1811 3360 1943 3415 pora
1969 3354 2339 3409 conservetur,
2367 3360 2529 3401 manu
2577 3347 2793 3415 propria
2845 3344 3298 3416 subscripsimus,
3338 3356 3393 3402 et

1812 3436 1995 3491 annuli
2023 3436 2190 3491 nostri
2221 3437 2571 3505 impressione
2601 3437 2953 3506 signavimus.

1885 3529 2106 3596 Signum
2136 3528 2401 3582 Ludovici
2423 3528 2755 3582 serenissimi
2778 3528 3138 3596 imperatoris.

1882 3618 2018 3672 Data
2042 3634 2136 3671 xm
2169 3617 2392 3671 Kalend.
2417 3617 2772 3686 Septembris,
2801 3632 2944 3671 anno
2974 3619 2997 3671 l
3026 3616 3239 3672 Christo
3262 3632 3389 3687 pro-

1808 3706 1943 3774 pitio
2004 3706 2215 3775 imperii
2278 3706 2492 3770 nostri,
2548 3706 2843 3760 indictione
2888 3708 3133 3776 septima.
3191 3706 3387 3763 Actum

1807 3794 2130 3863 Aquisgrani
2169 3794 2370 3864 palatio
2411 3803 2597 3851 nostro
2645 3796 2700 3849 in
2733 3796 2828 3851 Dei
2881 3796 3097 3851 nomine
3138 3796 3385 3853 feliciter.

1808 3885 2004 3939 Amen.

2548 3974 2651 4030 VII.

2169 4081 2270 4121 PRO
2307 4080 2607 4121 ANISOLENSI
2645 4082 2993 4125 HONASTEMO.

2425 4154 2598 4224 {Anno
2624 4156 2773 4223 8H.)

1810 4246 1984 4319 [Apud
2014 4247 2079 4319 D.
2100 4245 2764 4319 ABouquet.,‘Bccueil_des
2813 4248 2961 4308 hist,
2988 4247 3228 4319 tom._\'l,
3258 4265 3376 4319 pag.

2054 4316 2177 4381 460,
2210 4314 2277 4369 ex
2317 4315 2551 4369 archivis
2583 4316 2741 4383 hujus
2772 4314 3147 4387 monasterii}

1876 4409 1934 4463 In
1964 4408 2179 4463 nomine
2209 4407 2419 4460 Domini
2454 4407 2549 4460 Dei
2604 4414 2657 4461 et
2699 4406 2992 4461 Salvatoris
3040 4407 3210 4461 nostri
3254 4406 3381 4462 Jesu

1730 4537 1782 4595 Β
1806 4498 2029 4563 Christi,
2058 4496 2359 4552 Ludovicus
2380 4497 2558 4549 divina
2601 4497 2882 4549 ordinante
2904 4496 3185 4550 clementia
3210 4497 3377 4565 impe-

1808 4599 1954 4645 rator
1977 4588 2266 4657 Augustus,
2299 4586 2548 4640 omnibus
2573 4586 2856 4655 episc0pis,
2896 4585 3196 4649 abbatibus,
3230 4587 3379 4642 duci-

1806 4683 1927 4743 bus,
1950 4677 2267 4736 comitibus,
2314 4676 2564 4738 vicariis,
2620 4676 2975 4738 ceutenariis,
3031 4676 3376 4742 actionariis,

1804 4772 1983 4825 missis
1998 4770 2194 4824 nostris
2206 4766 2650 4831 discurrentibus,
2666 4766 2748 4819 vel
2764 4767 2969 4821 cunctis
2987 4765 3249 4833 fidelibus,
3268 4775 3373 4823 etc.

1874 4861 2106 4915 Proinde
2146 4859 2442 4928 comperiat
2496 4857 2733 4913 omnium
2791 4857 3027 4911 fidelium
3068 4865 3373 4913 nostrorum

1804 4953 2023 5007 solertia
2057 4953 2181 5021 quia
2206 4953 2288 5006 vir
2316 4952 2633 5005 venerabilis
2672 4951 2955 5020 Adalgisus
2982 4951 3121 5003 abba
3164 4966 3229 5003 ex
3260 4966 3373 5005 mo-

1806 5044 2043 5097 nasterio
2070 5042 2287 5097 Anisola
2316 5042 2533 5096 veniens
2567 5040 2633 5093 ad
2681 5055 2807 5103 nos,
2863 5040 3050 5093 detulit
3094 5039 3370 5093 serenitati

1804 5143 2002 5187 nostra:
2032 5141 2351 5201 praeceptum
2376 5130 2559 5185 domni
2588 5146 2651 5185 ac
2696 5130 2956 5199 genitoris
2984 5130 3151 5184 nostri
3192 5127 3369 5183 Caroli

1803 5221 2130 5276 serenissimi
2168 5221 2526 5289 imperatoris,
2556 5221 2609 5274 in
2644 5236 2749 5289 quo
2791 5220 3168 5274 continebatur
3200 5218 3369 5287 quali-

1802 5321 1884 5367 ter
1905 5312 2018 5382 ipse
2038 5320 2093 5365 et
2121 5328 2251 5365 avus
2277 5322 2457 5367 noster
2484 5312 2738 5381 Pippinus
2764 5310 2917 5364 bona:
2940 5309 3212 5363 memoriae
3251 5323 3365 5369 rex,

1805 5415 1897 5455 seu
1927 5408 2295 5455 antecessores
2324 5415 2511 5455 eorum
2532 5441 2546 5465 ,
2592 5416 2744 5470 reges
2766 5399 3011 5454 videlicet
3050 5397 3278 5467 priores,
3301 5396 3370 5456 ob

1807 5508 2044 5547 amorem
2073 5493 2165 5547 Dei
2193 5493 2746 5561 tranquillitatemque
2772 5490 2997 5544 fratrum
3026 5488 3225 5544 ibidem
3244 5503 3375 5541 con-

1805 5584 2128 5651 sistentium,
2157 5600 2367 5655 semper
2415 5584 2588 5654 ipsum
2620 5582 3004 5638 monasterium
3052 5580 3151 5634 sub
3174 5578 3368 5647 plenis.

202 5748 365 5801 lilloc
414 5743 800 5799 monasterium
836 5749 1017 5809 postea
1068 5756 1190 5797 cum
1216 5738 1480 5795 Blaviensi
1539 5738 1595 5793 S.
1637 5738 1862 5793 Romani
1924 5738 2063 5793 idem
2088 5739 2379 5807 imperator
2403 5736 2465 5791 ad
2488 5752 2673 5806 preces
2696 5734 2923 5792 Sicharii
2977 5732 3212 5802 epismpi
3266 5731 3369 5787 Ec~

128 5820 305 5875 ClCSi‘J‘.
337 5812 717 5884 Burdcgalcnsi
747 5812 986 5881 subjecit.
