3936 6382
493 362 593 419 931

1632 355 1958 417 LUDOVICI
1993 356 2013 412 i
2054 350 2529 414 COGNOMENTO
2565 354 2652 411 Pii

3681 353 3772 408 θῶ

491 481 630 535 sima
654 476 970 535 defensione
1011 484 1067 534 et
1101 473 1460 533 immunitatis
1480 472 1711 530 tuitione
1741 466 2076 529 habuissent.
2109 476 2158 535 Α
2184 485 2470 543 scaporum
2505 469 2754 527 eamdem
2794 466 3034 524 revelare
3061 466 3352 536 iacturam.
3373 507 3386 521 .
3410 507 3424 520 .
3448 508 3459 520 .
3485 506 3496 518 .
3527 466 3604 520 ita
3633 469 3774 521 vide-

494 570 603 625 Sed
630 584 732 641 pro
769 568 1044 624 ﬁrmitatis
1093 566 1276 624 studio
1314 566 1472 638 petiit
1509 565 1800 636 praedictus
1840 563 1978 619 abba
2022 572 2083 619 ut

494 660 641 715 circa
667 659 848 731 ipsum
888 666 1136 716 sanctum
1169 658 1349 714 locum
1375 657 1555 713 denuo
1585 656 1712 712 talia
1739 671 1840 727 pro
1878 669 2084 711 merce-

494 749 578 805 dis
606 757 806 806 nostrae
844 756 1136 820 augmento
1182 748 1480 804 concedere
1521 754 1578 802 et
1623 746 1946 802 conﬁrmare
1990 746 2084 801 de-

494 838 766 895 beremus.
789 837 956 904 Cujus
976 838 1291 908 petitionem
1319 853 1418 909 pro
1443 837 1627 893 divino
1650 851 1834 892 amore
1855 850 2084 893 renuere

497 930 790 988 noluimus.
844 930 953 987 Sed
982 932 1035 986 in
1084 931 1334 987 omnibus
1379 936 1433 985 et
1460 938 1756 999 praesentes
1800 936 1856 984 et
1914 927 2082 987 futuri

497 1021 682 1079 ﬁdeles
707 1030 911 1079 sanctae
946 1021 1204 1078 Ecclesiae
1241 1029 1296 1077 et
1329 1021 1499 1078 nostri
1539 1022 1616 1077 ita
1657 1035 1977 1077 concessum
2000 1028 2085 1076 at-

499 1125 604 1183 que
626 1123 886 1185 perpetuo
911 1129 942 1168 a
973 1113 1133 1169 nobis
1159 1113 1543 1170 conﬁrmatum
1565 1128 1685 1169 esse
1732 1123 2080 1184 cognoscant.

495 1199 883 1275 Pmcipientes
902 1219 1031 1272 ergo
1045 1202 1300 1272 jubemus
1326 1211 1388 1258 ut
1410 1199 1587 1258 nulius
1621 1201 1787 1272 judex
1814 1204 2080 1274 publicus,

495 1306 675 1363 neque
716 1293 972 1364 quislibet
996 1309 1063 1349 ex
1088 1293 1370 1363 iudiciaria
1396 1299 1684 1362 potestate,
1711 1306 1812 1348 nec
1835 1292 1975 1349 ullus
2017 1309 2083 1351 ex

498 1383 750 1440 ﬁdelibus
773 1392 976 1442 sancte
1000 1385 1260 1441 Ecclesiae
1286 1392 1341 1438 et
1363 1384 1584 1448 nostris,
1617 1383 1671 1437 in
1699 1384 1958 1441 ecclesias
1991 1394 2086 1441 aut

498 1474 616 1532 loca
665 1475 749 1531 vel
787 1492 968 1550 agros,
997 1493 1094 1534 seu
1147 1479 1382 1550 reliquas
1428 1482 1800 1550 possessiones
1839 1484 2086 1553 praedicti

498 1565 834 1640 monasterii,
863 1581 1001 1636 quas
1034 1566 1296 1623 modemo
1323 1577 1565 1639 tempore
1593 1568 1740 1639 juste
1766 1578 1823 1626 et
1850 1573 2088 1628 rationa-

496 1652 680 1709 biliter
705 1654 984 1724 possidere
1007 1657 1222 1713 videtur
1243 1658 1296 1712 in
1324 1659 1656 1729 quibuslibet
1701 1661 1854 1734 pagis
1884 1671 1940 1718 et
1979 1672 2089 1719 ter-

499 1743 711 1801 ritoriis
737 1745 877 1799 infra
916 1746 1174 1803 ditionem
1203 1749 1416 1819 imperii
1463 1750 1660 1815 nostri,
1687 1751 1757 1810 ad
1780 1766 1975 1808 causas
2001 1768 2090 1808 au-

2182 562 2329 628 iicet,
2356 567 2419 618 ut
2445 557 2587 634 [per]
2614 573 2804 617 eorum
2849 559 3230 634 auctoritatem
3289 566 3677 614 antecessores
3701 562 3776 614 sui

2180 651 2422 722 episcopi
2450 632 2538 707 res
2558 632 2614 707 et
2635 648 2930 719 mancipia,
2959 632 3078 718 quae
3117 650 3171 703 in
3201 649 3410 705 eisdem
3443 649 3774 703 instrumen-

2184 743 2252 798 tis
2281 743 2593 799 chartarum
2629 741 2883 798 incendio
2917 741 3128 799 exustis
3172 741 3609 797 continebantur
3629 778 3646 803 ,
3673 739 3778 793 sive

2182 835 2380 891 eadem
2399 849 2518 904 qua:
2558 841 2747 906 postea
2795 850 2826 889 a
2857 834 3138 891 catholicis
3185 828 3317 887 viris
3367 831 3556 886 eidem
3590 830 3778 885 collata

2183 925 2401 981 luerunt
2425 923 2686 990 ecclesiae,
2707 925 2967 981 hactenus
2995 939 3186 980 secure
3205 932 3259 978 et
3290 923 3478 994 quiete
3509 923 3570 976 in
3591 922 3716 990 jure
3734 934 3782 974 et

2180 1022 2450 1088 potestate
2470 1013 2745 1085 praedictae
2778 1016 3082 1072 tenuissent
3099 1013 3362 1071 ecclesia.
3383 1012 3499 1068 Sed
3520 1021 3581 1067 et
3615 1013 3780 1082 ipsam

2183 1117 2428 1163 sanctam
2452 1105 2635 1162 sedem
2660 1115 3035 1162 antecessores
3063 1106 3234 1161 nostri
3265 1120 3426 1175 reges
3454 1119 3586 1159 cum
3627 1103 3782 1157 cellu-

2184 1198 2251 1254 lis
2297 1196 2563 1268 subjectis
2597 1194 2684 1251 vel
2735 1196 2990 1252 omnibus
3016 1196 3178 1251 rebus
3227 1193 3373 1263 juste
3425 1195 3497 1248 ad
3547 1208 3611 1248 se
3653 1194 3780 1261 θερί-

2185 1289 2470 1355 cientibus,
2493 1288 2853 1344 munitionem
2880 1288 3135 1344 videlicet
3165 1287 3477 1358 Lingonicze
3521 1288 3778 1346 civitatis.
3880 1279 3881 1284 “

2183 1381 2275 1438 ubi
2301 1381 2532 1438 habetur
2556 1377 2785 1438 ecclesia
2813 1381 2870 1436 in
2920 1380 3181 1437 honorem
3239 1381 3416 1435 sancti
3472 1379 3778 1434 Mammetis

2186 1472 2370 1528 eximii
2404 1472 2696 1544 martyris;
2753 1471 3008 1528 Castrum
3060 1472 3406 1536 Divionense,
3439 1473 3495 1526 in
3533 1487 3646 1540 quo
3688 1473 3780 1525 sita

2188 1572 2271 1619 est
2295 1563 2524 1620 ecclesia
2553 1565 2608 1618 in
2648 1564 2856 1618 honore
2906 1563 3081 1618 sancti
3113 1561 3375 1632 Stephani
3413 1573 3783 1634 protomarty-

2189 1654 2370 1720 ris,-et
2400 1652 2556 1723 juxta
2604 1666 2820 1708 murum
2870 1652 3263 1708 monasterium
3305 1651 3368 1705 Β.
3399 1652 3635 1721 Benigni
3667 1668 3783 1707 curn

2189 1743 2336 1798 omni
2379 1757 2570 1799 eorum
2611 1740 2956 1814 integritate;
3010 1750 3075 1796 et
3119 1741 3176 1796 in
3230 1756 3370 1812 pago
3408 1741 3781 1796 Tomotrenss

503 1833 746 1898 diendas,
768 1834 854 1890 vel
878 1833 1030 1907 {reda
1058 1837 1344 1909 exigenda,
1388 1847 1481 1892 aut
1506 1839 1816 1896 inferendas
1838 1849 2089 1897 exactan-
2115 1832 2162 1894 Β
2192 1835 2287 1909 [Le
2341 1835 2700 1909 Tonnerrois],
2728 1835 3121 1892 monasterium
3173 1833 3532 1889 Melundense
3555 1875 3570 1897 ,
3627 1843 3682 1888 et
3729 1837 3780 1887 in

502 1922 621 1985 das,
652 1923 766 1978 sive
795 1925 1106 2004 mansiones
1152 1915 1249 1983 veil
1265 1937 1485 1998 paratas
1511 1928 1808 1996 faciendas,
1836 1945 1937 1986 nec
1962 1930 2092 1988 ﬁde-

490 2025 736 2082 jussores
783 2016 1083 2084 tollendos,
1124 2027 1224 2074 aut
1279 2020 1524 2077 homines
1568 2020 1808 2090 ejusdem
1850 2020 2092 2079 ecclesia:

495 2104 926 2177 distringendos,
975 2125 1074 2165 nec
1108 2110 1244 2166 ullas
1298 2112 1690 2168 redhibitiones
1734 2120 1829 2167 aut
1874 2113 2092 2170 illicitas

502 2199 820 2254 occasiones
840 2202 1217 2270 requirendas,
1234 2202 1345 2259 ullo
1364 2219 1602 2274 unquam
1620 2213 1863 2274 tempore
1883 2205 2090 2276 ingredi

501 2289 717 2357 audeat,
737 2289 824 2346 vel
846 2300 1103 2348 exactare
1129 2303 1443 2363 prmsumat.
1472 2295 1579 2350 Sed
1604 2294 1766 2350 liceat
1789 2303 2093 2352 memorato

501 2381 685 2438 abbati
705 2382 926 2454 suisque
939 2384 1346 2440 successoribus
1366 2399 1452 2440 res
1464 2386 1702 2456 praefata:
1714 2385 1970 2442 Ecclesia:
1989 2388 2092 2443 sub

499 2469 860 2527 immanitatis
899 2470 1213 2530 defensione
1248 2475 1432 2544 quieto
1455 2475 1673 2530 tramite
1705 2476 2008 2546 possidere,
2035 2484 2093 2532 et

501 2561 660 2619 nobis
678 2561 909 2619 ﬁdeliter
935 2562 1420 2634 deservireqttque
1443 2579 1543 2635 pro
1584 2564 1880 2620 stabilitate
1905 2576 2090 2622 nostra

501 2649 590 2706 vel
632 2652 800 2708 totius
833 2650 1046 2723 imperii
1098 2668 1129 2707 a
1169 2653 1279 2709 Deo
1310 2655 1468 2709 nobis
1498 2649 1743 2710 concessi
1775 2663 1940 2727 atque
1967 2671 2093 2712 con-

506 2741 781 2806 servandi,
807 2755 914 2796 una
940 2757 1064 2797 cum
1090 2740 1352 2799 fratribus
1387 2743 1519 2810 suis,
1547 2733 1760 2800 Domini
1782 2745 2090 2804 misericor-

503 2830 650 2885 diam
680 2828 942 2888 exorare.’
982 2831 1052 2887 Et
1080 2841 1142 2888 ut
1190 2834 1310 2890 haec
1357 2835 1700 2890 auctoritatis
1744 2835 2092 2892 conﬁrmatio

502 2918 712 2974 ﬁrmior
738 2936 803 2976 ac
837 2922 1109 2977 robustior
1132 2921 1418 2989 habeatur,
1448 2931 1504 2978 et
1548 2924 1617 2979 ab
1644 2924 1898 2980 omnibus
1919 2925 2090 2982 ﬁdeli-

500 3007 604 3066 bus
625 3019 828 3065 sanctre
848 3011 941 3066 Dei
974 3011 1228 3067 Ecclesia:
1264 3020 1322 3068 et
1361 3013 1562 3069 nostris
1609 3013 1922 3086 diligentius
1967 3032 2092 3072 con-

502 3108 774 3169 servetur,
800 3118 964 3156 manu
985 3103 1204 3173 propria
1227 3103 1671 3173 subscripsimus,
1703 3111 1759 3159 et
1793 3105 1975 3169 annuli
1997 3122 2090 3163 no-

503 3193 600 3248 stri
631 3194 988 3264 impressione
1014 3194 1219 3263 signari
1243 3193 1526 3264 iussimus.

571 3281 800 3351 Signum
827 3282 1085 3339 Ludovici
1121 3285 1455 3341 senenissimi
1485 3285 1854 3355 imperatoris.

573 3371 891 3427 Helisachar
911 3375 1220 3444 recognovi.

571 3461 710 3517 Data
729 3478 825 3516 vm
851 3463 970 3517 Kal.
996 3464 1298 3536 Septemb.,
1328 3483 1471 3524 anno
1500 3469 1681 3540 primo
1718 3471 1938 3526 Christo
1961 3487 2088 3541 pro—

503 3552 638 3623 pitio
675 3552 885 3623 imperii
932 3556 1138 3622 nostri,
1185 3556 1373 3612 indict.
1432 3559 1483 3613 7.
1524 3559 1721 3615 Actum
1766 3561 2092 3632 Aquisgrani

503 3643 706 3714 palatio
733 3646 786 3700 in
818 3645 911 3701 Dei
939 3649 1157 3704 nomine
1184 3647 1435 3706 feliciter.
1478 3651 1671 3709 Amen.

1286 3757 1372 3812 ιιι.

1239 3758 1372 3814 Vill.

793 3861 891 3902 rso
928 3863 1174 3903 serroxs
1212 3865 1463 3906 srrscoro
1503 3865 1834 3906 LlNGONENSl.

1122 3938 1295 4009 (Anno
1321 3938 1470 4010 8M.)

509 4023 698 4095 [Apud
721 4025 1292 4112 Dnﬁo'nque‘tqnibida,
1323 4045 1445 4112 pag.
1469 4029 1564 4084 461
1591 4047 1605 4095 ;
1652 4030 1994 4112 ininstrum.
2027 4033 2094 4087 ad

723 4103 854 4149 tom.
885 4095 954 4152 iV
1000 4095 1190 4152 Gallice
1217 4095 1552 4164 Christianae,
1583 4101 1688 4155 col.
1722 4100 1881 4172 129.]

582 4183 640 4237 ln
673 4185 890 4251 nomine
927 4185 1140 4241 Domini
1193 4187 1289 4242 Dei
1318 4196 1372 4242 et
1420 4188 1718 4246 Salvatoris
1747 4191 1918 4245 nostri
1967 4189 2096 4246 Jesu

513 4272 1060 4340 Christi,-Ludovicus
1096 4276 1275 4332 divina
1307 4278 1597 4334 ordinante
1623 4279 1965 4348 providentia
1991 4280 2096 4333 im-

511 4372 733 4432 perator
752 4365 1046 4436 Augustus.

586 4452 642 4508 Si
674 4457 1045 4512 sacerdotibus
1094 4457 1147 4511 in
1174 4458 1503 4529 quibuslibet
1557 4459 1972 4516 necessitatibus
2010 4475 2099 4515 ec-

511 4542 832 4600 clesiasticis
882 4554 1064 4601 nostra
1109 4550 1430 4604 auctoritate
1474 4551 1822 4613 sublevandis
1865 4552 2102 4607 consuli-

516 4647 661 4699 mus,
683 4642 739 4690 et
786 4635 855 4688 ad
905 4637 1266 4694 ministerium
1313 4655 1470 4694 suum
1506 4640 1732 4696 liberius
1800 4658 2101 4713 exsequen-

515 4720 642 4775 dum
669 4736 824 4791 opem
855 4722 1095 4788 ferimus,
1125 4741 1157 4780 a
1180 4727 1396 4801 summo
1448 4729 1702 4797 pontiﬁce
1742 4730 1970 4786 Domino
1996 4748 2096 4787 no-

513 4818 631 4868 atro
655 4808 781 4867 Jesu
823 4812 1039 4871 Christo
1066 4827 1282 4873 aeternae
1317 4820 1770 4876 remunerationis
1795 4821 1978 4893 largiri
2005 4838 2100 4878 no-

516 4905 603 4960 bis
625 4905 844 4976 prazmia
882 4923 989 4961 non
1023 4909 1363 4980 ambigimus.
1400 4909 1598 4966 Notum
1648 4911 1720 4966 sit
1745 4913 1907 4982 igitur
1925 4913 2099 4968 omni-

516 4996 618 5050 bus
643 4995 889 5050 ﬁdelibus
916 5007 1115 5052 sanctae
1138 4998 1234 5053 Dei
1258 4999 1513 5056 Ecclesiae
1542 5009 1596 5055 et
1623 5002 1846 5066 uostris,
1864 5015 2099 5070 praesen-

519 5086 664 5141 tibus
690 5087 898 5142 scilicet
921 5096 978 5143 et
1027 5087 1241 5155 futuris,
1268 5091 1391 5159 quia
1423 5091 1748 5146 venerabilis
1773 5090 1931 5146 Betto
1978 5090 2102 5146 Lin-

519 5179 835 5247 gonensium
865 5178 1014 5233 urbis
1036 5180 1320 5250 episcopus
1349 5182 1546 5238 obtulit
1565 5183 1721 5238 nobis
1751 5184 2102 5242 auctoritates

518 5278 924 5324 antecessorum
956 5280 1261 5326 nostrorum
1293 5287 1499 5342 regum,
1527 5274 1580 5329 in
1610 5275 1806 5343 quibus
1839 5275 2098 5329 insertum

520 5359 821 5429 reperimus
876 5361 1020 5428 quod
1066 5361 1191 5415 olim
1254 5370 1474 5433 propter
1508 5365 1911 5433 occupationem
1941 5364 2103 5419 Sara-

522 5463 805 5513 cenorum,
838 5450 1191 5506 instrumenta
1233 5454 1566 5518 chartarum,
1594 5453 1678 5509 vel
1723 5455 1884 5510 etiam
1916 5455 2105 5510 immu-

522 5537 721 5590 nitates
750 5551 957 5608 regum,
989 5553 1108 5608 qua:
1153 5539 1348 5595 ibidem
1377 5551 1555 5607 erant,
1603 5543 1808 5611 perdita
1839 5543 1921 5596 vel
1957 5543 2104 5596 diru-

523 5637 613 5695 pta
661 5626 907 5692 fuissent,
945 5637 999 5682 et
1034 5629 1193 5684 iidem
1225 5645 1379 5702 reges
1425 5648 1518 5686 sua
1568 5633 1911 5699 auctoritate,
1946 5634 2106 5688 mise-

525 5717 680 5771 randi
711 5718 902 5790 gratia,
938 5719 1002 5773 ad
1034 5735 1221 5788 preces
1243 5722 1701 5791 przcdecessorum
1744 5739 1962 5780 suorum
1995 5741 2058 5795 cp
2085 5753 2110 5766 -

2125 4513 2178 4572 D

2193 1927 2383 1983 eodem
2417 1943 2558 1999 pago
2599 1926 2853 1983 Castrum
2898 1927 3286 1991 Tornotrcnse,
3320 1934 3490 1995 caput
3539 1926 3784 1980 videlicet

2192 2017 2515 2084 comitatus;
2553 2025 2609 2072 et
2643 2016 2976 2072 abbatioiam
3014 2015 3072 2070 8.
3109 2014 3499 2086 Symphoriani
3550 2015 3605 2069 in
3637 2014 3785 2068 Ladi-

2192 2109 2351 2164 uiaco
2376 2149 2392 2176 ,
2433 2123 2557 2164 cum
2581 2109 2827 2165 ecclesiis
2859 2108 3090 2179 aliisque
3139 2109 3303 2163 rebus
3336 2106 3441 2162 sibi
3475 2095 3784 2177 aSpicienti-

2192 2198 2326 2265 bus;
2384 2206 2442 2254 et
2475 2197 2617 2253 infra
2647 2213 2833 2253 muros
2871 2197 2986 2267 jam
3014 2198 3170 2252 dictae
3215 2197 3482 2267 Lingonis
3511 2196 3782 2250 abbatiam

2197 2288 2255 2343 S.
2279 2288 2461 2355 Petri;
2494 2296 2549 2344 et
2578 2288 2736 2358 juxta
2783 2287 3033 2343 eamdem
3085 2287 3363 2341 civitatem
3395 2287 3784 2341 monasterium

2191 2387 2500 2434 sanctorum
2549 2377 2930 2444 Geminorum;
2985 2377 3120 2433 etin
3175 2378 3438 2432 comitatu
3474 2377 3780 2440 Portense.

2191 2445 2597 2527 cum‘omnibus
2631 2472 2738 2527 sibi
2772 2470 3225 2540 competentibus,
3271 2470 3568 2526 ecclesiam
3583 2469 3642 2526 8.
3661 2471 3787 2526 Gen-

2191 2562 2321 2634 gulﬁ
2370 2562 2628 2634 martyris
2657 2561 2896 2628 Christi,
2949 2577 3071 2633 qua:
3103 2562 3376 2631 quondam
3424 2562 3780 2631 quorumdam

2191 2653 2493 2724 principum
2521 2653 2804 2725 tyrannica
2833 2652 3204 2724 sacrilegaque
3226 2652 3542 2707 temeritate
3569 2694 3584 2717 ,
3635 2662 3784 2722 atque

2193 2741 2379 2797 illicita
2400 2743 2822 2813 praesumptione
2841 2743 2960 2798 sine
2987 2741 3378 2820 omnipotentis
3404 2740 3504 2796 Dei
3544 2753 3781 2810 respectu

2191 2834 2499 2890 substracta
2527 2832 2746 2901 fuisset;
2790 2835 2888 2890 sed
2906 2850 3006 2905 per
3025 2833 3276 2890 eumdem
3301 2833 3589 2889 decretum
3619 2835 3672 2889 in
3695 2850 3777 2889 eo-

2191 2923 2315 2979 dem
2339 2923 2460 2981 loco
2473 2924 2721 2980 restituta
2736 2932 2790 2979 et
2818 2924 3137 2979 conﬁrmata
3167 2940 3180 2975 :
3213 2930 3268 2977 et
3298 2923 3350 2975 in
3375 2937 3519 2992 pago
3541 2923 3780 2978 Atoario-

2192 3031 2310 3072 rum
2338 3017 2734 3072 monasterium
2757 3016 3030 3071 Besucnse
3103 3014 3206 3069 sub
3231 3014 3550 3084 plenissima
3580 3030 3784 3084 semper

2191 3105 2502 3162 defensione
2532 3114 2587 3161 et
2646 3105 3006 3160 immunitatis
3036 3105 3266 3160 tuitione
3328 3104 3677 3158 habuissent.
3709 3104 3781 3159 Ob

2116 3172 2161 3234 θ
2195 3195 2511 3252 ﬁrmitatem
2540 3205 2721 3252 tamen
2752 3191 2834 3250 rei
2859 3195 3154 3266 postulavit
3176 3196 3472 3266 prsedictus
3502 3196 3666 3250 Betto
3688 3197 3784 3264 epi-

2193 3301 2391 3356 scopus
2419 3294 2480 3340 ut
2499 3289 2814 3341 earumdem
2837 3299 3025 3356 regum
3051 3285 3427 3348 auctoritates,
3455 3284 3528 3338 ob
3551 3298 3785 3339 amorem

2194 3377 2291 3433 Dei
2317 3385 2372 3435 et
2391 3377 2761 3448 reverentiam
2785 3377 2959 3431 sancti
2988 3375 3236 3430 Mammas
3261 3375 3526 3445 martyris
3549 3416 3566 3438 ,
3607 3386 3783 3430 nostra
3880 3429 3881 3434 η

2193 3467 2642 3523 conﬁrmaremus
2671 3467 3014 3523 auctoritate.
3067 3464 3233 3534 Cujus
3261 3466 3515 3535 petitioni
3563 3467 3787 3520 libenter

2195 3552 2585 3629 acquievimus,
2617 3567 2672 3614 et
2697 3560 2802 3614 hoc
2844 3567 3176 3628 pmceptum
3207 3558 3555 3612 auctoritatis
3590 3566 3780 3612 nostris

2194 3651 2340 3705 circa
2369 3650 2546 3720 ipsum
2575 3649 2771 3715 locum,
2798 3665 2898 3719 pro
2931 3664 3117 3704 amore
3168 3649 3567 3718 omnipotentis
3599 3650 3692 3704 Dei
3738 3661 3786 3703 et

2197 3740 2255 3794 S.
2271 3739 2457 3795 Jacobi
2474 3740 2703 3809 apostoli
2731 3748 2782 3794 et
2813 3738 2999 3793 fratris
3012 3741 3248 3805 Domini,
3267 3738 3422 3807 cujus
3439 3740 3725 3794 brachium
3743 3742 3785 3795 in

2196 3834 2424 3888 ecclesia
2451 3833 2507 3888 S.
2532 3833 2830 3888 Mam‘metis
2852 3831 3128 3888 conditum
3145 3841 3247 3898 est,
3277 3831 3396 3887 ﬁeri
3430 3832 3785 3894 decrevimus,

2197 3939 2294 3994 per
2327 3924 2469 3992 quod
2507 3921 2762 3991 iubemus
2798 3929 2960 3991 atque
3018 3921 3364 3991 praecipimus
3393 3930 3453 3975 ut
3486 3937 3651 3977 nemo
3673 3921 3786 3984 ﬁde

2198 4013 2327 4068 lium
2356 4021 2689 4076 nostrorum,
2718 4013 2800 4066 vel
2834 4011 3062 4080 quilibet
3086 4025 3151 4065 ex
3172 4010 3466 4081 iudiciaria
3495 4020 3782 4080 potestate,

2200 4105 2255 4157 in
2280 4102 2538 4159 ecclesias
2561 4111 2656 4156 aut
2678 4102 2798 4156 ioca
2833 4101 2917 4157 vel
2969 4115 3130 4171 agros
3163 4114 3259 4155 seu
3287 4100 3535 4170 reliquas
3588 4116 3788 4170 posses-

2199 4193 2400 4258 siones,
2424 4192 2538 4248 sive
2565 4207 2659 4247 eas
2689 4198 2814 4245 ante
2848 4190 3132 4261 praefatam
3179 4190 3605 4259 occupationem
3640 4190 3786 4245 Sara.

2200 4296 2534 4338 cenorum.a
2563 4281 2868 4336 rectoribus
2918 4281 3090 4350 ipsius
3125 4278 3373 4335 ecclesia:
3423 4295 3530 4349 per
3575 4280 3785 4350 prerat:

2202 4381 2503 4429 strumenta
2528 4374 2846 4428 chartarum
2875 4372 3123 4443 legaliter
3157 4386 3462 4442 possessas,
3493 4381 3553 4427 et
3579 4389 3680 4442 pro
3699 4388 3781 4426 au-

2205 4465 2461 4520 ctoritate
2510 4463 2943 4520 conﬁrmationis
3005 4471 3413 4518 antecessorum
3483 4473 3784 4519 nostrorum

2208 4568 2395 4624 regum
2418 4531 2612 4623 postea
2639 4552 2706 4607 ad
2729 4560 2938 4622 partem
2960 4551 3128 4622 ipsius
3139 4550 3397 4606 Ecclesiae
3416 4551 3783 4613 conﬁrmatas,

2209 4642 2346 4716 [ad]
2378 4643 2555 4699 nullas
2585 4627 2974 4699 redhibitiones
2996 4649 3089 4697 aut
3113 4639 3333 4696 illicitas
3362 4641 3690 4697 occasiones
3715 4658 3785 4695 re-

2205 4733 2497 4804 quirendas
2533 4734 2736 4789 nostris
2765 4741 2820 4788 et
2853 4731 3049 4788 futuris
3073 4733 3408 4802 temporibus
3459 4731 3675 4803 ingredi
3705 4747 3784 4785 au-

2205 4821 2350 4886 deat,
2379 4821 2464 4876 vei
2493 4835 2556 4875 ea
2578 4835 2699 4891 qua:
2720 4835 2884 4890 supra
2914 4828 3214 4875 memorata
3246 4829 3372 4875 sunt
3394 4821 3619 4890 exigere
3647 4820 3783 4890 peni-

2206 4921 2293 4967 tus
2317 4921 2637 4986 praesumat;
2671 4910 2765 4966 sed
2793 4911 2954 4966 liceat
2977 4918 3281 4966 memorato
3327 4910 3548 4980 pnesuli
3575 4912 3784 4979 suisque

2201 5001 2602 5058 successoribus
2630 5016 2717 5057 res
2744 5000 3013 5070 praedictae
3060 5000 3308 5057 ecclesia
3334 5041 3349 5064 ,
3403 5015 3530 5054 cum
3585 5001 3782 5056 cellulis

2198 5092 2303 5165 sibi
2357 5084 2646 5160 subjectis,
2693 5092 2792 5147 sub
2832 5091 3192 5148 immanitatis
3243 5100 3444 5146 nostra
3477 5091 3782 5148 defensione

2201 5181 2386 5251 quieto
2415 5181 2606 5238 ordine
2629 5181 2932 5252 possidere,
2959 5189 3014 5236 et
3041 5182 3197 5236 nobis
3219 5181 3452 5253 ﬁdeliter
3491 5182 3777 5242 deservire.

2202 5278 2363 5343 atque
2387 5286 2487 5340 pro
2521 5271 2816 5326 stabilitate
2842 5279 3026 5326 nostra
3048 5271 3130 5326 vel
3169 5271 3336 5325 totius
3363 5271 3578 5340 imperii
3611 5286 3642 5324 a
3688 5271 3779 5325 Deo

2207 5362 2363 5417 nobis
2387 5362 2566 5418 collati
2588 5363 2671 5417 vel
2710 5351 3100 5426 conservandi,
3155 5375 3260 5415 una
3283 5376 3408 5439 cum
3445 5360 3593 5416 clero
3615 5370 3672 5416 et
3700 5376 3778 5431 po-

2209 5453 2335 5524 pulo
2354 5440 2458 5510 sibi
2506 5454 2784 5524 subjecto,
2833 5454 2926 5511 Dei
2972 5455 3397 5510 misericordiam
3443 5449 3692 5511 exorare.
3725 5453 3777 5508 Et

2205 5543 2470 5614 quidquid
2499 5546 2696 5600 exinde
2727 5545 2890 5601 ﬁscus
2921 5553 3107 5600 noster
3132 5545 3350 5616 exigere
3400 5545 3578 5608 debet,
3610 5547 3680 5599 ad
3709 5546 3772 5598 in-

2211 5645 2420 5705 tegrum
2455 5635 2722 5705 praedicta
2749 5635 2992 5694 ecclesia:
3029 5636 3398 5699 concedimus,
3426 5645 3483 5689 ut
3517 5636 3772 5706 perpetuis

2213 5727 2542 5796 temporibus
2568 5725 2769 5781 ibidem
2798 5727 3042 5799 proﬁciat
3075 5726 3127 5783 in
3157 5736 3526 5799 augmentum.
3558 5730 3613 5782 Et
3648 5731 3767 5784 hanc
