3936 6360
227 395 347 452 9S9

1377 404 1765 462 DIPLOMATA
1807 405 2362 472 ECCLESIASTICA.
2401 397 2404 404 ’

3391 436 3494 495 990

225 504 640 569 auctoritatem,
674 514 732 559 ut
754 506 961 563 ﬁrmius
989 508 1040 564 in
1069 509 1163 565 Dei
1210 513 1426 566 nomine
1455 516 1736 580 habeatur,
1769 524 1824 572 et
1849 519 1896 578 Α
1927 521 2081 576 nobis
2132 525 2373 580 concessi
2421 537 2580 598 atque
2622 537 3002 603 conservandi,
3036 538 3237 612 iugiter
3284 542 3490 600 Domini

223 609 260 645 a
318 593 566 649 ﬁdelibus
615 605 815 652 sanctae
867 598 1120 654 Ecclesiae
1179 609 1231 656 et
1268 604 1468 658 nostris
1512 606 1818 677 diligentius

224 691 611 747 conservetur,
641 700 803 740 manu
851 689 1069 758 pr0pria
1119 690 1306 745 subter
1357 691 1725 760 ﬁrmavimus,
1764 705 1819 752 et

226 774 421 828 annuli
451 777 620 830 nostri
645 777 997 847 impressione
1019 781 1220 850 signari
1245 780 1527 850 iussimus.

311 861 533 935 Signum
559 863 817 922 Ludovici
844 870 1177 925 serenissimi
1208 871 1567 942 imperatoris.

308 952 592 1011 Helisakar
628 959 942 1028 recognovit
962 967 1016 1014 et
1038 961 1362 1032 subscripsit

981 1074 1072 1128 IX.

389 1175 486 1214 PRO
513 1176 838 1218 IllLDEGRINO
873 1181 1354 1222 BALBEBSTADIENSI
1389 1182 1657 1224 EPISCOPO.

845 1251 1017 1324 (Anno
1053 1254 1201 1326 8M.)

225 1337 419 1411 [Apud
461 1339 755 1408 Leibnitz.,
790 1341 986 1484 δεόἒιέ.
1017 1344 1174 1486 ﬁer]
1206 1345 1526 1416 Brunswic.,
1573 1356 1704 1404 tom.
1736 1348 1789 1442 II.

303 1500 358 1554 in
380 1502 598 1564 nomine
625 1503 838 1557 Domini
888 1505 984 1558 Dei
1031 1513 1086 1560 et
1126 1503 1422 1563 Salvatoris
1464 1509 1634 1564 nostri
1685 1509 1813 1565 Jesu

217 1588 454 1656 Christi,
476 1591 781 1650 Ludovicus
808 1595 989 1650 divina
1020 1597 1306 1655 ordinante
1343 1601 1681 1670 providentia
1716 1603 1812 1657 im-

213 1689 448 1749 perator
471 1681 764 1752 Augustus.

299 1769 356 1825 Si
378 1833 382 1838 ἱ
407 1775 747 1828 sacerdotum
778 1789 840 1829 ac
887 1791 1167 1832 servorum
1199 1781 1294 1836 Dei
1337 1782 1657 1851 petitiones,
1691 1799 1809 1853 quae

214 1861 385 1918 nobis
409 1863 473 1918 de
503 1865 916 1922 necessitatibus
940 1868 1295 1937 innotuerint,
1313 1873 1378 1928 ad
1411 1873 1807 1945 eﬁ‘ectumper—
1834 1869 1881 1929 B

213 1951 503 2020 ducimus,
548 1971 655 2010 non
683 1957 855 2010 solum
883 1959 1220 2029 imperialem
1245 1979 1563 2021 exercemus
1585 1981 1806 2022 consue-

213 2045 484 2109 tudinem,
507 2063 697 2102 verum
719 2058 775 2103 et
808 2051 876 2104 ad
896 2051 1067 2108 beatis
1095 2057 1470 2113 retributionis
1506 2061 1806 2114 mercedem

213 2134 348 2188 talia
379 2150 410 2188 a
443 2136 598 2191 nobis
627 2138 770 2192 facta
821 2142 1092 2197 credimus
1138 2143 1441 2213 profutura.
1473 2147 1808 2218 Quapropter

210 2232 409 2278 uotum
443 2227 514 2280 sit
551 2229 795 2283 omnium
843 2231 1082 2286 fidelium
1139 2245 1450 2292 nostrorum
1501 2240 1803 2306 industriae,

211 2317 567 2384 praesentium
608 2321 816 2374 scilicet
840 2330 896 2376 et
939 2321 1266 2392 futurorum,
1291 2329 1418 2398 quia
1463 2330 1806 2401 Hildegrinus

211 2408 647 2475 Catholanensis,
693 2413 937 2468 ecclesiae
989 2416 1476 2476 Halbcrstadiensis
1523 2423 1804 2493 episcopus

210 2500 562 2567 venerabilis,
591 2517 710 2571 qua:
739 2512 822 2558 est
847 2514 1156 2562 constructa
1203 2509 1259 2562 in
1302 2510 1563 2566 honorem
1600 2512 1801 2569 Christi

210 2589 413 2658 suique
469 2594 886 2663 protomartyris
922 2593 1206 2664 Stephani,
1236 2613 1400 2667 super
1425 2600 1644 2654 fluvium
1670 2600 1801 2656 Hol-

211 2688 419 2732 temma
448 2680 500 2733 in
527 2696 662 2750 pago
694 2683 1059 2754 llartingowe,
1091 2685 1243 2754 cujus
1283 2691 1536 2758 parochia
1572 2693 1799 2762 piissimi

211 2777 394 2843 patris
433 2779 603 2832 nostri
652 2779 829 2834 Caroli
855 2782 1196 2851 imperatoris
1237 2783 1466 2855 Augusti
1519 2795 1718 2842 statuta
1745 2797 1801 2842 et

208 2866 574 2921 determinata
627 2876 708 2923 est
749 2870 832 2924 his
877 2872 1064 2942 pagis:
1105 2872 1442 2945 Darlingovve
1479 2883 1533 2930 et
1563 2876 1798 2931 Northu-

207 2957 458 3027 ringowe
505 2967 559 3012 et
607 2959 998 3027 Belineslieim,
1055 2963 1431 3033 Hartingowe,
1488 2966 1685 3022 Svavia
1736 2978 1794 3024 et

211 3045 600 3116 llassingowe,
642 3051 864 3106 veniens
912 3053 979 3106 ad
1019 3067 1152 3118 nos,
1195 3055 1389 3110 detulit
1421 3057 1575 3112 nobis
1604 3057 1797 3112 immu-

208 3136 412 3190 nitates
429 3138 598 3193 sancti
615 3140 875 3208 genitoris
896 3143 1068 3196 nostri
1095 3144 1182 3212 pie
1203 3159 1416 3214 semper
1435 3148 1794 3213 memorandi,

207 3226 272 3279 in
308 3227 502 3295 quibus
553 3230 930 3286 continebatur
982 3236 1250 3303 quomodo
1280 3237 1450 3307 ipsam
1488 3241 1669 3311 sedem
1697 3241 1796 3295 sub

205 3316 523 3386 plenissima
549 3318 858 3375 defensione
881 3331 934 3376 et
957 3323 1311 3381 immunitatis
1329 3328 1556 3383 tuitione
1579 3330 1797 3386 habuis-

203 3420 314 3468 set.
341 3411 445 3466 Pro
473 3410 745 3466 ﬁrmitatis
799 3428 1031 3482 namque
1079 3415 1258 3470 studio
1285 3418 1476 3487 petivit
1508 3434 1605 3473 nos
1650 3418 1793 3474 idem

203 3500 467 3572 praifatns
492 3502 775 3571 episcopus
809 3512 867 3557 ut
914 3505 962 3558 ei
997 3505 1172 3560 denuo
1214 3507 1411 3561 similia
1461 3524 1560 3578 pro
1586 3524 1794 3564 merce-

203 3592 295 3647 dis
343 3601 541 3647 nostrae
571 3602 861 3663 augmento
903 3597 1199 3652 concedere
1263 3605 1319 3652 et
1345 3598 1671 3655 conﬁrmare
1701 3601 1794 3655 de-

203 3684 454 3738 beamus.
470 3682 634 3751 Cujus
649 3683 892 3751 petitioni
912 3700 1010 3754 pro
1029 3686 1210 3740 divino
1231 3703 1415 3742 amore
1438 3690 1790 3756 assensimus,

203 3773 353 3827 etita
378 3773 430 3826 in
463 3771 1008 3843 omnibusquzeiuste
1031 3782 1085 3827 et
1112 3775 1680 3846 rationabiliterpetiit,
1697 3793 1793 3846 per

203 3863 349 3918 hanc
395 3873 636 3918 nostram
667 3866 1042 3920 auctoritatem
1097 3866 1403 3922 studuimus
1446 3868 1788 3926 confirmare.

199 3956 588 4025 Praecipientes
609 3973 737 4027 ergo
758 3957 1010 4026 iubemus
1037 3966 1096 4012 ut
1119 3958 1294 4013 nullus
1317 3958 1478 4027 iudex
1523 3961 1787 4029 publicus,

199 4060 383 4115 neque
408 4045 660 4114 quislibet
708 4061 772 4100 ex
803 4044 1092 4113 iudiciaria
1139 4056 1425 4116 potestate,
1454 4065 1548 4104 seu
1597 4051 1791 4120 aliquis

196 4151 272 4192 ex
301 4135 548 4190 ﬁdelibus
575 4144 773 4191 sancta:
808 4135 904 4191 Dei
936 4137 1189 4193 Ecclesia:
1243 4140 1444 4194 nostris
1471 4182 1484 4205 ,
1539 4142 1590 4195 in
1622 4141 1792 4197 eccle-

197 4227 343 4283 siam
371 4235 467 4281 aut
488 4227 602 4283 loca
635 4228 889 4300 velagros
902 4244 995 4284 seu
1026 4230 1258 4300 reliquas
1270 4233 1634 4299 possessiones
1649 4248 1784 4301 quas

199 4316 464 4372 moderno
513 4326 753 4388 tempore
779 4318 923 4386 iuste
971 4329 1026 4373 et
1073 4320 1464 4375 rationabiliter
1508 4323 1788 4392 possidere

201 4408 476 4472 videntur,
505 4409 557 4462 in
594 4408 921 4478 quibuslibet
947 4409 1097 4480 pagis
1125 4420 1178 4464 et
1209 4410 1498 4466 territoriis
1521 4413 1671 4477 sitas,
1705 4413 1790 4468 vel

1922 610 2344 668 misericordiam
2385 631 2610 676 exorare
2633 621 2876 690 delectet,
2913 610 3224 696 praedictam
3251 646 3379 686 vero
3399 647 3492 702 pa-

1918 701 2159 756 rochiam
2188 703 2330 758 illius
2362 705 2780 780 circumquaque
2806 729 2903 784 per
2947 717 3190 774 diversos
3224 701 3494 791 pagosisi-

1917 798 2050 854 tam,
2078 807 2238 847 nemo
2262 793 2497 850 ﬁdelium
2523 807 2830 854 nostrorum
2868 804 2916 857 ei
2945 807 3137 862 exinde
3162 808 3362 879 aliquid
3397 812 3496 866 ab-

1917 884 2165 938 strahere
2190 893 2284 938 aut
2308 886 2593 955 prohibere
2626 901 2944 959 praesumat;
2974 897 3104 965 quin
3132 899 3180 954 ei
3208 898 3368 955 liceat
3395 917 3493 971 per

1917 973 2056 1028 banc
2104 985 2347 1030 nostram
2397 982 2772 1036 auctoritatem
2819 985 3042 1040 verbum
3092 991 3491 1056 pradicationis

1917 1062 2144 1128 Domino
2174 1066 2467 1121 auxiliante
2506 1083 2791 1136 exercere,
2833 1081 2886 1126 et
2924 1075 3276 1132 ministerium
3333 1095 3488 1134 suum

1913 1151 2072 1220 plene
2085 1168 2363 1224 peragere.
2390 1154 2458 1208 Et
2483 1164 2544 1211 ut
2566 1160 2859 1216 auctoritas
2882 1162 3015 1229 haec,
3049 1165 3246 1221 nostris
3275 1165 3484 1223 futuris-

1916 1257 2021 1311 que
2049 1245 2382 1313 temporibus
2423 1245 2648 1302 Domino
2677 1258 3024 1321 protegente,
3075 1255 3250 1310 valeat
3309 1257 3492 1312 incon-

1915 1331 2064 1386 vulsa
2089 1348 2324 1398 manere,
2350 1350 2510 1389 manu
2537 1338 2751 1406 propria
2789 1341 3202 1414 subscripsimus
3229 1354 3282 1400 et
3306 1347 3488 1402 annuli

1916 1423 2088 1478 nostri
2109 1424 2462 1492 impressione
2485 1428 2689 1497 signari
2715 1430 2991 1501 iussimus.

1989 1514 2108 1568 Dat.
2136 1531 2187 1569 iv
2207 1515 2343 1571 Non.
2386 1515 2562 1586 Sept.,
2590 1535 2731 1576 anno
2777 1523 2982 1579 incarn.
3033 1526 3324 1585 Dominica:
3347 1529 3449 1585 8H
3469 1571 3482 1595 ,

1917 1602 2102 1657 indict.
2128 1606 2179 1671 8,
2206 1607 2387 1662 anno!
2418 1609 2630 1679 imperii
2652 1613 2842 1668 nostri.
2864 1613 3060 1670 Actum
3080 1618 3134 1671 in
3161 1619 3484 1692 Aquisgrani

1916 1688 2134 1762 palatio,
2161 1696 2215 1750 in
2243 1696 2338 1752 Dei
2374 1701 2593 1756 nomine
2626 1700 2874 1758 feliciter.
2903 1704 3095 1762 Amen.

2106 1934 2204 1974 PRO
2240 1935 2570 1978 HILDEBALDO
2606 1939 2852 1980 EPISCOPO
2887 1941 3284 1984 MATISCONENSI.

2525 2012 2696 2082 (Anno
2730 2013 2877 2087 814.)

1910 2094 2082 2173 [Apud
2187 2097 2472 2173 Bouquet.,
2488 2099 2695 2173 Regnejl
2711 2102 2799 2173 dies
2821 2104 3197 2173 hist.,tom.Vl,
3215 2120 3336 2173 pag.
3353 2106 3480 2173 462,

2038 2120 2082 2150 lu
2104 2120 2166 2151 υ.
2188 2120 2472 2168 Douquet.,
2488 2120 2694 2155 necueu
2711 2120 2799 2156 aes
2821 2120 3104 2167 mu.,tom.
3120 2120 3197 2170 Vl,
3252 2121 3280 2159 a
3323 2146 3336 2158 .

2038 2167 2095 2220 in
2116 2168 2274 2222 lustr.
2298 2170 2364 2223 ad
2386 2177 2516 2224 tom.
2540 2169 2608 2226 IV
2629 2169 2817 2225 Callia?
2835 2172 3049 2237 Chriu.,
3075 2174 3178 2228 col.

1976 2258 2030 2312 In
2072 2260 2288 2314 nomine
2324 2261 2536 2316 Domini
2567 2262 2661 2317 Dei
2688 2271 2744 2317 et
2773 2262 3068 2320 Salvatoris
3097 2262 3222 2319 Jesu
3249 2265 3479 2332 Christi,

1905 2346 2231 2403 Hludovicus
2269 2349 2448 2405 divina
2489 2351 2773 2406 ordinante
2812 2353 3146 2423 providentia
3188 2353 3481 2424 imperator

1901 2436 2193 2508 Augustus.

1973 2528 2029 2583 Si
2059 2529 2398 2585 liberalitatis
2435 2539 2635 2587 nostrai
2661 2549 2884 2589 munere
2918 2535 2983 2600 de
3019 2536 3294 2593 beneﬁciis
3322 2538 3478 2593 nobis

1903 2634 1933 2672 a
1962 2619 2072 2674 Deo
2097 2621 2332 2684 collatis,
2372 2621 2504 2676 locis
2533 2621 2642 2678 Deo
2674 2624 2867 2679 dicatis
2899 2625 3099 2695 aliquid
3127 2628 3471 2691 conferimus,

1901 2708 1955 2762 id
1980 2709 2133 2763 nobis
2157 2717 2212 2762 et
2232 2709 2299 2763 ad
2320 2709 2602 2774 mortalem
2622 2712 2786 2766 vitam
2806 2712 3034 2769 feliciter
3056 2717 3475 2787 transigendam,

1899 2804 1954 2851 et
1978 2797 2045 2851 ad
2065 2805 2318 2852 mternam
2343 2801 2729 2869 perpetualiter
2752 2803 3096 2862 obtinendam
3136 2805 3476 2876 profuturum

1897 2886 2100 2954 liquido
2120 2887 2411 2943 credimus.
2439 2888 2644 2946 Idcirco
2664 2899 2848 2946 notum
2877 2894 2947 2948 sit
2971 2897 3210 2950 omnium
3236 2897 3472 2952 ﬁdelium

1901 2983 2208 3031 nostrorum
2242 2986 2347 3032 tam
2372 2979 2719 3049 prmsentium
2753 2997 2914 3051 quam
2951 2991 3005 3037 et
3035 2983 3334 3039 futurorum
3367 2986 3472 3057 [iii-

1901 3065 2163 3138 dnstriae],
2214 3068 2341 3138 quia
2388 3067 2588 3138 placuit
2640 3069 2796 3124 nobis
2833 3085 2932 3138 pro
2971 3073 3235 3127 mercedis
3281 3082 3477 3128 nostrae

1901 3165 2210 3226 augmento,
2251 3165 2305 3211 et
2345 3158 2537 3212 anima:
2573 3166 2771 3213 nostra:
2807 3159 3184 3226 emolumento,
3223 3176 3310 3216 res
3347 3177 3472 3231 pro-

1901 3245 2148 3314 prietatis
2188 3254 2407 3310 nostrae,
2439 3261 2560 3315 quae
2595 3255 2719 3301 sunt
2761 3247 2815 3303 in
2855 3263 2991 3318 pago
3016 3248 3389 3319 Lugdunensi,
3421 3252 3472 3304 in

1899 3334 2026 3389 villa
2060 3350 2179 3404 qure
2217 3342 2437 3389 vocatur
2473 3334 2758 3401 Rosarias,
2790 3351 2925 3406 quas
2964 3338 3089 3394 olim
3125 3341 3368 3409 quaedam
3399 3339 3473 3393 fe-

1900 3425 2042 3479 mina
2067 3425 2159 3479 Dei
2184 3425 2609 3481 sanctimonialis
2627 3421 2915 3483 Anstrudis
2935 3429 3150 3484 domino
3171 3436 3224 3484 et
3246 3429 3470 3500 genitori

1894 3528 2017 3567 meo
2045 3512 2238 3567 Carolo
2272 3513 2426 3568 bonae
2467 3515 2739 3569 memoria:
2775 3517 3215 3585 prestantissimo
3243 3518 3474 3586 impera-

1893 3605 1998 3659 tori
2046 3619 2142 3673 per
2187 3605 2484 3659 chartulam
2532 3604 2798 3675 delegavit
2846 3607 3176 3673 donationis,
3229 3608 3470 3663 ecclesiae

1895 3694 1952 3749 S.
1988 3697 2252 3750 Vincentii
2292 3696 2700 3762 Matisconensis
2732 3698 2963 3765 tradere,
2993 3700 3094 3774 ubi.
3125 3700 3469 3757 Hildebaldus

1891 3787 2174 3855 episcopus
2215 3794 2427 3855 prmest.
2471 3785 2797 3855 Hasitaque
2829 3804 2938 3854 res,
2974 3805 3095 3843 cum
3127 3790 3375 3845 omnibus
3403 3793 3468 3847 ad

1892 3893 1950 3932 se
1993 3878 2386 3946 pertinentibus
2427 3877 2510 3930 vel
2556 3878 2969 3947 aspicientibus,
3019 3895 3140 3935 cum
3190 3881 3469 3952 mancipiis

1891 3965 2118 4031 duobus,
2157 3965 2240 4019 his
2269 3965 2597 4030 nominibus,
2631 3965 2970 4038 Elmengario
2994 3967 3242 4022 videlicet
3279 3979 3332 4024 et
3362 3969 3469 4023 Ad-

1893 4056 2062 4126 gerio,
2095 4071 2216 4111 cum
2242 4070 2366 4110 casa
2403 4056 2810 4119 indominicata,
2843 4057 3041 4121 curtis,
3074 4057 3219 4111 soliis
3249 4057 3460 4130 [silvis],

1890 4149 2091 4218 pratis,
2137 4147 2367 4216 perviis,
2399 4148 2661 4211 exitibus,
2708 4148 2791 4202 vel
2827 4150 3076 4204 omnibus
3116 4149 3461 4218 adiacentiis,

1889 4238 1974 4292 vel
2005 4247 2477 4308 quantumcunque
2503 4240 2690 4294 eadem
2727 4241 3149 4296 sanctimonialis
3185 4241 3380 4297 femina
3411 4245 3462 4298 in

1889 4331 2075 4384 eadem
2103 4331 2225 4384 villa
2263 4347 2359 4386 sua
2397 4331 2499 4385 fuit
2533 4331 2802 4400 possessio
2838 4330 2972 4403 [visa
3012 4331 3110 4385 fuit
3141 4334 3459 4404 possidere],

1889 4428 1944 4475 et
1970 4422 2218 4490 praesenti
2249 4430 2485 4490 tempore
2527 4423 2696 4476 nostri
2731 4421 2871 4490 iuris
2910 4431 3070 4492 atque
3103 4425 3463 4494 possessionis

198 4497 463 4568 (ιυίάσιιιίά
487 4498 738 4567 deinceps
765 4499 926 4552 θιίειη
983 4508 1205 4566 Propter
1260 4514 1496 4553 amorem
1546 4500 1784 4554 ἀίνίηυῐη
1811 4533 1864 4592 D
1892 4511 1945 4565 in
1972 4512 2157 4566 eadem
2188 4511 2310 4565 villa
2341 4511 2590 4564 Rosarias
2615 4510 2669 4564 in
2698 4525 2755 4564 re
2777 4511 3119 4580 proprietatis
3146 4519 3258 4577 est,
3293 4521 3458 4569 totum

197 4586 458 4642 collatum
473 4594 570 4648 est,
589 4594 643 4641 et
661 4585 727 4639 ad
755 4601 947 4641 causas
977 4586 1270 4641 audiendas
1296 4589 1376 4641 vel
1405 4587 1563 4643 feuda
1587 4588 1780 4660 [freda]

196 4680 483 4750 exigenda,
515 4687 609 4732 aut
637 4679 946 4732 mansiones
967 4678 1047 4732 vel
1085 4687 1304 4746 paratas
1333 4677 1640 4746 faciendas,
1692 4689 1784 4734 aut

199 4768 446 4822 homines
475 4767 640 4836 ipsius
665 4765 924 4830 ecclesiae,
966 4772 1074 4820 tam
1097 4766 1358 4837 ingenuos
1382 4784 1543 4837 quam
1570 4785 1778 4837 servos,

199 4856 399 4925 injuste
455 4854 898 4924 distringendos,
942 4863 1034 4907 aut
1072 4854 1208 4910 ullas
1255 4858 1643 4914 redhibitiones
1698 4861 1780 4914 vel

198 4943 467 4996 villieatus
491 4944 805 4997 occasiones
839 4943 1208 5013 requirendas,
1241 4946 1349 5001 ullo
1385 4936 1782 5018 unquam'tem-

197 5047 332 5102 pore
359 5028 560 5101 ingredi
595 5032 677 5086 vel
698 5041 953 5087 exactare
994 5044 1300 5102 prtesumat.
1348 5038 1571 5108 insuper
1615 5042 1777 5095 etiam

197 5122 636 5191 prmscriptorum
674 5122 879 5182 incolas
906 5139 1094 5177 omnes
1141 5139 1400 5194 pagorum
1430 5127 1665 5196 praefata:
1691 5145 1778 5184 ec-

197 5212 378 5266 clesia:
417 5226 542 5265 suas
571 5212 808 5266 decimas
839 5212 1068 5267 fideliter
1115 5215 1420 5282 persolvere
1456 5233 1552 5285 pro
1599 5220 1779 5275 divino

196 5318 384 5357 amore
424 5303 703 5369 iubemus;
747 5311 802 5358 et
828 5304 1109 5369 donamus,
1153 5314 1212 5359 ut
1238 5308 1486 5362 omnibus
1523 5311 1778 5378 tempori-

193 5393 299 5449 bus
330 5392 383 5446 in
404 5391 711 5447 alimoniam
744 5409 1040 5463 pauperum
1090 5404 1143 5449 et
1175 5397 1439 5465 stipendia
1492 5413 1774 5455 servorum

195 5482 314 5546 Dei,
340 5481 536 5535 ibidem
565 5483 672 5538 Deo
704 5483 1095 5547 famulantium,
1123 5486 1408 5552 proficiant
1442 5487 1492 5540 in
1524 5503 1777 5557 augmen-

197 5581 340 5635 tum;
371 5580 634 5640 quatenus
680 5573 810 5642 ipsis
861 5573 1030 5626 servis
1059 5573 1151 5627 Dei
1193 5575 1280 5642 qui
1314 5575 1508 5630 ibidem
1548 5578 1655 5632 Deo
1697 5579 1776 5632 fa-

195 5663 390 5716 mulari
428 5662 659 5716 videntu'
721 5679 817 5732 pro
865 5664 1018 5718 nobis
1047 5675 1099 5717 et
1130 5667 1355 5735 conjuge
1399 5668 1652 5738 proleque
1681 5686 1775 5724 no-

198 5763 331 5818 stra,
358 5760 409 5805 et
447 5769 543 5822 pro
575 5763 672 5806 sta
718 5763 860 5806 .-'ate
896 5755 1056 5808 totius
1103 5756 1306 5822 inperii
1341 5758 1508 5812 nostri
1537 5797 1551 5823 ,
1605 5774 1632 5810 a
1668 5759 1773 5814 Deo

1886 4608 1941 4654 et
1966 4601 2031 4653 ad
2061 4600 2355 4669 integrum,
2391 4598 2472 4652 vel
2507 4598 2888 4668 inexquisitum
2919 4599 3188 4667 praedictae
3219 4602 3459 4658 ecclesia:

1884 4689 2054 4744 sancti
2099 4688 2366 4743 Vincentii
2417 4688 2673 4757 martyris
2714 4695 2770 4742 et
2818 4688 3219 4757 congregationi
3261 4689 3458 4745 ibidem

1884 4777 1994 4831 Deo
2038 4775 2319 4830 famulanti
2367 4776 2418 4828 in
2465 4783 2646 4830 nostra
2693 4775 3058 4830 concessimus
3100 4775 3453 4847 eleemosyna.

1882 4866 2220 4936 Quapropter
2247 4865 2492 4922 volumus
2520 4873 2680 4933 atque
2698 4862 2949 4931 iubemus
2976 4871 3036 4918 ut
3069 4879 3164 4933 per
3192 4866 3330 4922 hanc
3358 4883 3456 4922 no-

1884 4964 2051 5010 strain
2081 4954 2458 5009 auctoritatem
2499 4953 2856 5022 przescntibus
2882 4953 3129 5007 videlicet
3169 4962 3222 5008 et
3263 4954 3456 5011 futuris

1885 5045 2214 5114 temporibus
2252 5043 2536 5113 prmdictas
2577 5057 2683 5107 res,
2729 5056 2850 5094 cum
2891 5043 3171 5111 mancipiis
3211 5044 3458 5114 superius

1886 5136 2176 5190 nominatis
2205 5142 2260 5186 et
2283 5133 2529 5188 omnibus
2556 5133 2715 5187 rebus
2739 5132 2806 5188 ad
2836 5147 2894 5188 se
2917 5133 3327 5202 pertinentibus,
3359 5150 3454 5190 ea-

1883 5227 2004 5280 dem
2044 5223 2271 5278 ecclesia
2321 5223 2372 5276 in
2412 5231 2598 5277 nostra
2647 5222 2981 5294 eleemosyna
3028 5231 3312 5279 concessas
3358 5224 3454 5280 ha-

1883 5315 2024 5375 beat,
2061 5321 2222 5381 atque
2247 5309 2370 5378 iure
2407 5321 2664 5380 perpetuo
2694 5311 2744 5364 in
2782 5311 2983 5364 ditione
3020 5311 3184 5379 ipsius
3213 5312 3453 5367 ecclesia:

1886 5400 2258 5474 [consistant];
2301 5416 2364 5455 ea
2401 5400 2706 5454 conditione
2739 5398 2984 5454 videlicet
3019 5407 3077 5453 ut
3107 5400 3363 5469 quidquid
3388 5401 3452 5455 de

1883 5490 2082 5543 eisdem
2118 5489 2280 5543 rebus
2319 5487 2388 5541 ob
2429 5486 2713 5540 utilitatem
2753 5493 2807 5541 et
2846 5487 3142 5555 profectum
3165 5527 3178 5552 ,
3218 5497 3453 5545 rectores

1885 5577 2050 5646 ipsius
2083 5577 2324 5631 ecclesiae
2357 5577 2438 5631 vel
2477 5578 2817 5647 congregatio
2851 5578 3018 5646 ipsius
3053 5577 3219 5631 sancti
3256 5576 3355 5630 loci
3383 5575 3453 5632 ab

1882 5668 2141 5722 hodierno
2170 5668 2255 5722 die
2289 5675 2344 5720 et
2380 5674 2619 5733 tempore
2655 5666 2833 5721 facere
2862 5666 3154 5726 voluerint,
3194 5665 3361 5719 libero
3396 5663 3450 5719 in

1882 5756 2128 5814 omnibus
2167 5755 2512 5826 perfruantur
2554 5755 2778 5809 arbitrio
2823 5753 3069 5809 faciendi.
3120 5755 3180 5808 Et
3231 5763 3287 5809 ut
3333 5755 3446 5810 haec
