3936 6314
495 391 593 450 99f

1648 387 1970 445 LUDOVICI
2009 388 2028 442 l
2066 386 2537 463 COGNOMENTO
2575 391 2658 445 Pll
3684 400 3777 450 ῦτέ

494 502 792 559 auctoritas
820 502 1118 573 pleniorem
1157 502 1213 557 in
1240 500 1343 556 Dei
1381 500 1599 555 nomine
1635 501 1879 556 obtineat
1918 499 2089 555 ﬁrmi-
2115 500 2287 562 A-Dei
2309 501 2564 558 Ecclesiae
2587 512 2642 559 et
2664 504 2867 559 nostris
2887 505 3200 576 diligentius
3220 517 3600 573 conservetur,
3626 527 3776 564 manu

498 602 658 649 tatem
680 634 694 659 ,
724 602 780 649 et
815 609 915 664 per
942 594 1197 650 diuturna
1237 600 1479 661 tempora
1515 590 1881 646 inviolabilem
1919 600 1974 645 et
2004 592 2085 645 in-

493 685 813 742 couvulsum
840 686 1086 741 obtineat
1119 684 1402 747 effectum,
1440 699 1603 737 manu
1640 684 1860 753 propria
1898 684 2086 737 subter

491 791 615 831 eam
654 776 1023 844 ﬁrmavimus,
1068 788 1124 833 et
1170 776 1354 832 annuli
1399 777 1571 832 nostri
1616 776 1971 846 impressione
2012 778 2085 833 si-

490 868 645 939 gnari
670 868 935 936 iussimus

562 958 789 1030 Signum
820 960 1080 1015 Ludovici
1111 960 1445 1015 serenissimi
1479 960 1835 1029 imperatoris.

563 1046 840 1103 Helisacar
868 1050 1202 1119 recognovit.

561 1139 695 1193 Data
730 1140 921 1210 quinto
946 1140 1070 1195 ldus
1103 1139 1460 1210 Septembris,
1492 1153 1635 1193 anno
1662 1139 1839 1209 primo
1870 1138 2082 1209 imperii

490 1228 685 1293 nostri,
713 1230 1005 1284 indictione
1030 1231 1082 1284 7.
1116 1230 1313 1285 Actum
1349 1229 1672 1300 Aquisgrani
1702 1229 1904 1299 palatio
1933 1232 2081 1300 regio

489 1319 545 1375 in
578 1318 675 1376 Dei
706 1321 939 1376 nomine.

1247 1412 1331 1466 XI.

488 1539 588 1581 PRO
616 1540 867 1579 WIIUNDO
897 1540 1103 1579 ΔΒΒΔἸἙ
1138 1538 1454 1578 STABULENSI
1484 1534 1556 1576 ΕΤ
1592 1537 2077 1577 ιιιωιυκολιιιεκει.

1103 1615 1277 1685 (Anno
1311 1612 1461 1683 8M.)

565 1707 744 1781 [Apud
775 1706 1031 1770 Martem,
1062 1704 1234 1774 Ampi.
1264 1702 1505 1769 Coll;ct.,
1534 1704 1721 1769 tom.l,
1744 1720 1865 1775 pag.
1888 1703 2005 1775 ει]

558 1799 617 1853 In
640 1796 873 1853 'nomine
910 1797 1004 1851 Dei
1042 1804 1098 1850 et
1133 1795 1432 1849 Salvatoris
1470 1795 1640 1849 nostri
1678 1794 1807 1850 Jesu
1851 1794 2076 1857 Christi,

2191 591 2412 659 propria
2445 593 2885 664 subscripsimus,
2913 605 2968 651 et
2994 598 3177 651 annuli
3221 600 3395 652 nostri
3429 600 3779 669 impressione

2190 682 2392 753 signari
2413 681 2695 751 jussimus.

2263 772 2486 846 Signum
2514 775 2770 831 Ludovici
2802 777 3136 833 serenissimi
3164 780 3535 849 imperatoris.

2260 862 2397 918 Data
2438 864 2661 919 Kalend.
2705 866 2923 932 Octob.,
2963 883 3105 922 anno
3148 868 3359 937 primo,
3402 869 3625 924 Christo
3659 885 3776 937 pro-

2188 954 2340 1025 pitio,
2372 954 2583 1024 imperii
2612 957 2815 1010 domini
2839 956 3097 1013 Ludovici
3123 957 3373 1028 Augusti,
3406 961 3704 1014 indictione
3724 963 3771 1015 8.

2259 1047 2455 1101 Actum
2495 1048 2743 1117 (liSpiaeo
2782 1049 2983 1117 palatio
3024 1051 3081 1104 in
3125 1050 3218 1104 Dei
3263 1052 3487 1106 nomine
3528 1050 3770 1106 feliciter.

2185 1135 2380 1192 Amen.

2920 1230 3011 1287 ΧΠ

2578 1356 2679 1396 PRO
2714 1358 3051 1398 HONASTEBIO
3087 1359 3381 1401 CRASSENSI.

2807 1434 2978 1503 (Anno
3008 1433 3132 1489 8H.

2186 1542 2364 1613 [Apud
2390 1542 2459 1621 Ι)ἱ
2481 1543 2768 1621 Bouquet.,
2799 1544 3118 1621 Recueﬂdes
3138 1550 3285 1621 hirti,
3320 1558 3357 1603 t.
3387 1551 3475 1614 Vl,
3508 1567 3633 1621 pag.
3655 1552 3775 1615 £63,

2253 1628 2319 1667 ex
2344 1613 2752 1685 probationibus
2776 1631 2921 1669 nam:
2947 1615 3197 1673 Historiae
3228 1613 3547 1685 Occitanicé,
3584 1613 3715 1675 tom.
3738 1613 3774 1683 l,

2252 1682 2374 1754 pag.
2407 1682 2521 1755 41.]

2254 1791 2312 1846 In
2352 1793 2571 1847 nomine
2606 1792 2820 1847 Domini
2861 1793 2957 1849 Dei
2997 1802 3051 1849 et
3093 1794 3392 1851 Salvatoris
3434 1800 3611 1853 nostri
3654 1797 3777 1857 ἔθευ

487 1889 795 1944 Ludovicus
846 1890 1027 1943 divma
1072 1887 1357 1942 ordinante
1401 1887 1740 1956 providentia
1787 1888 2085 1955 imperator
2109 1853 2158 1912 Β
2186 1880 2412 1946 Christi,
2444 1882 2749 1937 Ludovicus
2778 1882 2959 1937 divina
2989 1885 3277 1940 ordinante
3312 1887 3661 1956 providentia
3689 1890 3781 1945 im-

484 1979 777 2051 Augustus.

555 2071 821 2126 Omnibus
842 2072 1129 2141 episcopis,
1160 2071 1467 2134 abbatibus,
1493 2072 1742 2135 ducibus,
1771 2071 2077 2134 comitibus,

484 2159 725 2223 vicariis,
765 2162 1120 2225 eentenariis,
1162 2160 1472 2225 telonariis,
1513 2160 1856 2225 aetionariis,
1900 2158 2081 2213 missis

487 2250 689 2305 nostris
734 2249 1165 2305 discurrentibus
1208 2251 1291 2305 vel
1341 2250 1650 2304 hominibus
1691 2249 2077 2317 rempublicam

487 2339 1025 2403 administrantibus,
1065 2357 1157 2394 seu
1201 2342 1413 2395 caeteris
1457 2340 1701 2394 ﬁdelibus
1744 2349 1943 2393 sancte
1984 2339 2081 2391 Dei

488 2430 768 2495 Ecclesiae,
800 2440 855 2483 et
881 2431 1083 2483 nostris
1125 2439 1230 2483 tam
1262 2431 1617 2497 praesentibus
1656 2445 1817 2496 quam
1848 2436 1903 2481 et
1938 2428 2081 2480 futu-

485 2519 565 2575 ris
592 2527 778 2573 notum
807 2520 877 2573 sit
902 2520 1028 2588 quia
1070 2519 1155 2573 vir
1190 2517 1515 2571 venerabilis
1538 2517 1834 2571 Wirundus
1863 2517 1998 2569 abba
2025 2524 2079 2569 et

489 2610 667 2664 unmis
704 2609 1052 2679 congregatio
1085 2623 1149 2662 ex
1185 2608 1514 2660 monasterio
1554 2605 1813 2673 Stabulan
1856 2614 1909 2660 et
1951 2606 2080 2658 Mal—

491 2698 799 2763 mundario,
829 2699 972 2767 quod
998 2706 1081 2751 est
1109 2698 1272 2750 situm
1297 2698 1357 2749 in
1386 2698 1521 2751 silva
1550 2696 1920 2758 Ardennense,
1952 2713 2080 2750 eon-

490 2798 754 2846 structum
784 2790 836 2843 in
870 2790 1075 2843 honore
1109 2796 1423 2842 sanctorum
1461 2786 1825 2856 apostolorum
1852 2786 1996 2840 Petri
2026 2797 2079 2841 et

490 2880 638 2936 Pauli
677 2894 771 2934 seu
810 2888 864 2933 et
902 2878 1140 2943 Martini,
1173 2878 1263 2931 ubi
1302 2884 1357 2931 et
1385 2884 1607 2932 sanctus
1646 2875 1935 2930 Remaclus
1963 2893 2082 2931 eor-

491 2983 620 3038 pore
659 2968 985 3037 requiescit,
1020 2966 1293 3035 petierunt
1328 2965 1676 3019 serenitatem
1718 2974 1990 3031 nostram,
2022 2974 2080 3020 ut

488 3056 569 3111 eis
594 3056 1051 3110 concessissemus
1074 3054 1344 3108 teloneum
1370 3054 1434 3108 de
1461 3070 1648 3108 eorum
1680 3055 1930 3120 navibus,
1958 3070 2079 3123 quae

487 3162 587 3217 per
624 3147 873 3201 Rhenum
911 3154 966 3199 et
1004 3160 1100 3215 per
1135 3145 1339 3198 Mosam
1377 3142 1596 3197 flumina
1636 3152 1856 3214 propter
1891 3158 2077 3199 eorum

490 3239 819 3309 supplendas
864 3240 1216 3292 necessitates
1262 3239 1606 3304 discurrunt,
1656 3255 1863 3293 necnon
1912 3248 1965 3295 et
2014 3240 2079 3294 de

493 3331 668 3385 carris
708 3337 764 3384 et
801 3332 1085 3401 sagmariis
1123 3332 1426 3386 necessaria
1465 3347 1650 3387 eorum
1688 3332 2076 3389 deferentibus.

493 3419 732 3486 Quorum
758 3421 1107 3489 petitionibus
1138 3421 1294 3476 nobis
1329 3422 1397 3476 ob
1427 3438 1668 3477 amorem
1706 3424 1798 3478 Dei
1834 3435 1888 3478 et
1919 3441 2082 3480 vene-

494 3510 761 3565 rationem
799 3517 1109 3564 sanctorum
1148 3511 1510 3578 apostolorum
1553 3511 1699 3567 Petri
1737 3521 1792 3567 et
1831 3513 1979 3568 Pauli
2017 3530 2082 3569 ae

493 3601 665 3657 sancti
710 3600 926 3654 Martini
969 3602 1298 3656 confessoris
1337 3617 1593 3667 annuere,
1639 3610 1694 3657 et
1735 3605 1838 3658 hoe
1878 3620 2082 3672 praece-

492 3697 645 3757 ptum
694 3689 1093 3758 magniﬁcentia
1146 3699 1332 3744 nostra
1390 3690 1662 3746 ﬁrmitatis
1711 3691 1884 3762 gratia
1934 3692 2079 3747 circa

496 3779 643 3849 ipsos
674 3778 790 3833 ﬁeri
827 3779 1006 3837 libuit.
1050 3795 1148 3850 per
1177 3782 1319 3849 quod
1353 3781 1606 3847 jubemus
1642 3792 1803 3852 atque
1834 3785 2081 3852 prmcipi-

496 3884 619 3922 mus
659 3878 717 3922 ut
759 3884 918 3923 nemo
959 3870 1196 3924 fidelium
1242 3880 1552 3924 nostrorum
1595 3887 1694 3925 nec
1732 3874 1955 3941 quilibet
1988 3889 2084 3927 ex—

498 3968 650 4013 actor
686 3958 989 4027 judiciaria:
1032 3962 1318 4031 potestatis
1360 3963 1424 4016 de
1462 3963 1634 4017 carris
1672 3963 1755 4018 vel
1799 3967 2083 4034 sagmariis

488 4050 667 4119 .ipsius
696 4050 1159 4121 congregationis,
1192 4051 1259 4105 de
1287 4051 1529 4120 quolibet
1560 4054 1886 4107 commercio
1917 4055 2084 4108 unde-

502 4154 713 4207 cunque
741 4140 995 4194 videlicet
1028 4139 1192 4194 ﬁscus
1232 4142 1504 4196 teloneum
1540 4143 1757 4213 exigere
1786 4151 1997 4211 potest,
2025 4151 2084 4198 ut

498 4227 646 4281 nullo
674 4226 792 4281 loco
827 4227 1097 4281 telcncum
1135 4230 1379 4297 accipere
1407 4231 1492 4284 vel
1520 4232 1736 4302 exigere
1769 4243 2079 4301 praesumat.

499 4318 675 4373 Naves
702 4335 831 4374 vero
853 4335 973 4388 qua:
999 4320 1141 4374 dicta
1166 4319 1385 4395 ﬁumina
1412 4324 1481 4377 ob
1501 4323 1787 4379 utilitatem
1818 4335 1872 4379 et
1898 4342 2084 4381 neces-

499 4410 716 4463 sitatem
757 4409 927 4476 ipsius
957 4410 1392 4479 congregationis
1427 4410 1772 4478 discurrunt,
1817 4415 1883 4467 ad
1925 4430 2083 4483 quas-

2182 1978 2401 2039 perator
2429 1970 2723 2040 Augustus.

2256 2059 2313 2114 Si
2360 2059 2702 2123 liberalitatis
2749 2069 2948 2118 nostra:
2992 2078 3216 2118 munere
3260 2065 3395 2120 locis
3437 2068 3552 2121 Deo
3594 2069 3779 2123 dicatis

2183 2151 2451 2219 quoddam
2483 2151 2815 2206 conferimus
2843 2153 3186 2219 beneﬁcium,
3219 2164 3275 2209 et
3312 2160 3674 2213 necessitates
3702 2176 3777 2213 ec-

2182 2240 2518 2294 elesiastieas
2546 2242 2613 2293 ad
2644 2241 2935 2309 petitiones
2965 2258 3247 2299 servorum
3284 2247 3379 2301 Dei
3418 2258 3615 2301 nostro
3651 2250 3777 2304 rele-

2181 2344 2369 2382 vamus
2391 2328 2691 2396 juvamine,
2723 2340 2885 2400 atque
2912 2333 3176 2401 imperiali
3205 2341 3419 2389 tuemur
3453 2338 3772 2423 munimine.

2182 2420 2238 2473 id
2276 2419 2433 2473 nobis
2464 2419 2531 2472 ad
2556 2419 2842 2474 mortalem
2874 2422 3039 2475 vitam
3072 2424 3443 2491 temporaliter
3477 2419 3776 2497 transigen-

2180 2510 2322 2574 dam,
2347 2518 2401 2563 et
2429 2510 2494 2563 ad
2516 2518 2773 2565 :eternam
2800 2510 3034 2566 feliciter
3056 2515 3407 2568 obtinendam
3433 2516 3772 2585 profuturum

2180 2600 2381 2669 liquido
2402 2602 2691 2656 credimus.
2722 2603 2885 2672 Igitur
2910 2605 3120 2658 noverit
3149 2606 3419 2675 sagacitas
3446 2622 3543 2661 seu
3573 2611 3771 2662 utilitas

2177 2690 2417 2743 omnium
2456 2690 2692 2744 fidelium
2722 2700 2924 2747 sanetae
2952 2693 3047 2747 Dei
3080 2694 3357 2759 Eeelesim,
3391 2705 3503 2749 tam
3543 2714 3772 2766 pensen-

2181 2780 2316 2833 tium
2352 2795 2515 2849 quam
2556 2779 2900 2846 futurorum,
2940 2784 3065 2852 quia
3106 2786 3189 2838 Vir
3226 2788 3562 2842 venerabilis
3604 2790 3771 2843 Attale

2180 2874 2348 2927 abbas
2384 2889 2452 2928 ex
2488 2876 2818 2929 monasterio
2854 2875 2911 2929 S.
2947 2876 3148 2941 Maria},
3186 2879 3330 2946 quod
3369 2888 3456 2932 est
3494 2883 3664 2933 situm
3700 2898 3774 2934 su-

2178 2976 2277 3030 per
2298 2961 2517 3016 fluvium
2540 2961 2829 3017 Orbionem
2852 2963 2904 3016 in
2932 2963 3166 3018 confinio
3189 2964 3547 3021 Narbonensc
3575 2979 3633 3021 et
3654 2970 3770 3023 Car-

2178 3065 2466 3115 cassense,
2497 3052 2995 3105 obtulitobtutihus
3030 3054 3236 3107 neStris
3278 3057 3646 3110 auctoritates
3683 3059 3773 3111 in:-

2184 3140 2471 3195 munitatis
2494 3142 2699 3197 domini
2726 3151 2781 3196 et
2810 3143 3073 3213 genitoris
3106 3144 3278 3198 nostri
3311 3145 3471 3199 bona:
3499 3150 3771 3202 memori-re

2184 3229 2363 3285 Caroli
2410 3232 2642 3301 piissimi
2691 3233 2949 3303 Augusti,
2999 3234 3053 3287 in
3101 3235 3299 3303 quibus
3342 3245 3465 3290 erat
3512 3239 3769 3293 insertum

2183 3321 2417 3391 qualiter
2446 3321 2588 3375 idem
2624 3323 2836 3392 genitor
2874 3331 3060 3377 noster
3095 3324 3344 3380 eumdem
3384 3330 3769 3383 monasterium

2182 3427 2307 3466 cum
2336 3412 2543 3467 cellulis
2572 3414 2674 3467 sibi
2704 3414 2983 3482 subjectis,
3020 3430 3127 3468 una
3155 3430 3275 3483 qua:
3300 3427 3536 3472 vocatur
3557 3420 3766 3483 Flexns,

2183 3519 2303 3572 quae
2325 3512 2409 3559 est
2435 3512 2746 3559 constructa
2775 3504 2829 3558 in
2862 3506 3068 3559 honore
3097 3508 3271 3560 sancti
3302 3507 3555 3562 Cucufati
3587 3511 3644 3564 in
3674 3521 3769 3564 ter-

2185 3595 2375 3649 ritorio
2396 3593 2782 3659 Carcassense,
2805 3610 2966 3664 super
2992 3596 3210 3649 fluvium
3240 3598 3331 3666 qui
3360 3606 3594 3652 vocatur
3615 3600 3763 3659 Aiax,

2183 3700 2303 3739 eum
2325 3685 2578 3740 omnibus
2600 3686 2926 3755 appenditiis
2949 3686 3031 3740 vel
3057 3686 3376 3754 adjacentiis
3402 3689 3549 3754 suis;
3579 3691 3675 3742 alt-2
3693 3707 3764 3748 ra,

2182 3754 2302 3842 quae
2330 3774 2528 3827 dicitur
2554 3754 2726 3841 Caput
2762 3773 2952 3843 Spina,
2991 3788 3111 3843 quae
3144 3783 3227 3830 est
3262 3775 3443 3830 dicata
3476 3778 3531 3832 in
3573 3779 3769 3832 honore

2185 3864 2242 3917 S.
2271 3863 2418 3917 Petri
2450 3864 2710 3933 principis
2746 3865 3131 3934 apostolorum,
3162 3867 3214 3920 in
3249 3868 3533 3922 territorio
3572 3869 3768 3923 Narbo-

2186 3960 2348 4014 nensi
2370 3997 2385 4023 ,
2420 3972 2582 4025 super
2622 3956 2853 4011 rivulum
2895 3959 2984 4027 qui
3018 3967 3244 4013 vocatur
3279 3958 3619 4023 Clamesitis,
3652 3978 3767 4016 cum

2183 4045 2433 4099 omnibus
2459 4046 2792 4115 appendieiis
2815 4049 2899 4102 vel
2925 4049 3242 4119 adjacentiis
3267 4052 3415 4115 suis;
3448 4054 3633 4116 tertia,
3656 4067 3768 4122 qua

2183 4142 2525 4203 nuncupatur
2551 4135 2756 4199 Palma,
2795 4152 2915 4205 qum
2940 4147 3023 4192 est
3052 4140 3154 4191 sita
3188 4140 3243 4191 in
3274 4140 3557 4196 territorio
3587 4142 3765 4195 eodem

2183 4222 2533 4279 Narbonense
2567 4240 2732 4294 super
2765 4226 2916 4281 littus
2947 4228 3133 4293 maris,
3161 4243 3283 4281 cum
3317 4230 3578 4283 omnibus
3615 4231 3679 4284 ad
3714 4246 3769 4283 se

2182 4315 2601 4382 pertinentibus,
2629 4331 2736 4369 una
2759 4332 2882 4370 cum
2903 4318 3411 4387 congregationibus
3437 4319 3639 4372 ibitlmn
3668 4319 3766 4371 Deo

2184 4402 2589 4467 famulantibus,
2628 4407 2698 4460 ob
2727 4421 2967 4461 amorem
2996 4408 3089 4461 Dei
3130 4409 3693 4479 tranQuillitatemque
3717 4412 3764 4462 in

500 4514 712 4567 cunque
740 4499 987 4554 civitates
1018 4508 1113 4552 aut
1148 4508 1355 4570 portus,
1389 4501 1473 4555 vel
1514 4510 1711 4557 caetera
1749 4504 1866 4559 loca
1898 4520 2083 4559 acees-
2107 4538 2160 4596 D
2186 4494 2390 4548 eisdem
2420 4494 2553 4549 locis
2587 4496 3028 4561 consistentibus,
3073 4515 3289 4568 semper
3317 4503 3421 4556 sub
3457 4503 3765 4570 plenissima

498 4604 616 4643 sum
653 4588 961 4653 habuerint,
992 4589 1167 4642 nullus
1202 4605 1266 4643 ex
1301 4590 1382 4645 eis
1411 4600 1503 4645 aut
1535 4592 1842 4648 hominibus
1868 4593 1958 4661 qui
1989 4608 2082 4647 eas

497 4676 836 4747 praevidet-it,
881 4678 1083 4731 nullum
1134 4665 1431 4744 teloneum,
1484 4690 1577 4734 aut
1621 4682 1938 4751 ripaticum,
1988 4691 2081 4738 aut

496 4767 856 4837 postatieum,
899 4776 987 4821 aut
1031 4770 1393 4838 pontaticum,
1439 4779 1532 4823 aut
1571 4771 1941 4836 salutaticum,
1988 4783 2080 4828 aut

497 4856 822 4919 cenatieum,
854 4866 946 4911 aut
969 4858 1297 4925 pastionem,
1333 4867 1425 4912 aut
1453 4862 1809 4916 trauvatieum
1831 4904 1845 4927 ,
1878 4872 1971 4917 aut
2002 4865 2081 4917 ul-

499 4944 608 4998 lum
645 4959 928 4999 occursum
963 4948 1044 5001 vel
1079 4947 1245 5000 ullum
1281 4964 1535 5013 censum,
1576 4959 1671 5005 aut
1709 4952 1869 5006 ullam
1901 4956 2079 5010 ιεθὰιιί-

498 5034 759 5097 bitionem
782 5036 1027 5103 accipere
1056 5036 1138 5091 vel
1166 5038 1381 5108 exigere
1411 5040 1624 5103 audeat,
1652 5041 1746 5095 'sed
1777 5042 1981 5097 licitum
2013 5046 2085 5099 sit

500 5122 581 5178 eis
623 5124 824 5193 absque
854 5124 1080 5195 alicujus
1122 5126 1306 5181 illicita
1347 5130 1731 5186 contrarietate
1770 5134 1853 5187 vel
1898 5134 2081 5189 deten-

502 5211 649 5265 tione
674 5227 769 5281 per
796 5213 935 5266 hanc
962 5222 1203 5267 nostram
1233 5218 1608 5272 auctoritatem
1642 5236 1805 5275 naves
1835 5234 1889 5276 et
1916 5224 2086 5278 homi-

504 5315 621 5366 nes,
649 5302 740 5370 qui
765 5318 859 5357 eas
883 5305 1166 5373 providere
1192 5306 1404 5371 debent,
1432 5323 1556 5362 eum
1580 5310 1665 5364 bis
1690 5326 1807 5379 qua:
1834 5312 2082 5369 deferunt

502 5408 598 5462 per
633 5395 945 5449 universum
987 5396 1271 5466 imperium
1310 5408 1552 5453 nostrum
1590 5401 1758 5456 libere
1794 5412 1955 5474 atque
1996 5422 2081 5461 se-

503 5497 633 5538 cure
659 5483 737 5537 ire
758 5492 812 5537 et
833 5486 1026 5547 redire,
1051 5496 1107 5540 et
1132 5487 1177 5542 si
1198 5487 1409 5557 aliquas
1430 5504 1610 5544 moras
1638 5492 1687 5544 in
1709 5493 1946 5561 qualibet
1966 5495 2080 5550 loca

506 5574 754 5641 fecerint,
783 5586 874 5631 aut
899 5579 1100 5647 aliquid
1128 5582 1351 5635 mercati
1374 5581 1575 5636 fuerint
1600 5592 1691 5637 aut
1721 5586 2075 5649 vendiderint,

506 5666 637 5721 nihil
665 5669 733 5722 ab
767 5671 848 5728 eis
875 5686 1115 5740 prorsus,
1158 5682 1215 5726 nt
1246 5674 1448 5728 dictum
1488 5682 1590 5738 est,
1624 5677 1887 5745 exigatur.
1923 5679 1987 5731 Et
2022 5690 2079 5733 ut

508 5756 620 5811 inec
646 5762 938 5816 auctoritas
961 5764 1163 5817 lirmior
1186 5764 1449 5818 habeatur
1476 5774 1525 5819 et
1549 5783 1576 5818 a
1609 5766 1854 5821 fidelibus
1879 5779 2077 5823 sancta:

2189 4584 2412 4639 tuitione
2446 4593 2501 4639 et
2539 4586 2896 4642 immanitatis
2934 4587 3245 4642 defensione
3283 4592 3591 4647 consistere
3622 4593 3767 4646 fecis'

2186 4683 2288 4729 set.
2320 4674 2425 4729 Sed
2456 4690 2555 4744 pro
2581 4677 2659 4730 rei
2686 4675 2943 4731 ﬁrmitate
2967 4678 3258 4747 postulavit
3296 4681 3454 4735 nobis
3485 4682 3766 4750 μετεώρως

2187 4766 2354 4821 abbas
2387 4775 2442 4820 et
2474 4768 2650 4821 omnis
2678 4768 2795 4837 ejus
2831 4769 3200 4839 congregatio,
3239 4779 3300 4824 ut
3334 4777 3637 4841 paternum
3666 4790 3767 4825 mo-

2187 4869 2301 4908 rem
2338 4865 2645 4923 sequentes,
2675 4857 2981 4926 huiusmodi
3011 4867 3209 4915 nostrm
3246 4860 3613 4918 immunitatis
3638 4878 3765 4933 prmo

2185 4958 2418 5015 ceptum,
2445 4943 2514 5002 ob
2544 4965 2783 5005 amorem
2804 4951 2897 5005 Dei
2919 4960 2974 5005 et
2998 4954 3358 5006 reverentiam
3383 4955 3551 5007 divini
3574 4957 3760 5017 cultus,

2187 5049 2312 5104 erga
2359 5036 2533 5105 ipsum
2575 5040 2960 5093 monasterium
2995 5048 3049 5093 et
3089 5040 3311 5095 cellulas
3350 5042 3453 5096 sibi
3500 5043 3765 5112 subjectas

2188 5128 2305 5184 ﬁeri
2333 5145 2698 5187 censeremus.
2738 5132 2901 5202 Cujus
2931 5133 3176 5202 petitioni
3218 5135 3450 5190 libenter
3485 5152 3761 5192 assensum

2187 5222 2535 5288 praebuimus,
2569 5231 2624 5278 et
2664 5224 2767 5278 hoe
2803 5233 3001 5278 nostra:
3040 5227 3383 5281 auctoritatis
3415 5239 3757 5297 praeceptum.

2188 5312 2545 5367 immanitatis
2590 5322 2752 5383 atque
2796 5315 3043 5371 tuitionis
3084 5318 3299 5386 gratia,
3347 5332 3446 5385 pro
3494 5319 3759 5373 firmitatis

2186 5400 2365 5455 studio
2407 5410 2461 5455 et
2504 5403 2696 5457 anima:
2732 5412 2932 5459 nostra:
2968 5406 3333 5463 emolumento
3370 5409 3486 5464 ﬁeri
3526 5412 3757 5465 decreri-

2188 5507 2334 5557 mus;
2369 5508 2467 5561 per
2494 5495 2637 5563 quod
2664 5497 3007 5565 praecipimus
3036 5506 3199 5566 atque
3217 5496 3472 5565 jubemus
3503 5510 3561 5553 ut
3588 5500 3755 5554 nullus

2178 5582 2341 5650 judex
2377 5584 2644 5653 publicus,
2681 5600 2856 5654 neque
2900 5586 3153 5655 quislibet
3192 5602 3257 5641 ex
3290 5588 3578 5657 judiciaria
3611 5600 3749 5659 pote-

2185 5684 2346 5741 state,
2385 5684 2477 5729 aut
2508 5677 2683 5731 nullus
2710 5693 2773 5731 ex
2807 5676 3051 5732 ﬁdelibus
3078 5681 3295 5741 nostris,
3331 5689 3438 5733 tam
3481 5681 3747 5750 pratseuii-

2185 5769 2284 5822 bus
2320 5781 2477 5835 quam
2510 5766 2737 5833 futuris,
2774 5768 2829 5821 in
2864 5767 3102 5836 cellulas,
3141 5778 3236 5824 aut
3272 5772 3325 5825 in
3365 5772 3639 5832 ccclrsias,
3674 5766 3741 5823 sel
