3936 6374
219 401 335 456 995

1358 400 1757 457 DlPLOMATA
1795 399 2346 458 ECCLESIASTlCA.

3390 410 3493 464 9:71

218 508 369 576 loca,
416 514 531 567 sive
581 527 757 584 agros,
808 529 902 569 seu
951 517 1190 587 reliquas
1232 518 1620 584 possessiones,
1674 530 1810 585 quas
1841 516 1887 574 Α
1918 514 2081 568 tionis
2121 514 2321 569 ibidem
2373 514 2685 572 famulantis
2735 518 2862 584 Deo,
2926 518 3007 573 vel
3046 536 3209 575 naves
3250 537 3367 589 quae
3407 539 3505 592 per

218 604 489 658 moderno
521 614 761 674 tempore
791 606 844 659 in
886 607 1215 676 quibuslibet
1243 608 1394 679 pagis
1430 619 1484 663 et
1522 608 1812 662 territoriis

219 692 368 747 intra
394 693 651 748 ditionem
677 695 890 764 imperii
913 698 1084 751 nostri
1105 699 1410 767 possident;
1432 698 1690 767 quidquid
1714 698 1814 752 ibi-

216 789 346 842 dem
376 800 598 860 propter
643 792 883 846 divinum
925 808 1165 846 amorem
1207 791 1458 845 collatum
1500 790 1629 856 fuit,
1668 804 1815 860 quae-

216 898 331 951 que
355 883 518 937 etiam
544 884 795 954 deinceps
822 886 874 938 in
906 883 1027 951 jure
1061 882 1229 952 ipsius
1260 882 1433 936 sancti
1460 880 1563 936 loci
1595 889 1689 934 aut
1716 894 1814 949 per

214 988 325 1026 nos
362 982 455 1026 aut
492 988 587 1044 per
622 974 759 1030 alios
797 975 1029 1029 voluerit
1061 975 1239 1029 divina
1282 975 1456 1042 pietas
1486 972 1704 1044 augeri;
1745 971 1813 1025 ad

214 1078 417 1117 causas
456 1064 772 1130 audiendas,
806 1065 891 1119 vel
932 1064 1080 1119 freda
1111 1065 1397 1134 exigenda,
1441 1074 1536 1118 aut
1574 1063 1813 1118 nausio-

215 1168 322 1204 nes
344 1153 427 1206 vel
465 1164 685 1222 paratas
715 1153 1010 1219 faciendas,
1033 1163 1127 1209 aut
1154 1153 1499 1223 ﬁdeiussores
1525 1153 1808 1217 tollendos,

215 1250 317 1294 aut
345 1242 591 1298 homines
622 1244 790 1313 ipsius
818 1245 1081 1309 ecclesia),
1109 1255 1221 1300 tam
1250 1248 1512 1315 ingenuos
1543 1259 1813 1315 quamque

215 1340 270 1386 et
308 1349 514 1400 servos,
549 1351 712 1405 super
752 1344 955 1391 terram
994 1337 1238 1406 ejusdem
1265 1326 1703 1401 commanentes,
1728 1336 1811 1390 di-

214 1423 587 1492 stringendos,
618 1440 718 1479 nec
744 1424 880 1480 ullas
911 1426 1297 1479 redhibitiones
1334 1434 1427 1479 aut
1465 1426 1681 1479 illicitas
1714 1438 1809 1478 oc-

214 1516 470 1568 casiones
496 1517 869 1584 requirendas,
898 1519 1098 1573 n0stris
1124 1533 1224 1573 nec
1254 1517 1453 1573 futuris
1479 1518 1812 1588 temporibus

218 1603 432 1673 ingredi
470 1606 700 1671 audeat,
739 1608 823 1661 vel
854 1623 942 1673 ea,
980 1623 1100 1677 qua:
1131 1624 1291 1679 supra
1330 1616 1629 1662 memorata
1660 1616 1807 1673 sunt,

215 1695 441 1762 penitus
465 1696 683 1765 exigere
712 1708 1023 1767 praesumat.
1058 1696 1163 1753 Sed
1192 1699 1349 1752 liccat
1377 1698 1600 1768 praefato
1626 1698 1807 1753 abbati

213 1786 442 1855 suisque
481 1788 884 1843 successoribus
925 1806 1011 1843 res
1045 1788 1283 1855 ejusdem
1321 1789 1638 1843 monasterii
1680 1803 1803 1843 eum

1917 621 2065 659 mare
2093 607 2178 660 vel
2205 606 2425 661 ﬁumina
2452 608 2763 663 discurrunt
2786 610 3021 675 illorum,
3054 611 3136 664 vel
3164 611 3227 665 de
3252 612 3503 667 omnibus

1916 698 2269 767 undecunque
2311 698 2474 754 ﬁscus
2516 700 2779 755 telonequ
2822 704 3038 771 exigere
3090 711 3330 773 poterat,
3372 719 3503 759 con-

1914 786 2249 853 cederemus,
2289 799 2345 842 et
2380 798 2624 844 nostram
2664 793 3037 846 auctoritatem
3077 794 3251 847 eidem
3293 792 3503 848 facere—

1914 889 2036 928 mus
2069 876 2152 929 vel
2192 876 2641 933 conﬁrmaremus
2666 882 3014 934 monasterio.
3051 882 3215 951 Cujus
3247 885 3501 953 precibus

1916 965 2072 1018 nobis
2108 966 2176 1019 ob
2207 982 2449 1022 amorem
2484 969 2579 1023 Dei
2614 980 2669 1023 et
2698 973 3102 1026 venerationem
3141 975 3285 1029 illius
3324 976 3497 1031 sancti

1914 1058 2016 1111 loci
2044 1074 2298 1123 annuere,
2321 1067 2374 1113 et
2397 1062 2499 1115 hoc
2524 1071 2850 1132 perceptum
2876 1064 3255 1121 muniﬁcentia
3276 1077 3495 1133 nostrae,

1916 1147 2189 1203 ﬁrmitatis
2226 1150 2428 1219 gratia,
2475 1152 2619 1205 circa
2661 1152 2830 1221 ipsam
2869 1157 3341 1225 congregationem
3381 1158 3501 1215 ﬁeri

1915 1237 2101 1301 libuit;
2131 1254 2229 1308 per
2256 1242 2400 1308 quod
2420 1239 2674 1308 jubemus
2701 1252 2862 1313 atque
2888 1247 3231 1314 praecipimus
3256 1256 3317 1300 ut
3342 1263 3501 1304 nemo

1915 1327 2151 1382 ﬁdelium
2182 1339 2513 1397 nostrorum,
2555 1348 2655 1388 nec
2690 1334 2915 1402 quilibet
2949 1347 3169 1391 exactor
3196 1335 3501 1404 judiciariae

1912 1421 2197 1488 potestatis
2226 1423 2291 1476 de
2322 1424 2493 1478 carris
2518 1433 2572 1478 et
2600 1428 2887 1496 sagmariis
2927 1436 3020 1482 aut
3048 1430 3112 1483 de
3141 1430 3386 1495 navibus,
3413 1430 3503 1486 vel

1913 1512 1979 1565 de
2004 1513 2243 1580 quolibet
2283 1517 2628 1580 commercio,
2657 1518 3013 1587 undecunque
3042 1518 3201 1573 ﬁscus
3230 1520 3500 1575 teloncum

1912 1603 2126 1672 exigere
2146 1613 2345 1672 potest,
2369 1605 2534 1659 ullum
2558 1607 2829 1662 teloneum
2858 1610 3103 1677 accipere
3126 1619 3217 1663 aut
3244 1619 3502 1665 exactare

1910 1701 2223 1761 praesumat.
2272 1694 2340 1748 Et
2390 1696 2696 1765 ubicunque
2744 1713 2911 1751 naves
2958 1714 3144 1752 eorum
3190 1709 3282 1752 aut
3316 1700 3497 1769 aliqua

1910 1782 2237 1838 commercia
2266 1785 2333 1838 ad
2363 1801 2714 1856 quascunque
2741 1786 2916 1850 villas,
2952 1796 3044 1841 aut
3079 1788 3193 1841 loca
3222 1804 3499 1844 accessum

212 1876 429 1931 cellulis
467 1879 567 1932 sibi
607 1879 885 1946 subjectis,
915 1888 970 1933 et
1008 1880 1166 1934 rebus
1201 1879 1284 1933 vel
1317 1880 1627 1934 hominibus
1661 1879 1808 1949 aspi-
1839 1861 1885 1918 Β
1914 1872 2222 1938 habuerint,
2257 1873 2435 1928 nullus
2462 1876 2643 1945 exigat
2672 1876 2737 1930 de
2775 1876 3085 1931 hominibus
3114 1893 3300 1932 eorum
3332 1879 3499 1934 ullum

211 1969 491 2023 cientibus
522 1968 605 2023 vel
636 1970 1055 2039 pertinentibus,
1085 1971 1185 2024 sub
1209 1970 1452 2024 tuitionis
1481 1977 1536 2024 et
1558 1969 1809 2024 immuni-

212 2059 349 2113 tatis
374 2070 574 2114 nostra:
601 2058 935 2125 defensione,
968 2068 1173 2116 remota
1206 2061 1370 2114 totius
1389 2058 1690 2127 judiciaria:
1715 2075 1810 2130 po-

214 2149 436 2202 testatis
486 2149 879 2217 inquietudine,
928 2151 1112 2218 quieto
1160 2150 1351 2204 ordine
1398 2150 1695 2218 possidere.
1744 2149 1812 2203 Et

211 2238 481 2307 quidquid
520 2238 585 2292 de
612 2237 853 2307 praefatis
884 2239 1046 2293 rebus
1078 2240 1391 2293 monasterii
1425 2240 1513 2308 jus
1552 2238 1667 2292 ﬁsci
1698 2238 1813 2292 exi-

212 2342 353 2397 gere
376 2337 614 2397 poterat,
658 2330 711 2383 in
750 2337 934 2383 nostra
961 2328 1299 2399 eleemosyna
1338 2330 1392 2382 in
1430 2330 1699 2399 integrum
1729 2328 1811 2381 ei~

214 2419 343 2473 dem
387 2420 755 2476 concessimus
793 2421 1403 2485 monasterioyscilicet
1447 2430 1507 2474 ut
1548 2429 1811 2489 perpetuo

215 2517 460 2579 tempore
505 2512 570 2565 ad
614 2515 982 2583 peragendum
1011 2512 1107 2567 Dei
1147 2514 1429 2567 servitium
1461 2520 1809 2582 augmentum

214 2612 273 2655 ct
301 2603 731 2671 supplementum
768 2605 879 2659 ﬁat.
912 2606 979 2660 Et
1014 2607 1233 2676 quando
1259 2608 1475 2675 quidem
1511 2608 1690 2662 divina
1716 2622 1811 2662 vo-

212 2696 436 2749 catione
478 2697 821 2766 supradictus
861 2699 1030 2755 abbas
1072 2700 1156 2755 vel
1202 2714 1549 2754 successores
1590 2698 1705 2768 ejus
1746 2700 1812 2754 de

216 2784 325 2837 bac
353 2784 468 2840 luce
496 2786 879 2857 tuigraverint,
911 2790 1150 2858 quandiu
1181 2790 1433 2843 monachi
1471 2789 1613 2843 inter
1640 2804 1697 2843 se
1732 2798 1813 2844 ta-

216 2872 303 2925 lcs
348 2873 588 2928 invenire
630 2877 925 2943 potuerint,
974 2877 1066 2945 qui
1116 2877 1287 2945 ipsam
1335 2877 1811 2945 congregationem

216 2964 519 3018 secundum
554 2966 794 3036 regulam
831 2968 1004 3022 sancti
1035 2967 1309 3022 Benedicti
1352 2981 1541 3035 regere
1575 2968 1806 3031 valeant,

213 3072 320 3125 per
352 3058 490 3112 hanc
520 3068 760 3112 nostram
797 3061 1175 3114 auctoritatem
1205 3068 1261 3115 et
1286 3075 1610 3115 consensum
1641 3061 1812 3115 licen-

218 3146 356 3199 tiam
395 3147 629 3201 habeant
659 3148 892 3218 eligendi
935 3149 1187 3214 abbates;
1239 3159 1505 3219 quatenus
1534 3150 1634 3218 ipsi
1666 3149 1810 3204 servi

1913 1963 2200 2017 obcursnm
2219 2006 2232 2028 ,
2267 1973 2360 2018 aut
2380 1964 2549 2018 ullum
2585 1980 2805 2019 censum
2825 2007 2839 2031 ,
2868 1975 2961 2019 aut
2986 1968 3152 2021 ullam
3182 1969 3501 2024 redhibitio-

1914 2069 2035 2108 nem
2056 2055 2303 2125 accipere
2330 2056 2414 2109 vel
2439 2064 2691 2110 exactare
2720 2067 3028 2126 praesumat.
3062 2059 3167 2114 Sed
3198 2060 3402 2114 licitum
3432 2062 3502 2115 sit

1913 2146 1993 2199 eis
2035 2146 2238 2215 absque
2278 2147 2505 2216 alicujus
2544 2149 2730 2203 illicita
2771 2152 3154 2205 contrarietate
3191 2152 3276 2206 vel
3314 2153 3501 2208 deten-

1916 2235 2083 2301 tione,
2115 2252 2211 2305 per
2238 2239 2377 2292 hanc
2404 2248 2647 2293 nostram
2690 2242 3099 2303 auctoritatem,
3137 2242 3382 2297 homines
3407 2243 3501 2312 qui

1913 2339 2098 2381 eorum
2127 2343 2289 2381 causa
2320 2330 2617 2397 przcvidere
2646 2331 2875 2395 debent,
2913 2348 3035 2386 cum
3076 2332 3160 2386 bis
3198 2348 3317 2401 quae
3350 2332 3502 2388 defe-

1914 2426 2060 2481 runt,
2089 2432 2186 2485 per
2216 2419 2524 2473 universum
2554 2420 2837 2489 imperium
2867 2430 3109 2475 nostrum
3142 2422 3309 2477 libere
3339 2433 3503 2494 atque

1913 2522 2104 2561 secure
2140 2507 2218 2561 ire
2246 2517 2300 2561 et
2332 2508 2526 2562 redire.
2558 2510 2623 2562 Et
2654 2511 2696 2563 si
2728 2511 2942 2579 aliquas
2977 2527 3153 2565 moras
3185 2514 3237 2565 in
3263 2514 3504 2582 quolibet

1913 2597 2033 2653 loco
2063 2597 2313 2662 fecerint,
2344 2610 2435 2651 aut
2463 2599 2665 2668 aliquid
2697 2602 2921 2655 mercati
2954 2600 3176 2667 fuerint,
3203 2612 3297 2656 aut
3320 2604 3507 2659 vendi-

1912 2686 2122 2753 derint,
2150 2688 2287 2743 nihil
2322 2689 2389 2743 ab
2415 2691 2493 2744 eis
2528 2705 2772 2758 prorsus,
2807 2701 2865 2744 ut
2891 2692 3095 2745 dictum
3123 2700 3232 2756 est,
3258 2693 3506 2763 exigatur

1913 2788 2008 2833 aut
2032 2789 2332 2835 exactetur.
2359 2780 2484 2835 llaec
2507 2796 2637 2835 vero
2664 2782 2959 2837 auctoritas
2990 2792 3172 2836 nostra
3198 2791 3257 2837 ut
3282 2784 3506 2854 diligen-

1914 2867 2023 2921 tius
2048 2867 2303 2921 credatur
2338 2869 2418 2922 vel
2444 2878 2820 2933 conservetur,
2851 2886 2971 2924 eam
2999 2871 3065 2925 dc
3090 2871 3288 2926 annulo
3314 2881 3506 2927 nostro

1912 2956 2137 3025 sigillari
2154 2955 2434 3024 jussimus.

1984 3049 2269 3103 Durandus
2291 3049 2551 3105 diaconus
2575 3050 2642 3104 ad
2660 3050 2831 3105 vicem
2850 3052 3165 3107 llelisacbar
3190 3056 3500 3125 recognovi.

1984 3141 2189 3197 Data...
2220 3156 2361 3195 anno
2383 3141 2601 3196 Christo
2632 3143 2866 3213 prepitio
2904 3145 2920 3196 l
2958 3145 3171 3215 imperii
3201 3147 3380 3201 domui
3403 3147 3507 3202 Lu-

218 3234 341 3297 Dei,
372 3235 463 3302 qui
494 3236 690 3291 ibidem
730 3216 840 3291 ᾖ)εο
869 3236 1117 3291 famulari
1145 3216 1414 3302 videmur,
1445 3216 1725 3308 pro—nobis
1754 3245 1808 3292 ει
1836 3216 1880 3277 C
1913 3229 2087 3283 dovici
2117 3231 2449 3286 serenissimi
2483 3231 2743 3302 Augusti,
2780 3234 2965 3287 indict.
2997 3236 3049 3289 8.
3088 3234 3281 3290 Actum
3312 3238 3481 3306 Aquis

216 3325 448 3397 conjuge
469 3328 727 3396 proleque
758 3337 965 3393 nostra,
998 3338 1052 3383 et
1078 3330 1372 3383 stabilitate
1403 3328 1806 3415 totius-imperii

218 3432 252 3470 a
296 3417 405 3471 Deo
444 3420 598 3473 nobis
628 3420 856 3485 conlati,
901 3429 955 3474 et
978 3419 1094 3487 ejus
1124 3419 1541 3474 clementissima
1580 3418 1807 3471 misera-

219 3511 372 3563 tione
400 3525 496 3578 per
523 3511 844 3565 immensum
885 3510 1277 3573 conservandi,
1327 3509 1535 3562 Domini
1577 3509 1814 3562 clemen-

221 3600 355 3652 tiam
381 3598 584 3669 jngiter
612 3615 838 3654 exorare
869 3600 1154 3654 delectent.
1187 3599 1338 3653 lianc
1364 3599 1547 3665 itaque
1577 3596 1813 3652 auctori-

219 3696 413 3751 tatem,
461 3696 518 3742 ut
559 3688 854 3757 pleniorem
898 3690 951 3742 in
997 3688 1088 3742 Dei
1132 3687 1349 3741 nomine
1384 3686 1626 3740 obtineat
1668 3685 1814 3754 vigo-

220 3789 365 3840 rem,
396 3785 449 3829 et
475 3792 503 3829 a
529 3776 776 3831 ﬁdelibus
802 3784 999 3831 sanctae
1026 3777 1119 3829 Dei
1146 3775 1400 3828 Ecclesim
1431 3784 1483 3827 et
1512 3774 1714 3828 nostris
1738 3775 1815 3827 di-

218 3864 480 3935 ligentius
507 3874 879 3928 conservetur,
915 3880 1073 3918 manu
1110 3864 1324 3933 propria
1356 3864 1540 3917 subter
1573 3861 1807 3915 ﬁrmavi-

220 3972 368 4020 mus,
402 3964 457 4010 et
493 3957 673 4010 annuli
705 3956 872 4010 nostri
905 3956 1255 4025 impressione
1290 3954 1489 4025 signari
1524 3954 1808 4023 jussimus.

298 4047 432 4100 Data
459 4062 554 4099 xm
582 4045 697 4099 Kal.
728 4046 1060 4108 Decembris,
1100 4059 1241 4098 anno
1268 4045 1291 4097 1
1324 4044 1543 4098 Christo
1577 4043 1813 4113 propitio

218 4135 439 4204 imperii
490 4135 692 4188 domini
746 4134 1002 4188 Ludovici
1055 4134 1386 4189 serenissimi
1436 4133 1810 4202 imperatoris,

216 4223 518 4278 indictione
546 4224 600 4277 8.
633 4220 827 4275 Actum
866 4222 1185 4292 Aquisgrani
1214 4222 1416 4291 palatio
1455 4223 1601 4291 regio
1630 4224 1683 4275 iu
1720 4223 1813 4277 Dei

215 4315 444 4370 ttomiue
474 4312 720 4367 feliciter.
752 4313 944 4367 Amen.

952 4424 1086 4478 Xlll.

516 4534 616 4574 PRO
650 4533 825 4574 EODEM
864 4532 1138 4572 CBASSENSI
1176 4532 1531 4572 HONASTEBIU.

846 4608 1017 4679 (Anno
1044 4605 1192 4677 8M.)

460 4699 634 4771 [Apud
663 4698 725 4752 D.
760 4698 1051 4768 Bouquet.,
1081 4698 1235 4761 ibid.,
1266 4706 1325 4751 ut
1352 4697 1563 4769 supra.j

296 4789 355 4851 In
393 4790 611 4843 nomine
650 4788 862 4842 Domini
904 4788 999 4842 Dei
1040 4795 1095 4841 et
1133 4786 1431 4841 Salvatoris
1472 4787 1643 4841 nostri
1686 4787 1814 4843 Jesu

218 4874 453 4944 Christi,
484 4879 786 4934 Ludovicus
811 4879 995 4933 divina
1029 4878 1311 4933 ordinante
1342 4878 1678 4948 providentia
1708 4880 1811 4933 im-

217 4983 356 5039 pera
366 4976 449 5021 tor
471 4967 765 5037 Augustus.

299 5059 564 5114 Omnibus
583 5059 869 5127 episcOpis,
898 5057 1200 5121 abbatibus,
1226 5056 1474 5124 ducibus,
1500 5058 1808 5123 comitibus,

223 5150 473 5211 vicariis,
515 5150 860 5211 centenariis,
901 5150 1083 5203 missis
1119 5148 1549 5205 discurrentibus
1581 5151 1664 5205 vel
1698 5166 1814 5205 om—

225 5245 391 5298 nibus
425 5258 539 5296 rem
581 5242 850 5312 publicam
890 5242 1427 5308 administrantibus,
1470 5259 1565 5298 seu
1606 5246 1814 5299 caeteris

228 5333 479 5387 ﬁlelitus
517 5340 720 5386 sanctae
753 5331 847 5385 Dei
880 5332 1137 5387 Ecclesia:
1169 5341 1225 5386 et
1265 5335 1482 5397 nostris,
1526 5344 1711 5389 notum
1745 5336 1817 5389 sit

225 5421 358 5488 quia
399 5421 482 5474 vir
520 5420 842 5475 venerabilis
880 5421 1058 5475 Attala
1097 5421 1231 5475 abba
1270 5438 1335 5476 ex
1378 5423 1709 5477 monasterio
1752 5424 1812 5478 S.

227 5511 417 5565 Maria:
442 5511 666 5565 veniens
705 5512 773 5564 ad
807 5526 938 5577 nos,
970 5512 1291 5582 deprecatus
1324 5523 1407 5566 est
1443 5513 1815 5568 celsitudinem

228 5607 479 5655 nostram
523 5608 583 5654 ut
620 5600 794 5654 eidem
823 5600 1150 5653 monasterio
1184 5610 1239 5654 et
1279 5604 1681 5670 congregationi
1724 5604 1821 5657 ibi-

230 5692 357 5749 dem
402 5691 512 5745 Deo
552 5692 765 5762 degenti
813 5693 1288 5751 concessissemus.
1344 5702 1401 5746 ut
1445 5693 1509 5747 de
1554 5694 1727 5747 carris
1766 5705 1821 5748 et

231 5779 522 5851 sagmariis
549 5782 855 5836 necessaria
885 5780 1054 5848 ipsius
1078 5782 1388 5837 monasterii
1420 5782 1500 5837 vel
1532 5797 1821 5853 congrega-

1914 3321 2064 3386 grani
2090 3321 2293 3390 palatio
2321 3324 2469 3393 regio
2496 3324 2549 3377 in
2577 3323 2672 3377 Dei
2700 3326 2917 3378 nomine
2950 3323 3196 3380 feliciter.
3228 3328 3420 3383 Amen.

2636 3435 2775 3489 XIV.

2144 3538 2242 3577 l'f‘tO
2280 3538 2605 3579 CHRISTIANO
2644 3542 2966 3581 NEMAUSENSI
3004 3544 3272 3583 El’lSCOl‘O.

2527 3614 2706 3685 (Anno
2737 3616 2894 3686 8H.)

2008 3693 2196 3769 [Apud
2238 3702 2513 3757 Baluzlum
2536 3746 2549 3768 ,
2586 3704 2677 3758 lib.
2721 3722 2772 3758 tv
2805 3705 3053 3769 Μίεεείί..
3085 3724 3205 3779 pag.
3235 3709 3386 3783 420.]

1983 3789 2041 3845 In
2075 3792 2290 3846 nomine
2330 3793 2541 3847 Domini
2578 3795 2683 3848 Dei
2713 3805 2767 3849 et
2800 3794 3100 3851 Salvatoris
3152 3801 3320 3853 nostri
3370 3800 3499 3857 Jesu

1913 3878 2137 3947 Christi,
2167 3881 2469 3937 Ludovicus
2498 3885 2676 3937 divina
2700 3887 2985 3940 ordinante
3016 3888 3352 3956 providentia
3400 3892 3501 3945 im-

1912 3980 2135 4040 perator
2163 3972 2455 4044 Augustus.

1986 4061 2118 4117 Cum
2150 4064 2503 4132 petitionibus
2532 4067 2873 4121 sacerdotum
2899 4066 3063 4136 justis
3088 4062 3140 4123 et
3166 4070 3502 4126 rationabili-

1913 4155 2013 4210 bus
2050 4157 2215 4211 divini
2246 4157 2418 4211 cultus
2449 4173 2633 4212 amore
2664 4158 2930 4225 favemus,
2960 4176 3191 4228 superna
3229 4176 3327 4216 nos
3376 4178 3502 4232 gra-

1916 4248 1990 4301 tia
2020 4246 2217 4300 muniri
2241 4262 2347 4301 non
2379 4247 2730 4301 dubitamus:
2758 4248 2962 4302 idcirco
2998 4250 3208 4303 noverit
3255 4231 3498 4306 omnium

1916 4334 2150 4390 ﬁdelium
2177 4345 2506 4401 nostrorum,
2524 4343 2636 4389 tam
2659 4337 3005 4405 prmsentium
3027 4355 3189 4408 quam
3216 4348 3271 4393 et
3291 4340 3499 4395 futuro-

1916 4439 2060 4490 rum,
2086 4424 2312 4489 utilitas,
2351 4427 2475 4495 quia
2508 4428 2592 4480 vir
2638 4428 2962 4483 venerabilis
3011 4428 3350 4486 Christianus
3403 4430 3503 4488 Ne-

1840 4555 1893 4614 D
1919 4528 2104 4567 mausa
2146 4514 2365 4569 civitate
2409 4516 2697 4583 episcopus
2747 4515 2942 4569 obtulit
2979 4517 3254 4572 obtutibus
3296 4520 3498 4573 nostris

1921 4604 2313 4659 immunitatem
2343 4605 2524 4659 domui
2554 4615 2608 4659 et
2632 4606 2892 4675 genitoris
2918 4606 3091 4661 nostri
3120 4606 3297 4661 Caroli
3342 4609 3497 4663 bonae

1919 4694 2195 4749 memoria
2239 4694 2467 4763 piissimi
2514 4694 2776 4765 Augusti,
2805 4695 2861 4748 in
2914 4695 3020 4765 qua
3065 4704 3184 4751 erat
3231 4696 3497 4751 insertum

1920 4786 2153 4855 qualiter
2179 4786 2321 4840 idem
2348 4786 2563 4856 genitor
2590 4794 2776 4841 noster
2803 4796 2858 4841 et
2911 4788 3336 4856 praedecessores
3381 4785 3499 4855 ejus

1920 4892 2074 4947 reges
2097 4877 2408 4946 praedictam
2435 4879 2637 4944 sedem,
2666 4894 2785 4946 qua:
2813 4886 2895 4932 est
2944 4880 2996 4931 in
3045 4879 3250 4933 honore
3294 4886 3499 4934 sancta!

1922 4966 2103 5021 Maria:
2129 4982 2343 5037 semper
2374 4968 2600 5038 virginis
2652 4983 2746 5022 seu
2791 4976 2844 5022 et
2866 4967 3039 5022 sancti
3091 4967 3328 5022 Baudelii
3368 4982 3499 5022 con-

1920 5061 2147 5119 structa,
2177 5071 2286 5108 una
2317 5072 2437 5110 cum
2466 5056 2676 5110 cellulis
2711 5057 2953 5121 duabus,
2992 5072 3095 5110 una
3139 5071 3257 5125 quae
3300 5056 3498 5112 dicitur

1919 5141 2223 5212 Tornagus,
2252 5158 2374 5212 quae
2401 5152 2483 5197 est
2513 5152 2824 5202 constructa
2853 5146 2905 5199 in
2942 5146 3145 5199 honore
3173 5145 3346 5217 sancti
3378 5145 3498 5199 Ste-

1918 5232 2082 5302 phani
2110 5235 2548 5303 protomartyris,
2572 5244 2628 5289 et
2654 5236 2756 5289 alia
2782 5252 2901 5305 qua:
2941 5236 3138 5290 dicitur
3184 5234 3348 5289 Vallis
3376 5235 3498 5289 Fla-

1922 5326 2099 5389 viana,
2132 5340 2251 5393 quae
2280 5338 2363 5380 est
2390 5328 2442 5380 in
2471 5327 2675 5382 honore
2712 5328 2881 5382 sancti
2911 5328 3053 5382 Petri
3081 5328 3342 5397 principis
3368 5343 3497 5397 apo-

1923 5419 2184 5473 stolorum
2205 5428 2535 5485 constructa,
2552 5436 2647 5475 seu
2671 5428 2724 5474 et
2753 5420 2872 5474 aliis
2897 5419 3105 5473 cellulis
3132 5418 3327 5473 ibidem
3353 5420 3499 5490 aspl-

1919 5512 2209 5575 cientibus,
2247 5513 2316 5565 ob
2365 5527 2605 5566 amorem
2655 5511 2750 5567 Dei
2798 5511 3354 5580 tranquillitatemque
3390 5510 3499 5565 fra-

1921 5608 2065 5653 trum
2095 5612 2309 5669 semper
2333 5600 2433 5653 sub
2460 5600 2772 5669 plenissima
2802 5599 3031 5653 tuitione
3054 5606 3108 5653 et
3137 5598 3498 5653 immunitatis

1920 5690 2230 5744 defensione
2258 5690 2593 5743 habuissent.
2625 5688 2853 5757 Propter
2876 5688 3183 5741 ﬁrmitatem
3213 5696 3392 5739 tamen
3415 5688 3495 5742 rei

1922 5784 2076 5839 nobis
2109 5785 2401 5850 postulavit
2434 5783 2691 5853 praefatus
2738 5783 3021 5852 episcopus
3064 5780 3406 5837 Christianus
3436 5789 3494 5836 ut
