3936 6364
453 343 559 402 995
1555 340 1877 398 LUDO‘v'lCl
1917 337 1936 393 Ι
1977 335 2446 394 COGNOMENTO
2483 336 2563 391 Pii
3624 336 3724 397 9‘36

453 458 766 516 eorumdem
791 470 977 528 regum
1011 455 1363 510 auctoritates
1381 456 1450 510 ob
1473 471 1712 510 amorem
1735 455 1830 509 Dei
1859 461 1914 508 et
1942 467 2031 506 re-
2063 458 2107 516 Α
2136 449 2400 521 genitoris
2430 449 2599 505 nostri
2628 449 2807 506 Caroli
2846 451 3000 506 bonae
3036 453 3312 507 memoria:
3333 451 3575 522 piissimi
3617 455 3725 508 Au-

455 548 756 605 vcrentiam
784 547 956 619 ipsius
999 546 1172 601 sancti
1219 546 1320 601 loci
1363 555 1550 600 nostra
1586 533 2033 600 conﬁrmaremus

459 641 805 698 auctoritate.
857 637 1023 708 Cujus
1065 639 1310 708 petitioni
1356 638 1590 694 libenter
1633 637 2030 707 acquievimus,

455 740 510 788 et
531 731 606 784 ita
642 730 696 784 in
728 727 983 784 omnibus
1009 727 1395 793 concessimus,
1421 735 1582 796 atque
1614 741 1713 797 per
1754 726 1856 780 hoc
1899 738 2036 793 pra:-

455 830 670 892 ceptum
699 827 898 875 nostrae
921 818 1263 873 auctoritatis
1277 818 1682 873 confirmamus.
1708 814 2035 885 Praecipien-

458 919 540 968 tes
566 925 694 980 ergo
715 904 972 977 jubemus
1013 914 1073 960 ut
1103 920 1262 961 nemo
1306 905 1544 961 ﬁdelium
1593 912 1920 968 nostrorum,
1951 901 2038 957 vel

456 1003 712 1074 quislibet
731 1014 813 1065 ex
833 996 1123 1067 judiciaria
1144 1005 1418 1067 potestate
1439 997 1495 1052 in
1517 995 1778 1056 ecclesias
1798 1001 1890 1048 aut
1919 993 2036 1048 loca

457 1094 544 1149 vel
571 1106 732 1162 agros
756 1104 855 1156 seu
882 1085 1120 1158 reliquas
1167 1087 1561 1159 possessiones,
1603 1087 1717 1141 sive
1757 1099 1851 1140 eas
1903 1099 2039 1152 quas

457 1186 717 1241 moderno
744 1194 988 1256 tempore
1019 1183 1075 1238 in
1107 1178 1435 1250 quibuslibet
1459 1177 1615 1249 pagis
1649 1183 1704 1231 et
1749 1171 2038 1230 territoriis

460 1274 600 1330 infra
627 1277 889 1332 ditionem
922 1273 1134 1345 imperii
1157 1271 1305 1341 juste
1323 1279 1380 1325 et
1403 1270 1650 1340 legaliter
1667 1267 1927 1339 praedicta
1953 1281 2040 1321 se—

457 1364 556 1420 des
580 1379 674 1420 seu
701 1364 928 1420 cellulas
956 1362 1215 1435 possidet,
1245 1361 1332 1416 vel
1359 1375 1421 1416 ea
1446 1374 1567 1430 quae
1593 1358 1852 1428 deinceps
1879 1372 1910 1410 a
1940 1357 2038 1411 bo-

459 1454 545 1508 nis
569 1454 701 1508 viris
740 1455 942 1509 eisdem
971 1453 1164 1509 collata
1199 1451 1402 1507 fuerint
1450 1449 1725 1514 ecclesi'm,
1749 1447 1816 1503 ad
1845 1463 2043 1503 causas

460 1547 775 1611 audiendas,
807 1546 892 1601 vel
916 1545 1065 1611 freda
1089 1552 1180 1599 aut
1207 1545 1409 1598 tributa
1442 1541 1735 1613 exigenda,
1763 1549 1856 1595 aut
1883 1556 2041 1595 man-

459 1638 641 1692 siones
667 1633 748 1690 vel
771 1643 990 1705 paratas
1035 1633 1328 1698 faciendas,
1347 1647 1447 1688 nec
1475 1629 1820 1698 fideiussores
1848 1629 2039 1684 tollen-

461 1729 580 1792 dos,
598 1735 691 1781 aut
713 1727 962 1782 homines
983 1726 1151 1795 ipsius
1174 1723 1434 1789 ecclesiae,
1449 1731 1560 1777 tam
1591 1723 1853 1794 ingenuos
1877 1736 2042 1791 quam

2142 542 2310 612 gusti,
2344 541 2397 595 in
2428 556 2534 610 quo
2559 551 2676 598 erat
2717 544 2978 600 insertum
3011 561 3077 600 eo
3119 547 3262 616 quod
3308 548 3427 616 ipse
3483 556 3544 602 et
3599 562 3728 603 avus

2138 639 2326 685 noster
2351 630 2607 700 Pippinus
2634 635 2902 702 quondam
2930 649 3046 701 rex,
3079 651 3170 690 seu
3218 637 3382 690 etiam
3427 638 3728 708 praedeces-

2139 733 2290 774 sorcs
2338 735 2554 786 eorum,
2591 737 2744 793 reges
2787 723 3036 779 videlicet
3072 724 3410 781 Francorum
3438 729 3728 797 preceptis

2138 811 2524 866 auctoritatum
2551 827 2771 868 suarum
2798 814 3024 886 praefato
3049 817 3383 871 monasterio
3428 833 3728 890 congrega-

2140 901 2385 972 tionique
2424 901 2618 958 ibidem
2650 903 2762 959 Deo
2804 904 3085 960 famulanti
3123 909 3526 962 concessissent
3569 924 3729 963 omne

2141 991 2412 1047 tcloneum
2459 990 2524 1048 de
2574 1003 2837 1060 mercato,
2867 996 2959 1066 qui
2998 995 3058 1049 fit
3094 998 3372 1051 annuatim
3431 997 3731 1054 festivitate

2140 1080 2381 1150 ejusdem
2407 1081 2578 1139 sancti
2603 1083 2841 1157 Dionysii
2873 1087 2929 1140 in
2967 1086 3193 1157 prmfato
3233 1089 3516 1144 territorio
3574 1088 3729 1144 Pari-

2141 1177 2314 1241 siaco,
2337 1190 2404 1233 ex
2430 1175 2679 1234 erunibus
2731 1180 3180 1250 negotiatoribus,
3210 1182 3302 1252 qui
3343 1182 3593 1250 undique
3624 1190 3729 1234 tam

2141 1281 2207 1321 ex
2239 1265 2510 1323 Saxonum
2540 1275 2719 1341 gente,
2748 1285 2908 1339 quam
2940 1279 2996 1324 et
3021 1269 3329 1328 Frisionum
3380 1270 3464 1326 vel
3502 1271 3730 1325 aliarum

2141 1356 2505 1427 quarumlibet
2529 1357 2792 1430 gentium,
2813 1374 2933 1428 quae
2964 1360 3031 1414 de
3065 1361 3298 1415 diversis
3319 1360 3627 1429 provinciis
3679 1368 3730 1414 et

2145 1448 2439 1504 territoriis
2464 1449 2515 1503 iu
2548 1449 2798 1506 eumdem
2823 1452 3131 1521 negotiandi
3177 1453 3353 1522 gratia
3393 1452 3730 1508 conveniunt

2146 1547 2447 1596 mercatum
2487 1559 2500 1594 :
2539 1554 2750 1597 necnon
2777 1550 2831 1598 et
2855 1558 2919 1597 ex
2943 1544 3190 1598 omnibus
3217 1545 3392 1598 carris
3414 1552 3473 1599 et
3504 1543 3731 1598 navibus

2148 1637 2202 1685 et
2222 1631 2434 1688 caeteris
2469 1629 2752 1696 vehiculis,
2784 1635 2980 1703 quibus
3002 1636 3186 1688 vinum
3215 1646 3270 1689 et
3296 1635 3401 1690 mel
3431 1644 3490 1691 et
3517 1635 3628 1689 alia
3654 1635 3728 1690 di-

2149 1737 2306 1779 versa
2332 1723 2653 1780 commercia
2682 1723 2810 1779 illuc
2836 1725 2904 1779 ad
2943 1727 3292 1779 mercandum
3334 1727 3727 1796 deportantur;

461 1833 671 1884 servos,
715 1832 878 1888 super
916 1824 1118 1871 terram
1158 1814 1328 1883 ipsius
1383 1821 1795 1869 commanentes
1845 1811 2042 1880 injuste

2158 1830 2242 1872 seu
2293 1816 2456 1872 etiam
2493 1821 2548 1872 et
2577 1817 2645 1871 de
2672 1817 2883 1872 cunctis
2914 1817 3035 1872 aliis
3060 1818 3431 1895 mercimoniis
3460 1833 3584 1887 qua:
3609 1827 3733 1872 tunc

459 1908 882 1980 distringendos,
914 1922 1017 1962 nec
1063 1904 1200 1960 ullas
1235 1903 1627 1960 redhibitiones
1678 1912 1771 1956 aut
1826 1903 2042 1957 illicitas

460 2001 776 2057 occasiones
800 1997 1178 2069 requirendos,
1202 1995 1404 2050 nostris
1442 2003 1537 2048 aut
1565 1991 1761 2048 futuris
1787 1992 2044 2062 tempori-

461 2091 564 2147 bus
605 2089 813 2160 ingredi
855 2088 1112 2152 audeant,
1135 2085 1220 2140 vel
1250 2101 1314 2140 ea
1365 2100 1484 2154 qum
1526 2099 1688 2154 supra
1744 2090 2045 2138 memorata

462 2181 829 2251 suntpenitus
849 2181 1066 2252 exigere
1093 2189 1447 2250 praesumant.
1496 2177 1603 2233 Sed
1644 2177 1805 2232 liceat
1837 2191 2044 2231 memo-

463 2284 583 2331 rato
606 2273 823 2345 praesuli
855 2274 1077 2341 suisque
1099 2258 1503 2325 successoribus
1532 2284 1619 2324 res
1661 2268 2045 2338 praedictarum

462 2366 816 2422 ecclesiarum
844 2379 973 2418 cum
997 2362 1250 2417 omnibus
1288 2360 1390 2415 sibi
1420 2358 1682 2429 subjectis
1713 2358 1811 2412 sub
1855 2357 2048 2409 immu-

467 2458 656 2514 nitatis
684 2455 998 2512 defensione
1038 2454 1222 2522 quieto
1261 2451 1450 2505 ordine
1476 2449 1771 2519 possidere,
1800 2455 1855 2502 et
1891 2446 2048 2501 nobis

467 2546 698 2603 ﬁdelitc‘r
746 2544 1047 2608 deservire,
1072 2549 1235 2610 atque
1278 2553 1377 2608 pro
1415 2537 1709 2592 stabilitate
1735 2544 1915 2592 nostra
1963 2534 2048 2589 vel

466 2642 633 2698 t0tius
661 2636 872 2708 imperii
900 2651 928 2689 a
960 2634 1071 2688 Deo
1113 2633 1270 2687 nobis
1320 2630 1500 2687 collati
1529 2629 1615 2684 vel
1664 2628 2044 2692 conservandi,

467 2749 574 2790 una
606 2747 729 2788 cum
757 2730 904 2786 clero
933 2736 986 2783 et
1018 2726 1214 2797 populo
1236 2724 1338 2779 sibi
1360 2720 1810 2790 subjecto,iibere
1836 2718 2048 2773 Domini

468 2819 896 2879 misericordiam
928 2830 1175 2871 exorare.
1237 2814 1304 2867 Et
1350 2810 1609 2881 quidquid
1649 2809 1844 2865 exinde
1888 2808 2052 2862 ﬁscus

468 2921 658 2969 noster
686 2923 905 2980 sperare
927 2913 1163 2976 poterat,
1187 2903 1261 2958 ad
1290 2903 1559 2972 integrum
1601 2899 1968 2962 concedimus,
1993 2905 2054 2951 ut

468 3003 743 3076 perpetuis
766 2999 1100 3070 temporibus
1131 2996 1328 3052 ibidem
1354 2995 1464 3050 Deo
1500 2991 1886 3048 famulantibus
1929 3005 2054 3060 pro-

475 3095 625 3149 ﬁciat
655 3093 708 3146 in
739 3096 1111 3162 augmentum.
1157 3085 1225 3140 Et
1259 3093 1321 3139 ut
1356 3085 1471 3138 haec
1516 3081 1813 3136 auctoritas
1848 3080 2054 3134 nostris

471 3183 777 3250 futurisque
805 3176 1136 3248 temporibus
1160 3175 1388 3230 Demino
1423 3179 1740 3242 protegente
1760 3170 1938 3224 valeat
1973 3170 2047 3223 in-

473 3285 736 3328 concussa
777 3282 1022 3333 manere,
1054 3281 1216 3321 manu
1249 3263 1468 3336 propria
1515 3260 1958 3331 subscripsimus,
2001 3268 2056 3313 ct

471 3362 655 3418 annuli
683 3359 855 3416 nostri
881 3357 1242 3428 impressione
1262 3353 1466 3425 signari
1485 3351 1769 3421 jussimus.

546 3453 770 3523 Signum
794 3447 1051 3502 Ludovici
1082 3443 1415 3500 serenissimi
1440 3439 1806 3510 imperatoris.

545 3543 675 3596 Data
708 3556 761 3594 tv
782 3538 901 3592 Kal.
929 3533 1259 3598 Decembris,
1288 3547 1430 3586 anno
1467 3531 1643 3600 primo
1675 3527 1896 3582 Christo
1927 3541 2055 3595 pro—

473 3634 608 3706 pitio
629 3629 842 3702 imperii
862 3627 1045 3684 domui
1065 3621 1322 3680 Ludovici
1350 3620 1683 3678 serenissimi
1707 3619 1953 3690 Augusti,
1979 3617 2060 3671 in-

476 3724 712 3779 dictione
738 3721 792 3775 8.
823 3719 1018 3775 Actum
1065 3714 1392 3787 Aquisgrani
1437 3712 1640 3783 palatio
1671 3711 1820 3782 regio
1865 3711 1915 3763 in
1963 3708 2056 3763 Dei

476 3813 694 3867 nomine
725 3810 977 3865 feliciter.
1001 3808 1193 3861 Amen.

1217 3918 1334 3974 XV.

840 4026 904 4067 DE
949 4024 1199 4066 NUNDINIS
1237 4022 1424 4062 SANCTI
1464 4021 1709 4061 DIONYSII.

1086 4101 1270 4174 (Anno
1298 4101 1460 4171 8M.)

481 4199 662 4275 [Apud
685 4197 748 4257 D.
775 4195 1071 4275 conquer:
1087 4193 1241 4275 ἀρᾷ..
1275 4176 1822 4275 p._tcs,e.§_1_)'u}neto
1844 4191 1897 4244 in
1924 4190 2064 4244 ma.

867 4212 890 4250 u
931 4211 1241 4256 uet.,tota.,
1275 4211 1330 4261 p.
1355 4211 1561 4257 eomes
1597 4211 1682 4245 νυ]

867 4211 986 4320 sib.
1028 4261 1085 4318 S.
1112 4263 1509 4333 Dionysii,pag.
1536 4261 1682 4331 755.]

553 4364 610 4418 in
656 4360 875 4417 nemine
920 4355 1133 4412 Domini
1174 4353 1271 4409 Dei
1316 4362 1370 4416 et
1410 4351 1709 4407 Salvatoris
1738 4353 1905 4406 nostri
1943 4350 2070 4406 Jesu

485 4453 711 4517 Christi,
737 4450 1043 4508 Ludovicus
1069 4447 1248 4502 divina
1279 4446 1567 4502 ordinante
1595 4443 1931 4513 providentia
1972 4443 2072 4495 im-

481 4551 701 4616 perator
723 4541 1020 4610 Augustus.

553 4632 892 4705 lmperialem
951 4628 1325 4685 celsitudinem
1390 4626 1545 4682 decet
1608 4625 2065 4695 praedecessorum

486 4741 708 4784 suorum
736 4725 823 4795 pie
865 4722 1007 4776 facta
1055 4736 1164 4775 non
1215 4719 1387 4774 solum
1427 4717 1811 4772 inviolabiliter
1855 4730 2050 4770 conser

488 4831 640 4878 vare,
665 4815 760 4870 sed
792 4813 956 4868 etiam
994 4824 1238 4866 censure
1289 4824 1401 4862 suae
1448 4807 1771 4862 auctoritate
1820 4807 2070 4860 alacriter

486 4902 832 4967 confirmare,
858 4909 917 4955 ut
933 4899 1184 4954 videlicet
1212 4912 1408 4951 munus
1441 4905 1521 4950 tot
1549 4896 1851 4966 principum
1882 4905 2068 4950 aucto-

487 4992 743 5050 ritatibus
771 4991 840 5045 ob
859 5004 1099 5043 amorem
1129 4988 1223 5042 Dei
1249 4986 1502 5040 collatum
1533 4986 1616 5040 vel
1661 4986 2062 5049 confirmatum,

490 5084 561 5138 ab
597 5084 679 5137 his
707 5081 901 5151 quibus
929 5080 1246 5133 attributum
1277 5087 1376 5140 est,
1411 5088 1467 5132 et
1497 5078 1703 5133 ﬁrmius
1730 5087 1992 5141 teneatur,
2014 5087 2067 5133 et

490 5171 733 5228 securius
753 5168 1113 5240 possideatur.
1142 5166 1346 5221 idcirco
1370 5175 1553 5221 notum
1580 5166 1651 5220 sit
1668 5167 1918 5221 omnibus
1941 5166 2070 5221 fide-

489 5262 632 5316 libus
657 5269 858 5315 sanctae
893 5259 989 5312 Dei
1017 5257 1272 5312 Ecclesia:
1298 5265 1352 5309 et
1380 5257 1611 5318 nostris,
1646 5265 1754 5310 tam
1786 5257 2068 5325 praesenti.

494 5353 596 5408 bus
624 5365 784 5420 quam
815 5357 871 5403 et
905 5347 1119 5409 futuris,
1148 5347 1272 5416 quia
1307 5347 1394 5400 vir
1421 5347 1742 5402 venerabilis
1789 5347 2068 5400 "iitiOillllS

496 5442 632 5497 abba
660 5456 727 5494 ex
759 5438 1093 5493 monasterio
1121 5438 1295 5491 sancti
1345 5437 1603 5507 Dionysii,
1635 5441 1777 5507 quod
1822 5447 1905 5492 est
1944 5453 2072 5492 con-

493 5540 758 5589 structum
789 5531 844 5585 in
865 5527 1142 5584 territorio
1159 5526 1430 5586 Parisiaco
1453 5529 1542 5583 ubi
1568 5529 1680 5599 ipse
1704 5539 1920 5585 sanctus
1949 5531 2073 5586 Dio-

494 5624 683 5693 nysius
724 5630 778 5676 et
825 5619 1051 5675 comites
1097 5617 1214 5686 ejus
1239 5633 1462 5690 corpore
1491 5619 1856 5689 requiescunt,
1882 5622 2070 5676 detulit

496 5713 794 5768 obtutibus"
821 5711 1022 5768 nostris
1048 5721 1378 5778 prmceptum
1410 5710 1743 5767 auctoritatis
1791 5712 1968 5766 domui
2019 5723 2073 5767 t-t

2145 1907 2408 1976 temporis
2430 1919 2532 1961 non
2562 1904 2735 1962 solum
2760 1907 2813 1962 in
2843 1908 3032 1962 eodem
3063 1917 3302 1962 mercatu
3333 1917 3391 1961 et
3419 1905 3564 1960 infra
3587 1923 3732 1961 eam-

2145 1995 2269 2050 dem
2291 1993 2617 2053 Parisiorum
2643 1996 2854 2060 urbem,
2879 2013 2975 2052 seu
3005 1998 3167 2050 etiam
3196 2013 3316 2066 qum
3349 2012 3449 2066 per
3479 1996 3639 2050 villas
3681 2006 3732 2050 et

2148 2100 2308 2158 agros
2346 2094 2403 2142 et
2425 2092 2618 2143 cetera
2645 2085 2762 2144 loca
2793 2087 2847 2140 in
2878 2088 3107 2141 circuitu
3135 2086 3279 2140 illius
3317 2095 3597 2140 mercatus
3646 2102 3731 2155 po

2149 2177 2250 2231 sita
2300 2177 2660 2248 negotiantur,
2691 2176 2776 2230 vel
2824 2177 2890 2230 de
2939 2176 3191 2230 omnibus
3247 2177 3612 2243 undecunque
3645 2173 3735 2242 jus

2150 2265 2267 2321 ﬁsci
2295 2267 2559 2324 tcloneum
2593 2269 2841 2337 accipere
2867 2276 3097 2338 poterat.
3147 2268 3546 2323 Continebatnr
3569 2267 3732 2319 etiam

2150 2357 2205 2412 in
2241 2358 2426 2414 eadem
2455 2359 2778 2414 auctoritate
2806 2359 2948 2426 quod
2993 2357 3213 2427 quidam
3264 2358 3562 2411 temerario
3601 2372 3730 2410 ausu

2150 2445 2402 2504 eumdem
2439 2456 2740 2505 mercatum
2791 2465 2821 2502 a
2874 2456 3142 2518 potestate
3183 2451 3508 2505 monasterii
3559 2452 3730 2504 sancti

2150 2537 2390 2609 Dionysii
2422 2537 2836 2610 subripuissent,
2868 2551 2924 2596 et
2952 2551 3194 2598 rectores
3221 2545 3434 2614 przefati
3465 2554 3734 2598 monaste-

2153 2630 2218 2684 rii
2246 2629 2420 2701 ipsum
2443 2627 2513 2686 ad
2544 2632 2811 2701 integrum
2840 2648 3025 2686 coram
3074 2631 3352 2688 Grimaldo
3395 2633 3606 2704 Majoie
3650 2635 3734 2687 do-

2153 2736 2273 2778 mus
2294 2720 2398 2778 sibi
2421 2720 2669 2795 icgaliter
2704 2727 3124 2790 evindicassent,
3149 2736 3206 2782 et
3237 2729 3381 2796 quod
3415 2726 3734 2783 Soanachii-

2151 2812 2238 2868 dis
2267 2823 2321 2868 et
2349 2809 2637 2870 Gcrfredus
2676 2816 2917 2886 ejusdem
2952 2818 3188 2872 civitatis
3229 2821 3508 2887 quondam
3559 2834 3736 2874 comes

2154 2903 2447 2973 cupiditate
2477 2903 2642 2970 ducti,
2670 2907 2882 2961 cunctis
2911 2910 3325 2973 mercatoribus,
3357 2909 3548 2964 liberis
3598 2911 3734 2965 vile-

2155 2995 2282 3052 licet
2302 3003 2358 3052 et
2385 2999 2577 3064 servis,
2603 2997 2730 3054 illuc
2780 3002 3055 3055 mercandi
3098 3003 3270 3072 gratia
3321 3002 3732 3064 confluentibus,

2157 3086 2402 3160 singulis,
2426 3097 2650 3160 excepto
2675 3090 2778 3146 alio
2809 3091 3020 3147 teloneo
3047 3093 3189 3162 quod
3214 3095 3591 3156 exsolvcbant,
3607 3110 3736 3163 qna-

2162 3187 2284 3235 tuor
2331 3177 2580 3237 denarios
2624 3183 3142 3252 superaddidissent,
3170 3193 3225 3239 et
3251 3184 3405 3238 multi
3437 3186 3546 3240 hoc
3577 3201 3734 3239 censu

2159 3270 2420 3336 mulctati,
2453 3273 2521 3329 ab
2552 3274 2741 3328 eodem
2773 3289 2829 3328 se
2855 3282 3100 3329 mercatu
3131 3276 3515 3336 retrahebant;
3571 3284 3625 3329 et
3656 3272 3739 3347 [ct

2159 3362 2322 3434 quod]
2365 3363 2726 3431 permodicum
2759 3364 3026 3419 tcloneum
3052 3366 3118 3420 de
3144 3367 3331 3421 eodem
3378 3375 3629 3420 mercatu
3677 3367 3740 3420 ad

2161 3461 2368 3524 partem
2389 3455 2701 3510 monasterii
2724 3455 2897 3509 sancti
2919 3454 3158 3525 Dionysii
3188 3470 3285 3524 pro
3311 3456 3412 3508 hac
3437 3470 3607 3509 causa
3631 3456 3740 3510 exi-

2161 3544 2418 3616 gebatur;
2490 3555 2546 3598 et
2597 3546 2741 3613 quod
2792 3545 2934 3600 hunc
2985 3546 3467 3615 superimpositum
3521 3561 3738 3602 censum

2161 3636 2418 3705 praefatus
2448 3633 2657 3706 genitor
2685 3644 2869 3689 noster
2898 3651 3140 3690 censura:
3166 3651 3276 3690 sua:
3307 3636 3637 3690 auctoritate
3656 3650 3738 3688 re-

2164 3732 2401 3782 secasset
2433 3724 2517 3779 vel
2546 3723 2881 3790 abdicasset,
2909 3733 2964 3779 et
2991 3725 3283 3780 secundum
3316 3741 3474 3779 suam
3512 3725 3742 3779 auctori-

2167 3824 2330 3870 tatem
2357 3823 2409 3870 et
2436 3813 2904 3869 confirmationem
2943 3815 3206 3869 hactenus
3251 3815 3430 3883 ipsum
3476 3814 3739 3869 tcloneum

2167 3904 2233 3959 ad
2251 3905 2515 3970 integrum
2531 3905 2658 3973 pars
2676 3905 2985 3959 monasterii
3001 3905 3174 3959 sancti
3198 3904 3442 3974 Dionysii
3468 3905 3740 3958 habuisset

2169 3994 2250 4048 vel
2275 3995 2588 4065 accepisset.
2610 3992 2715 4048 Pro
2740 3995 2816 4049 rei
2840 4003 3021 4050 tamen
3048 3994 3305 4049 firmitate
3328 3995 3627 4064 postulavit
3659 4009 3743 4047 no.

2170 4083 2252 4138 bis
2281 4082 2569 4154 pradictus
2600 4084 2768 4138 abbas
2796 4100 2902 4138 una
2929 4101 3052 4139 cum
3090 4089 3515 4156 congregatione
3556 4087 3626 4140 ad
3667 4101 3742 4139 re-

2169 4175 2404 4246 gendum
2432 4175 2535 4231 sibi
2562 4175 2873 4242 commissa,
2895 4183 2955 4229 ut
2975 4190 3178 4230 morem
3205 4187 3498 4246 paternum
3522 4189 3742 4246 sequen-

2172 4275 2275 4330 tes,
2300 4271 2538 4320 nostram
2562 4265 2726 4320 etiam
2755 4265 3132 4318 auctoritatem
3160 4280 3323 4335 super
3362 4266 3467 4319 hac
3515 4280 3576 4319 re
3624 4280 3742 4336 erga

2172 4357 2346 4426 ipsum
2369 4364 2611 4412 sanctum
2635 4356 2811 4410 locum
2840 4355 2958 4409 fieri
2985 4369 3351 4410 censeremus.
3383 4355 3627 4420 Quorum
3660 4372 3744 4425 pc-

2175 4444 2452 4501 titionibus
2476 4447 2546 4500 ob
2590 4460 2828 4500 amorem
2859 4446 2955 4500 Dei
3002 4455 3057 4500 et
3106 4446 3516 4500 venerationem
3576 4447 3742 4500 sancti

2175 4532 2413 4604 Dionysii
2450 4534 2663 4603 patroni
2706 4533 2900 4597 nostri,
2933 4534 3089 4588 nobis
3118 4550 3303 4588 aurem
3334 4536 3637 4589 clementer
3664 4550 3744 4588 ac-

2172 4625 2516 4681 commodare
2543 4624 2720 4679 libuit.
2751 4623 3091 4695 Quapropter
3110 4626 3460 4696 prtecipimus
3487 4628 3743 4696 atqueju—

2171 4720 2362 4774 bemus
2392 4727 2469 4785 ut,
2498 4718 2636 4773 sicut
2669 4719 2735 4773 ab
2787 4719 2908 4773 aliis
2957 4719 3176 4788 regibus
3205 4718 3544 4773 Francorum
3571 4728 3624 4773 et
3653 4733 3744 4793 avo

2173 4817 2362 4864 nostro
2398 4809 2625 4879 Pippino
2652 4809 2826 4878 ipsum
2861 4810 3127 4864 tcloneum
3156 4824 3476 4865 concessum
3503 4809 3589 4864 vel
3629 4825 3745 4864 con-

2174 4899 2444 4953 ﬁrmatum
2474 4907 2586 4964 est,
2625 4907 2680 4954 et
2706 4914 2887 4952 coram
2918 4898 3196 4953 Grimaldo
3226 4898 3429 4967 Majore
3463 4897 3656 4952 domus
3683 4898 3742 4951 ad

2172 4999 2380 5060 partem
2423 4990 2590 5059 ipsius
2627 4989 2939 5044 monasterii
2979 4989 3365 5050 evindicatum,
3391 4995 3445 5041 et
3483 4999 3667 5058 postea
3715 5002 3743 5041 τι

2171 5081 2396 5151 prmfato
2412 5082 2607 5135 domno
2628 5089 2682 5134 et
2703 5080 2945 5151 genitore
2973 5088 3159 5134 nostro
3182 5078 3374 5134 Carolo
3398 5079 3739 5148 imperatore.

2174 5172 2436 5227 abdicatis
2463 5171 2727 5224 malorum
2755 5170 3029 5224 hominum
3057 5167 3421 5238 superadditis
3470 5177 3742 5223 consuetu-

2176 5264 2412 5327 dinibus,
2447 5262 2656 5316 ﬁrmius
2686 5261 2935 5314 collatum
2967 5260 3139 5314 eidem
3181 5259 3518 5314 monasterio
3542 5266 3740 5318 exstat;

2179 5355 2251 5408 ita
2280 5354 2536 5421 deinceps
2569 5352 2770 5405 nostris
2796 5351 3096 5418 futurisque
3123 5347 3454 5418 temporibus
3482 5363 3579 5416 per
3614 5347 3742 5399 hanc

2177 5453 2415 5500 nostram
2432 5443 2808 5498 auctoritatem
2832 5441 3217 5495 inviolabiliter
3241 5449 3559 5509 permaneat
3579 5437 3740 5493 indul-

2177 5545 2308 5588 tum.
2337 5535 2411 5588 ita
2435 5535 2698 5588 duntaxat
2722 5542 2955 5587 utomne
2999 5531 3265 5585 tcloneum
3295 5530 3359 5585 de
3391 5530 3582 5585 eodem
3619 5544 3740 5582 mer-

2178 5635 2323 5684 catu,
2345 5625 2435 5693 qui
2469 5623 2527 5678 fit
2548 5623 2702 5678 annis
2725 5622 2949 5692 singulis
2978 5619 3271 5674 festivitate
3297 5619 3471 5672 sancti
3515 5615 3736 5684 Dionysii

2179 5715 2230 5767 in
2261 5713 2480 5783 praefato
2509 5713 2783 5767 Parisiaco
2817 5725 2973 5782 pago,
3000 5718 3240 5766 rectores
3281 5709 3361 5764 vel
3411 5706 3736 5778 congregatio

3865 183 3885 472 η
