  <div class='ocr_page' id='page_1' title='image "/cluster/home/n/w/nwhite01/storage/ocr_20150623/104/uva.x000827061/506.png"; bbox 0 0 3936 6376; ppageno 0'>
   <div class='ocr_carea' id='block_1_1' title="bbox 149 427 259 481">
    <p class='ocr_par' dir='ltr' id='par_1_1' title="bbox 149 427 259 481">
     <span class='ocr_line' id='line_1_1' title="bbox 149 427 259 481; baseline 0.018 -2"><span class='ocrx_word' id='word_1_1' title='bbox 149 427 259 481; x_wconf 83' lang='grc'><strong>997</strong></span> 
     </span>
    </p>
   </div>
   <div class='ocr_carea' id='block_1_2' title="bbox 1297 423 2258 504">
    <p class='ocr_par' dir='ltr' id='par_1_2' title="bbox 1297 423 2258 504">
     <span class='ocr_line' id='line_1_2' title="bbox 1297 423 2258 504; baseline 0.005 -25"><span class='ocrx_word' id='word_1_2' title='bbox 1297 423 1690 480; x_wconf 65' lang='lat' dir='ltr'><strong>annonam</strong></span> <span class='ocrx_word' id='word_1_3' title='bbox 1729 423 2258 504; x_wconf 68' lang='lat' dir='ltr'><strong>ECCLESlASTlCA</strong></span> 
     </span>
    </p>
   </div>
   <div class='ocr_carea' id='block_1_3' title="bbox 3311 438 3412 492">
    <p class='ocr_par' dir='ltr' id='par_1_3' title="bbox 3311 438 3412 492">
     <span class='ocr_line' id='line_1_3' title="bbox 3311 438 3412 492; baseline 0 0"><span class='ocrx_word' id='word_1_4' title='bbox 3311 438 3412 492; x_wconf 71' lang='grc'><strong>998</strong></span> 
     </span>
    </p>
   </div>
   <div class='ocr_carea' id='block_1_4' title="bbox 148 538 3409 619">
    <p class='ocr_par' dir='ltr' id='par_1_4' title="bbox 148 538 3409 619">
     <span class='ocr_line' id='line_1_4' title="bbox 148 538 3409 619; baseline 0.003 -24"><span class='ocrx_word' id='word_1_5' title='bbox 148 540 370 610; x_wconf 61' lang='lat' dir='ltr'><strong>praefati</strong></span> <span class='ocrx_word' id='word_1_6' title='bbox 399 541 713 596; x_wconf 75' lang='lat' dir='ltr'><strong>monasterii</strong></span> <span class='ocrx_word' id='word_1_7' title='bbox 741 541 794 596; x_wconf 92' lang='lat' dir='ltr'><strong>in</strong></span> <span class='ocrx_word' id='word_1_8' title='bbox 827 556 980 595; x_wconf 82' lang='lat' dir='ltr'><strong>nsunt</strong></span> <span class='ocrx_word' id='word_1_9' title='bbox 1012 555 1168 595; x_wconf 90' lang='lat' dir='ltr'><strong>suum</strong></span> <span class='ocrx_word' id='word_1_10' title='bbox 1218 540 1488 595; x_wconf 87' lang='lat' dir='ltr'><strong>vindicent</strong></span> <span class='ocrx_word' id='word_1_11' title='bbox 1535 538 1736 608; x_wconf 87' lang='lat' dir='ltr'><strong>absque</strong></span> <span class='ocrx_word' id='word_1_12' title='bbox 1765 547 1811 603; x_wconf 78' lang='grc' dir='ltr'><strong>Α</strong></span> <span class='ocrx_word' id='word_1_13' title='bbox 1839 553 1868 592; x_wconf 92' lang='lat' dir='ltr'><strong>a</strong></span> <span class='ocrx_word' id='word_1_14' title='bbox 1896 540 2072 610; x_wconf 80' lang='lat' dir='ltr'><strong>vigilia</strong></span> <span class='ocrx_word' id='word_1_15' title='bbox 2099 542 2370 611; x_wconf 73' lang='lat' dir='ltr'><strong>praeclara:</strong></span> <span class='ocrx_word' id='word_1_16' title='bbox 2402 544 2761 601; x_wconf 87' lang='lat' dir='ltr'><strong>solemnitatis</strong></span> <span class='ocrx_word' id='word_1_17' title='bbox 2789 547 2931 602; x_wconf 88' lang='lat' dir='ltr'><strong>beati</strong></span> <span class='ocrx_word' id='word_1_18' title='bbox 2967 546 3205 619; x_wconf 83' lang='lat' dir='ltr'><strong>Dionysii</strong></span> <span class='ocrx_word' id='word_1_19' title='bbox 3237 565 3409 619; x_wconf 82' lang='lat' dir='ltr'><strong>usque</strong></span> 
     </span>
    </p>
   </div>
   <div class='ocr_carea' id='block_1_5' title="bbox 149 631 1736 702">
    <p class='ocr_par' dir='ltr' id='par_1_5' title="bbox 149 631 1736 702">
     <span class='ocr_line' id='line_1_5' title="bbox 149 631 1736 702; baseline -0.002 -15"><span class='ocrx_word' id='word_1_20' title='bbox 149 633 391 702; x_wconf 81' lang='lat' dir='ltr'><strong>alicujus</strong></span> <span class='ocrx_word' id='word_1_21' title='bbox 418 633 787 702; x_wconf 79' lang='lat' dir='ltr'><strong>inquietudine</strong></span> <span class='ocrx_word' id='word_1_22' title='bbox 811 641 865 687; x_wconf 89' lang='lat' dir='ltr'><strong>et</strong></span> <span class='ocrx_word' id='word_1_23' title='bbox 889 631 1083 701; x_wconf 89' lang='lat' dir='ltr'><strong>injusta</strong></span> <span class='ocrx_word' id='word_1_24' title='bbox 1105 631 1511 694; x_wconf 81' lang='lat' dir='ltr'><strong>contrarietate,</strong></span> <span class='ocrx_word' id='word_1_25' title='bbox 1542 639 1647 684; x_wconf 87' lang='lat' dir='ltr'><strong>tam</strong></span> <span class='ocrx_word' id='word_1_26' title='bbox 1669 645 1736 685; x_wconf 78' lang='lat' dir='ltr'><strong>ex</strong></span> 
     </span>
    </p>
   </div>
   <div class='ocr_carea' id='block_1_6' title="bbox 151 722 1737 796">
    <p class='ocr_par' dir='ltr' id='par_1_6' title="bbox 151 722 1737 796">
     <span class='ocr_line' id='line_1_6' title="bbox 151 722 1737 796; baseline -0.002 -18"><span class='ocrx_word' id='word_1_27' title='bbox 151 725 587 796; x_wconf 72' lang='lat' dir='ltr'><strong>negotiatoribus</strong></span> <span class='ocrx_word' id='word_1_28' title='bbox 619 722 899 779; x_wconf 70' lang='lat' dir='ltr'><strong>Saxonica:</strong></span> <span class='ocrx_word' id='word_1_29' title='bbox 920 734 975 779; x_wconf 89' lang='lat' dir='ltr'><strong>et</strong></span> <span class='ocrx_word' id='word_1_30' title='bbox 999 724 1312 779; x_wconf 81' lang='lat' dir='ltr'><strong>Frisionicae</strong></span> <span class='ocrx_word' id='word_1_31' title='bbox 1335 725 1737 793; x_wconf 79' lang='lat' dir='ltr'><strong>gentis,quam—</strong></span> 
     </span>
    </p>
   </div>
   <div class='ocr_carea' id='block_1_7' title="bbox 148 811 1738 885">
    <p class='ocr_par' dir='ltr' id='par_1_7' title="bbox 148 811 1738 885">
     <span class='ocr_line' id='line_1_7' title="bbox 148 811 1738 885; baseline 0 -19"><span class='ocrx_word' id='word_1_32' title='bbox 148 829 267 882; x_wconf 88' lang='lat' dir='ltr'><strong>que</strong></span> <span class='ocrx_word' id='word_1_33' title='bbox 295 822 351 869; x_wconf 90' lang='lat' dir='ltr'><strong>et</strong></span> <span class='ocrx_word' id='word_1_34' title='bbox 374 828 440 868; x_wconf 82' lang='lat' dir='ltr'><strong>ex</strong></span> <span class='ocrx_word' id='word_1_35' title='bbox 469 813 589 869; x_wconf 78' lang='lat' dir='ltr'><strong>aliis</strong></span> <span class='ocrx_word' id='word_1_36' title='bbox 617 814 879 885; x_wconf 82' lang='lat' dir='ltr'><strong>gentibus</strong></span> <span class='ocrx_word' id='word_1_37' title='bbox 920 829 1038 883; x_wconf 67' lang='lat' dir='ltr'><strong>quae</strong></span> <span class='ocrx_word' id='word_1_38' title='bbox 1085 813 1152 867; x_wconf 90' lang='lat' dir='ltr'><strong>de</strong></span> <span class='ocrx_word' id='word_1_39' title='bbox 1190 813 1417 867; x_wconf 84' lang='lat' dir='ltr'><strong>diversis</strong></span> <span class='ocrx_word' id='word_1_40' title='bbox 1446 811 1738 882; x_wconf 76' lang='lat' dir='ltr'><strong>provinciis</strong></span> 
     </span>
    </p>
   </div>
   <div class='ocr_carea' id='block_1_8' title="bbox 148 906 1740 978">
    <p class='ocr_par' dir='ltr' id='par_1_8' title="bbox 148 906 1740 978">
     <span class='ocr_line' id='line_1_8' title="bbox 148 906 1740 978; baseline -0.001 -17"><span class='ocrx_word' id='word_1_41' title='bbox 148 917 212 961; x_wconf 83' lang='lat' dir='ltr'><strong>et</strong></span> <span class='ocrx_word' id='word_1_42' title='bbox 242 907 533 963; x_wconf 86' lang='lat' dir='ltr'><strong>territoriis</strong></span> <span class='ocrx_word' id='word_1_43' title='bbox 560 908 688 964; x_wconf 89' lang='lat' dir='ltr'><strong>illuc</strong></span> <span class='ocrx_word' id='word_1_44' title='bbox 717 923 782 964; x_wconf 88' lang='lat' dir='ltr'><strong>eo</strong></span> <span class='ocrx_word' id='word_1_45' title='bbox 807 917 1049 978; x_wconf 82' lang='lat' dir='ltr'><strong>tempore</strong></span> <span class='ocrx_word' id='word_1_46' title='bbox 1078 907 1384 978; x_wconf 74' lang='lat' dir='ltr'><strong>negotiandi</strong></span> <span class='ocrx_word' id='word_1_47' title='bbox 1415 906 1740 962; x_wconf 84' lang='lat' dir='ltr'><strong>conveniunt</strong></span> 
     </span>
    </p>
   </div>
   <div class='ocr_carea' id='block_1_9' title="bbox 149 998 1736 1088">
    <p class='ocr_par' dir='ltr' id='par_1_9' title="bbox 149 998 1736 1088">
     <span class='ocr_line' id='line_1_9' title="bbox 149 998 1736 1088; baseline 0 -36"><span class='ocrx_word' id='word_1_48' title='bbox 149 999 359 1068; x_wconf 81' lang='lat' dir='ltr'><strong>gratia,</strong></span> <span class='ocrx_word' id='word_1_49' title='bbox 390 1014 597 1056; x_wconf 81' lang='lat' dir='ltr'><strong>necnon</strong></span> <span class='ocrx_word' id='word_1_50' title='bbox 624 1008 680 1055; x_wconf 90' lang='lat' dir='ltr'><strong>et</strong></span> <span class='ocrx_word' id='word_1_51' title='bbox 707 1000 776 1054; x_wconf 89' lang='lat' dir='ltr'><strong>de</strong></span> <span class='ocrx_word' id='word_1_52' title='bbox 802 999 973 1088; x_wconf 68' lang='lat' dir='ltr'><strong>carris</strong></span> <span class='ocrx_word' id='word_1_53' title='bbox 997 1007 1052 1053; x_wconf 85' lang='lat' dir='ltr'><strong>et</strong></span> <span class='ocrx_word' id='word_1_54' title='bbox 1075 1000 1304 1054; x_wconf 79' lang='lat' dir='ltr'><strong>navibus</strong></span> <span class='ocrx_word' id='word_1_55' title='bbox 1333 1006 1386 1053; x_wconf 92' lang='lat' dir='ltr'><strong>et</strong></span> <span class='ocrx_word' id='word_1_56' title='bbox 1409 998 1619 1053; x_wconf 68' lang='lat' dir='ltr'><strong>caneris</strong></span> <span class='ocrx_word' id='word_1_57' title='bbox 1647 1013 1736 1052; x_wconf 87' lang='lat' dir='ltr'><strong>ve-</strong></span> 
     </span>
    </p>
   </div>
   <div class='ocr_carea' id='block_1_10' title="bbox 152 1089 1738 1159">
    <p class='ocr_par' dir='ltr' id='par_1_10' title="bbox 152 1089 1738 1159">
     <span class='ocr_line' id='line_1_10' title="bbox 152 1089 1738 1159; baseline -0.001 -17"><span class='ocrx_word' id='word_1_58' title='bbox 152 1089 375 1154; x_wconf 79' lang='lat' dir='ltr'><strong>hiculis,</strong></span> <span class='ocrx_word' id='word_1_59' title='bbox 406 1090 600 1159; x_wconf 88' lang='lat' dir='ltr'><strong>quibus</strong></span> <span class='ocrx_word' id='word_1_60' title='bbox 625 1091 812 1144; x_wconf 89' lang='lat' dir='ltr'><strong>vinum</strong></span> <span class='ocrx_word' id='word_1_61' title='bbox 851 1098 905 1144; x_wconf 91' lang='lat' dir='ltr'><strong>et</strong></span> <span class='ocrx_word' id='word_1_62' title='bbox 938 1089 1044 1144; x_wconf 90' lang='lat' dir='ltr'><strong>mel</strong></span> <span class='ocrx_word' id='word_1_63' title='bbox 1073 1097 1127 1142; x_wconf 93' lang='lat' dir='ltr'><strong>et</strong></span> <span class='ocrx_word' id='word_1_64' title='bbox 1158 1089 1262 1143; x_wconf 79' lang='lat' dir='ltr'><strong>alia</strong></span> <span class='ocrx_word' id='word_1_65' title='bbox 1301 1089 1558 1157; x_wconf 87' lang='lat' dir='ltr'><strong>pleraque</strong></span> <span class='ocrx_word' id='word_1_66' title='bbox 1590 1102 1738 1142; x_wconf 88' lang='lat' dir='ltr'><strong>com-</strong></span> 
     </span>
    </p>
   </div>
   <div class='ocr_carea' id='block_1_11' title="bbox 147 1180 1736 1252">
    <p class='ocr_par' dir='ltr' id='par_1_11' title="bbox 147 1180 1736 1252">
     <span class='ocr_line' id='line_1_11' title="bbox 147 1180 1736 1252; baseline 0.001 -19"><span class='ocrx_word' id='word_1_67' title='bbox 147 1180 359 1236; x_wconf 86' lang='lat' dir='ltr'><strong>mercia</strong></span> <span class='ocrx_word' id='word_1_68' title='bbox 389 1180 516 1234; x_wconf 91' lang='lat' dir='ltr'><strong>illuc</strong></span> <span class='ocrx_word' id='word_1_69' title='bbox 538 1180 605 1234; x_wconf 89' lang='lat' dir='ltr'><strong>ad</strong></span> <span class='ocrx_word' id='word_1_70' title='bbox 631 1181 982 1236; x_wconf 83' lang='lat' dir='ltr'><strong>mercandum</strong></span> <span class='ocrx_word' id='word_1_71' title='bbox 1028 1182 1402 1252; x_wconf 87' lang='lat' dir='ltr'><strong>deportantur,</strong></span> <span class='ocrx_word' id='word_1_72' title='bbox 1437 1196 1531 1235; x_wconf 91' lang='lat' dir='ltr'><strong>seu</strong></span> <span class='ocrx_word' id='word_1_73' title='bbox 1569 1182 1736 1235; x_wconf 89' lang='lat' dir='ltr'><strong>etiam</strong></span> 
     </span>
    </p>
   </div>
   <div class='ocr_carea' id='block_1_12' title="bbox 150 1270 1736 1341">
    <p class='ocr_par' dir='ltr' id='par_1_12' title="bbox 150 1270 1736 1341">
     <span class='ocr_line' id='line_1_12' title="bbox 150 1270 1736 1341; baseline 0.003 -19"><span class='ocrx_word' id='word_1_74' title='bbox 150 1279 213 1324; x_wconf 79' lang='lat' dir='ltr'><strong>ct</strong></span> <span class='ocrx_word' id='word_1_75' title='bbox 236 1270 303 1325; x_wconf 86' lang='lat' dir='ltr'><strong>de</strong></span> <span class='ocrx_word' id='word_1_76' title='bbox 328 1271 542 1325; x_wconf 92' lang='lat' dir='ltr'><strong>cunctis</strong></span> <span class='ocrx_word' id='word_1_77' title='bbox 579 1271 703 1327; x_wconf 89' lang='lat' dir='ltr'><strong>aliis</strong></span> <span class='ocrx_word' id='word_1_78' title='bbox 747 1272 1135 1336; x_wconf 87' lang='lat' dir='ltr'><strong>mercimoniis,</strong></span> <span class='ocrx_word' id='word_1_79' title='bbox 1161 1274 1280 1341; x_wconf 73' lang='lat' dir='ltr'><strong>qua:</strong></span> <span class='ocrx_word' id='word_1_80' title='bbox 1319 1273 1438 1326; x_wconf 88' lang='lat' dir='ltr'><strong>sive</strong></span> <span class='ocrx_word' id='word_1_81' title='bbox 1461 1272 1512 1325; x_wconf 90' lang='lat' dir='ltr'><strong>in</strong></span> <span class='ocrx_word' id='word_1_82' title='bbox 1546 1273 1736 1327; x_wconf 89' lang='lat' dir='ltr'><strong>eodem</strong></span> 
     </span>
    </p>
   </div>
   <div class='ocr_carea' id='block_1_13' title="bbox 150 1359 1738 1430">
    <p class='ocr_par' dir='ltr' id='par_1_13' title="bbox 150 1359 1738 1430">
     <span class='ocr_line' id='line_1_13' title="bbox 150 1359 1738 1430; baseline 0.002 -18"><span class='ocrx_word' id='word_1_83' title='bbox 150 1367 421 1424; x_wconf 84' lang='lat' dir='ltr'><strong>mercatu,</strong></span> <span class='ocrx_word' id='word_1_84' title='bbox 447 1360 558 1414; x_wconf 83' lang='lat' dir='ltr'><strong>sive</strong></span> <span class='ocrx_word' id='word_1_85' title='bbox 589 1359 728 1414; x_wconf 86' lang='lat' dir='ltr'><strong>infra</strong></span> <span class='ocrx_word' id='word_1_86' title='bbox 759 1360 1091 1417; x_wconf 84' lang='lat' dir='ltr'><strong>Parisiorum</strong></span> <span class='ocrx_word' id='word_1_87' title='bbox 1126 1361 1338 1425; x_wconf 84' lang='lat' dir='ltr'><strong>urbem,</strong></span> <span class='ocrx_word' id='word_1_88' title='bbox 1367 1361 1481 1415; x_wconf 82' lang='lat' dir='ltr'><strong>sive</strong></span> <span class='ocrx_word' id='word_1_89' title='bbox 1509 1360 1565 1414; x_wconf 91' lang='lat' dir='ltr'><strong>in</strong></span> <span class='ocrx_word' id='word_1_90' title='bbox 1615 1361 1738 1430; x_wconf 88' lang='lat' dir='ltr'><strong>qui-</strong></span> 
     </span>
    </p>
   </div>
   <div class='ocr_carea' id='block_1_14' title="bbox 150 1447 1736 1521">
    <p class='ocr_par' dir='ltr' id='par_1_14' title="bbox 150 1447 1736 1521">
     <span class='ocr_line' id='line_1_14' title="bbox 150 1447 1736 1521; baseline 0.003 -20"><span class='ocrx_word' id='word_1_91' title='bbox 150 1447 391 1504; x_wconf 80' lang='lat' dir='ltr'><strong>buslibet</strong></span> <span class='ocrx_word' id='word_1_92' title='bbox 438 1449 560 1504; x_wconf 89' lang='lat' dir='ltr'><strong>aliis</strong></span> <span class='ocrx_word' id='word_1_93' title='bbox 609 1450 771 1516; x_wconf 87' lang='lat' dir='ltr'><strong>villis,</strong></span> <span class='ocrx_word' id='word_1_94' title='bbox 803 1450 1067 1519; x_wconf 84' lang='lat' dir='ltr'><strong>locisque,</strong></span> <span class='ocrx_word' id='word_1_95' title='bbox 1105 1460 1158 1505; x_wconf 87' lang='lat' dir='ltr'><strong>et</strong></span> <span class='ocrx_word' id='word_1_96' title='bbox 1208 1453 1374 1521; x_wconf 90' lang='lat' dir='ltr'><strong>agris,</strong></span> <span class='ocrx_word' id='word_1_97' title='bbox 1407 1452 1460 1506; x_wconf 90' lang='lat' dir='ltr'><strong>in</strong></span> <span class='ocrx_word' id='word_1_98' title='bbox 1504 1453 1736 1509; x_wconf 88' lang='lat' dir='ltr'><strong>circuitu</strong></span> 
     </span>
    </p>
   </div>
   <div class='ocr_carea' id='block_1_15' title="bbox 151 1538 1736 1611">
    <p class='ocr_par' dir='ltr' id='par_1_15' title="bbox 151 1538 1736 1611">
     <span class='ocr_line' id='line_1_15' title="bbox 151 1538 1736 1611; baseline 0.004 -22"><span class='ocrx_word' id='word_1_99' title='bbox 151 1538 304 1593; x_wconf 88' lang='lat' dir='ltr'><strong>illius</strong></span> <span class='ocrx_word' id='word_1_100' title='bbox 342 1547 615 1608; x_wconf 86' lang='lat' dir='ltr'><strong>mercatus</strong></span> <span class='ocrx_word' id='word_1_101' title='bbox 638 1539 1045 1608; x_wconf 86' lang='lat' dir='ltr'><strong>circumjectum</strong></span> <span class='ocrx_word' id='word_1_102' title='bbox 1075 1546 1201 1593; x_wconf 91' lang='lat' dir='ltr'><strong>tunc</strong></span> <span class='ocrx_word' id='word_1_103' title='bbox 1229 1541 1484 1610; x_wconf 89' lang='lat' dir='ltr'><strong>temporis</strong></span> <span class='ocrx_word' id='word_1_104' title='bbox 1517 1557 1546 1595; x_wconf 93' lang='lat' dir='ltr'><strong>a</strong></span> <span class='ocrx_word' id='word_1_105' title='bbox 1572 1556 1736 1611; x_wconf 79' lang='lat' dir='ltr'><strong>nego-</strong></span> 
     </span>
    </p>
   </div>
   <div class='ocr_carea' id='block_1_16' title="bbox 151 1630 1740 1689">
    <p class='ocr_par' dir='ltr' id='par_1_16' title="bbox 151 1630 1740 1689">
     <span class='ocr_line' id='line_1_16' title="bbox 151 1630 1740 1689; baseline 0.003 -7"><span class='ocrx_word' id='word_1_106' title='bbox 151 1630 446 1689; x_wconf 87' lang='lat' dir='ltr'><strong>tiatoribus</strong></span> <span class='ocrx_word' id='word_1_107' title='bbox 498 1630 622 1684; x_wconf 84' lang='lat' dir='ltr'><strong>illuc</strong></span> <span class='ocrx_word' id='word_1_108' title='bbox 670 1631 1113 1685; x_wconf 83' lang='lat' dir='ltr'><strong>convenientibus</strong></span> <span class='ocrx_word' id='word_1_109' title='bbox 1159 1631 1312 1685; x_wconf 91' lang='lat' dir='ltr'><strong>ﬁunt.</strong></span> <span class='ocrx_word' id='word_1_110' title='bbox 1367 1632 1440 1685; x_wconf 94' lang='lat' dir='ltr'><strong>De</strong></span> <span class='ocrx_word' id='word_1_111' title='bbox 1490 1633 1740 1688; x_wconf 86' lang='lat' dir='ltr'><strong>omnibus</strong></span> 
     </span>
    </p>
   </div>
   <div class='ocr_carea' id='block_1_17' title="bbox 150 1719 1734 1794">
    <p class='ocr_par' dir='ltr' id='par_1_17' title="bbox 150 1719 1734 1794">
     <span class='ocr_line' id='line_1_17' title="bbox 150 1719 1734 1794; baseline 0.001 -22"><span class='ocrx_word' id='word_1_112' title='bbox 150 1719 366 1774; x_wconf 86' lang='lat' dir='ltr'><strong>scilicet</strong></span> <span class='ocrx_word' id='word_1_113' title='bbox 395 1719 750 1790; x_wconf 83' lang='lat' dir='ltr'><strong>undecunque</strong></span> <span class='ocrx_word' id='word_1_114' title='bbox 790 1719 954 1775; x_wconf 92' lang='lat' dir='ltr'><strong>ﬁscus</strong></span> <span class='ocrx_word' id='word_1_115' title='bbox 980 1720 1247 1775; x_wconf 88' lang='lat' dir='ltr'><strong>teloneum</strong></span> <span class='ocrx_word' id='word_1_116' title='bbox 1286 1722 1502 1792; x_wconf 79' lang='lat' dir='ltr'><strong>exigere</strong></span> <span class='ocrx_word' id='word_1_117' title='bbox 1539 1728 1734 1794; x_wconf 84' lang='lat' dir='ltr'><strong>potest,</strong></span> 
     </span>
    </p>
   </div>
   <div class='ocr_carea' id='block_1_18' title="bbox 148 1798 1735 1882">
    <p class='ocr_par' dir='ltr' id='par_1_18' title="bbox 148 1798 1735 1882">
     <span class='ocr_line' id='line_1_18' title="bbox 148 1798 1735 1882; baseline 0.003 -21"><span class='ocrx_word' id='word_1_118' title='bbox 148 1825 317 1864; x_wconf 86' lang='lat' dir='ltr'><strong>omne</strong></span> <span class='ocrx_word' id='word_1_119' title='bbox 339 1809 605 1870; x_wconf 82' lang='lat' dir='ltr'><strong>teloneum</strong></span> <span class='ocrx_word' id='word_1_120' title='bbox 629 1810 696 1865; x_wconf 90' lang='lat' dir='ltr'><strong>ad</strong></span> <span class='ocrx_word' id='word_1_121' title='bbox 720 1811 986 1882; x_wconf 84' lang='lat' dir='ltr'><strong>integrum</strong></span> <span class='ocrx_word' id='word_1_122' title='bbox 1013 1798 1268 1881; x_wconf 26' lang='lat' dir='ltr'><strong>per‘hanc</strong></span> <span class='ocrx_word' id='word_1_123' title='bbox 1286 1812 1526 1866; x_wconf 88' lang='lat' dir='ltr'><strong>nostram</strong></span> <span class='ocrx_word' id='word_1_124' title='bbox 1550 1819 1735 1865; x_wconf 86' lang='lat' dir='ltr'><strong>aucto-</strong></span> 
     </span>
    </p>
   </div>
   <div class='ocr_carea' id='block_1_19' title="bbox 1841 628 3408 702">
    <p class='ocr_par' dir='ltr' id='par_1_19' title="bbox 1841 628 3408 702">
     <span class='ocr_line' id='line_1_19' title="bbox 1841 628 3408 702; baseline 0.01 -21"><span class='ocrx_word' id='word_1_125' title='bbox 1841 628 1967 682; x_wconf 92' lang='lat' dir='ltr'><strong>dum</strong></span> <span class='ocrx_word' id='word_1_126' title='bbox 1994 638 2293 686; x_wconf 59' lang='lat' dir='ltr'><strong>mercetum</strong></span> <span class='ocrx_word' id='word_1_127' title='bbox 2321 633 2490 702; x_wconf 89' lang='lat' dir='ltr'><strong>ipsius</strong></span> <span class='ocrx_word' id='word_1_128' title='bbox 2513 633 2722 689; x_wconf 90' lang='lat' dir='ltr'><strong>ﬁnitum</strong></span> <span class='ocrx_word' id='word_1_129' title='bbox 2763 637 3047 702; x_wconf 85' lang='lat' dir='ltr'><strong>habeatur,</strong></span> <span class='ocrx_word' id='word_1_130' title='bbox 3087 648 3142 692; x_wconf 91' lang='lat' dir='ltr'><strong>et</strong></span> <span class='ocrx_word' id='word_1_131' title='bbox 3174 641 3408 696; x_wconf 88' lang='lat' dir='ltr'><strong>auctori-</strong></span> 
     </span>
    </p>
   </div>
   <div class='ocr_carea' id='block_1_20' title="bbox 1839 723 3413 802">
    <p class='ocr_par' dir='ltr' id='par_1_20' title="bbox 1839 723 3413 802">
     <span class='ocr_line' id='line_1_20' title="bbox 1839 723 3413 802; baseline 0.007 -28"><span class='ocrx_word' id='word_1_132' title='bbox 1839 727 1949 775; x_wconf 86' lang='lat' dir='ltr'><strong>tate</strong></span> <span class='ocrx_word' id='word_1_133' title='bbox 1977 728 2030 775; x_wconf 91' lang='lat' dir='ltr'><strong>et</strong></span> <span class='ocrx_word' id='word_1_134' title='bbox 2058 723 2342 791; x_wconf 64' lang='lat' dir='ltr'><strong>praeceptis</strong></span> <span class='ocrx_word' id='word_1_135' title='bbox 2371 724 2457 779; x_wconf 89' lang='lat' dir='ltr'><strong>avi</strong></span> <span class='ocrx_word' id='word_1_136' title='bbox 2489 725 2662 779; x_wconf 88' lang='lat' dir='ltr'><strong>nostri</strong></span> <span class='ocrx_word' id='word_1_137' title='bbox 2686 726 2898 796; x_wconf 88' lang='lat' dir='ltr'><strong>Pippini</strong></span> <span class='ocrx_word' id='word_1_138' title='bbox 2942 729 3214 799; x_wconf 90' lang='lat' dir='ltr'><strong>quondam</strong></span> <span class='ocrx_word' id='word_1_139' title='bbox 3247 731 3413 802; x_wconf 87' lang='lat' dir='ltr'><strong>regis,</strong></span> 
     </span>
    </p>
   </div>
   <div class='ocr_carea' id='block_1_21' title="bbox 1837 811 3418 891">
    <p class='ocr_par' dir='ltr' id='par_1_21' title="bbox 1837 811 3418 891">
     <span class='ocr_line' id='line_1_21' title="bbox 1837 811 3418 891; baseline 0.006 -26"><span class='ocrx_word' id='word_1_140' title='bbox 1837 819 1891 865; x_wconf 90' lang='lat' dir='ltr'><strong>et</strong></span> <span class='ocrx_word' id='word_1_141' title='bbox 1913 811 2094 866; x_wconf 86' lang='lat' dir='ltr'><strong>domui</strong></span> <span class='ocrx_word' id='word_1_142' title='bbox 2125 813 2384 882; x_wconf 85' lang='lat' dir='ltr'><strong>genitoris</strong></span> <span class='ocrx_word' id='word_1_143' title='bbox 2417 815 2586 869; x_wconf 87' lang='lat' dir='ltr'><strong>nostri</strong></span> <span class='ocrx_word' id='word_1_144' title='bbox 2617 814 2794 871; x_wconf 88' lang='lat' dir='ltr'><strong>Caroli</strong></span> <span class='ocrx_word' id='word_1_145' title='bbox 2816 819 2919 887; x_wconf 70' lang='lat' dir='ltr'><strong>pia:</strong></span> <span class='ocrx_word' id='word_1_146' title='bbox 2943 820 3221 874; x_wconf 72' lang='lat' dir='ltr'><strong>memoriae</strong></span> <span class='ocrx_word' id='word_1_147' title='bbox 3250 821 3418 891; x_wconf 84' lang='lat' dir='ltr'><strong>impe-</strong></span> 
     </span>
    </p>
   </div>
   <div class='ocr_carea' id='block_1_22' title="bbox 1838 902 3414 979">
    <p class='ocr_par' dir='ltr' id='par_1_22' title="bbox 1838 902 3414 979">
     <span class='ocr_line' id='line_1_22' title="bbox 1838 902 3414 979; baseline 0.006 -24"><span class='ocrx_word' id='word_1_148' title='bbox 1838 902 2379 973; x_wconf 82' lang='lat' dir='ltr'><strong>ratoris,.nostraque</strong></span> <span class='ocrx_word' id='word_1_149' title='bbox 2403 905 2608 974; x_wconf 86' lang='lat' dir='ltr'><strong>pariter</strong></span> <span class='ocrx_word' id='word_1_150' title='bbox 2639 906 3096 972; x_wconf 89' lang='lat' dir='ltr'><strong>corroboratione,</strong></span> <span class='ocrx_word' id='word_1_151' title='bbox 3131 911 3414 979; x_wconf 91' lang='lat' dir='ltr'><strong>quodcun-</strong></span> 
     </span>
    </p>
   </div>
   <div class='ocr_carea' id='block_1_23' title="bbox 1836 993 3408 1068">
    <p class='ocr_par' dir='ltr' id='par_1_23' title="bbox 1836 993 3408 1068">
     <span class='ocr_line' id='line_1_23' title="bbox 1836 993 3408 1068; baseline 0.005 -22"><span class='ocrx_word' id='word_1_152' title='bbox 1836 1007 1941 1062; x_wconf 87' lang='lat' dir='ltr'><strong>que</strong></span> <span class='ocrx_word' id='word_1_153' title='bbox 1962 993 2168 1062; x_wconf 86' lang='lat' dir='ltr'><strong>acquiri</strong></span> <span class='ocrx_word' id='word_1_154' title='bbox 2203 1000 2399 1063; x_wconf 86' lang='lat' dir='ltr'><strong>potest,</strong></span> <span class='ocrx_word' id='word_1_155' title='bbox 2453 995 2698 1064; x_wconf 88' lang='lat' dir='ltr'><strong>partibus</strong></span> <span class='ocrx_word' id='word_1_156' title='bbox 2747 995 2919 1050; x_wconf 86' lang='lat' dir='ltr'><strong>sancti</strong></span> <span class='ocrx_word' id='word_1_157' title='bbox 2967 997 3208 1068; x_wconf 82' lang='lat' dir='ltr'><strong>Dionysii</strong></span> <span class='ocrx_word' id='word_1_158' title='bbox 3254 999 3408 1054; x_wconf 86' lang='lat' dir='ltr'><strong>reddi</strong></span> 
     </span>
    </p>
   </div>
   <div class='ocr_carea' id='block_1_24' title="bbox 1837 1086 3412 1159">
    <p class='ocr_par' dir='ltr' id='par_1_24' title="bbox 1837 1086 3412 1159">
     <span class='ocr_line' id='line_1_24' title="bbox 1837 1086 3412 1159; baseline 0.004 -21"><span class='ocrx_word' id='word_1_159' title='bbox 1837 1092 1998 1154; x_wconf 89' lang='lat' dir='ltr'><strong>atque</strong></span> <span class='ocrx_word' id='word_1_160' title='bbox 2026 1086 2211 1140; x_wconf 87' lang='lat' dir='ltr'><strong>haberi</strong></span> <span class='ocrx_word' id='word_1_161' title='bbox 2232 1086 2447 1150; x_wconf 89' lang='lat' dir='ltr'><strong>debeat,</strong></span> <span class='ocrx_word' id='word_1_162' title='bbox 2483 1094 2593 1140; x_wconf 90' lang='lat' dir='ltr'><strong>tam</strong></span> <span class='ocrx_word' id='word_1_163' title='bbox 2615 1086 2682 1141; x_wconf 93' lang='lat' dir='ltr'><strong>de</strong></span> <span class='ocrx_word' id='word_1_164' title='bbox 2703 1087 2990 1156; x_wconf 89' lang='lat' dir='ltr'><strong>portatico,</strong></span> <span class='ocrx_word' id='word_1_165' title='bbox 3028 1095 3083 1143; x_wconf 91' lang='lat' dir='ltr'><strong>et</strong></span> <span class='ocrx_word' id='word_1_166' title='bbox 3115 1091 3412 1159; x_wconf 86' lang='lat' dir='ltr'><strong>pontatico,</strong></span> 
     </span>
    </p>
   </div>
   <div class='ocr_carea' id='block_1_25' title="bbox 1837 1174 3411 1243">
    <p class='ocr_par' dir='ltr' id='par_1_25' title="bbox 1837 1174 3411 1243">
     <span class='ocr_line' id='line_1_25' title="bbox 1837 1174 3411 1243; baseline 0.002 -14"><span class='ocrx_word' id='word_1_167' title='bbox 1837 1183 1890 1229; x_wconf 93' lang='lat' dir='ltr'><strong>et</strong></span> <span class='ocrx_word' id='word_1_168' title='bbox 1919 1175 2147 1243; x_wconf 82' lang='lat' dir='ltr'><strong>ripatieo</strong></span> <span class='ocrx_word' id='word_1_169' title='bbox 2172 1215 2185 1239; x_wconf 94' lang='lat'><strong>,</strong></span> <span class='ocrx_word' id='word_1_170' title='bbox 2217 1183 2271 1230; x_wconf 91' lang='lat' dir='ltr'><strong>et</strong></span> <span class='ocrx_word' id='word_1_171' title='bbox 2299 1175 2546 1242; x_wconf 89' lang='lat' dir='ltr'><strong>rotatieo,</strong></span> <span class='ocrx_word' id='word_1_172' title='bbox 2577 1184 2631 1230; x_wconf 90' lang='lat' dir='ltr'><strong>et</strong></span> <span class='ocrx_word' id='word_1_173' title='bbox 2655 1175 2988 1240; x_wconf 90' lang='lat' dir='ltr'><strong>timonatico,</strong></span> <span class='ocrx_word' id='word_1_174' title='bbox 3020 1183 3075 1231; x_wconf 91' lang='lat' dir='ltr'><strong>et</strong></span> <span class='ocrx_word' id='word_1_175' title='bbox 3098 1174 3411 1243; x_wconf 81' lang='lat' dir='ltr'><strong>volutatico,</strong></span> 
     </span>
    </p>
   </div>
   <div class='ocr_carea' id='block_1_26' title="bbox 1837 1265 3412 1336">
    <p class='ocr_par' dir='ltr' id='par_1_26' title="bbox 1837 1265 3412 1336">
     <span class='ocr_line' id='line_1_26' title="bbox 1837 1265 3412 1336; baseline 0.002 -15"><span class='ocrx_word' id='word_1_176' title='bbox 1837 1273 1891 1321; x_wconf 91' lang='lat' dir='ltr'><strong>et</strong></span> <span class='ocrx_word' id='word_1_177' title='bbox 1907 1265 2232 1335; x_wconf 88' lang='lat' dir='ltr'><strong>cispitatico,</strong></span> <span class='ocrx_word' id='word_1_178' title='bbox 2252 1274 2304 1320; x_wconf 93' lang='lat' dir='ltr'><strong>et</strong></span> <span class='ocrx_word' id='word_1_179' title='bbox 2320 1266 2670 1336; x_wconf 84' lang='lat' dir='ltr'><strong>pulveratieo,</strong></span> <span class='ocrx_word' id='word_1_180' title='bbox 2686 1274 2740 1320; x_wconf 89' lang='lat' dir='ltr'><strong>et</strong></span> <span class='ocrx_word' id='word_1_181' title='bbox 2761 1265 3032 1331; x_wconf 89' lang='lat' dir='ltr'><strong>fortatico,</strong></span> <span class='ocrx_word' id='word_1_182' title='bbox 3051 1275 3106 1322; x_wconf 90' lang='lat' dir='ltr'><strong>et</strong></span> <span class='ocrx_word' id='word_1_183' title='bbox 3123 1267 3412 1334; x_wconf 88' lang='lat' dir='ltr'><strong>laudatico,</strong></span> 
     </span>
    </p>
   </div>
   <div class='ocr_carea' id='block_1_27' title="bbox 1839 1358 3417 1430">
    <p class='ocr_par' dir='ltr' id='par_1_27' title="bbox 1839 1358 3417 1430">
     <span class='ocr_line' id='line_1_27' title="bbox 1839 1358 3417 1430; baseline 0.003 -18"><span class='ocrx_word' id='word_1_184' title='bbox 1839 1373 1901 1412; x_wconf 90' lang='lat' dir='ltr'><strong>ac</strong></span> <span class='ocrx_word' id='word_1_185' title='bbox 1938 1358 2240 1423; x_wconf 89' lang='lat' dir='ltr'><strong>salutatico,</strong></span> <span class='ocrx_word' id='word_1_186' title='bbox 2273 1374 2437 1428; x_wconf 88' lang='lat' dir='ltr'><strong>quam</strong></span> <span class='ocrx_word' id='word_1_187' title='bbox 2461 1359 2628 1415; x_wconf 89' lang='lat' dir='ltr'><strong>etiam</strong></span> <span class='ocrx_word' id='word_1_188' title='bbox 2679 1368 2734 1414; x_wconf 90' lang='lat' dir='ltr'><strong>et</strong></span> <span class='ocrx_word' id='word_1_189' title='bbox 2781 1359 2848 1416; x_wconf 89' lang='lat' dir='ltr'><strong>de</strong></span> <span class='ocrx_word' id='word_1_190' title='bbox 2895 1361 3119 1430; x_wconf 90' lang='lat' dir='ltr'><strong>reliquis</strong></span> <span class='ocrx_word' id='word_1_191' title='bbox 3166 1363 3417 1417; x_wconf 89' lang='lat' dir='ltr'><strong>omnibus</strong></span> 
     </span>
    </p>
   </div>
   <div class='ocr_carea' id='block_1_28' title="bbox 1838 1446 3420 1522">
    <p class='ocr_par' dir='ltr' id='par_1_28' title="bbox 1838 1446 3420 1522">
     <span class='ocr_line' id='line_1_28' title="bbox 1838 1446 3420 1522; baseline 0.005 -23"><span class='ocrx_word' id='word_1_192' title='bbox 1838 1446 2223 1512; x_wconf 89' lang='lat' dir='ltr'><strong>mercimoniis,</strong></span> <span class='ocrx_word' id='word_1_193' title='bbox 2256 1448 2398 1502; x_wconf 90' lang='lat' dir='ltr'><strong>unde</strong></span> <span class='ocrx_word' id='word_1_194' title='bbox 2424 1448 2512 1503; x_wconf 78' lang='lat' dir='ltr'><strong>lex</strong></span> <span class='ocrx_word' id='word_1_195' title='bbox 2540 1449 2752 1519; x_wconf 90' lang='lat' dir='ltr'><strong>publica</strong></span> <span class='ocrx_word' id='word_1_196' title='bbox 2784 1451 3055 1505; x_wconf 90' lang='lat' dir='ltr'><strong>teloneum</strong></span> <span class='ocrx_word' id='word_1_197' title='bbox 3105 1452 3248 1522; x_wconf 84' lang='lat' dir='ltr'><strong>exigi</strong></span> <span class='ocrx_word' id='word_1_198' title='bbox 3293 1468 3420 1522; x_wconf 52' lang='lat' dir='ltr'><strong>posp</strong></span> 
     </span>
    </p>
   </div>
   <div class='ocr_carea' id='block_1_29' title="bbox 1840 1526 3419 1612">
    <p class='ocr_par' dir='ltr' id='par_1_29' title="bbox 1840 1526 3419 1612">
     <span class='ocr_line' id='line_1_29' title="bbox 1840 1526 3419 1612; baseline 0.006 -21"><span class='ocrx_word' id='word_1_199' title='bbox 1840 1537 1910 1592; x_wconf 90' lang='lat' dir='ltr'><strong>sit</strong></span> <span class='ocrx_word' id='word_1_200' title='bbox 1935 1537 2018 1592; x_wconf 89' lang='lat' dir='ltr'><strong>vel</strong></span> <span class='ocrx_word' id='word_1_201' title='bbox 2045 1539 2255 1593; x_wconf 89' lang='lat' dir='ltr'><strong>debeat.</strong></span> <span class='ocrx_word' id='word_1_202' title='bbox 2285 1538 2435 1595; x_wconf 85' lang='lat' dir='ltr'><strong>Unde</strong></span> <span class='ocrx_word' id='word_1_203' title='bbox 2455 1555 2597 1595; x_wconf 85' lang='lat' dir='ltr'><strong>nunc</strong></span> <span class='ocrx_word' id='word_1_204' title='bbox 2621 1555 2834 1611; x_wconf 90' lang='lat' dir='ltr'><strong>quoque</strong></span> <span class='ocrx_word' id='word_1_205' title='bbox 2855 1526 3250 1611; x_wconf 83' lang='lat' dir='ltr'><strong>comperientes</strong></span> <span class='ocrx_word' id='word_1_206' title='bbox 3274 1545 3419 1612; x_wconf 89' lang='lat' dir='ltr'><strong>quod</strong></span> 
     </span>
    </p>
   </div>
   <div class='ocr_carea' id='block_1_30' title="bbox 1840 1615 3417 1698">
    <p class='ocr_par' dir='ltr' id='par_1_30' title="bbox 1840 1615 3417 1698">
     <span class='ocr_line' id='line_1_30' title="bbox 1840 1615 3417 1698; baseline 0.004 -18"><span class='ocrx_word' id='word_1_207' title='bbox 1840 1615 2056 1696; x_wconf 84' lang='lat' dir='ltr'><strong>quidam</strong></span> <span class='ocrx_word' id='word_1_208' title='bbox 2087 1629 2467 1698; x_wconf 77' lang='lat' dir='ltr'><strong>prtedictorum</strong></span> <span class='ocrx_word' id='word_1_209' title='bbox 2493 1641 2802 1685; x_wconf 86' lang='lat' dir='ltr'><strong>nostrorum</strong></span> <span class='ocrx_word' id='word_1_210' title='bbox 2848 1631 3283 1686; x_wconf 86' lang='lat' dir='ltr'><strong>ministerialium</strong></span> <span class='ocrx_word' id='word_1_211' title='bbox 3330 1648 3417 1686; x_wconf 89' lang='lat' dir='ltr'><strong>su-</strong></span> 
     </span>
    </p>
   </div>
   <div class='ocr_carea' id='block_1_31' title="bbox 1839 1716 3412 1789">
    <p class='ocr_par' dir='ltr' id='par_1_31' title="bbox 1839 1716 3412 1789">
     <span class='ocr_line' id='line_1_31' title="bbox 1839 1716 3412 1789; baseline 0.004 -19"><span class='ocrx_word' id='word_1_212' title='bbox 1839 1733 1935 1787; x_wconf 86' lang='lat' dir='ltr'><strong>pra</strong></span> <span class='ocrx_word' id='word_1_213' title='bbox 1963 1716 2124 1773; x_wconf 92' lang='lat' dir='ltr'><strong>dictis</strong></span> <span class='ocrx_word' id='word_1_214' title='bbox 2159 1719 2323 1789; x_wconf 82' lang='lat' dir='ltr'><strong>regiis</strong></span> <span class='ocrx_word' id='word_1_215' title='bbox 2375 1720 2788 1776; x_wconf 85' lang='lat' dir='ltr'><strong>auctoritatibus</strong></span> <span class='ocrx_word' id='word_1_216' title='bbox 2839 1723 3124 1777; x_wconf 90' lang='lat' dir='ltr'><strong>temerario</strong></span> <span class='ocrx_word' id='word_1_217' title='bbox 3173 1737 3307 1777; x_wconf 89' lang='lat' dir='ltr'><strong>ausu</strong></span> <span class='ocrx_word' id='word_1_218' title='bbox 3356 1723 3412 1777; x_wconf 92' lang='lat' dir='ltr'><strong>iu</strong></span> 
     </span>
    </p>
   </div>
   <div class='ocr_carea' id='block_1_32' title="bbox 1844 1807 3419 1879">
    <p class='ocr_par' dir='ltr' id='par_1_32' title="bbox 1844 1807 3419 1879">
     <span class='ocr_line' id='line_1_32' title="bbox 1844 1807 3419 1879; baseline 0.003 -20"><span class='ocrx_word' id='word_1_219' title='bbox 1844 1807 2120 1862; x_wconf 88' lang='lat' dir='ltr'><strong>reddendo</strong></span> <span class='ocrx_word' id='word_1_220' title='bbox 2176 1807 2262 1863; x_wconf 91' lang='lat' dir='ltr'><strong>vel</strong></span> <span class='ocrx_word' id='word_1_221' title='bbox 2316 1808 2584 1879; x_wconf 80' lang='lat' dir='ltr'><strong>exigendo</strong></span> <span class='ocrx_word' id='word_1_222' title='bbox 2636 1809 2825 1864; x_wconf 92' lang='lat' dir='ltr'><strong>eodem</strong></span> <span class='ocrx_word' id='word_1_223' title='bbox 2885 1810 3092 1864; x_wconf 88' lang='lat' dir='ltr'><strong>teloneo</strong></span> <span class='ocrx_word' id='word_1_224' title='bbox 3147 1812 3419 1865; x_wconf 89' lang='lat' dir='ltr'><strong>contraire</strong></span> 
     </span>
    </p>
   </div>
   <div class='ocr_carea' id='block_1_33' title="bbox 154 1895 1737 1971">
    <p class='ocr_par' dir='ltr' id='par_1_33' title="bbox 154 1900 1737 1970">
     <span class='ocr_line' id='line_1_33' title="bbox 154 1900 1737 1970; baseline 0.003 -18"><span class='ocrx_word' id='word_1_225' title='bbox 154 1901 376 1956; x_wconf 88' lang='lat' dir='ltr'><strong>ritatem</strong></span> <span class='ocrx_word' id='word_1_226' title='bbox 402 1900 625 1970; x_wconf 70' lang='lat' dir='ltr'><strong>praefato</strong></span> <span class='ocrx_word' id='word_1_227' title='bbox 645 1943 660 1968; x_wconf 96' lang='lat'><strong>,</strong></span> <span class='ocrx_word' id='word_1_228' title='bbox 686 1909 746 1956; x_wconf 87' lang='lat' dir='ltr'><strong>ut</strong></span> <span class='ocrx_word' id='word_1_229' title='bbox 781 1902 985 1958; x_wconf 91' lang='lat' dir='ltr'><strong>dictum</strong></span> <span class='ocrx_word' id='word_1_230' title='bbox 1029 1912 1146 1969; x_wconf 85' lang='lat' dir='ltr'><strong>est,</strong></span> <span class='ocrx_word' id='word_1_231' title='bbox 1177 1903 1508 1959; x_wconf 89' lang='lat' dir='ltr'><strong>conferimus</strong></span> <span class='ocrx_word' id='word_1_232' title='bbox 1555 1918 1737 1958; x_wconf 91' lang='lat' dir='ltr'><strong>mona-</strong></span> 
     </span>
    </p>
   </div>
   <div class='ocr_carea' id='block_1_34' title="bbox 1843 1895 3416 1971">
    <p class='ocr_par' dir='ltr' id='par_1_34' title="bbox 1843 1895 3416 1971">
     <span class='ocr_line' id='line_1_34' title="bbox 1843 1895 3416 1971; baseline 0.005 -23"><span class='ocrx_word' id='word_1_233' title='bbox 1843 1895 2578 1971; x_wconf 35' lang='lat' dir='ltr'><strong>apertissimalrefragatione</strong></span> <span class='ocrx_word' id='word_1_234' title='bbox 2611 1900 2882 1965; x_wconf 90' lang='lat' dir='ltr'><strong>videntur,</strong></span> <span class='ocrx_word' id='word_1_235' title='bbox 2913 1901 3053 1956; x_wconf 88' lang='lat' dir='ltr'><strong>hanc</strong></span> <span class='ocrx_word' id='word_1_236' title='bbox 3077 1911 3278 1956; x_wconf 73' lang='lat' dir='ltr'><strong>nostrae</strong></span> <span class='ocrx_word' id='word_1_237' title='bbox 3324 1917 3416 1956; x_wconf 60' lang='lat' dir='ltr'><strong>auo</strong></span> 
     </span>
    </p>
   </div>
   <div class='ocr_carea' id='block_1_35' title="bbox 151 1989 1737 2064">
    <p class='ocr_par' dir='ltr' id='par_1_35' title="bbox 151 1989 1737 2064">
     <span class='ocr_line' id='line_1_35' title="bbox 151 1989 1737 2064; baseline 0.003 -22"><span class='ocrx_word' id='word_1_238' title='bbox 151 1991 343 2054; x_wconf 90' lang='lat' dir='ltr'><strong>sterio,</strong></span> <span class='ocrx_word' id='word_1_239' title='bbox 383 1989 514 2044; x_wconf 88' lang='lat' dir='ltr'><strong>utin</strong></span> <span class='ocrx_word' id='word_1_240' title='bbox 543 2007 673 2046; x_wconf 84' lang='lat' dir='ltr'><strong>usus</strong></span> <span class='ocrx_word' id='word_1_241' title='bbox 698 1993 1131 2064; x_wconf 81' lang='lat' dir='ltr'><strong>congregationis</strong></span> <span class='ocrx_word' id='word_1_242' title='bbox 1160 1993 1374 2049; x_wconf 87' lang='lat' dir='ltr'><strong>ibidem</strong></span> <span class='ocrx_word' id='word_1_243' title='bbox 1409 1993 1519 2048; x_wconf 90' lang='lat' dir='ltr'><strong>Deo</strong></span> <span class='ocrx_word' id='word_1_244' title='bbox 1563 1993 1737 2050; x_wconf 84' lang='lat' dir='ltr'><strong>famu-</strong></span> 
     </span>
    </p>
   </div>
   <div class='ocr_carea' id='block_1_36' title="bbox 152 2078 1736 2150">
    <p class='ocr_par' dir='ltr' id='par_1_36' title="bbox 152 2078 1736 2150">
     <span class='ocr_line' id='line_1_36' title="bbox 152 2078 1736 2150; baseline 0.004 -19"><span class='ocrx_word' id='word_1_245' title='bbox 152 2078 339 2142; x_wconf 86' lang='lat' dir='ltr'><strong>lantis,</strong></span> <span class='ocrx_word' id='word_1_246' title='bbox 368 2088 423 2133; x_wconf 89' lang='lat' dir='ltr'><strong>et</strong></span> <span class='ocrx_word' id='word_1_247' title='bbox 451 2079 737 2135; x_wconf 86' lang='lat' dir='ltr'><strong>luminaria</strong></span> <span class='ocrx_word' id='word_1_248' title='bbox 777 2081 945 2150; x_wconf 86' lang='lat' dir='ltr'><strong>ipsius</strong></span> <span class='ocrx_word' id='word_1_249' title='bbox 981 2083 1642 2146; x_wconf 72' lang='lat' dir='ltr'><strong>ecelesize-concinnanda,</strong></span> <span class='ocrx_word' id='word_1_250' title='bbox 1679 2083 1736 2137; x_wconf 90' lang='lat' dir='ltr'><strong>in</strong></span> 
     </span>
    </p>
   </div>
   <div class='ocr_carea' id='block_1_37' title="bbox 153 2169 1736 2240">
    <p class='ocr_par' dir='ltr' id='par_1_37' title="bbox 153 2169 1736 2240">
     <span class='ocr_line' id='line_1_37' title="bbox 153 2169 1736 2240; baseline 0.002 -17"><span class='ocrx_word' id='word_1_251' title='bbox 153 2179 342 2224; x_wconf 87' lang='lat' dir='ltr'><strong>nostra</strong></span> <span class='ocrx_word' id='word_1_252' title='bbox 411 2169 750 2240; x_wconf 84' lang='lat' dir='ltr'><strong>eleemosyua</strong></span> <span class='ocrx_word' id='word_1_253' title='bbox 816 2172 1078 2240; x_wconf 88' lang='lat' dir='ltr'><strong>perpetim</strong></span> <span class='ocrx_word' id='word_1_254' title='bbox 1141 2173 1315 2226; x_wconf 87' lang='lat' dir='ltr'><strong>cedat.</strong></span> <span class='ocrx_word' id='word_1_255' title='bbox 1385 2171 1736 2240; x_wconf 70' lang='lat' dir='ltr'><strong>Praecipimus</strong></span> 
     </span>
    </p>
   </div>
   <div class='ocr_carea' id='block_1_38' title="bbox 151 2263 1735 2332">
    <p class='ocr_par' dir='ltr' id='par_1_38' title="bbox 151 2263 1735 2332">
     <span class='ocr_line' id='line_1_38' title="bbox 151 2263 1735 2332; baseline -0.001 -16"><span class='ocrx_word' id='word_1_256' title='bbox 151 2263 324 2317; x_wconf 85' lang='lat' dir='ltr'><strong>etiam</strong></span> <span class='ocrx_word' id='word_1_257' title='bbox 352 2272 509 2332; x_wconf 88' lang='lat' dir='ltr'><strong>atque</strong></span> <span class='ocrx_word' id='word_1_258' title='bbox 530 2263 780 2331; x_wconf 88' lang='lat' dir='ltr'><strong>jubemus</strong></span> <span class='ocrx_word' id='word_1_259' title='bbox 810 2273 871 2317; x_wconf 93' lang='lat' dir='ltr'><strong>ut</strong></span> <span class='ocrx_word' id='word_1_260' title='bbox 907 2264 1086 2319; x_wconf 91' lang='lat' dir='ltr'><strong>nullus</strong></span> <span class='ocrx_word' id='word_1_261' title='bbox 1115 2263 1350 2318; x_wconf 85' lang='lat' dir='ltr'><strong>ﬁdelium</strong></span> <span class='ocrx_word' id='word_1_262' title='bbox 1398 2271 1735 2326; x_wconf 87' lang='lat' dir='ltr'><strong>nostrorum,</strong></span> 
     </span>
    </p>
   </div>
   <div class='ocr_carea' id='block_1_39' title="bbox 154 2343 1738 2423">
    <p class='ocr_par' dir='ltr' id='par_1_39' title="bbox 154 2343 1738 2423">
     <span class='ocr_line' id='line_1_39' title="bbox 154 2343 1738 2423; baseline -0.001 -17"><span class='ocrx_word' id='word_1_263' title='bbox 154 2369 264 2408; x_wconf 90' lang='lat' dir='ltr'><strong>nec</strong></span> <span class='ocrx_word' id='word_1_264' title='bbox 296 2352 518 2422; x_wconf 86' lang='lat' dir='ltr'><strong>quilibet</strong></span> <span class='ocrx_word' id='word_1_265' title='bbox 547 2361 770 2406; x_wconf 80' lang='lat' dir='ltr'><strong>exactor</strong></span> <span class='ocrx_word' id='word_1_266' title='bbox 811 2343 1109 2423; x_wconf 74' lang='lat' dir='ltr'><strong>iudiciariae</strong></span> <span class='ocrx_word' id='word_1_267' title='bbox 1161 2351 1466 2421; x_wconf 86' lang='lat' dir='ltr'><strong>potestatis,</strong></span> <span class='ocrx_word' id='word_1_268' title='bbox 1501 2350 1738 2419; x_wconf 89' lang='lat' dir='ltr'><strong>aliquam</strong></span> 
     </span>
    </p>
   </div>
   <div class='ocr_carea' id='block_1_40' title="bbox 152 2439 1737 2519">
    <p class='ocr_par' dir='ltr' id='par_1_40' title="bbox 152 2439 1737 2519">
     <span class='ocr_line' id='line_1_40' title="bbox 152 2439 1737 2519; baseline -0.001 -23"><span class='ocrx_word' id='word_1_269' title='bbox 152 2443 594 2497; x_wconf 74' lang='lat' dir='ltr'><strong>contrarietatem</strong></span> <span class='ocrx_word' id='word_1_270' title='bbox 623 2451 716 2495; x_wconf 87' lang='lat' dir='ltr'><strong>aut</strong></span> <span class='ocrx_word' id='word_1_271' title='bbox 740 2442 1159 2511; x_wconf 88' lang='lat' dir='ltr'><strong>inquietudinem</strong></span> <span class='ocrx_word' id='word_1_272' title='bbox 1186 2441 1250 2496; x_wconf 88' lang='lat' dir='ltr'><strong>de</strong></span> <span class='ocrx_word' id='word_1_273' title='bbox 1283 2442 1476 2519; x_wconf 83' lang='lat' dir='ltr'><strong>eodem</strong></span> <span class='ocrx_word' id='word_1_274' title='bbox 1525 2439 1737 2495; x_wconf 89' lang='lat' dir='ltr'><strong>teloneo</strong></span> 
     </span>
    </p>
   </div>
   <div class='ocr_carea' id='block_1_41' title="bbox 155 2531 1732 2602">
    <p class='ocr_par' dir='ltr' id='par_1_41' title="bbox 155 2531 1732 2602">
     <span class='ocr_line' id='line_1_41' title="bbox 155 2531 1732 2602; baseline -0.004 -15"><span class='ocrx_word' id='word_1_275' title='bbox 155 2543 348 2587; x_wconf 83' lang='lat' dir='ltr'><strong>contra</strong></span> <span class='ocrx_word' id='word_1_276' title='bbox 379 2542 615 2587; x_wconf 89' lang='lat' dir='ltr'><strong>rectores</strong></span> <span class='ocrx_word' id='word_1_277' title='bbox 644 2532 810 2602; x_wconf 83' lang='lat' dir='ltr'><strong>ipsius</strong></span> <span class='ocrx_word' id='word_1_278' title='bbox 837 2531 1144 2586; x_wconf 86' lang='lat' dir='ltr'><strong>monasterii</strong></span> <span class='ocrx_word' id='word_1_279' title='bbox 1175 2531 1396 2598; x_wconf 83' lang='lat' dir='ltr'><strong>ejusque</strong></span> <span class='ocrx_word' id='word_1_280' title='bbox 1437 2543 1732 2599; x_wconf 83' lang='lat' dir='ltr'><strong>congrega-</strong></span> 
     </span>
    </p>
   </div>
   <div class='ocr_carea' id='block_1_42' title="bbox 155 2618 1736 2689">
    <p class='ocr_par' dir='ltr' id='par_1_42' title="bbox 155 2618 1736 2689">
     <span class='ocr_line' id='line_1_42' title="bbox 155 2618 1736 2689; baseline 0 -17"><span class='ocrx_word' id='word_1_281' title='bbox 155 2623 325 2676; x_wconf 80' lang='lat' dir='ltr'><strong>tionis</strong></span> <span class='ocrx_word' id='word_1_282' title='bbox 348 2622 412 2675; x_wconf 87' lang='lat' dir='ltr'><strong>ab</strong></span> <span class='ocrx_word' id='word_1_283' title='bbox 440 2622 698 2676; x_wconf 53' lang='lat' dir='ltr'><strong>hodierno</strong></span> <span class='ocrx_word' id='word_1_284' title='bbox 722 2621 807 2675; x_wconf 89' lang='lat' dir='ltr'><strong>die</strong></span> <span class='ocrx_word' id='word_1_285' title='bbox 836 2627 890 2675; x_wconf 92' lang='lat' dir='ltr'><strong>et</strong></span> <span class='ocrx_word' id='word_1_286' title='bbox 921 2629 1160 2689; x_wconf 88' lang='lat' dir='ltr'><strong>tempore</strong></span> <span class='ocrx_word' id='word_1_287' title='bbox 1205 2618 1386 2674; x_wconf 89' lang='lat' dir='ltr'><strong>facere</strong></span> <span class='ocrx_word' id='word_1_288' title='bbox 1441 2626 1534 2673; x_wconf 93' lang='lat' dir='ltr'><strong>aut</strong></span> <span class='ocrx_word' id='word_1_289' title='bbox 1577 2633 1736 2689; x_wconf 84' lang='lat' dir='ltr'><strong>gene-</strong></span> 
     </span>
    </p>
   </div>
   <div class='ocr_carea' id='block_1_43' title="bbox 158 2708 1738 2786">
    <p class='ocr_par' dir='ltr' id='par_1_43' title="bbox 158 2708 1738 2786">
     <span class='ocr_line' id='line_1_43' title="bbox 158 2708 1738 2786; baseline 0.001 -25"><span class='ocrx_word' id='word_1_290' title='bbox 158 2725 284 2764; x_wconf 90' lang='lat' dir='ltr'><strong>rare</strong></span> <span class='ocrx_word' id='word_1_291' title='bbox 312 2719 623 2780; x_wconf 78' lang='lat' dir='ltr'><strong>przesumat,</strong></span> <span class='ocrx_word' id='word_1_292' title='bbox 651 2725 749 2764; x_wconf 91' lang='lat' dir='ltr'><strong>nec</strong></span> <span class='ocrx_word' id='word_1_293' title='bbox 786 2709 934 2786; x_wconf 85' lang='lat' dir='ltr'><strong>illum</strong></span> <span class='ocrx_word' id='word_1_294' title='bbox 966 2724 1186 2764; x_wconf 90' lang='lat' dir='ltr'><strong>censum</strong></span> <span class='ocrx_word' id='word_1_295' title='bbox 1225 2725 1385 2778; x_wconf 88' lang='lat' dir='ltr'><strong>quem</strong></span> <span class='ocrx_word' id='word_1_296' title='bbox 1418 2708 1496 2780; x_wconf 90' lang='lat' dir='ltr'><strong>[a]</strong></span> <span class='ocrx_word' id='word_1_297' title='bbox 1531 2708 1738 2764; x_wconf 88' lang='lat' dir='ltr'><strong>Soana-</strong></span> 
     </span>
    </p>
   </div>
   <div class='ocr_carea' id='block_1_44' title="bbox 155 2798 1739 2867">
    <p class='ocr_par' dir='ltr' id='par_1_44' title="bbox 155 2798 1739 2867">
     <span class='ocr_line' id='line_1_44' title="bbox 155 2798 1739 2867; baseline -0.001 -13"><span class='ocrx_word' id='word_1_298' title='bbox 155 2800 340 2854; x_wconf 88' lang='lat' dir='ltr'><strong>cbilde</strong></span> <span class='ocrx_word' id='word_1_299' title='bbox 368 2808 424 2853; x_wconf 91' lang='lat' dir='ltr'><strong>et</strong></span> <span class='ocrx_word' id='word_1_300' title='bbox 450 2799 709 2855; x_wconf 84' lang='lat' dir='ltr'><strong>Gerfredo</strong></span> <span class='ocrx_word' id='word_1_301' title='bbox 735 2799 932 2854; x_wconf 89' lang='lat' dir='ltr'><strong>comite</strong></span> <span class='ocrx_word' id='word_1_302' title='bbox 955 2798 1381 2867; x_wconf 81' lang='lat' dir='ltr'><strong>superadditum,</strong></span> <span class='ocrx_word' id='word_1_303' title='bbox 1403 2806 1456 2852; x_wconf 93' lang='lat' dir='ltr'><strong>et</strong></span> <span class='ocrx_word' id='word_1_304' title='bbox 1484 2815 1513 2853; x_wconf 93' lang='lat' dir='ltr'><strong>a</strong></span> <span class='ocrx_word' id='word_1_305' title='bbox 1542 2799 1739 2853; x_wconf 91' lang='lat' dir='ltr'><strong>domno</strong></span> 
     </span>
    </p>
   </div>
   <div class='ocr_carea' id='block_1_45' title="bbox 154 2887 1739 2960">
    <p class='ocr_par' dir='ltr' id='par_1_45' title="bbox 154 2887 1739 2960">
     <span class='ocr_line' id='line_1_45' title="bbox 154 2887 1739 2960; baseline -0.003 -15"><span class='ocrx_word' id='word_1_306' title='bbox 154 2899 214 2945; x_wconf 88' lang='lat' dir='ltr'><strong>et</strong></span> <span class='ocrx_word' id='word_1_307' title='bbox 245 2890 491 2960; x_wconf 85' lang='lat' dir='ltr'><strong>genitore</strong></span> <span class='ocrx_word' id='word_1_308' title='bbox 515 2897 700 2943; x_wconf 89' lang='lat' dir='ltr'><strong>nostro</strong></span> <span class='ocrx_word' id='word_1_309' title='bbox 722 2889 1029 2943; x_wconf 86' lang='lat' dir='ltr'><strong>abdicatum</strong></span> <span class='ocrx_word' id='word_1_310' title='bbox 1060 2894 1164 2952; x_wconf 91' lang='lat' dir='ltr'><strong>est,</strong></span> <span class='ocrx_word' id='word_1_311' title='bbox 1189 2903 1290 2943; x_wconf 90' lang='lat' dir='ltr'><strong>nec</strong></span> <span class='ocrx_word' id='word_1_312' title='bbox 1335 2887 1502 2941; x_wconf 90' lang='lat' dir='ltr'><strong>alium</strong></span> <span class='ocrx_word' id='word_1_313' title='bbox 1551 2901 1739 2956; x_wconf 87' lang='lat' dir='ltr'><strong>quem-</strong></span> 
     </span>
    </p>
   </div>
   <div class='ocr_carea' id='block_1_46' title="bbox 157 2977 1741 3047">
    <p class='ocr_par' dir='ltr' id='par_1_46' title="bbox 157 2977 1741 3047">
     <span class='ocr_line' id='line_1_46' title="bbox 157 2977 1741 3047; baseline -0.001 -15"><span class='ocrx_word' id='word_1_314' title='bbox 157 2980 294 3034; x_wconf 91' lang='lat' dir='ltr'><strong>libet</strong></span> <span class='ocrx_word' id='word_1_315' title='bbox 318 2992 541 3033; x_wconf 88' lang='lat' dir='ltr'><strong>censum</strong></span> <span class='ocrx_word' id='word_1_316' title='bbox 575 2978 1000 3047; x_wconf 72' lang='lat' dir='ltr'><strong>negotiatoribus</strong></span> <span class='ocrx_word' id='word_1_317' title='bbox 1029 2977 1153 3032; x_wconf 89' lang='lat' dir='ltr'><strong>illue</strong></span> <span class='ocrx_word' id='word_1_318' title='bbox 1183 2977 1630 3033; x_wconf 80' lang='lat' dir='ltr'><strong>convenientibus</strong></span> <span class='ocrx_word' id='word_1_319' title='bbox 1655 2992 1741 3030; x_wconf 90' lang='lat' dir='ltr'><strong>su-</strong></span> 
     </span>
    </p>
   </div>
   <div class='ocr_carea' id='block_1_47' title="bbox 157 3067 1740 3139">
    <p class='ocr_par' dir='ltr' id='par_1_47' title="bbox 157 3067 1740 3139">
     <span class='ocr_line' id='line_1_47' title="bbox 157 3067 1740 3139; baseline -0.002 -14"><span class='ocrx_word' id='word_1_320' title='bbox 157 3069 458 3139; x_wconf 86' lang='lat' dir='ltr'><strong>peraddere</strong></span> <span class='ocrx_word' id='word_1_321' title='bbox 499 3070 692 3123; x_wconf 89' lang='lat' dir='ltr'><strong>audeat</strong></span> <span class='ocrx_word' id='word_1_322' title='bbox 726 3086 739 3122; x_wconf 88' lang='lat'><strong>:</strong></span> <span class='ocrx_word' id='word_1_323' title='bbox 775 3070 868 3123; x_wconf 89' lang='lat' dir='ltr'><strong>sed</strong></span> <span class='ocrx_word' id='word_1_324' title='bbox 911 3076 1117 3124; x_wconf 91' lang='lat' dir='ltr'><strong>remoto</strong></span> <span class='ocrx_word' id='word_1_325' title='bbox 1148 3069 1312 3124; x_wconf 90' lang='lat' dir='ltr'><strong>totius</strong></span> <span class='ocrx_word' id='word_1_326' title='bbox 1355 3067 1740 3138; x_wconf 89' lang='lat' dir='ltr'><strong>inquietudinis</strong></span> 
     </span>
    </p>
   </div>
   <div class='ocr_carea' id='block_1_48' title="bbox 161 3157 1739 3227">
    <p class='ocr_par' dir='ltr' id='par_1_48' title="bbox 161 3157 1739 3227">
     <span class='ocr_line' id='line_1_48' title="bbox 161 3157 1739 3227; baseline -0.002 -14"><span class='ocrx_word' id='word_1_327' title='bbox 161 3157 548 3227; x_wconf 88' lang='lat' dir='ltr'><strong>impedimento</strong></span> <span class='ocrx_word' id='word_1_328' title='bbox 572 3168 626 3212; x_wconf 89' lang='lat' dir='ltr'><strong>et</strong></span> <span class='ocrx_word' id='word_1_329' title='bbox 654 3158 1061 3212; x_wconf 82' lang='lat' dir='ltr'><strong>temerariorum</strong></span> <span class='ocrx_word' id='word_1_330' title='bbox 1085 3158 1362 3212; x_wconf 87' lang='lat' dir='ltr'><strong>hominum</strong></span> <span class='ocrx_word' id='word_1_331' title='bbox 1415 3174 1546 3212; x_wconf 91' lang='lat' dir='ltr'><strong>ausu</strong></span> <span class='ocrx_word' id='word_1_332' title='bbox 1567 3199 1581 3222; x_wconf 93' lang='lat'><strong>,</strong></span> <span class='ocrx_word' id='word_1_333' title='bbox 1614 3172 1739 3227; x_wconf 89' lang='lat' dir='ltr'><strong>pars</strong></span> 
     </span>
    </p>
   </div>
   <div class='ocr_carea' id='block_1_49' title="bbox 159 3236 1810 3322">
    <p class='ocr_par' dir='ltr' id='par_1_49' title="bbox 159 3236 1810 3322">
     <span class='ocr_line' id='line_1_49' title="bbox 159 3236 1810 3322; baseline -0.002 -20"><span class='ocrx_word' id='word_1_334' title='bbox 159 3248 408 3318; x_wconf 66' lang='lat' dir='ltr'><strong>praedicti</strong></span> <span class='ocrx_word' id='word_1_335' title='bbox 436 3247 746 3301; x_wconf 85' lang='lat' dir='ltr'><strong>monasterii</strong></span> <span class='ocrx_word' id='word_1_336' title='bbox 779 3262 874 3316; x_wconf 89' lang='lat' dir='ltr'><strong>per</strong></span> <span class='ocrx_word' id='word_1_337' title='bbox 901 3247 1042 3322; x_wconf 84' lang='lat' dir='ltr'><strong>hanc</strong></span> <span class='ocrx_word' id='word_1_338' title='bbox 1085 3256 1323 3302; x_wconf 88' lang='lat' dir='ltr'><strong>nostram</strong></span> <span class='ocrx_word' id='word_1_339' title='bbox 1361 3247 1739 3301; x_wconf 90' lang='lat' dir='ltr'><strong>auctoritatem</strong></span> <span class='ocrx_word' id='word_1_340' title='bbox 1767 3236 1810 3297; x_wconf 89' lang='lat' dir='ltr'><strong>C</strong></span> 
     </span>
    </p>
   </div>
   <div class='ocr_carea' id='block_1_50' title="bbox 165 3335 1741 3409">
    <p class='ocr_par' dir='ltr' id='par_1_50' title="bbox 165 3335 1741 3409">
     <span class='ocr_line' id='line_1_50' title="bbox 165 3335 1741 3409; baseline 0 -19"><span class='ocrx_word' id='word_1_341' title='bbox 165 3337 368 3391; x_wconf 86' lang='lat' dir='ltr'><strong>nostris</strong></span> <span class='ocrx_word' id='word_1_342' title='bbox 397 3346 451 3389; x_wconf 89' lang='lat' dir='ltr'><strong>et</strong></span> <span class='ocrx_word' id='word_1_343' title='bbox 479 3335 672 3390; x_wconf 92' lang='lat' dir='ltr'><strong>futuris</strong></span> <span class='ocrx_word' id='word_1_344' title='bbox 703 3338 1034 3406; x_wconf 82' lang='lat' dir='ltr'><strong>temporibus</strong></span> <span class='ocrx_word' id='word_1_345' title='bbox 1057 3339 1108 3391; x_wconf 91' lang='lat' dir='ltr'><strong>in</strong></span> <span class='ocrx_word' id='word_1_346' title='bbox 1135 3339 1401 3409; x_wconf 86' lang='lat' dir='ltr'><strong>integrum</strong></span> <span class='ocrx_word' id='word_1_347' title='bbox 1429 3338 1480 3390; x_wconf 94' lang='lat' dir='ltr'><strong>in</strong></span> <span class='ocrx_word' id='word_1_348' title='bbox 1508 3337 1741 3391; x_wconf 83' lang='lat' dir='ltr'><strong>eleemo—</strong></span> 
     </span>
    </p>
   </div>
   <div class='ocr_carea' id='block_1_51' title="bbox 162 3425 1740 3496">
    <p class='ocr_par' dir='ltr' id='par_1_51' title="bbox 162 3425 1740 3496">
     <span class='ocr_line' id='line_1_51' title="bbox 162 3425 1740 3496; baseline -0.001 -16"><span class='ocrx_word' id='word_1_349' title='bbox 162 3441 297 3496; x_wconf 83' lang='lat' dir='ltr'><strong>syna</strong></span> <span class='ocrx_word' id='word_1_350' title='bbox 329 3432 510 3480; x_wconf 89' lang='lat' dir='ltr'><strong>nostra</strong></span> <span class='ocrx_word' id='word_1_351' title='bbox 541 3425 821 3493; x_wconf 74' lang='lat' dir='ltr'><strong>przefatum</strong></span> <span class='ocrx_word' id='word_1_352' title='bbox 851 3425 1119 3480; x_wconf 88' lang='lat' dir='ltr'><strong>teloneum</strong></span> <span class='ocrx_word' id='word_1_353' title='bbox 1173 3427 1421 3496; x_wconf 88' lang='lat' dir='ltr'><strong>accipiat.</strong></span> <span class='ocrx_word' id='word_1_354' title='bbox 1456 3426 1606 3479; x_wconf 83' lang='lat' dir='ltr'><strong>Hanc</strong></span> <span class='ocrx_word' id='word_1_355' title='bbox 1641 3426 1740 3478; x_wconf 86' lang='lat' dir='ltr'><strong>ita-</strong></span> 
     </span>
    </p>
   </div>
   <div class='ocr_carea' id='block_1_52' title="bbox 162 3515 1743 3586">
    <p class='ocr_par' dir='ltr' id='par_1_52' title="bbox 162 3515 1743 3586">
     <span class='ocr_line' id='line_1_52' title="bbox 162 3515 1743 3586; baseline 0.003 -20"><span class='ocrx_word' id='word_1_356' title='bbox 162 3531 270 3584; x_wconf 88' lang='lat' dir='ltr'><strong>que</strong></span> <span class='ocrx_word' id='word_1_357' title='bbox 308 3515 706 3580; x_wconf 89' lang='lat' dir='ltr'><strong>auctoritatem,</strong></span> <span class='ocrx_word' id='word_1_358' title='bbox 741 3525 798 3569; x_wconf 92' lang='lat' dir='ltr'><strong>ut</strong></span> <span class='ocrx_word' id='word_1_359' title='bbox 846 3515 1054 3571; x_wconf 89' lang='lat' dir='ltr'><strong>ﬁrmior</strong></span> <span class='ocrx_word' id='word_1_360' title='bbox 1109 3518 1162 3570; x_wconf 91' lang='lat' dir='ltr'><strong>in</strong></span> <span class='ocrx_word' id='word_1_361' title='bbox 1218 3517 1312 3571; x_wconf 86' lang='lat' dir='ltr'><strong>Dei</strong></span> <span class='ocrx_word' id='word_1_362' title='bbox 1370 3515 1586 3571; x_wconf 86' lang='lat' dir='ltr'><strong>nomine</strong></span> <span class='ocrx_word' id='word_1_363' title='bbox 1645 3531 1743 3586; x_wconf 90' lang='lat' dir='ltr'><strong>per</strong></span> 
     </span>
    </p>
   </div>
   <div class='ocr_carea' id='block_1_53' title="bbox 161 3604 1745 3671">
    <p class='ocr_par' dir='ltr' id='par_1_53' title="bbox 161 3604 1745 3671">
     <span class='ocr_line' id='line_1_53' title="bbox 161 3604 1745 3671; baseline 0.002 -13"><span class='ocrx_word' id='word_1_364' title='bbox 161 3604 334 3658; x_wconf 88' lang='lat' dir='ltr'><strong>multa</strong></span> <span class='ocrx_word' id='word_1_365' title='bbox 383 3619 645 3658; x_wconf 90' lang='lat' dir='ltr'><strong>annorum</strong></span> <span class='ocrx_word' id='word_1_366' title='bbox 691 3604 964 3659; x_wconf 90' lang='lat' dir='ltr'><strong>curricula</strong></span> <span class='ocrx_word' id='word_1_367' title='bbox 1011 3605 1293 3671; x_wconf 91' lang='lat' dir='ltr'><strong>habeatur,</strong></span> <span class='ocrx_word' id='word_1_368' title='bbox 1326 3614 1381 3660; x_wconf 92' lang='lat' dir='ltr'><strong>et</strong></span> <span class='ocrx_word' id='word_1_369' title='bbox 1416 3621 1447 3660; x_wconf 92' lang='lat' dir='ltr'><strong>a</strong></span> <span class='ocrx_word' id='word_1_370' title='bbox 1495 3605 1745 3661; x_wconf 89' lang='lat' dir='ltr'><strong>ﬁdelibus</strong></span> 
     </span>
    </p>
   </div>
   <div class='ocr_carea' id='block_1_54' title="bbox 159 3680 1740 3750">
    <p class='ocr_par' dir='ltr' id='par_1_54' title="bbox 159 3680 1740 3750">
     <span class='ocr_line' id='line_1_54' title="bbox 159 3680 1740 3750; baseline -0.001 -1"><span class='ocrx_word' id='word_1_371' title='bbox 159 3702 367 3749; x_wconf 64' lang='lat' dir='ltr'><strong>sanctae</strong></span> <span class='ocrx_word' id='word_1_372' title='bbox 389 3695 482 3748; x_wconf 90' lang='lat' dir='ltr'><strong>Dei</strong></span> <span class='ocrx_word' id='word_1_373' title='bbox 509 3694 762 3749; x_wconf 63' lang='lat' dir='ltr'><strong>Ecclesiae</strong></span> <span class='ocrx_word' id='word_1_374' title='bbox 804 3703 858 3749; x_wconf 90' lang='lat' dir='ltr'><strong>et</strong></span> <span class='ocrx_word' id='word_1_375' title='bbox 902 3680 1102 3750; x_wconf 88' lang='lat' dir='ltr'><strong>nostris</strong></span> <span class='ocrx_word' id='word_1_376' title='bbox 1153 3695 1343 3749; x_wconf 88' lang='lat' dir='ltr'><strong>melius</strong></span> <span class='ocrx_word' id='word_1_377' title='bbox 1392 3695 1645 3749; x_wconf 87' lang='lat' dir='ltr'><strong>credatur</strong></span> <span class='ocrx_word' id='word_1_378' title='bbox 1690 3702 1740 3748; x_wconf 89' lang='lat' dir='ltr'><strong>et</strong></span> 
     </span>
    </p>
   </div>
   <div class='ocr_carea' id='block_1_55' title="bbox 159 3783 1744 3857">
    <p class='ocr_par' dir='ltr' id='par_1_55' title="bbox 159 3783 1744 3857">
     <span class='ocr_line' id='line_1_55' title="bbox 159 3783 1744 3857; baseline -0.002 -17"><span class='ocrx_word' id='word_1_379' title='bbox 159 3787 476 3857; x_wconf 90' lang='lat' dir='ltr'><strong>diligentius</strong></span> <span class='ocrx_word' id='word_1_380' title='bbox 503 3794 870 3852; x_wconf 89' lang='lat' dir='ltr'><strong>conservetur,</strong></span> <span class='ocrx_word' id='word_1_381' title='bbox 903 3802 1062 3840; x_wconf 91' lang='lat' dir='ltr'><strong>manu</strong></span> <span class='ocrx_word' id='word_1_382' title='bbox 1100 3786 1317 3856; x_wconf 90' lang='lat' dir='ltr'><strong>propria</strong></span> <span class='ocrx_word' id='word_1_383' title='bbox 1366 3783 1744 3840; x_wconf 84' lang='lat' dir='ltr'><strong>subterlirma-</strong></span> 
     </span>
    </p>
   </div>
   <div class='ocr_carea' id='block_1_56' title="bbox 158 3877 1739 3949">
    <p class='ocr_par' dir='ltr' id='par_1_56' title="bbox 158 3877 1739 3949">
     <span class='ocr_line' id='line_1_56' title="bbox 158 3877 1739 3949; baseline 0.001 -20"><span class='ocrx_word' id='word_1_384' title='bbox 158 3880 367 3943; x_wconf 81' lang='lat' dir='ltr'><strong>vimus,</strong></span> <span class='ocrx_word' id='word_1_385' title='bbox 395 3890 448 3933; x_wconf 90' lang='lat' dir='ltr'><strong>et</strong></span> <span class='ocrx_word' id='word_1_386' title='bbox 475 3879 656 3934; x_wconf 91' lang='lat' dir='ltr'><strong>annuli</strong></span> <span class='ocrx_word' id='word_1_387' title='bbox 693 3879 864 3934; x_wconf 87' lang='lat' dir='ltr'><strong>nostri</strong></span> <span class='ocrx_word' id='word_1_388' title='bbox 900 3878 1255 3949; x_wconf 87' lang='lat' dir='ltr'><strong>impressione</strong></span> <span class='ocrx_word' id='word_1_389' title='bbox 1303 3878 1520 3948; x_wconf 90' lang='lat' dir='ltr'><strong>signare</strong></span> <span class='ocrx_word' id='word_1_390' title='bbox 1573 3877 1739 3946; x_wconf 91' lang='lat' dir='ltr'><strong>jussi-</strong></span> 
     </span>
    </p>
   </div>
   <div class='ocr_carea' id='block_1_57' title="bbox 158 3986 303 4026">
    <p class='ocr_par' dir='ltr' id='par_1_57' title="bbox 158 3986 303 4026">
     <span class='ocr_line' id='line_1_57' title="bbox 158 3986 303 4026; baseline 0.021 -3"><span class='ocrx_word' id='word_1_391' title='bbox 158 3986 303 4026; x_wconf 76' lang='lat' dir='ltr'><strong>IDUS.</strong></span> 
     </span>
    </p>
   </div>
   <div class='ocr_carea' id='block_1_58' title="bbox 233 4061 1738 4135">
    <p class='ocr_par' dir='ltr' id='par_1_58' title="bbox 233 4061 1738 4135">
     <span class='ocr_line' id='line_1_58' title="bbox 233 4061 1738 4135; baseline 0.005 -22"><span class='ocrx_word' id='word_1_392' title='bbox 233 4061 460 4132; x_wconf 83' lang='lat' dir='ltr'><strong>Signum</strong></span> <span class='ocrx_word' id='word_1_393' title='bbox 497 4063 677 4118; x_wconf 86' lang='lat' dir='ltr'><strong>domui</strong></span> <span class='ocrx_word' id='word_1_394' title='bbox 715 4064 970 4120; x_wconf 89' lang='lat' dir='ltr'><strong>Ludovici</strong></span> <span class='ocrx_word' id='word_1_395' title='bbox 1016 4065 1350 4121; x_wconf 82' lang='lat' dir='ltr'><strong>serenissimi</strong></span> <span class='ocrx_word' id='word_1_396' title='bbox 1379 4065 1738 4135; x_wconf 89' lang='lat' dir='ltr'><strong>imperatoris.</strong></span> 
     </span>
    </p>
   </div>
   <div class='ocr_carea' id='block_1_59' title="bbox 233 4148 886 4224">
    <p class='ocr_par' dir='ltr' id='par_1_59' title="bbox 233 4148 886 4224">
     <span class='ocr_line' id='line_1_59' title="bbox 233 4148 886 4224; baseline 0.011 -23"><span class='ocrx_word' id='word_1_397' title='bbox 233 4148 552 4204; x_wconf 85' lang='lat' dir='ltr'><strong>Helisachar</strong></span> <span class='ocrx_word' id='word_1_398' title='bbox 582 4154 886 4224; x_wconf 89' lang='lat' dir='ltr'><strong>recognovi.</strong></span> 
     </span>
    </p>
   </div>
   <div class='ocr_carea' id='block_1_60' title="bbox 232 4236 1739 4313">
    <p class='ocr_par' dir='ltr' id='par_1_60' title="bbox 232 4236 1739 4313">
     <span class='ocr_line' id='line_1_60' title="bbox 232 4236 1739 4313; baseline 0.006 -25"><span class='ocrx_word' id='word_1_399' title='bbox 232 4236 368 4290; x_wconf 86' lang='lat' dir='ltr'><strong>Data</strong></span> <span class='ocrx_word' id='word_1_400' title='bbox 400 4237 518 4292; x_wconf 87' lang='lat' dir='ltr'><strong>Kal.</strong></span> <span class='ocrx_word' id='word_1_401' title='bbox 543 4239 876 4305; x_wconf 88' lang='lat' dir='ltr'><strong>Decembris,</strong></span> <span class='ocrx_word' id='word_1_402' title='bbox 903 4257 1045 4296; x_wconf 90' lang='lat' dir='ltr'><strong>anno</strong></span> <span class='ocrx_word' id='word_1_403' title='bbox 1070 4242 1304 4313; x_wconf 81' lang='lat' dir='ltr'><strong>propitio</strong></span> <span class='ocrx_word' id='word_1_404' title='bbox 1324 4242 1541 4298; x_wconf 83' lang='lat' dir='ltr'><strong>Christo</strong></span> <span class='ocrx_word' id='word_1_405' title='bbox 1562 4243 1739 4312; x_wconf 89' lang='lat' dir='ltr'><strong>primo</strong></span> 
     </span>
    </p>
   </div>
   <div class='ocr_carea' id='block_1_61' title="bbox 159 4326 1741 4402">
    <p class='ocr_par' dir='ltr' id='par_1_61' title="bbox 159 4326 1741 4402">
     <span class='ocr_line' id='line_1_61' title="bbox 159 4326 1741 4402; baseline 0.004 -24"><span class='ocrx_word' id='word_1_406' title='bbox 159 4326 374 4393; x_wconf 88' lang='lat' dir='ltr'><strong>imperii</strong></span> <span class='ocrx_word' id='word_1_407' title='bbox 421 4327 601 4382; x_wconf 90' lang='lat' dir='ltr'><strong>domui</strong></span> <span class='ocrx_word' id='word_1_408' title='bbox 655 4329 910 4385; x_wconf 89' lang='lat' dir='ltr'><strong>Ludovici</strong></span> <span class='ocrx_word' id='word_1_409' title='bbox 951 4331 1570 4402; x_wconf 71' lang='lat' dir='ltr'><strong>serenissimiAugusti,</strong></span> <span class='ocrx_word' id='word_1_410' title='bbox 1601 4332 1741 4386; x_wconf 76' lang='lat' dir='ltr'><strong>indi-</strong></span> 
     </span>
    </p>
   </div>
   <div class='ocr_carea' id='block_1_62' title="bbox 157 4415 1744 4489">
    <p class='ocr_par' dir='ltr' id='par_1_62' title="bbox 157 4415 1744 4489">
     <span class='ocr_line' id='line_1_62' title="bbox 157 4415 1744 4489; baseline 0.003 -20"><span class='ocrx_word' id='word_1_411' title='bbox 157 4415 345 4469; x_wconf 81' lang='lat' dir='ltr'><strong>ctione</strong></span> <span class='ocrx_word' id='word_1_412' title='bbox 370 4416 422 4469; x_wconf 89' lang='lat'><strong>7.</strong></span> <span class='ocrx_word' id='word_1_413' title='bbox 450 4418 641 4472; x_wconf 86' lang='lat' dir='ltr'><strong>Actum</strong></span> <span class='ocrx_word' id='word_1_414' title='bbox 671 4418 994 4489; x_wconf 88' lang='lat' dir='ltr'><strong>Aquisgrani</strong></span> <span class='ocrx_word' id='word_1_415' title='bbox 1027 4419 1226 4488; x_wconf 90' lang='lat' dir='ltr'><strong>palatio</strong></span> <span class='ocrx_word' id='word_1_416' title='bbox 1257 4419 1404 4489; x_wconf 89' lang='lat' dir='ltr'><strong>regio</strong></span> <span class='ocrx_word' id='word_1_417' title='bbox 1438 4420 1491 4473; x_wconf 91' lang='lat' dir='ltr'><strong>in</strong></span> <span class='ocrx_word' id='word_1_418' title='bbox 1532 4420 1626 4474; x_wconf 89' lang='lat' dir='ltr'><strong>Dei</strong></span> <span class='ocrx_word' id='word_1_419' title='bbox 1651 4436 1744 4474; x_wconf 89' lang='lat' dir='ltr'><strong>no-</strong></span> 
     </span>
    </p>
   </div>
   <div class='ocr_carea' id='block_1_63' title="bbox 158 4506 796 4563">
    <p class='ocr_par' dir='ltr' id='par_1_63' title="bbox 158 4506 796 4563">
     <span class='ocr_line' id='line_1_63' title="bbox 158 4506 796 4563; baseline 0.003 -4"><span class='ocrx_word' id='word_1_420' title='bbox 158 4507 310 4560; x_wconf 88' lang='lat' dir='ltr'><strong>mine</strong></span> <span class='ocrx_word' id='word_1_421' title='bbox 335 4506 582 4562; x_wconf 78' lang='lat' dir='ltr'><strong>feliciter.</strong></span> <span class='ocrx_word' id='word_1_422' title='bbox 606 4509 796 4563; x_wconf 86' lang='lat' dir='ltr'><strong>Amen.</strong></span> 
     </span>
    </p>
   </div>
   <div class='ocr_carea' id='block_1_64' title="bbox 422 4720 1484 4763">
    <p class='ocr_par' dir='ltr' id='par_1_64' title="bbox 422 4720 1484 4763">
     <span class='ocr_line' id='line_1_64' title="bbox 422 4720 1484 4763; baseline 0.001 -4"><span class='ocrx_word' id='word_1_423' title='bbox 422 4720 484 4759; x_wconf 81' lang='lat' dir='ltr'><strong>DE</strong></span> <span class='ocrx_word' id='word_1_424' title='bbox 523 4723 768 4762; x_wconf 73' lang='lat' dir='ltr'><strong>NUNDINIS</strong></span> <span class='ocrx_word' id='word_1_425' title='bbox 806 4722 1128 4762; x_wconf 71' lang='lat' dir='ltr'><strong>NONASTERH</strong></span> <span class='ocrx_word' id='word_1_426' title='bbox 1168 4723 1484 4763; x_wconf 72' lang='lat' dir='ltr'><strong>DIONYSIANI.</strong></span> 
     </span>
    </p>
   </div>
   <div class='ocr_carea' id='block_1_65' title="bbox 771 4813 1122 4885">
    <p class='ocr_par' dir='ltr' id='par_1_65' title="bbox 771 4813 1122 4885">
     <span class='ocr_line' id='line_1_65' title="bbox 771 4813 1122 4885; baseline 0 -17"><span class='ocrx_word' id='word_1_427' title='bbox 771 4813 942 4885; x_wconf 75' lang='lat' dir='ltr'><strong>(Anno</strong></span> <span class='ocrx_word' id='word_1_428' title='bbox 973 4814 1122 4884; x_wconf 74' lang='grc'><strong>814.)</strong></span> 
     </span>
    </p>
   </div>
   <div class='ocr_carea' id='block_1_66' title="bbox 629 4902 1272 4976">
    <p class='ocr_par' dir='ltr' id='par_1_66' title="bbox 629 4902 1272 4976">
     <span class='ocr_line' id='line_1_66' title="bbox 629 4902 1272 4976; baseline 0.005 -21"><span class='ocrx_word' id='word_1_429' title='bbox 629 4902 803 4972; x_wconf 87' lang='lat' dir='ltr'><strong>[Apud</strong></span> <span class='ocrx_word' id='word_1_430' title='bbox 829 4903 1048 4958; x_wconf 89' lang='lat' dir='ltr'><strong>eosdem</strong></span> <span class='ocrx_word' id='word_1_431' title='bbox 1067 4943 1080 4968; x_wconf 93' lang='lat'><strong>,</strong></span> <span class='ocrx_word' id='word_1_432' title='bbox 1109 4904 1272 4976; x_wconf 77' lang='lat' dir='ltr'><strong>ibid.]&#39;</strong></span> 
     </span>
    </p>
   </div>
   <div class='ocr_carea' id='block_1_67' title="bbox 229 4991 1732 5048">
    <p class='ocr_par' dir='ltr' id='par_1_67' title="bbox 229 4991 1732 5048">
     <span class='ocr_line' id='line_1_67' title="bbox 229 4991 1732 5048; baseline 0 -1"><span class='ocrx_word' id='word_1_433' title='bbox 229 4993 289 5047; x_wconf 81' lang='lat' dir='ltr'><strong>in</strong></span> <span class='ocrx_word' id='word_1_434' title='bbox 320 4993 535 5046; x_wconf 86' lang='lat' dir='ltr'><strong>nomine</strong></span> <span class='ocrx_word' id='word_1_435' title='bbox 576 4992 784 5046; x_wconf 90' lang='lat' dir='ltr'><strong>Domini</strong></span> <span class='ocrx_word' id='word_1_436' title='bbox 833 4991 927 5047; x_wconf 90' lang='lat' dir='ltr'><strong>Dei</strong></span> <span class='ocrx_word' id='word_1_437' title='bbox 957 5002 1011 5046; x_wconf 92' lang='lat' dir='ltr'><strong>et</strong></span> <span class='ocrx_word' id='word_1_438' title='bbox 1059 4991 1356 5047; x_wconf 88' lang='lat' dir='ltr'><strong>Salvatoris</strong></span> <span class='ocrx_word' id='word_1_439' title='bbox 1393 4993 1562 5048; x_wconf 91' lang='lat' dir='ltr'><strong>nostri</strong></span> <span class='ocrx_word' id='word_1_440' title='bbox 1606 4992 1732 5048; x_wconf 81' lang='lat' dir='ltr'><strong>Jesu</strong></span> 
     </span>
    </p>
   </div>
   <div class='ocr_carea' id='block_1_68' title="bbox 154 5082 1736 5153">
    <p class='ocr_par' dir='ltr' id='par_1_68' title="bbox 154 5082 1736 5153">
     <span class='ocr_line' id='line_1_68' title="bbox 154 5082 1736 5153; baseline 0 -14"><span class='ocrx_word' id='word_1_441' title='bbox 154 5083 384 5145; x_wconf 85' lang='lat' dir='ltr'><strong>Christi,</strong></span> <span class='ocrx_word' id='word_1_442' title='bbox 420 5082 721 5137; x_wconf 82' lang='lat' dir='ltr'><strong>Ludovicus</strong></span> <span class='ocrx_word' id='word_1_443' title='bbox 750 5082 930 5136; x_wconf 91' lang='lat' dir='ltr'><strong>divina</strong></span> <span class='ocrx_word' id='word_1_444' title='bbox 960 5083 1244 5137; x_wconf 89' lang='lat' dir='ltr'><strong>ordinante</strong></span> <span class='ocrx_word' id='word_1_445' title='bbox 1273 5084 1608 5153; x_wconf 90' lang='lat' dir='ltr'><strong>providentia</strong></span> <span class='ocrx_word' id='word_1_446' title='bbox 1636 5085 1736 5139; x_wconf 88' lang='lat' dir='ltr'><strong>im-</strong></span> 
     </span>
    </p>
   </div>
   <div class='ocr_carea' id='block_1_69' title="bbox 153 5170 1733 5241">
    <p class='ocr_par' dir='ltr' id='par_1_69' title="bbox 153 5170 1733 5241">
     <span class='ocr_line' id='line_1_69' title="bbox 153 5170 1733 5241; baseline 0.001 -16"><span class='ocrx_word' id='word_1_447' title='bbox 153 5179 380 5241; x_wconf 89' lang='lat' dir='ltr'><strong>perator</strong></span> <span class='ocrx_word' id='word_1_448' title='bbox 412 5172 702 5240; x_wconf 89' lang='lat' dir='ltr'><strong>Augustus,</strong></span> <span class='ocrx_word' id='word_1_449' title='bbox 749 5170 948 5241; x_wconf 88' lang='lat' dir='ltr'><strong>Begoni</strong></span> <span class='ocrx_word' id='word_1_450' title='bbox 989 5170 1182 5225; x_wconf 90' lang='lat' dir='ltr'><strong>illustri</strong></span> <span class='ocrx_word' id='word_1_451' title='bbox 1225 5172 1441 5234; x_wconf 74' lang='lat' dir='ltr'><strong>comiti,</strong></span> <span class='ocrx_word' id='word_1_452' title='bbox 1471 5182 1526 5226; x_wconf 88' lang='lat' dir='ltr'><strong>et</strong></span> <span class='ocrx_word' id='word_1_453' title='bbox 1555 5173 1733 5226; x_wconf 85' lang='lat' dir='ltr'><strong>omni-</strong></span> 
     </span>
    </p>
   </div>
   <div class='ocr_carea' id='block_1_70' title="bbox 151 5249 1736 5329">
    <p class='ocr_par' dir='ltr' id='par_1_70' title="bbox 151 5249 1736 5329">
     <span class='ocr_line' id='line_1_70' title="bbox 151 5249 1736 5329; baseline 0.001 -17"><span class='ocrx_word' id='word_1_454' title='bbox 151 5261 260 5312; x_wconf 86' lang='lat' dir='ltr'><strong>bus</strong></span> <span class='ocrx_word' id='word_1_455' title='bbox 285 5259 686 5314; x_wconf 85' lang='lat' dir='ltr'><strong>successoribus</strong></span> <span class='ocrx_word' id='word_1_456' title='bbox 711 5259 817 5312; x_wconf 88' lang='lat' dir='ltr'><strong>tuis</strong></span> <span class='ocrx_word' id='word_1_457' title='bbox 863 5258 1217 5327; x_wconf 62' lang='lat' dir='ltr'><strong>praesentibus</strong></span> <span class='ocrx_word' id='word_1_458' title='bbox 1239 5266 1292 5313; x_wconf 86' lang='lat' dir='ltr'><strong>et</strong></span> <span class='ocrx_word' id='word_1_459' title='bbox 1316 5257 1537 5323; x_wconf 87' lang='lat' dir='ltr'><strong>futuris,</strong></span> <span class='ocrx_word' id='word_1_460' title='bbox 1572 5249 1736 5329; x_wconf 88' lang='lat' dir='ltr'><strong>atque</strong></span> 
     </span>
    </p>
   </div>
   <div class='ocr_carea' id='block_1_71' title="bbox 156 5347 1733 5416">
    <p class='ocr_par' dir='ltr' id='par_1_71' title="bbox 156 5347 1733 5416">
     <span class='ocr_line' id='line_1_71' title="bbox 156 5347 1733 5416; baseline 0 -14"><span class='ocrx_word' id='word_1_461' title='bbox 156 5349 239 5402; x_wconf 82' lang='lat' dir='ltr'><strong>rei</strong></span> <span class='ocrx_word' id='word_1_462' title='bbox 259 5348 485 5416; x_wconf 55' lang='lat' dir='ltr'><strong>publica</strong></span> <span class='ocrx_word' id='word_1_463' title='bbox 506 5347 1051 5411; x_wconf 89' lang='lat' dir='ltr'><strong>administratorihus,</strong></span> <span class='ocrx_word' id='word_1_464' title='bbox 1083 5348 1196 5402; x_wconf 82' lang='lat' dir='ltr'><strong>sive</strong></span> <span class='ocrx_word' id='word_1_465' title='bbox 1219 5348 1563 5402; x_wconf 82' lang='lat' dir='ltr'><strong>exactoribus</strong></span> <span class='ocrx_word' id='word_1_466' title='bbox 1595 5349 1733 5402; x_wconf 88' lang='lat' dir='ltr'><strong>infra</strong></span> 
     </span>
    </p>
   </div>
   <div class='ocr_carea' id='block_1_72' title="bbox 149 5436 1734 5509">
    <p class='ocr_par' dir='ltr' id='par_1_72' title="bbox 149 5436 1734 5509">
     <span class='ocr_line' id='line_1_72' title="bbox 149 5436 1734 5509; baseline 0 -18"><span class='ocrx_word' id='word_1_467' title='bbox 149 5452 356 5509; x_wconf 86' lang='lat' dir='ltr'><strong>pagum</strong></span> <span class='ocrx_word' id='word_1_468' title='bbox 409 5436 738 5491; x_wconf 87' lang='lat' dir='ltr'><strong>Parisiacum</strong></span> <span class='ocrx_word' id='word_1_469' title='bbox 773 5436 982 5490; x_wconf 90' lang='lat' dir='ltr'><strong>telonea</strong></span> <span class='ocrx_word' id='word_1_470' title='bbox 1033 5437 1418 5505; x_wconf 89' lang='lat' dir='ltr'><strong>recipientibus</strong></span> <span class='ocrx_word' id='word_1_471' title='bbox 1443 5478 1456 5501; x_wconf 94' lang='lat'><strong>,</strong></span> <span class='ocrx_word' id='word_1_472' title='bbox 1508 5453 1606 5501; x_wconf 78' lang='lat' dir='ltr'><strong>seu</strong></span> <span class='ocrx_word' id='word_1_473' title='bbox 1650 5438 1734 5492; x_wconf 86' lang='lat' dir='ltr'><strong>his</strong></span> 
     </span>
    </p>
   </div>
   <div class='ocr_carea' id='block_1_73' title="bbox 150 5523 1733 5595">
    <p class='ocr_par' dir='ltr' id='par_1_73' title="bbox 150 5523 1733 5595">
     <span class='ocr_line' id='line_1_73' title="bbox 150 5523 1733 5595; baseline -0.002 -13"><span class='ocrx_word' id='word_1_474' title='bbox 150 5525 411 5582; x_wconf 89' lang='lat' dir='ltr'><strong>omnibus</strong></span> <span class='ocrx_word' id='word_1_475' title='bbox 444 5526 534 5593; x_wconf 92' lang='lat' dir='ltr'><strong>qui</strong></span> <span class='ocrx_word' id='word_1_476' title='bbox 567 5523 703 5579; x_wconf 90' lang='lat' dir='ltr'><strong>infra</strong></span> <span class='ocrx_word' id='word_1_477' title='bbox 750 5523 996 5578; x_wconf 90' lang='lat' dir='ltr'><strong>eumdem</strong></span> <span class='ocrx_word' id='word_1_478' title='bbox 1033 5540 1228 5595; x_wconf 86' lang='lat' dir='ltr'><strong>pagum</strong></span> <span class='ocrx_word' id='word_1_479' title='bbox 1273 5525 1504 5579; x_wconf 87' lang='lat' dir='ltr'><strong>honores</strong></span> <span class='ocrx_word' id='word_1_480' title='bbox 1535 5526 1733 5580; x_wconf 86' lang='lat' dir='ltr'><strong>habere</strong></span> 
     </span>
    </p>
   </div>
   <div class='ocr_carea' id='block_1_74' title="bbox 152 5614 429 5667">
    <p class='ocr_par' dir='ltr' id='par_1_74' title="bbox 152 5614 429 5667">
     <span class='ocr_line' id='line_1_74' title="bbox 152 5614 429 5667; baseline -0.007 0"><span class='ocrx_word' id='word_1_481' title='bbox 152 5614 429 5667; x_wconf 85' lang='lat' dir='ltr'><strong>videntur.</strong></span> 
     </span>
    </p>
   </div>
   <div class='ocr_carea' id='block_1_75' title="bbox 226 5703 1735 5774">
    <p class='ocr_par' dir='ltr' id='par_1_75' title="bbox 226 5703 1735 5774">
     <span class='ocr_line' id='line_1_75' title="bbox 226 5703 1735 5774; baseline 0 -16"><span class='ocrx_word' id='word_1_482' title='bbox 226 5703 423 5758; x_wconf 83' lang='lat' dir='ltr'><strong>Notum</strong></span> <span class='ocrx_word' id='word_1_483' title='bbox 448 5705 602 5758; x_wconf 70' lang='lat' dir='ltr'><strong>vobis</strong></span> <span class='ocrx_word' id='word_1_484' title='bbox 630 5719 747 5758; x_wconf 84' lang='lat' dir='ltr'><strong>esse</strong></span> <span class='ocrx_word' id='word_1_485' title='bbox 773 5705 1043 5758; x_wconf 87' lang='lat' dir='ltr'><strong>credimus</strong></span> <span class='ocrx_word' id='word_1_486' title='bbox 1067 5714 1120 5757; x_wconf 91' lang='lat' dir='ltr'><strong>et</strong></span> <span class='ocrx_word' id='word_1_487' title='bbox 1148 5714 1332 5759; x_wconf 89' lang='lat' dir='ltr'><strong>notum</strong></span> <span class='ocrx_word' id='word_1_488' title='bbox 1360 5704 1586 5760; x_wconf 79' lang='lat' dir='ltr'><strong>facimus</strong></span> <span class='ocrx_word' id='word_1_489' title='bbox 1608 5721 1735 5774; x_wconf 81' lang='lat' dir='ltr'><strong>qua-</strong></span> 
     </span>
    </p>
   </div>
   <div class='ocr_carea' id='block_1_76' title="bbox 157 5791 1734 5862">
    <p class='ocr_par' dir='ltr' id='par_1_76' title="bbox 157 5791 1734 5862">
     <span class='ocr_line' id='line_1_76' title="bbox 157 5791 1734 5862; baseline 0 -14"><span class='ocrx_word' id='word_1_490' title='bbox 157 5793 282 5851; x_wconf 81' lang='lat' dir='ltr'><strong>liter</strong></span> <span class='ocrx_word' id='word_1_491' title='bbox 311 5808 466 5848; x_wconf 88' lang='lat' dir='ltr'><strong>omne</strong></span> <span class='ocrx_word' id='word_1_492' title='bbox 511 5794 780 5848; x_wconf 87' lang='lat' dir='ltr'><strong>teloneum</strong></span> <span class='ocrx_word' id='word_1_493' title='bbox 813 5794 875 5847; x_wconf 82' lang='lat' dir='ltr'><strong>de</strong></span> <span class='ocrx_word' id='word_1_494' title='bbox 920 5793 1329 5862; x_wconf 87' lang='lat' dir='ltr'><strong>quibuscunque</strong></span> <span class='ocrx_word' id='word_1_495' title='bbox 1371 5791 1734 5849; x_wconf 83' lang='lat' dir='ltr'><strong>mercimoniis</strong></span> 
     </span>
    </p>
   </div>
   <div class='ocr_carea' id='block_1_77' title="bbox 1842 1988 3417 2064">
    <p class='ocr_par' dir='ltr' id='par_1_77' title="bbox 1842 1988 3417 2064">
     <span class='ocr_line' id='line_1_77' title="bbox 1842 1988 3417 2064; baseline 0.004 -22"><span class='ocrx_word' id='word_1_496' title='bbox 1842 1988 2112 2043; x_wconf 88' lang='lat' dir='ltr'><strong>ctoritatis</strong></span> <span class='ocrx_word' id='word_1_497' title='bbox 2159 1989 2462 2044; x_wconf 87' lang='lat' dir='ltr'><strong>chartulam</strong></span> <span class='ocrx_word' id='word_1_498' title='bbox 2504 1999 2803 2046; x_wconf 90' lang='lat' dir='ltr'><strong>memorato</strong></span> <span class='ocrx_word' id='word_1_499' title='bbox 2832 2001 3019 2046; x_wconf 89' lang='lat' dir='ltr'><strong>sancto</strong></span> <span class='ocrx_word' id='word_1_500' title='bbox 3044 1993 3162 2048; x_wconf 87' lang='lat' dir='ltr'><strong>loco</strong></span> <span class='ocrx_word' id='word_1_501' title='bbox 3196 1992 3417 2064; x_wconf 86' lang='lat' dir='ltr'><strong>ejusque</strong></span> 
     </span>
    </p>
   </div>
   <div class='ocr_carea' id='block_1_78' title="bbox 1841 2079 3421 2152">
    <p class='ocr_par' dir='ltr' id='par_1_78' title="bbox 1841 2079 3421 2152">
     <span class='ocr_line' id='line_1_78' title="bbox 1841 2079 3421 2152; baseline 0.004 -20"><span class='ocrx_word' id='word_1_502' title='bbox 1841 2079 2141 2134; x_wconf 89' lang='lat' dir='ltr'><strong>rectoribus</strong></span> <span class='ocrx_word' id='word_1_503' title='bbox 2178 2080 2352 2135; x_wconf 90' lang='lat' dir='ltr'><strong>denuo</strong></span> <span class='ocrx_word' id='word_1_504' title='bbox 2379 2079 2497 2134; x_wconf 90' lang='lat' dir='ltr'><strong>ﬁeri</strong></span> <span class='ocrx_word' id='word_1_505' title='bbox 2515 2080 2802 2149; x_wconf 86' lang='lat' dir='ltr'><strong>jussimus,</strong></span> <span class='ocrx_word' id='word_1_506' title='bbox 2832 2097 2930 2152; x_wconf 90' lang='lat' dir='ltr'><strong>per</strong></span> <span class='ocrx_word' id='word_1_507' title='bbox 2973 2081 3119 2152; x_wconf 88' lang='lat' dir='ltr'><strong>quod</strong></span> <span class='ocrx_word' id='word_1_508' title='bbox 3149 2083 3268 2137; x_wconf 87' lang='lat' dir='ltr'><strong>viva</strong></span> <span class='ocrx_word' id='word_1_509' title='bbox 3306 2082 3421 2152; x_wconf 83' lang='lat' dir='ltr'><strong>jus-</strong></span> 
     </span>
    </p>
   </div>
   <div class='ocr_carea' id='block_1_79' title="bbox 1838 2168 3422 2226">
    <p class='ocr_par' dir='ltr' id='par_1_79' title="bbox 1838 2168 3422 2226">
     <span class='ocr_line' id='line_1_79' title="bbox 1838 2168 3422 2226; baseline 0.003 -4"><span class='ocrx_word' id='word_1_510' title='bbox 1838 2168 1991 2224; x_wconf 90' lang='lat' dir='ltr'><strong>sione</strong></span> <span class='ocrx_word' id='word_1_511' title='bbox 2037 2169 2191 2224; x_wconf 88' lang='lat' dir='ltr'><strong>vobis</strong></span> <span class='ocrx_word' id='word_1_512' title='bbox 2240 2178 2294 2225; x_wconf 92' lang='lat' dir='ltr'><strong>et</strong></span> <span class='ocrx_word' id='word_1_513' title='bbox 2335 2171 2590 2225; x_wconf 90' lang='lat' dir='ltr'><strong>omnibus</strong></span> <span class='ocrx_word' id='word_1_514' title='bbox 2643 2171 3050 2226; x_wconf 89' lang='lat' dir='ltr'><strong>successoribus</strong></span> <span class='ocrx_word' id='word_1_515' title='bbox 3091 2173 3288 2226; x_wconf 90' lang='lat' dir='ltr'><strong>vestris</strong></span> <span class='ocrx_word' id='word_1_516' title='bbox 3327 2189 3422 2226; x_wconf 78' lang='lat' dir='ltr'><strong>ex-</strong></span> 
     </span>
    </p>
   </div>
   <div class='ocr_carea' id='block_1_80' title="bbox 1839 2253 3416 2336">
    <p class='ocr_par' dir='ltr' id='par_1_80' title="bbox 1839 2253 3416 2336">
     <span class='ocr_line' id='line_1_80' title="bbox 1839 2253 3416 2336; baseline 0.006 -26"><span class='ocrx_word' id='word_1_517' title='bbox 1839 2253 2036 2328; x_wconf 78' lang='lat' dir='ltr'><strong>presse</strong></span> <span class='ocrx_word' id='word_1_518' title='bbox 2060 2262 2425 2331; x_wconf 70' lang='lat' dir='ltr'><strong>prrecipimus,</strong></span> <span class='ocrx_word' id='word_1_519' title='bbox 2460 2270 2727 2331; x_wconf 89' lang='lat' dir='ltr'><strong>quatenus</strong></span> <span class='ocrx_word' id='word_1_520' title='bbox 2762 2263 3020 2333; x_wconf 63' lang='lat' dir='ltr'><strong>pradicta</strong></span> <span class='ocrx_word' id='word_1_521' title='bbox 3060 2263 3144 2318; x_wconf 78' lang='lat' dir='ltr'><strong>lex</strong></span> <span class='ocrx_word' id='word_1_522' title='bbox 3171 2271 3226 2318; x_wconf 89' lang='lat' dir='ltr'><strong>et</strong></span> <span class='ocrx_word' id='word_1_523' title='bbox 3254 2267 3416 2336; x_wconf 73' lang='lat' dir='ltr'><strong>regia:</strong></span> 
     </span>
    </p>
   </div>
   <div class='ocr_carea' id='block_1_81' title="bbox 1841 2347 3414 2422">
    <p class='ocr_par' dir='ltr' id='par_1_81' title="bbox 1841 2347 3414 2422">
     <span class='ocr_line' id='line_1_81' title="bbox 1841 2347 3414 2422; baseline 0.007 -25"><span class='ocrx_word' id='word_1_524' title='bbox 1841 2347 2181 2404; x_wconf 81' lang='lat' dir='ltr'><strong>auctoritatis</strong></span> <span class='ocrx_word' id='word_1_525' title='bbox 2227 2350 2504 2404; x_wconf 90' lang='lat' dir='ltr'><strong>decretum</strong></span> <span class='ocrx_word' id='word_1_526' title='bbox 2557 2366 2586 2405; x_wconf 87' lang='lat' dir='ltr'><strong>a</strong></span> <span class='ocrx_word' id='word_1_527' title='bbox 2640 2352 2855 2406; x_wconf 89' lang='lat' dir='ltr'><strong>nemine</strong></span> <span class='ocrx_word' id='word_1_528' title='bbox 2889 2368 3162 2422; x_wconf 89' lang='lat' dir='ltr'><strong>quoquam</strong></span> <span class='ocrx_word' id='word_1_529' title='bbox 3205 2363 3414 2409; x_wconf 86' lang='lat' dir='ltr'><strong>vestro-</strong></span> 
     </span>
    </p>
   </div>
   <div class='ocr_carea' id='block_1_82' title="bbox 1840 2447 3416 2517">
    <p class='ocr_par' dir='ltr' id='par_1_82' title="bbox 1840 2447 3416 2517">
     <span class='ocr_line' id='line_1_82' title="bbox 1840 2447 3416 2517; baseline 0.006 -24"><span class='ocrx_word' id='word_1_530' title='bbox 1840 2455 1962 2494; x_wconf 88' lang='lat' dir='ltr'><strong>rum</strong></span> <span class='ocrx_word' id='word_1_531' title='bbox 2011 2448 2173 2510; x_wconf 90' lang='lat' dir='ltr'><strong>atque</strong></span> <span class='ocrx_word' id='word_1_532' title='bbox 2216 2459 2588 2500; x_wconf 89' lang='lat' dir='ltr'><strong>successorum</strong></span> <span class='ocrx_word' id='word_1_533' title='bbox 2617 2453 2923 2501; x_wconf 87' lang='lat' dir='ltr'><strong>vestrorum</strong></span> <span class='ocrx_word' id='word_1_534' title='bbox 2951 2447 3140 2502; x_wconf 90' lang='lat' dir='ltr'><strong>violari</strong></span> <span class='ocrx_word' id='word_1_535' title='bbox 3180 2463 3416 2517; x_wconf 90' lang='lat' dir='ltr'><strong>unquam</strong></span> 
     </span>
    </p>
   </div>
   <div class='ocr_carea' id='block_1_83' title="bbox 1838 2534 3416 2604">
    <p class='ocr_par' dir='ltr' id='par_1_83' title="bbox 1838 2534 3416 2604">
     <span class='ocr_line' id='line_1_83' title="bbox 1838 2534 3416 2604; baseline 0.006 -21"><span class='ocrx_word' id='word_1_536' title='bbox 1838 2540 2213 2599; x_wconf 64' lang='lat' dir='ltr'><strong>prasumatur,</strong></span> <span class='ocrx_word' id='word_1_537' title='bbox 2242 2534 2381 2589; x_wconf 88' lang='lat' dir='ltr'><strong>sicut</strong></span> <span class='ocrx_word' id='word_1_538' title='bbox 2416 2535 2482 2589; x_wconf 88' lang='lat' dir='ltr'><strong>de</strong></span> <span class='ocrx_word' id='word_1_539' title='bbox 2512 2535 2607 2589; x_wconf 92' lang='lat' dir='ltr'><strong>Dei</strong></span> <span class='ocrx_word' id='word_1_540' title='bbox 2635 2542 2689 2590; x_wconf 89' lang='lat' dir='ltr'><strong>et</strong></span> <span class='ocrx_word' id='word_1_541' title='bbox 2713 2543 2898 2590; x_wconf 89' lang='lat' dir='ltr'><strong>nostra</strong></span> <span class='ocrx_word' id='word_1_542' title='bbox 2947 2537 3121 2604; x_wconf 86' lang='lat' dir='ltr'><strong>gratia</strong></span> <span class='ocrx_word' id='word_1_543' title='bbox 3169 2538 3372 2593; x_wconf 91' lang='lat' dir='ltr'><strong>curatis</strong></span> <span class='ocrx_word' id='word_1_544' title='bbox 3401 2577 3416 2600; x_wconf 85' lang='lat'><strong>.</strong></span> 
     </span>
    </p>
   </div>
   <div class='ocr_carea' id='block_1_84' title="bbox 1840 2619 3422 2694">
    <p class='ocr_par' dir='ltr' id='par_1_84' title="bbox 1840 2619 3422 2694">
     <span class='ocr_line' id='line_1_84' title="bbox 1840 2619 3422 2694; baseline 0.004 -21"><span class='ocrx_word' id='word_1_545' title='bbox 1840 2626 1946 2674; x_wconf 92' lang='lat' dir='ltr'><strong>etc.</strong></span> <span class='ocrx_word' id='word_1_546' title='bbox 1999 2619 2070 2675; x_wconf 91' lang='lat' dir='ltr'><strong>Ut</strong></span> <span class='ocrx_word' id='word_1_547' title='bbox 2112 2629 2293 2675; x_wconf 87' lang='lat' dir='ltr'><strong>autem</strong></span> <span class='ocrx_word' id='word_1_548' title='bbox 2343 2623 2458 2678; x_wconf 76' lang='lat' dir='ltr'><strong>haec</strong></span> <span class='ocrx_word' id='word_1_549' title='bbox 2511 2625 2827 2678; x_wconf 87' lang='lat' dir='ltr'><strong>tractatoria</strong></span> <span class='ocrx_word' id='word_1_550' title='bbox 2871 2626 3072 2680; x_wconf 90' lang='lat' dir='ltr'><strong>nostris</strong></span> <span class='ocrx_word' id='word_1_551' title='bbox 3119 2624 3422 2694; x_wconf 82' lang='lat' dir='ltr'><strong>futurisque</strong></span> 
     </span>
    </p>
   </div>
   <div class='ocr_carea' id='block_1_85' title="bbox 1843 2713 3417 2780">
    <p class='ocr_par' dir='ltr' id='par_1_85' title="bbox 1843 2713 3417 2780">
     <span class='ocr_line' id='line_1_85' title="bbox 1843 2713 3417 2780; baseline 0.003 -16"><span class='ocrx_word' id='word_1_552' title='bbox 1843 2713 2172 2780; x_wconf 89' lang='lat' dir='ltr'><strong>temporibus</strong></span> <span class='ocrx_word' id='word_1_553' title='bbox 2202 2714 2382 2768; x_wconf 88' lang='lat' dir='ltr'><strong>verius</strong></span> <span class='ocrx_word' id='word_1_554' title='bbox 2406 2715 2680 2779; x_wconf 81' lang='lat' dir='ltr'><strong>credatur,</strong></span> <span class='ocrx_word' id='word_1_555' title='bbox 2716 2723 2770 2769; x_wconf 90' lang='lat' dir='ltr'><strong>et</strong></span> <span class='ocrx_word' id='word_1_556' title='bbox 2799 2714 3045 2770; x_wconf 91' lang='lat' dir='ltr'><strong>devotius</strong></span> <span class='ocrx_word' id='word_1_557' title='bbox 3090 2731 3121 2768; x_wconf 93' lang='lat' dir='ltr'><strong>a</strong></span> <span class='ocrx_word' id='word_1_558' title='bbox 3167 2715 3322 2770; x_wconf 86' lang='lat' dir='ltr'><strong>vobis</strong></span> <span class='ocrx_word' id='word_1_559' title='bbox 3363 2724 3417 2769; x_wconf 90' lang='lat' dir='ltr'><strong>et</strong></span> 
     </span>
    </p>
   </div>
   <div class='ocr_carea' id='block_1_86' title="bbox 1842 2803 3420 2870">
    <p class='ocr_par' dir='ltr' id='par_1_86' title="bbox 1842 2803 3420 2870">
     <span class='ocr_line' id='line_1_86' title="bbox 1842 2803 3420 2870; baseline 0.002 -13"><span class='ocrx_word' id='word_1_560' title='bbox 1842 2803 2246 2857; x_wconf 86' lang='lat' dir='ltr'><strong>successoribus</strong></span> <span class='ocrx_word' id='word_1_561' title='bbox 2293 2804 2487 2859; x_wconf 89' lang='lat' dir='ltr'><strong>vestris</strong></span> <span class='ocrx_word' id='word_1_562' title='bbox 2516 2805 2820 2870; x_wconf 88' lang='lat' dir='ltr'><strong>obediatur,</strong></span> <span class='ocrx_word' id='word_1_563' title='bbox 2865 2803 2932 2861; x_wconf 91' lang='lat' dir='ltr'><strong>de</strong></span> <span class='ocrx_word' id='word_1_564' title='bbox 2976 2805 3177 2860; x_wconf 91' lang='lat' dir='ltr'><strong>annulo</strong></span> <span class='ocrx_word' id='word_1_565' title='bbox 3233 2812 3420 2861; x_wconf 89' lang='lat' dir='ltr'><strong>nostro</strong></span> 
     </span>
    </p>
   </div>
   <div class='ocr_carea' id='block_1_87' title="bbox 1842 2892 2718 2966">
    <p class='ocr_par' dir='ltr' id='par_1_87' title="bbox 1842 2892 2718 2966">
     <span class='ocr_line' id='line_1_87' title="bbox 1842 2892 2718 2966; baseline -0.001 -18"><span class='ocrx_word' id='word_1_566' title='bbox 1842 2894 2026 2948; x_wconf 87' lang='lat' dir='ltr'><strong>subter</strong></span> <span class='ocrx_word' id='word_1_567' title='bbox 2046 2909 2163 2946; x_wconf 91' lang='lat' dir='ltr'><strong>eam</strong></span> <span class='ocrx_word' id='word_1_568' title='bbox 2185 2892 2446 2961; x_wconf 88' lang='lat' dir='ltr'><strong>jussimus</strong></span> <span class='ocrx_word' id='word_1_569' title='bbox 2473 2896 2718 2966; x_wconf 82' lang='lat' dir='ltr'><strong>sigillari.</strong></span> 
     </span>
    </p>
   </div>
   <div class='ocr_carea' id='block_1_88' title="bbox 1917 2982 2704 3055">
    <p class='ocr_par' dir='ltr' id='par_1_88' title="bbox 1917 2982 2704 3055">
     <span class='ocr_line' id='line_1_88' title="bbox 1917 2982 2704 3055; baseline 0.003 -21"><span class='ocrx_word' id='word_1_570' title='bbox 1917 2982 2024 3052; x_wconf 86' lang='lat' dir='ltr'><strong>Ego</strong></span> <span class='ocrx_word' id='word_1_571' title='bbox 2050 2982 2367 3036; x_wconf 83' lang='lat' dir='ltr'><strong>Helisachar</strong></span> <span class='ocrx_word' id='word_1_572' title='bbox 2391 2985 2704 3055; x_wconf 90' lang='lat' dir='ltr'><strong>recognovi.</strong></span> 
     </span>
    </p>
   </div>
   <div class='ocr_carea' id='block_1_89' title="bbox 2549 3095 2705 3150">
    <p class='ocr_par' dir='ltr' id='par_1_89' title="bbox 2549 3095 2705 3150">
     <span class='ocr_line' id='line_1_89' title="bbox 2549 3095 2705 3150; baseline 0.006 -2"><span class='ocrx_word' id='word_1_573' title='bbox 2549 3095 2705 3150; x_wconf 72' lang='lat' dir='ltr'><strong>XVII.</strong></span> 
     </span>
    </p>
   </div>
   <div class='ocr_carea' id='block_1_90' title="bbox 2265 3218 2983 3259">
    <p class='ocr_par' dir='ltr' id='par_1_90' title="bbox 2265 3218 2983 3259">
     <span class='ocr_line' id='line_1_90' title="bbox 2265 3218 2983 3259; baseline 0.004 -3"><span class='ocrx_word' id='word_1_574' title='bbox 2265 3218 2364 3259; x_wconf 73' lang='lat' dir='ltr'><strong>PRO</strong></span> <span class='ocrx_word' id='word_1_575' title='bbox 2403 3219 2588 3258; x_wconf 70' lang='lat' dir='ltr'><strong>MAIOR!</strong></span> <span class='ocrx_word' id='word_1_576' title='bbox 2632 3219 2983 3259; x_wconf 73' lang='lat' dir='ltr'><strong>IONASTERIO.</strong></span> 
     </span>
    </p>
   </div>
   <div class='ocr_carea' id='block_1_91' title="bbox 2457 3293 2807 3364">
    <p class='ocr_par' dir='ltr' id='par_1_91' title="bbox 2457 3293 2807 3364">
     <span class='ocr_line' id='line_1_91' title="bbox 2457 3293 2807 3364; baseline 0.006 -20"><span class='ocrx_word' id='word_1_577' title='bbox 2457 3293 2630 3364; x_wconf 84' lang='lat' dir='ltr'><strong>(Anno</strong></span> <span class='ocrx_word' id='word_1_578' title='bbox 2661 3293 2807 3364; x_wconf 76' lang='lat' dir='ltr'><strong>8H.)</strong></span> 
     </span>
    </p>
   </div>
   <div class='ocr_carea' id='block_1_92' title="bbox 1845 3379 3420 3452">
    <p class='ocr_par' dir='ltr' id='par_1_92' title="bbox 1845 3379 3420 3452">
     <span class='ocr_line' id='line_1_92' title="bbox 1845 3379 3420 3452; baseline 0.006 -19"><span class='ocrx_word' id='word_1_579' title='bbox 1845 3379 2020 3452; x_wconf 83' lang='lat' dir='ltr'><strong>[Apud</strong></span> <span class='ocrx_word' id='word_1_580' title='bbox 2058 3381 2120 3434; x_wconf 94' lang='lat' dir='ltr'><strong>D.</strong></span> <span class='ocrx_word' id='word_1_581' title='bbox 2153 3380 2442 3452; x_wconf 83' lang='lat' dir='ltr'><strong>Bouquet.,</strong></span> <span class='ocrx_word' id='word_1_582' title='bbox 2474 3383 2626 3446; x_wconf 81' lang='lat' dir='ltr'><strong>ibid.,</strong></span> <span class='ocrx_word' id='word_1_583' title='bbox 2659 3398 2778 3452; x_wconf 90' lang='lat' dir='ltr'><strong>pag.</strong></span> <span class='ocrx_word' id='word_1_584' title='bbox 2826 3382 2951 3445; x_wconf 71' lang='lat'><strong>468,</strong></span> <span class='ocrx_word' id='word_1_585' title='bbox 2975 3397 3042 3438; x_wconf 83' lang='lat' dir='ltr'><strong>ex</strong></span> <span class='ocrx_word' id='word_1_586' title='bbox 3094 3383 3420 3442; x_wconf 84' lang='lat' dir='ltr'><strong>chartulario</strong></span> 
     </span>
    </p>
   </div>
   <div class='ocr_carea' id='block_1_93' title="bbox 2312 3450 2946 3524">
    <p class='ocr_par' dir='ltr' id='par_1_93' title="bbox 2312 3450 2946 3524">
     <span class='ocr_line' id='line_1_93' title="bbox 2312 3450 2946 3524; baseline 0.002 -20"><span class='ocrx_word' id='word_1_587' title='bbox 2312 3450 2552 3519; x_wconf 87' lang='lat' dir='ltr'><strong>ejusdem</strong></span> <span class='ocrx_word' id='word_1_588' title='bbox 2584 3450 2946 3524; x_wconf 75' lang='lat' dir='ltr'><strong>monasterii.]</strong></span> 
     </span>
    </p>
   </div>
   <div class='ocr_carea' id='block_1_94' title="bbox 1916 3539 3418 3616">
    <p class='ocr_par' dir='ltr' id='par_1_94' title="bbox 1916 3539 3418 3616">
     <span class='ocr_line' id='line_1_94' title="bbox 1916 3539 3418 3616; baseline 0.004 -23"><span class='ocrx_word' id='word_1_589' title='bbox 1916 3539 2219 3595; x_wconf 89' lang='lat' dir='ltr'><strong>Ludovicus</strong></span> <span class='ocrx_word' id='word_1_590' title='bbox 2266 3541 2357 3595; x_wconf 91' lang='lat' dir='ltr'><strong>Dei</strong></span> <span class='ocrx_word' id='word_1_591' title='bbox 2408 3541 2691 3597; x_wconf 83' lang='lat' dir='ltr'><strong>ordinante</strong></span> <span class='ocrx_word' id='word_1_592' title='bbox 2742 3543 3079 3613; x_wconf 84' lang='lat' dir='ltr'><strong>providentia</strong></span> <span class='ocrx_word' id='word_1_593' title='bbox 3128 3547 3418 3616; x_wconf 86' lang='lat' dir='ltr'><strong>imperator</strong></span> 
     </span>
    </p>
   </div>
   <div class='ocr_carea' id='block_1_95' title="bbox 1843 3634 2134 3702">
    <p class='ocr_par' dir='ltr' id='par_1_95' title="bbox 1843 3634 2134 3702">
     <span class='ocr_line' id='line_1_95' title="bbox 1843 3634 2134 3702; baseline 0 -16"><span class='ocrx_word' id='word_1_594' title='bbox 1843 3634 2134 3702; x_wconf 83' lang='lat' dir='ltr'><strong>Augustus.</strong></span> 
     </span>
    </p>
   </div>
   <div class='ocr_carea' id='block_1_96' title="bbox 1915 3722 3416 3796">
    <p class='ocr_par' dir='ltr' id='par_1_96' title="bbox 1915 3722 3416 3796">
     <span class='ocr_line' id='line_1_96' title="bbox 1915 3722 3416 3796; baseline 0.004 -21"><span class='ocrx_word' id='word_1_595' title='bbox 1915 3722 1971 3776; x_wconf 93' lang='lat' dir='ltr'><strong>Si</strong></span> <span class='ocrx_word' id='word_1_596' title='bbox 2003 3739 2133 3787; x_wconf 78' lang='lat' dir='ltr'><strong>erga</strong></span> <span class='ocrx_word' id='word_1_597' title='bbox 2173 3723 2289 3776; x_wconf 86' lang='lat' dir='ltr'><strong>loca</strong></span> <span class='ocrx_word' id='word_1_598' title='bbox 2339 3723 2533 3777; x_wconf 91' lang='lat' dir='ltr'><strong>divinis</strong></span> <span class='ocrx_word' id='word_1_599' title='bbox 2569 3724 2802 3779; x_wconf 81' lang='lat' dir='ltr'><strong>cultibus</strong></span> <span class='ocrx_word' id='word_1_600' title='bbox 2843 3726 3147 3795; x_wconf 86' lang='lat' dir='ltr'><strong>mancipata</strong></span> <span class='ocrx_word' id='word_1_601' title='bbox 3196 3738 3416 3796; x_wconf 72' lang='lat' dir='ltr'><strong>propter</strong></span> 
     </span>
    </p>
   </div>
   <div class='ocr_carea' id='block_1_97' title="bbox 1843 3812 3418 3882">
    <p class='ocr_par' dir='ltr' id='par_1_97' title="bbox 1843 3812 3418 3882">
     <span class='ocr_line' id='line_1_97' title="bbox 1843 3812 3418 3882; baseline 0.004 -17"><span class='ocrx_word' id='word_1_602' title='bbox 1843 3827 2080 3866; x_wconf 91' lang='lat' dir='ltr'><strong>amorem</strong></span> <span class='ocrx_word' id='word_1_603' title='bbox 2110 3812 2204 3865; x_wconf 91' lang='lat' dir='ltr'><strong>Dei</strong></span> <span class='ocrx_word' id='word_1_604' title='bbox 2248 3812 2471 3882; x_wconf 89' lang='lat' dir='ltr'><strong>ejusque</strong></span> <span class='ocrx_word' id='word_1_605' title='bbox 2499 3813 2552 3866; x_wconf 92' lang='lat' dir='ltr'><strong>in</strong></span> <span class='ocrx_word' id='word_1_606' title='bbox 2601 3814 2805 3869; x_wconf 89' lang='lat' dir='ltr'><strong>eisdem</strong></span> <span class='ocrx_word' id='word_1_607' title='bbox 2852 3815 2986 3869; x_wconf 91' lang='lat' dir='ltr'><strong>locis</strong></span> <span class='ocrx_word' id='word_1_608' title='bbox 3034 3814 3418 3871; x_wconf 85' lang='lat' dir='ltr'><strong>famulantibus</strong></span> 
     </span>
    </p>
   </div>
   <div class='ocr_carea' id='block_1_98' title="bbox 1842 3901 3414 3973">
    <p class='ocr_par' dir='ltr' id='par_1_98' title="bbox 1842 3901 3414 3973">
     <span class='ocr_line' id='line_1_98' title="bbox 1842 3901 3414 3973; baseline 0.004 -20"><span class='ocrx_word' id='word_1_609' title='bbox 1842 3909 2140 3970; x_wconf 87' lang='lat' dir='ltr'><strong>opportuna</strong></span> <span class='ocrx_word' id='word_1_610' title='bbox 2189 3901 2470 3972; x_wconf 85' lang='lat' dir='ltr'><strong>largimur,</strong></span> <span class='ocrx_word' id='word_1_611' title='bbox 2519 3903 2799 3970; x_wconf 59' lang='lat' dir='ltr'><strong>praemium</strong></span> <span class='ocrx_word' id='word_1_612' title='bbox 2861 3905 3017 3958; x_wconf 81' lang='lat' dir='ltr'><strong>nobis</strong></span> <span class='ocrx_word' id='word_1_613' title='bbox 3068 3906 3207 3973; x_wconf 89' lang='lat' dir='ltr'><strong>apud</strong></span> <span class='ocrx_word' id='word_1_614' title='bbox 3246 3905 3414 3960; x_wconf 90' lang='lat' dir='ltr'><strong>Deum</strong></span> 
     </span>
    </p>
   </div>
   <div class='ocr_carea' id='block_1_99' title="bbox 1843 3992 3413 4063">
    <p class='ocr_par' dir='ltr' id='par_1_99' title="bbox 1843 3992 3413 4063">
     <span class='ocr_line' id='line_1_99' title="bbox 1843 3992 3413 4063; baseline 0.002 -17"><span class='ocrx_word' id='word_1_615' title='bbox 1843 4001 2057 4046; x_wconf 65' lang='lat' dir='ltr'><strong>aeternae</strong></span> <span class='ocrx_word' id='word_1_616' title='bbox 2129 3992 2578 4046; x_wconf 89' lang='lat' dir='ltr'><strong>remunerationis</strong></span> <span class='ocrx_word' id='word_1_617' title='bbox 2644 3994 2866 4063; x_wconf 90' lang='lat' dir='ltr'><strong>rependi</strong></span> <span class='ocrx_word' id='word_1_618' title='bbox 2932 4010 3039 4048; x_wconf 93' lang='lat' dir='ltr'><strong>non</strong></span> <span class='ocrx_word' id='word_1_619' title='bbox 3103 3995 3413 4057; x_wconf 82' lang='lat' dir='ltr'><strong>dillidimus.</strong></span> 
     </span>
    </p>
   </div>
   <div class='ocr_carea' id='block_1_100' title="bbox 1843 4082 3416 4150">
    <p class='ocr_par' dir='ltr' id='par_1_100' title="bbox 1843 4082 3416 4150">
     <span class='ocr_line' id='line_1_100' title="bbox 1843 4082 3416 4150; baseline 0.003 -14"><span class='ocrx_word' id='word_1_620' title='bbox 1843 4082 2076 4136; x_wconf 86' lang='lat' dir='ltr'><strong>Proinde</strong></span> <span class='ocrx_word' id='word_1_621' title='bbox 2139 4083 2432 4150; x_wconf 88' lang='lat' dir='ltr'><strong>comperiat</strong></span> <span class='ocrx_word' id='word_1_622' title='bbox 2476 4083 2717 4136; x_wconf 91' lang='lat' dir='ltr'><strong>omnium</strong></span> <span class='ocrx_word' id='word_1_623' title='bbox 2761 4083 2998 4138; x_wconf 90' lang='lat' dir='ltr'><strong>ﬁdelium</strong></span> <span class='ocrx_word' id='word_1_624' title='bbox 3063 4094 3265 4139; x_wconf 60' lang='lat' dir='ltr'><strong>sanctae</strong></span> <span class='ocrx_word' id='word_1_625' title='bbox 3323 4085 3416 4140; x_wconf 81' lang='lat' dir='ltr'><strong>Dri</strong></span> 
     </span>
    </p>
   </div>
   <div class='ocr_carea' id='block_1_101' title="bbox 1845 4173 3414 4242">
    <p class='ocr_par' dir='ltr' id='par_1_101' title="bbox 1845 4173 3414 4242">
     <span class='ocr_line' id='line_1_101' title="bbox 1845 4173 3414 4242; baseline -0.001 -14"><span class='ocrx_word' id='word_1_626' title='bbox 1845 4173 2117 4230; x_wconf 69' lang='lat' dir='ltr'><strong>Ecclesiae.</strong></span> <span class='ocrx_word' id='word_1_627' title='bbox 2144 4183 2249 4227; x_wconf 90' lang='lat' dir='ltr'><strong>tam</strong></span> <span class='ocrx_word' id='word_1_628' title='bbox 2286 4175 2633 4242; x_wconf 74' lang='lat' dir='ltr'><strong>prmsentium</strong></span> <span class='ocrx_word' id='word_1_629' title='bbox 2678 4189 2840 4242; x_wconf 90' lang='lat' dir='ltr'><strong>quam</strong></span> <span class='ocrx_word' id='word_1_630' title='bbox 2887 4175 3050 4226; x_wconf 89' lang='lat' dir='ltr'><strong>etiam</strong></span> <span class='ocrx_word' id='word_1_631' title='bbox 3090 4173 3414 4238; x_wconf 87' lang='lat' dir='ltr'><strong>futurorum,</strong></span> 
     </span>
    </p>
   </div>
   <div class='ocr_carea' id='block_1_102' title="bbox 1845 4262 3415 4331">
    <p class='ocr_par' dir='ltr' id='par_1_102' title="bbox 1845 4262 3415 4331">
     <span class='ocr_line' id='line_1_102' title="bbox 1845 4262 3415 4331; baseline 0.001 -17"><span class='ocrx_word' id='word_1_632' title='bbox 1845 4263 2132 4326; x_wconf 79' lang='lat' dir='ltr'><strong>industria,</strong></span> <span class='ocrx_word' id='word_1_633' title='bbox 2183 4265 2308 4331; x_wconf 83' lang='lat' dir='ltr'><strong>quia</strong></span> <span class='ocrx_word' id='word_1_634' title='bbox 2357 4264 2439 4315; x_wconf 92' lang='lat' dir='ltr'><strong>vir</strong></span> <span class='ocrx_word' id='word_1_635' title='bbox 2466 4262 2794 4317; x_wconf 86' lang='lat' dir='ltr'><strong>venerabilis</strong></span> <span class='ocrx_word' id='word_1_636' title='bbox 2824 4263 3123 4316; x_wconf 77' lang='lat' dir='ltr'><strong>Hieremias</strong></span> <span class='ocrx_word' id='word_1_637' title='bbox 3169 4263 3304 4318; x_wconf 90' lang='lat' dir='ltr'><strong>abba</strong></span> <span class='ocrx_word' id='word_1_638' title='bbox 3349 4279 3415 4318; x_wconf 81' lang='lat' dir='ltr'><strong>ex</strong></span> 
     </span>
    </p>
   </div>
   <div class='ocr_carea' id='block_1_103' title="bbox 1845 4350 3419 4420">
    <p class='ocr_par' dir='ltr' id='par_1_103' title="bbox 1845 4350 3419 4420">
     <span class='ocr_line' id='line_1_103' title="bbox 1845 4350 3419 4420; baseline 0 -14"><span class='ocrx_word' id='word_1_639' title='bbox 1845 4352 2176 4407; x_wconf 89' lang='lat' dir='ltr'><strong>monasterio</strong></span> <span class='ocrx_word' id='word_1_640' title='bbox 2223 4351 2280 4406; x_wconf 92' lang='lat' dir='ltr'><strong>S.</strong></span> <span class='ocrx_word' id='word_1_641' title='bbox 2315 4351 2529 4405; x_wconf 84' lang='lat' dir='ltr'><strong>Martini</strong></span> <span class='ocrx_word' id='word_1_642' title='bbox 2564 4350 2805 4419; x_wconf 89' lang='lat' dir='ltr'><strong>majoris,</strong></span> <span class='ocrx_word' id='word_1_643' title='bbox 2848 4350 2990 4420; x_wconf 91' lang='lat' dir='ltr'><strong>quod</strong></span> <span class='ocrx_word' id='word_1_644' title='bbox 3035 4360 3117 4405; x_wconf 90' lang='lat' dir='ltr'><strong>est</strong></span> <span class='ocrx_word' id='word_1_645' title='bbox 3175 4360 3419 4406; x_wconf 87' lang='lat' dir='ltr'><strong>constru-</strong></span> 
     </span>
    </p>
   </div>
   <div class='ocr_carea' id='block_1_104' title="bbox 1845 4443 3416 4514">
    <p class='ocr_par' dir='ltr' id='par_1_104' title="bbox 1845 4443 3416 4514">
     <span class='ocr_line' id='line_1_104' title="bbox 1845 4443 3416 4514; baseline 0 -17"><span class='ocrx_word' id='word_1_646' title='bbox 1845 4451 1990 4497; x_wconf 90' lang='lat' dir='ltr'><strong>ctum</strong></span> <span class='ocrx_word' id='word_1_647' title='bbox 2015 4458 2183 4512; x_wconf 90' lang='lat' dir='ltr'><strong>prope</strong></span> <span class='ocrx_word' id='word_1_648' title='bbox 2209 4443 2410 4498; x_wconf 89' lang='lat' dir='ltr'><strong>Turon.</strong></span> <span class='ocrx_word' id='word_1_649' title='bbox 2450 4443 2723 4498; x_wconf 87' lang='lat' dir='ltr'><strong>civitatem</strong></span> <span class='ocrx_word' id='word_1_650' title='bbox 2756 4459 2918 4512; x_wconf 89' lang='lat' dir='ltr'><strong>super</strong></span> <span class='ocrx_word' id='word_1_651' title='bbox 2941 4443 3151 4498; x_wconf 89' lang='lat' dir='ltr'><strong>alveum</strong></span> <span class='ocrx_word' id='word_1_652' title='bbox 3179 4443 3384 4514; x_wconf 81' lang='lat' dir='ltr'><strong>Ligeris</strong></span> <span class='ocrx_word' id='word_1_653' title='bbox 3403 4486 3416 4507; x_wconf 92' lang='lat'><strong>,</strong></span> 
     </span>
    </p>
   </div>
   <div class='ocr_carea' id='block_1_105' title="bbox 1846 4536 3420 4590">
    <p class='ocr_par' dir='ltr' id='par_1_105' title="bbox 1846 4536 3420 4590">
     <span class='ocr_line' id='line_1_105' title="bbox 1846 4536 3420 4590; baseline 0 -1"><span class='ocrx_word' id='word_1_654' title='bbox 1846 4536 2041 4590; x_wconf 87' lang='lat' dir='ltr'><strong>obtulit</strong></span> <span class='ocrx_word' id='word_1_655' title='bbox 2077 4536 2354 4590; x_wconf 90' lang='lat' dir='ltr'><strong>obtutibus</strong></span> <span class='ocrx_word' id='word_1_656' title='bbox 2396 4536 2594 4589; x_wconf 91' lang='lat' dir='ltr'><strong>nostris</strong></span> <span class='ocrx_word' id='word_1_657' title='bbox 2639 4536 3012 4589; x_wconf 88' lang='lat' dir='ltr'><strong>auctoritatem</strong></span> <span class='ocrx_word' id='word_1_658' title='bbox 3064 4536 3420 4589; x_wconf 88' lang='lat' dir='ltr'><strong>immunitatis</strong></span> 
     </span>
    </p>
   </div>
   <div class='ocr_carea' id='block_1_106' title="bbox 1845 4624 3421 4694">
    <p class='ocr_par' dir='ltr' id='par_1_106' title="bbox 1845 4624 3421 4694">
     <span class='ocr_line' id='line_1_106' title="bbox 1845 4624 3421 4694; baseline -0.003 -14"><span class='ocrx_word' id='word_1_659' title='bbox 1845 4626 2025 4680; x_wconf 87' lang='lat' dir='ltr'><strong>domui</strong></span> <span class='ocrx_word' id='word_1_660' title='bbox 2056 4634 2110 4680; x_wconf 91' lang='lat' dir='ltr'><strong>et</strong></span> <span class='ocrx_word' id='word_1_661' title='bbox 2135 4627 2390 4694; x_wconf 84' lang='lat' dir='ltr'><strong>genitoris</strong></span> <span class='ocrx_word' id='word_1_662' title='bbox 2414 4625 2584 4679; x_wconf 90' lang='lat' dir='ltr'><strong>nostri</strong></span> <span class='ocrx_word' id='word_1_663' title='bbox 2614 4625 2766 4680; x_wconf 84' lang='lat' dir='ltr'><strong>bonae</strong></span> <span class='ocrx_word' id='word_1_664' title='bbox 2794 4624 3068 4679; x_wconf 74' lang='lat' dir='ltr'><strong>memoria:</strong></span> <span class='ocrx_word' id='word_1_665' title='bbox 3089 4624 3264 4679; x_wconf 90' lang='lat' dir='ltr'><strong>Caroli</strong></span> <span class='ocrx_word' id='word_1_666' title='bbox 3290 4624 3421 4693; x_wconf 82' lang='lat' dir='ltr'><strong>piis-</strong></span> 
     </span>
    </p>
   </div>
   <div class='ocr_carea' id='block_1_107' title="bbox 1845 4715 3409 4789">
    <p class='ocr_par' dir='ltr' id='par_1_107' title="bbox 1845 4715 3409 4789">
     <span class='ocr_line' id='line_1_107' title="bbox 1845 4715 3409 4789; baseline -0.003 -16"><span class='ocrx_word' id='word_1_667' title='bbox 1845 4719 1968 4773; x_wconf 87' lang='lat' dir='ltr'><strong>simi</strong></span> <span class='ocrx_word' id='word_1_668' title='bbox 2015 4719 2262 4789; x_wconf 87' lang='lat' dir='ltr'><strong>Augusti,</strong></span> <span class='ocrx_word' id='word_1_669' title='bbox 2310 4718 2361 4771; x_wconf 91' lang='lat' dir='ltr'><strong>in</strong></span> <span class='ocrx_word' id='word_1_670' title='bbox 2395 4733 2500 4786; x_wconf 89' lang='lat' dir='ltr'><strong>qua</strong></span> <span class='ocrx_word' id='word_1_671' title='bbox 2529 4726 2650 4772; x_wconf 88' lang='lat' dir='ltr'><strong>erat</strong></span> <span class='ocrx_word' id='word_1_672' title='bbox 2695 4719 2957 4772; x_wconf 89' lang='lat' dir='ltr'><strong>insertum</strong></span> <span class='ocrx_word' id='word_1_673' title='bbox 2997 4715 3227 4784; x_wconf 89' lang='lat' dir='ltr'><strong>qualiter</strong></span> <span class='ocrx_word' id='word_1_674' title='bbox 3274 4716 3409 4769; x_wconf 85' lang='lat' dir='ltr'><strong>idem</strong></span> 
     </span>
    </p>
   </div>
   <div class='ocr_carea' id='block_1_108' title="bbox 1843 4805 3411 4872">
    <p class='ocr_par' dir='ltr' id='par_1_108' title="bbox 1843 4805 3411 4872">
     <span class='ocr_line' id='line_1_108' title="bbox 1843 4805 3411 4872; baseline -0.004 -10"><span class='ocrx_word' id='word_1_675' title='bbox 1843 4809 2055 4872; x_wconf 73' lang='lat' dir='ltr'><strong>genitor</strong></span> <span class='ocrx_word' id='word_1_676' title='bbox 2087 4817 2270 4861; x_wconf 89' lang='lat' dir='ltr'><strong>noster</strong></span> <span class='ocrx_word' id='word_1_677' title='bbox 2314 4808 2562 4861; x_wconf 88' lang='lat' dir='ltr'><strong>eumdem</strong></span> <span class='ocrx_word' id='word_1_678' title='bbox 2611 4805 2993 4860; x_wconf 91' lang='lat' dir='ltr'><strong>monasterium</strong></span> <span class='ocrx_word' id='word_1_679' title='bbox 3016 4844 3030 4869; x_wconf 95' lang='lat'><strong>,</strong></span> <span class='ocrx_word' id='word_1_680' title='bbox 3067 4805 3137 4858; x_wconf 93' lang='lat' dir='ltr'><strong>ob</strong></span> <span class='ocrx_word' id='word_1_681' title='bbox 3174 4818 3411 4858; x_wconf 90' lang='lat' dir='ltr'><strong>amorem</strong></span> 
     </span>
    </p>
   </div>
   <div class='ocr_carea' id='block_1_109' title="bbox 1845 4895 3420 4967">
    <p class='ocr_par' dir='ltr' id='par_1_109' title="bbox 1845 4895 3420 4967">
     <span class='ocr_line' id='line_1_109' title="bbox 1845 4895 3420 4967; baseline -0.005 -13"><span class='ocrx_word' id='word_1_682' title='bbox 1845 4899 1935 4954; x_wconf 91' lang='lat' dir='ltr'><strong>Dei</strong></span> <span class='ocrx_word' id='word_1_683' title='bbox 1994 4899 2549 4967; x_wconf 91' lang='lat' dir='ltr'><strong>tranquillitatemque</strong></span> <span class='ocrx_word' id='word_1_684' title='bbox 2592 4897 2820 4952; x_wconf 92' lang='lat' dir='ltr'><strong>fratrum</strong></span> <span class='ocrx_word' id='word_1_685' title='bbox 2878 4896 3076 4950; x_wconf 89' lang='lat' dir='ltr'><strong>ibidem</strong></span> <span class='ocrx_word' id='word_1_686' title='bbox 3125 4895 3420 4950; x_wconf 81' lang='lat' dir='ltr'><strong>consisten-</strong></span> 
     </span>
    </p>
   </div>
   <div class='ocr_carea' id='block_1_110' title="bbox 1843 4985 3417 5058">
    <p class='ocr_par' dir='ltr' id='par_1_110' title="bbox 1843 4985 3417 5058">
     <span class='ocr_line' id='line_1_110' title="bbox 1843 4985 3417 5058; baseline -0.003 -16"><span class='ocrx_word' id='word_1_687' title='bbox 1843 4989 1997 5052; x_wconf 90' lang='lat' dir='ltr'><strong>tium,</strong></span> <span class='ocrx_word' id='word_1_688' title='bbox 2027 5003 2240 5058; x_wconf 89' lang='lat' dir='ltr'><strong>semper</strong></span> <span class='ocrx_word' id='word_1_689' title='bbox 2263 4990 2361 5042; x_wconf 93' lang='lat' dir='ltr'><strong>sub</strong></span> <span class='ocrx_word' id='word_1_690' title='bbox 2386 4989 2698 5057; x_wconf 88' lang='lat' dir='ltr'><strong>plenissima</strong></span> <span class='ocrx_word' id='word_1_691' title='bbox 2721 4987 2947 5041; x_wconf 90' lang='lat' dir='ltr'><strong>tuitione</strong></span> <span class='ocrx_word' id='word_1_692' title='bbox 2968 4993 3024 5040; x_wconf 90' lang='lat' dir='ltr'><strong>et</strong></span> <span class='ocrx_word' id='word_1_693' title='bbox 3061 4985 3417 5038; x_wconf 86' lang='lat' dir='ltr'><strong>immunitatis</strong></span> 
     </span>
    </p>
   </div>
   <div class='ocr_carea' id='block_1_111' title="bbox 1839 5069 3418 5144">
    <p class='ocr_par' dir='ltr' id='par_1_111' title="bbox 1839 5069 3418 5144">
     <span class='ocr_line' id='line_1_111' title="bbox 1839 5069 3418 5144; baseline -0.004 -12"><span class='ocrx_word' id='word_1_694' title='bbox 1839 5077 2151 5132; x_wconf 82' lang='lat' dir='ltr'><strong>defensione</strong></span> <span class='ocrx_word' id='word_1_695' title='bbox 2187 5078 2482 5132; x_wconf 89' lang='lat' dir='ltr'><strong>consistere</strong></span> <span class='ocrx_word' id='word_1_696' title='bbox 2510 5076 2744 5131; x_wconf 87' lang='lat' dir='ltr'><strong>fecisset.</strong></span> <span class='ocrx_word' id='word_1_697' title='bbox 2784 5074 2890 5130; x_wconf 90' lang='lat' dir='ltr'><strong>Sed</strong></span> <span class='ocrx_word' id='word_1_698' title='bbox 2923 5090 3021 5144; x_wconf 92' lang='lat' dir='ltr'><strong>pro</strong></span> <span class='ocrx_word' id='word_1_699' title='bbox 3046 5069 3122 5128; x_wconf 76' lang='lat' dir='ltr'><strong>rei</strong></span> <span class='ocrx_word' id='word_1_700' title='bbox 3165 5073 3418 5127; x_wconf 79' lang='lat' dir='ltr'><strong>ﬁrmitate</strong></span> 
     </span>
    </p>
   </div>
   <div class='ocr_carea' id='block_1_112' title="bbox 1838 5167 3416 5238">
    <p class='ocr_par' dir='ltr' id='par_1_112' title="bbox 1838 5167 3416 5238">
     <span class='ocr_line' id='line_1_112' title="bbox 1838 5167 3416 5238; baseline -0.003 -16"><span class='ocrx_word' id='word_1_701' title='bbox 1838 5169 2125 5238; x_wconf 85' lang='lat' dir='ltr'><strong>postulavit</strong></span> <span class='ocrx_word' id='word_1_702' title='bbox 2152 5169 2308 5222; x_wconf 90' lang='lat' dir='ltr'><strong>nobis</strong></span> <span class='ocrx_word' id='word_1_703' title='bbox 2330 5168 2620 5236; x_wconf 85' lang='lat' dir='ltr'><strong>praedictus</strong></span> <span class='ocrx_word' id='word_1_704' title='bbox 2644 5167 2781 5221; x_wconf 90' lang='lat' dir='ltr'><strong>abba</strong></span> <span class='ocrx_word' id='word_1_705' title='bbox 2813 5175 2869 5220; x_wconf 87' lang='lat' dir='ltr'><strong>ut</strong></span> <span class='ocrx_word' id='word_1_706' title='bbox 2894 5174 3180 5235; x_wconf 88' lang='lat' dir='ltr'><strong>paternum</strong></span> <span class='ocrx_word' id='word_1_707' title='bbox 3211 5179 3416 5218; x_wconf 78' lang='lat' dir='ltr'><strong>morem</strong></span> 
     </span>
    </p>
   </div>
   <div class='ocr_carea' id='block_1_113' title="bbox 1837 5255 3418 5326">
    <p class='ocr_par' dir='ltr' id='par_1_113' title="bbox 1837 5255 3418 5326">
     <span class='ocr_line' id='line_1_113' title="bbox 1837 5255 3418 5326; baseline -0.003 -14"><span class='ocrx_word' id='word_1_708' title='bbox 1837 5267 2146 5326; x_wconf 88' lang='lat' dir='ltr'><strong>sequentes,</strong></span> <span class='ocrx_word' id='word_1_709' title='bbox 2171 5256 2542 5324; x_wconf 89' lang='lat' dir='ltr'><strong>hujuscemodi</strong></span> <span class='ocrx_word' id='word_1_710' title='bbox 2570 5266 2772 5311; x_wconf 77' lang='lat' dir='ltr'><strong>nostrze</strong></span> <span class='ocrx_word' id='word_1_711' title='bbox 2814 5255 3172 5310; x_wconf 74' lang='lat' dir='ltr'><strong>immanitatis</strong></span> <span class='ocrx_word' id='word_1_712' title='bbox 3220 5270 3418 5324; x_wconf 65' lang='lat' dir='ltr'><strong>prrecc-</strong></span> 
     </span>
    </p>
   </div>
   <div class='ocr_carea' id='block_1_114' title="bbox 1838 5343 3416 5418">
    <p class='ocr_par' dir='ltr' id='par_1_114' title="bbox 1838 5343 3416 5418">
     <span class='ocr_line' id='line_1_114' title="bbox 1838 5343 3416 5418; baseline -0.001 -18"><span class='ocrx_word' id='word_1_713' title='bbox 1838 5357 1984 5418; x_wconf 92' lang='lat' dir='ltr'><strong>ptum</strong></span> <span class='ocrx_word' id='word_1_714' title='bbox 2013 5348 2084 5401; x_wconf 82' lang='lat' dir='ltr'><strong>ob</strong></span> <span class='ocrx_word' id='word_1_715' title='bbox 2121 5363 2361 5401; x_wconf 86' lang='lat' dir='ltr'><strong>amorem</strong></span> <span class='ocrx_word' id='word_1_716' title='bbox 2390 5348 2483 5401; x_wconf 92' lang='lat' dir='ltr'><strong>Dei</strong></span> <span class='ocrx_word' id='word_1_717' title='bbox 2529 5356 2584 5402; x_wconf 91' lang='lat' dir='ltr'><strong>et</strong></span> <span class='ocrx_word' id='word_1_718' title='bbox 2630 5347 2991 5401; x_wconf 91' lang='lat' dir='ltr'><strong>reverentiam</strong></span> <span class='ocrx_word' id='word_1_719' title='bbox 3030 5345 3198 5398; x_wconf 87' lang='lat' dir='ltr'><strong>divini</strong></span> <span class='ocrx_word' id='word_1_720' title='bbox 3239 5343 3416 5399; x_wconf 86' lang='lat' dir='ltr'><strong>cultus</strong></span> 
     </span>
    </p>
   </div>
   <div class='ocr_carea' id='block_1_115' title="bbox 1841 5422 3414 5506">
    <p class='ocr_par' dir='ltr' id='par_1_115' title="bbox 1841 5422 3414 5506">
     <span class='ocr_line' id='line_1_115' title="bbox 1841 5422 3414 5506; baseline -0.003 -14"><span class='ocrx_word' id='word_1_721' title='bbox 1841 5422 1967 5506; x_wconf 76' lang='lat' dir='ltr'><strong>erga</strong></span> <span class='ocrx_word' id='word_1_722' title='bbox 2016 5439 2189 5506; x_wconf 90' lang='lat' dir='ltr'><strong>ipsum</strong></span> <span class='ocrx_word' id='word_1_723' title='bbox 2236 5439 2623 5493; x_wconf 85' lang='lat' dir='ltr'><strong>monasterium</strong></span> <span class='ocrx_word' id='word_1_724' title='bbox 2669 5438 2782 5491; x_wconf 88' lang='lat' dir='ltr'><strong>ﬁeri</strong></span> <span class='ocrx_word' id='word_1_725' title='bbox 2834 5451 3195 5492; x_wconf 89' lang='lat' dir='ltr'><strong>censeremus.</strong></span> <span class='ocrx_word' id='word_1_726' title='bbox 3251 5433 3414 5502; x_wconf 88' lang='lat' dir='ltr'><strong>Cujus</strong></span> 
     </span>
    </p>
   </div>
   <div class='ocr_carea' id='block_1_116' title="bbox 1839 5524 3414 5596">
    <p class='ocr_par' dir='ltr' id='par_1_116' title="bbox 1839 5524 3414 5596">
     <span class='ocr_line' id='line_1_116' title="bbox 1839 5524 3414 5596; baseline -0.003 -15"><span class='ocrx_word' id='word_1_727' title='bbox 1839 5530 2085 5595; x_wconf 89' lang='lat' dir='ltr'><strong>petitioni</strong></span> <span class='ocrx_word' id='word_1_728' title='bbox 2114 5527 2346 5582; x_wconf 87' lang='lat' dir='ltr'><strong>libenter</strong></span> <span class='ocrx_word' id='word_1_729' title='bbox 2384 5543 2662 5582; x_wconf 90' lang='lat' dir='ltr'><strong>assensum</strong></span> <span class='ocrx_word' id='word_1_730' title='bbox 2699 5526 3044 5596; x_wconf 66' lang='lat' dir='ltr'><strong>praebuimus,</strong></span> <span class='ocrx_word' id='word_1_731' title='bbox 3073 5532 3130 5580; x_wconf 87' lang='lat' dir='ltr'><strong>et</strong></span> <span class='ocrx_word' id='word_1_732' title='bbox 3181 5524 3280 5579; x_wconf 88' lang='lat' dir='ltr'><strong>hoc</strong></span> <span class='ocrx_word' id='word_1_733' title='bbox 3320 5539 3414 5576; x_wconf 86' lang='lat' dir='ltr'><strong>no-</strong></span> 
     </span>
    </p>
   </div>
   <div class='ocr_carea' id='block_1_117' title="bbox 1840 5614 3414 5689">
    <p class='ocr_par' dir='ltr' id='par_1_117' title="bbox 1840 5614 3414 5689">
     <span class='ocr_line' id='line_1_117' title="bbox 1840 5614 3414 5689; baseline -0.004 -17"><span class='ocrx_word' id='word_1_734' title='bbox 1840 5627 1965 5672; x_wconf 77' lang='lat' dir='ltr'><strong>strae</strong></span> <span class='ocrx_word' id='word_1_735' title='bbox 1993 5619 2298 5673; x_wconf 86' lang='lat' dir='ltr'><strong>autoritatis</strong></span> <span class='ocrx_word' id='word_1_736' title='bbox 2321 5629 2666 5689; x_wconf 70' lang='lat' dir='ltr'><strong>praeceptum,</strong></span> <span class='ocrx_word' id='word_1_737' title='bbox 2699 5616 3060 5671; x_wconf 88' lang='lat' dir='ltr'><strong>itntnunitatls</strong></span> <span class='ocrx_word' id='word_1_738' title='bbox 3101 5623 3261 5684; x_wconf 86' lang='lat' dir='ltr'><strong>atque</strong></span> <span class='ocrx_word' id='word_1_739' title='bbox 3310 5614 3414 5665; x_wconf 87' lang='lat' dir='ltr'><strong>tui-</strong></span> 
     </span>
    </p>
   </div>
   <div class='ocr_carea' id='block_1_118' title="bbox 1843 5705 3413 5776">
    <p class='ocr_par' dir='ltr' id='par_1_118' title="bbox 1843 5705 3413 5776">
     <span class='ocr_line' id='line_1_118' title="bbox 1843 5705 3413 5776; baseline -0.004 -14"><span class='ocrx_word' id='word_1_740' title='bbox 1843 5707 2004 5762; x_wconf 88' lang='lat' dir='ltr'><strong>tionis</strong></span> <span class='ocrx_word' id='word_1_741' title='bbox 2026 5709 2218 5776; x_wconf 90' lang='lat' dir='ltr'><strong>gratia,</strong></span> <span class='ocrx_word' id='word_1_742' title='bbox 2256 5723 2353 5776; x_wconf 91' lang='lat' dir='ltr'><strong>pro</strong></span> <span class='ocrx_word' id='word_1_743' title='bbox 2383 5708 2652 5762; x_wconf 87' lang='lat' dir='ltr'><strong>firmitatis</strong></span> <span class='ocrx_word' id='word_1_744' title='bbox 2679 5707 2856 5760; x_wconf 86' lang='lat' dir='ltr'><strong>studio</strong></span> <span class='ocrx_word' id='word_1_745' title='bbox 2883 5713 2937 5758; x_wconf 86' lang='lat' dir='ltr'><strong>et</strong></span> <span class='ocrx_word' id='word_1_746' title='bbox 2979 5705 3172 5758; x_wconf 65' lang='lat' dir='ltr'><strong>animae</strong></span> <span class='ocrx_word' id='word_1_747' title='bbox 3215 5711 3413 5756; x_wconf 62' lang='lat' dir='ltr'><strong>nostra:</strong></span> 
     </span>
    </p>
   </div>
   <div class='ocr_carea' id='block_1_119' title="bbox 1842 5792 3412 5865">
    <p class='ocr_par' dir='ltr' id='par_1_119' title="bbox 1842 5792 3412 5865">
     <span class='ocr_line' id='line_1_119' title="bbox 1842 5792 3412 5865; baseline -0.004 -13"><span class='ocrx_word' id='word_1_748' title='bbox 1842 5796 2203 5852; x_wconf 79' lang='lat' dir='ltr'><strong>emolumento</strong></span> <span class='ocrx_word' id='word_1_749' title='bbox 2227 5799 2339 5852; x_wconf 77' lang='lat' dir='ltr'><strong>fieri</strong></span> <span class='ocrx_word' id='word_1_750' title='bbox 2369 5801 2703 5855; x_wconf 74' lang='lat' dir='ltr'><strong>decrevimus</strong></span> <span class='ocrx_word' id='word_1_751' title='bbox 2738 5816 2748 5849; x_wconf 86' lang='lat'>:</span> <span class='ocrx_word' id='word_1_752' title='bbox 2776 5812 2871 5865; x_wconf 81' lang='lat' dir='ltr'><strong>per</strong></span> <span class='ocrx_word' id='word_1_753' title='bbox 2901 5793 3042 5861; x_wconf 87' lang='lat' dir='ltr'><strong>quod</strong></span> <span class='ocrx_word' id='word_1_754' title='bbox 3073 5792 3412 5862; x_wconf 71' lang='lat' dir='ltr'><strong>praecipimus</strong></span> 
     </span>
    </p>
   </div>
  </div>
