3936 6322
537 310 639 367 999

1642 306 1965 366 LUDOVICI
2002 305 2024 359 l
2060 301 2533 361 COGNOMENTO
2572 306 2654 362 Ρη

3696 306 3813 360 400⁷)

534 421 960 495 atqncjubemus
987 427 1048 475 ut
1068 419 1429 489 nullusjudex
1455 420 1725 489 publicus,
1760 434 1935 489 neque
1968 417 2116 488 quis—
2145 418 2193 474 A
2220 417 2305 471 nis
2333 420 2526 482 nostri,
2560 428 2617 473 ut
2643 431 2870 476 matrem
2891 420 3175 476 ecclesiam
3211 421 3383 491 ipsius
3413 420 3688 481 civitatis,
3711 436 3811 489 qum

532 516 666 572 libet
692 530 759 570 ex
796 513 1087 584 jndiciaria
1115 520 1402 582 potestate,
1433 520 1528 568 aut
1579 514 1719 569 ullus
1748 527 1819 569 ex
1863 511 2114 566 ﬁdelibus

534 606 759 670 nostris,
790 614 899 658 tam
944 604 1305 673 praesentibus
1336 617 1499 673 quam
1538 614 1593 659 et
1639 604 1834 660 futuris
1864 603 1918 657 in
1948 600 2120 656 eccle-

534 698 643 753 sias
674 703 767 750 aut
816 695 932 750 loca
968 694 1053 748 vel
1089 710 1267 765 agros.
1300 710 1396 749 seu
1425 694 1664 765 reliquas
1709 693 2113 766 possessiones,

532 803 667 859 quas
688 788 949 843 moderno
976 794 1218 855 tempore
1248 787 1301 840 in
1334 787 1665 856 quibuslibet
1694 787 1851 858 pagis
1876 795 1932 841 et
1958 784 2117 839 terri-

532 880 688 934 toriis
714 878 853 932 infra
883 876 1144 932 ditionem
1195 876 1407 945 impern
1445 876 1614 931 nostri
1659 875 1920 947 possidet,
1961 872 2118 942 quid-

530 968 661 1037 quid
692 968 891 1023 ibidem
918 976 1423 1036 proptersummum
1452 982 1695 1021 amorem
1718 965 1973 1021 collatum
1995 964 2115 1027 fuit,

530 1073 757 1129 quasque
784 1058 947 1113 etiam
978 1058 1233 1126 deinceps
1269 1058 1323 1111 in
1360 1057 1484 1127 jure
1517 1058 1689 1128 ipsius
1721 1056 1895 1112 sancti
1944 1055 2047 1109 loci
2087 1070 2118 1108 a

530 1151 641 1206 Deo
663 1148 879 1223 [Deum]
907 1149 1223 1205 timentibus
1253 1150 1565 1204 hominibus
1601 1150 1802 1203 ibidem
1833 1149 2009 1217 pietas
2030 1145 2116 1200 di-

528 1242 653 1295 vina
684 1241 918 1296 voluerit
946 1241 1154 1311 augeri,
1185 1242 1251 1295 ad
1274 1256 1469 1296 causas
1504 1240 1821 1304 audiendas,
1850 1239 1934 1293 vel
1966 1239 2117 1293 freda

529 1332 815 1401 exigenda,
842 1340 936 1385 aut
973 1333 1283 1387 mansiones
1306 1331 1389 1385 vel
1436 1339 1658 1402 paratas
1685 1331 1992 1395 faciendas,
2026 1338 2120 1384 aut

530 1422 876 1492 ﬁdejussores
917 1423 1201 1487 tollendos,
1246 1431 1338 1477 aut
1376 1424 1622 1479 homines
1646 1424 1816 1493 ipsius
1836 1431 2120 1478 monaste-

530 1516 619 1580 rii,
650 1526 761 1569 tam
788 1516 1050 1584 ingenuos
1096 1530 1260 1583 quam
1308 1524 1363 1568 et
1408 1530 1617 1581 servos,
1670 1530 1834 1585 super
1878 1515 2119 1585 ejusdem

530 1615 732 1661 terram
762 1616 1168 1662 commanentes
1195 1606 1614 1675 distringendos,
1655 1619 1757 1661 nec
1782 1605 1918 1660 ullas
1944 1605 2122 1659 redhi-

525 1698 760 1753 bitiones
817 1706 910 1751 aut
956 1697 1173 1751 illicitas
1220 1697 1536 1751 occasiones
1584 1696 1971 1766 requirendas,
2024 1711 2118 1750 no-

2217 509 2379 564 estin
2400 508 2606 565 honore
2632 520 2942 567 sanctorum
2968 510 3107 566 Justi
3128 519 3180 565 et
3210 511 3479 572 Pastoris,
3505 510 3601 564 vel
3630 520 3811 564 sancte

2218 597 2401 654 Mariae
2428 615 2642 670 semper
2666 601 2913 673 virginis,
2942 619 3065 657 cum
3094 604 3436 657 monasterio
3459 602 3650 656 sancti
3676 600 3809 655 Pauli

2216 689 2581 755 confessoris,
2633 692 2722 746 ubi
2768 693 2881 764 ipse
2935 701 3154 748 sanctus
3209 703 3444 762 corpore
3502 694 3807 760 requiescit,

2218 781 2363 849 quod
2390 792 2475 837 est
2506 790 2879 839 constructum
2914 786 3057 840 haud
3092 785 3280 854 procul
3313 784 3381 839 ab
3424 784 3631 838 eadem
3672 784 3811 845 urbe.

2219 890 2340 927 cum
2388 874 2636 929 omnibus
2673 878 2933 933 moderno
2967 887 3212 948 tempore
3246 878 3351 932 sibi
3386 878 3683 945 subjectis,
3725 877 3812 931 sub

2219 972 2405 1019 nostra
2435 965 2745 1022 defensione
2768 976 2823 1022 et
2854 969 3213 1025 immunitatis
3243 971 3486 1025 tuitione
3513 969 3809 1023 consistere

2219 1052 2543 1111 faceremus.
2592 1055 2757 1125 Cujus
2782 1059 3036 1127 precibus
3072 1061 3142 1115 ob
3173 1075 3421 1115 amorem
3453 1059 3552 1113 Dei
3585 1068 3641 1112 et
3674 1073 3811 1112 reve-

2219 1150 2449 1204 rentiam
2481 1152 2793 1206 eorumdem
2820 1161 3134 1207 sanctorum
3169 1169 3357 1208 aurem
3392 1152 3808 1207 accommodare

2218 1239 2394 1306 libuit,
2446 1250 2500 1295 et
2549 1242 2653 1296 hoc
2698 1250 2900 1298 nostra:
2948 1245 3291 1299 auctoritatis
3334 1244 3808 1312 immunitatisquc

2219 1339 2546 1400 praeceptum
2571 1347 2698 1403 erga
2724 1334 2968 1390 eamdem
2996 1334 3281 1390 ecclesiam
3306 1334 3529 1399 facere;
3552 1350 3659 1405 per
3680 1334 3807 1403 quod

2222 1424 2561 1477 decernimus
2604 1432 2765 1493 atque
2805 1424 3056 1493 jubemus
3101 1436 3162 1479 ut
3208 1440 3374 1479 nemo
3419 1440 3489 1479 ex
3526 1423 3807 1492 judiciaria

2220 1522 2509 1584 potestate,
2544 1531 2645 1571 nec
2674 1516 2813 1571 ullus
2833 1533 2898 1572 ex
2930 1516 3176 1573 ﬁdelibus
3200 1519 3406 1573 nostris
3439 1518 3497 1571 in
3527 1516 3804 1575 emlesias.

2222 1615 2316 1663 aut
2345 1608 2485 1673 loca,
2518 1608 2603 1663 vel
2635 1624 2816 1679 agros,
2846 1618 2941 1663 aut
2976 1610 3214 1680 reliquas
3245 1609 3659 1681 possessiones,
3687 1623 3807 1677 quas

2220 1700 2479 1768 praesenti
2509 1706 2753 1769 tempore
2797 1699 3061 1770 possidet,
3108 1700 3194 1754 vel
3223 1716 3287 1754 ea
3318 1688 3443 1768 quae
3476 1699 3736 1767 deinceps
3760 1700 3803 1751 in

527 1789 658 1843 stris
689 1803 789 1842 nec
814 1787 1012 1841 futuris
1064 1787 1400 1855 temporibus
1428 1786 1639 1856 ingredi
1670 1787 1887 1852 audeat,
1924 1786 2012 1841 vel
2051 1801 2116 1840 ea
2146 1768 2191 1827 Β
2213 1788 2337 1857 jure
2366 1797 2526 1858 atque
2552 1768 3007 1860 potestateipsius
3031 1790 3274 1845 ecclesia!
3298 1790 3485 1844 divina
3516 1790 3695 1858 pietas
3722 1804 3805 1841 vo-

526 1892 648 1947 quze
677 1892 838 1945 supra
862 1884 1162 1930 memorata
1220 1884 1365 1940 sunt,
1406 1876 1621 1943 penitus
1653 1875 1871 1946 exigere
1915 1891 2121 1944 praesu-

526 1976 659 2022 mat.
696 1966 805 2021 Sed
831 1966 990 2020 liceat
1024 1966 1249 2035 praefato
1301 1966 1484 2021 abbati
1527 1966 1751 2035 suisque
1792 1967 2120 2020 successori-

525 2054 627 2110 bus
654 2070 744 2109 res
764 2053 1006 2123 ejusdem
1050 2056 1386 2120 monasterii,
1416 2071 1538 2110 cum
1576 2056 1739 2110 rebus
1768 2055 1853 2110 vel
1885 2055 2119 2110 homini-

524 2147 627 2202 bus
651 2147 848 2201 ibidem
889 2148 1279 2217 aspicientibus
1309 2148 1393 2201 vel
1423 2147 1844 2215 perlinentibns,
1880 2148 1981 2202 sub
2018 2147 2121 2200 tui-

527 2237 693 2292 tionis
722 2247 884 2307 atque
916 2239 1272 2293 immunitatis
1298 2246 1500 2294 nostra:
1525 2239 1842 2292 defensione
1860 2279 1873 2301 ,
1909 2247 2119 2292 remota

529 2330 696 2383 totius
734 2327 1040 2397 judiciarias
1064 2331 1350 2399 potestatis
1393 2330 1785 2399 inquietudine,
1819 2330 2004 2399 quieto
2031 2346 2119 2383 or-

527 2422 654 2477 dine
675 2421 973 2491 possidere.
1002 2422 1067 2474 Et
1089 2422 1349 2491 quidquid
1377 2421 1442 2475 de
1470 2420 1711 2489 praefatis
1747 2420 1908 2474 rebus
1930 2434 2116 2473 mona-

529 2511 680 2565 sterii
704 2512 794 2581 jus
820 2509 937 2565 ﬁsci
966 2511 1180 2580 exigere
1206 2518 1439 2580 poterat,
1476 2512 1528 2565 in
1562 2518 1749 2566 nostra
1776 2511 2117 2581 eleemosyna

528 2601 583 2656 in
612 2602 882 2671 integrum
910 2601 1087 2655 cidem
1127 2600 1498 2655 concessimus
1526 2600 1881 2666 monasterio,
1908 2600 2117 2654 scilicet

528 2701 589 2746 ut
616 2701 879 2761 perpetuo
906 2700 1148 2760 tempore
1194 2691 1261 2745 ad
1301 2690 1670 2760 peragendum
1698 2691 1795 2746 Dei
1834 2692 2117 2746 servitium

528 2792 878 2853 augmentum
928 2791 984 2836 et
1027 2782 1459 2853 supplementum
1506 2782 1622 2845 ﬁat,
1674 2790 1941 2851 quatenus
1984 2782 2115 2851 ipsis

531 2875 703 2941 servis
732 2874 849 2941 Dei,
877 2874 967 2942 qui
1020 2873 1218 2929 ibidem
1268 2874 1379 2928 Deo
1414 2872 1669 2927 famulari
1711 2874 1985 2939 videntur,
2015 2888 2114 2942 pro

530 2964 686 3018 nolis
717 2971 771 3017 et
793 2962 1021 3031 conjuge
1057 2962 1316 3032 proleque
1345 2971 1551 3026 nostra,
1598 2970 1654 3015 et
1694 2962 1988 3016 stabilitate
2035 2970 2116 3015 to-

531 3055 637 3109 tius
667 3055 880 3123 imperii
926 3070 955 3107 a
988 3054 1098 3108 Dco
1128 3054 1284 3109 nobis
1326 3053 1528 3119 collati,
1559 3062 1614 3108 et
1641 3051 1757 3121 ejus
1803 3053 2113 3109 clementis-

531 3146 669 3201 sima
708 3144 1056 3199 miseratione
1089 3160 1185 3213 per
1224 3144 1547 3198 immensum
1595 3143 1975 3207 conservandi,
2022 3142 2117 3197 Dei

531 3236 854 3290 immensam
908 3234 1480 3304 clcmentiamjugitcr
1529 3251 1760 3291 exorare
1812 3234 2114 3307 [delectet].

532 3327 683 3381 llanc
722 3328 904 3397 itaque
939 3327 1341 3390 auctoritatem,
1375 3334 1432 3380 ut
1455 3326 1751 3396 pleniorem
1778 3326 1833 3378 in
1883 3325 1977 3379 Dei
2017 3340 2115 3379 no-

531 3419 679 3472 mine
722 3419 965 3472 obtineat
986 3419 1248 3487 vigorem,
1298 3425 1353 3469 ct
1396 3432 1425 3469 a
1473 3417 1719 3471 ﬁdelibus
1768 3424 1973 3470 sancta
2023 3416 2119 3469 Dei

533 3507 789 3561 Ecclesiae
842 3515 896 3561 et
944 3507 1145 3560 nuSlt’IS
1180 3506 1489 3575 diligentius
1545 3514 1917 3570 conservetur,
1957 3520 2120 3559 manu

531 3599 749 3667 proni-ia
790 3596 1340 3663 subterﬁrmavimus,
1368 3606 1422 3652 et
1461 3598 1645 3651 annuli
1678 3598 1848 3651 nostri
1895 3598 2119 3667 impres-

533 3687 685 3742 sione
708 3688 909 3757 signari
932 3686 1217 3754 jussimus.

603 3778 828 3848 Signum
852 3780 1105 3833 Ludovici
1140 3780 1471 3833 serenissimi
1506 3780 1875 3849 imperatoris.

603 3867 921 3924 Helisachar
956 3869 1266 3938 recognovi.

604 3959 736 4013 Data
770 3974 831 4012 ιιι
860 3958 1041 4012 Nonas
1069 3959 1407 4024 Decembris,
1440 3977 1583 4016 anno
1608 3961 1830 4018 Christo
1875 3962 2114 4033 propitio

535 4051 589 4113 I,
619 4050 913 4105 indictione
941 4051 997 4105 8.
1028 4049 1225 4104 Actum
1259 4053 1588 4123 Aquisgrani
1619 4054 1824 4123 palatio
1871 4054 2022 4123 regio
2063 4053 2118 4107 in

534 4142 629 4198 Dei
654 4141 871 4196 nomine
895 4139 1145 4195 feliciter.
1170 4139 1367 4197 Amen.

1227 4251 1408 4307 XVIII.

712 4359 812 4399 PRO
849 4358 1101 4399 NEFRIDIO
1140 4358 1551 4399 ARCHIEPISCOPO
1588 4359 1939 4399 NARBONENSI.

1159 4433 1332 4504 (Anno
1370 4432 1518 4506 814.)

538 4526 717 4598 |Apud
744 4524 807 4580 D.
831 4525 1120 4598 Bouquet.,
1157 4524 1308 4598 ibid.,
1346 4540 1467 4598 pag.
1500 4524 1623 4589 169,
1653 4539 1723 4598 (ξιξ
1749 4524 1961 4598 probat.
2004 4542 2120 4579 nov.

879 4592 1019 4649 Hist.
1054 4595 1245 4655 Uccit.,
1276 4592 1403 4647 tom.
1424 4592 1477 4657 7|,
1508 4608 1629 4665 pag.
1657 4592 1745 4648 44.

610 4689 667 4743 In
715 4689 930 4743 nomine
970 4687 1180 4741 Domini
1234 4686 1331 4740 Dei
1368 4694 1422 4740 et
1464 4685 1763 4741 Salvatoris
1794 4684 1965 4739 nostri
1995 4684 2122 4739 Jesu

538 4781 764 4844 Christi,
792 4778 1098 4833 Ludovicus
1125 4778 1306 4832 divina
1334 4776 1621 4831 ordinante
1646 4775 1987 4847 providentia
2016 4774 2119 4828 im-

538 4880 758 4944 perator
782 4870 1072 4937 Augustus.

611 4962 745 5018 Cum
772 4959 1124 5029 petitionibus
1150 4958 1491 5012 sacerdotum
1511 4955 1675 5023 justis
1697 4964 1751 5009 et
1781 4953 2121 5008 rationabili-

543 5053 642 5107 bus
672 5051 837 5105 divini
861 5049 1035 5104 cultus
1061 5063 1245 5101 amore
1278 5046 1536 5109 favemus,
1569 5059 1801 5114 superna
1824 5059 1924 5097 nos
1950 5044 2125 5113 gratia

542 5145 742 5201 muniri
791 5160 897 5197 non
945 5141 1251 5196 difﬁdimus.
1290 5139 1496 5193 Idcirco
1537 5146 1723 5191 notum
1761 5135 1831 5189 sit
1875 5135 2127 5189 omnibus

545 5236 793 5292 ﬁdelibus
821 5242 1022 5289 sancta:
1075 5233 1167 5286 Dei
1211 5230 1465 5285 Ecclesia:
1498 5237 1552 5283 et
1582 5228 1806 5282 nostris.
1852 5235 1961 5279 tam
1992 5240 2129 5295 pra“:-

544 5324 787 5379 sentibus
814 5339 975 5392 quam
1002 5332 1057 5377 et
1080 5320 1298 5384 futuris,
1327 5320 1449 5388 quia
1484 5319 1570 5371 vir
1594 5315 1919 5372 venerabilis
1957 5314 2121 5368 Nifri-

546 5414 667 5468 dius
693 5410 1057 5467 Narbonensis
1080 5411 1232 5466 urbis
1253 5409 1689 5479 archiepiscopus
1716 5406 1901 5461 adiens
1924 5405 2127 5460 obtuti-

549 5504 691 5558 tibus
717 5504 938 5566 nostris,
964 5503 1285 5564 deprecatus
1316 5508 1399 5555 est
1434 5496 1903 5553 mansuetudinem
1933 5494 2128 5549 culmi-

629 5630 655 5659 ι
683 5617 929 5686 Diploma
958 5614 1060 5671 hoc
1087 5615 1269 5669 nullibi
1300 5615 1475 5686 adhuc
1497 5618 1673 5686 exstat
1698 5608 1938 5686 editumi
1969 5607 2035 5661 de
2056 5618 2121 5686 eo

548 5674 768 5743 tantum.
805 5688 1022 5744 adnotat
1067 5686 1363 5752 Mabillon.,
1405 5684 1593 5739 Annal.
1635 5680 1765 5735 0rd.
1800 5678 1855 5732 S.
1904 5674 2127 5740 Bcned.,

2222 1879 2383 1935 luerit
2410 1896 2628 1950 augere,
2660 1881 2728 1935 ad
2758 1896 2951 1936 causas
2979 1881 3291 1943 audiendas,
3326 1880 3413 1934 vel
3444 1878 3605 1934 {reda
3636 1888 3692 1933 et
3720 1880 3804 1931 tri-

2221 1971 2350 2026 buta
2381 1972 2666 2040 exigenda,
2698 1980 2791 2025 aut
2821 1973 3131 2027 mansiones
3148 1971 3233 2026 vel
3255 1978 3485 2040 paratas
3514 1968 3803 2031 faciendas,

2220 2069 2314 2113 aut
2341 2058 2686 2129 tidejussores
2712 2060 2996 2125 tollendos,
3031 2072 3124 2114 aut
3152 2061 3403 2115 homines
3434 2060 3611 2129 ipsius
3648 2059 3805 2113 eccle-

2221 2150 2315 2204 siae
2344 2158 2452 2203 tam
2484 2151 2748 2219 ingenuos
2776 2165 3048 2219 quamque
3076 2159 3130 2203 et
3161 2165 3349 2204 servos
3382 2149 3801 2218 distringendos.

2222 2249 2313 2295 aut
2344 2241 2480 2296 ullas
2503 2241 2895 2295 redhibitiones
2924 2251 3016 2295 aut
3041 2241 3256 2295 illicitas
3284 2242 3613 2295 occasiones
3639 2240 3801 2307 requi-

2222 2334 2435 2395 rendus,
2467 2334 2668 2387 nostris
2711 2340 2805 2386 aut
2843 2334 3042 2387 futuris
3082 2332 3421 2401 temporibus
3465 2333 3677 2401 ingredi
3721 2348 3801 2384 au-

2219 2423 2363 2488 deat,
2394 2422 2477 2476 veI
2506 2438 2569 2476 ea
2597 2438 2715 2491 quae
2746 2438 2909 2492 supra
2940 2430 3235 2477 memorata
3268 2430 3419 2485 sunt,
3448 2422 3675 2490 penitus
3701 2423 3800 2474 exi-

2219 2527 2346 2583 gere
2373 2521 2706 2581 prassumat:
2740 2512 2835 2566 sed
2879 2512 3040 2567 liceat
3082 2520 3383 2566 memorato
3411 2511 3635 2580 prmsuli
3677 2512 3798 2563 suis-

2219 2616 2324 2669 que
2378 2600 2780 2655 successoribus
2836 2602 2936 2656 sub
2998 2610 3183 2655 nostra
3244 2600 3569 2654 defensione
3627 2599 3795 2668 quiete

2218 2690 2479 2756 residere,
2511 2699 2565 2745 et
2592 2699 2781 2745 nostro
2815 2706 3008 2760 parere
3034 2689 3282 2759 imperio.
3335 2689 3405 2743 Et
3433 2688 3700 2757 quidquid
3724 2689 3799 2754 jus

2219 2780 2336 2835 fisci
2362 2779 2486 2834 inde
2512 2781 2725 2849 exigere
2753 2788 2985 2849 poterat,
3023 2788 3197 2833 totum
3227 2794 3327 2832 nos
3355 2793 3457 2846 pro
3492 2786 3699 2831 αξιοι-ιη
3724 2792 3798 2827 re-

2217 2870 2599 2925 muneratione
2636 2871 2809 2924 eidem
2839 2870 3183 2924 concedimus
3222 2868 3499 2927 ecclesiae,
3538 2876 3600 2919 ut
3627 2881 3797 2935 perpe—

2217 2963 2329 3017 tuis
2379 2960 2712 3029 temporibus
2761 2959 2976 3013 clericis
3025 2959 3221 3013 ibidem
3287 2957 3659 3011 servientibus
3702 2956 3795 3008 Deo

2221 3051 2474 3122 proﬁciat
2520 3052 2573 3103 in
2623 3049 2967 3119 augmentis;
3021 3056 3292 3116 quatenus
3344 3055 3596 3101 rectores
3641 3046 3792 3115 ipsius

2224 3143 2489 3206 ecclesize,
2539 3156 2661 3195 cum
2714 3139 2965 3194 omnibus
3009 3138 3077 3192 ad
3123 3151 3182 3192 se
3222 3135 3657 3205 pertinentibus,
3691 3149 3795 3187 cum

2220 3234 2365 3289 clero
2403 3241 2459 3287 et
2484 3230 2678 3301 populo
2719 3228 2821 3283 sibi
2862 3228 3135 3298 subjecto,
3168 3242 3264 3296 pro
3299 3226 3453 3279 nobis
3493 3234 3551 3279 et
3592 3222 3795 3293 coniuge

2220 3325 2476 3397 proleque
2504 3330 2711 3387 nostra,
2736 3337 2799 3376 ac
2838 3320 3174 3391 (stabilitate)
3204 3319 3370 3374 totius
3394 3317 3614 3386 imperii
3643 3331 3673 3369 a
3704 3316 3797 3368 Deo

2220 3420 2377 3475 nobis
2405 3433 2500 3488 per
2547 3418 2868 3470 immensum
2908 3413 3186 3477 concessi,
3237 3411 3453 3466 Domini
3500 3408 3795 3462 miscricoro

2221 3512 2366 3567 diam
2394 3510 2647 3564 alacriter
2678 3521 2906 3562 exorare
2936 3505 3184 3559 delectet.
3225 3503 3291 3556 Et
3329 3510 3390 3556 ut
3431 3503 3551 3555 haec
3585 3498 3799 3554 auctori-

2221 3615 2303 3658 tas
2347 3610 2549 3656 nostrze
2586 3596 2960 3667 praiceptionis
2996 3610 3028 3647 a
3068 3593 3315 3647 ﬁdelibus
3352 3600 3559 3646 sancte
3592 3589 3685 3642 Dei
3714 3586 3797 3639 Ec-

2221 3692 2400 3748 clesia:
2424 3701 2479 3746 ct
2506 3690 2706 3744 nostris
2732 3688 2915 3742 verius
2950 3685 3204 3740 credatur
3245 3693 3302 3738 et
3330 3682 3649 3753 diligentius
3684 3694 3796 3733 con-

2224 3791 2501 3846 servetur,
2575 3796 2696 3834 eam
2748 3794 2910 3833 manu
2967 3778 3187 3847 propria
3237 3774 3705 3841 subscripsimus,
3751 3780 3798 3822 et

2222 3874 2407 3927 annuli
2438 3871 2793 3941 impressione
2819 3870 3022 3938 signari
3047 3868 3333 3937 jussimus.

2294 3962 2521 4034 Signum
2550 3960 2809 4016 Ludovici
2843 3959 3074 4029 piissimi
3105 3956 3353 4024 Augusti.

2294 4054 2579 4109 Durandus
2629 4053 2888 4107 diaconus
2938 4050 3005 4103 ad
3061 4050 3233 4103 vicem
3285 4044 3613 4099 Ilelisacbar
3662 4054 3791 4093 reco-

2225 4145 2426 4215 gnovit.

2293 4236 2429 4290 Data
2471 4248 2523 4286 Iv
2552 4232 2821 4286 Kalendas
2847 4229 3154 4293 Ianuarias,
3204 4240 3348 4280 anno
3370 4224 3595 4279 Christo
3632 4224 3799 4291 propi-

2225 4325 2300 4379 tio
2338 4324 2363 4376 I
2410 4322 2623 4390 imperii
2673 4320 2855 4375 domni
2901 4318 3075 4372 nostri
3113 4316 3374 4371 Ludovici
3418 4314 3651 4383 piissimi
3700 4311 3796 4365 Au-

2148 4445 2202 4504 D
2227 4412 2389 4483 gusti,
2424 4411 2718 4464 indictione
2746 4410 2798 4464 8.
2836 4408 3033 4504 Actum
3074 4405 3403 4475 Aquisgrani
3434 4403 3636 4474 palatio
3668 4402 3801 4470 regio

2229 4505 2282 4558 in
2312 4504 2405 4557 Dei
2429 4501 2649 4556 nomine
2674 4499 2922 4553 feliciter.
2956 4497 3147 4550 Amen.

2948 4589 3087 4643 XIX.

2522 4697 2547 4725 ⁸
2590 4699 2690 4738 PRO
2730 4696 3068 4736 NONASTEBIO
3104 4688 3538 4733 EBERSDEIHESSI.

2840 4771 3012 4840 (Anno
3049 4768 3197 4837 8M.)

2228 4868 2407 4941 [Apud
2444 4864 2799 4941 (_;_randidi_e_t_‘,
2826 4861 2971 4916 Hist.
3019 4861 3082 4914 de
3118 4859 3339 4941 l‘Eglire
3368 4856 3795 4941 deLSlrasbqu'rg,

2301 4926 2430 4993 iom.
2457 4936 2518 4999 II,
2544 4951 2665 5005 pag.
2698 4933 2802 4987 156
2821 4975 2835 4997 ,
2862 4948 2929 4987 ex
2955 4926 3289 5001 autographa
3318 4927 3626 4981 adulterino
3650 4926 3799 4979 abba-

2302 5040 2389 5084 tue
2423 5021 3041 5096 Aprimonasteriensis.]

2298 5121 2357 5174 In
2384 5119 2602 5173 nomine
2627 5125 2828 5171 sancta:
2851 5123 2906 5167 et
2936 5110 3225 5166 individua:
3249 5108 3556 5171 Trinitatis,
3590 5105 3797 5161 Ludovi-

2230 5228 2326 5269 cus
2350 5211 2445 5265 Dei
2473 5206 2856 5275 omnipotentis
2883 5203 3058 5273 gratia
3090 5216 3184 5255 rex
3217 5200 3558 5254 Francorum
3595 5209 3645 5253 et
3673 5198 3794 5252 Lon-

2231 5304 2629 5377 gobardorum,
2686 5298 3053 5352 Romanorum
3098 5308 3229 5347 vero
3285 5293 3589 5362 imperator
3639 5291 3796 5357 Augu-

2232 5404 2363 5450 stus.

2302 5485 2437 5539 Cum
2480 5483 2759 5551 Prophetas
2802 5474 3111 5532 testimonio
3138 5474 3393 5528 laetitiam
3426 5473 3576 5542 regis
3614 5469 3675 5524 de
3704 5468 3795 5519 vir-

2231 5609 2340 5725 ἓῆιηι
2369 5596 2433 5659 ll,
2463 5610 2587 5664 pag.
2629 5592 2752 5657 592,
2786 5590 3041 5646 mendose
3066 5587 3297 5643 relatum
3327 5599 3453 5640 esse
3480 5600 3511 5638 a
3554 5579 3787 5639 Chronico

2284 5665 2602 5724 ovienteusi.

2284 5665 2602 5724 ovientensi.
