3936 6354
238 364 379 420 1001

1384 360 1781 418 DIPLOMATA
1820 358 2373 423 ECCLESIASTICA.

3369 376 3510 436 £002

236 491 361 537 tute
388 482 480 536 Dei
508 479 800 551 procedere
830 480 1082 542 sciamus,
1116 478 1265 547 regni
1300 478 1465 532 nostri
1498 476 1739 532 lzetitiam
1770 484 1825 531 et
1853 479 1900 539 Α
1928 476 2247 544 potestative
2295 476 2582 545 possideat.
2628 479 2898 550 Quidquid
2938 480 3100 551 igitur
3144 481 3399 552 forensis,
3427 490 3514 543 vel

233 575 477 630 honores
520 588 716 643 augere
765 574 1055 634 credimus,
1097 572 1143 624 si
1180 580 1366 626 sancta
1390 587 1453 626 ac
1490 570 1822 639 venerabilia

233 679 524 719 servorum
550 663 643 717 Dei
667 661 993 719 monasteria
1026 660 1323 715 secundum
1342 660 1660 730 petitionem
1686 660 1824 729 ipso-

237 772 365 810 rum
400 756 639 810 stabilire
680 771 773 810 seu
809 752 1135 809 conﬁrmare
1172 754 1561 818 studuerimus,
1601 767 1828 823 praeser-

237 845 340 899 tim
371 861 494 900 cum
515 854 570 899 et
598 845 697 915 ipsi
726 860 826 913 pro
846 859 977 913 pace
1001 853 1055 899 et
1079 844 1381 903 stabilitate
1421 850 1607 898 nostra
1654 844 1827 899 Deum

236 936 582 1007 frequentius
626 944 873 991 exorent.
936 935 1275 1005 Quapropter
1317 936 1558 990 omnium
1588 934 1826 990 ﬁdelium

234 1028 511 1096 praecipue
548 1034 728 1080 tamen
770 1026 1071 1096 principum
1106 1033 1415 1080 nostrorum
1447 1026 1668 1081 auribus
1694 1026 1825 1080 inti-

234 1132 455 1170 mamus
501 1117 643 1185 quod
680 1117 1005 1171 venerabilis
1052 1116 1363 1171 Sambatius
1398 1116 1567 1171 abbas
1603 1117 1671 1171 de
1712 1131 1825 1171 cce-

234 1206 406 1261 nobio
446 1205 600 1274 cujus
646 1207 964 1261 vocabulum
1008 1215 1091 1261 est
1150 1205 1473 1262 Novientum
1523 1207 1636 1261 sive
1684 1206 1825 1261 Ebe-

236 1298 501 1363 resbeim,
528 1300 673 1367 quod
701 1299 782 1352 vir
820 1299 1029 1354 illuster
1063 1299 1221 1353 Eticb
1258 1300 1365 1354 dux
1390 1308 1446 1354 et
1481 1297 1677 1367 coniux
1707 1298 1825 1367 ejus

234 1387 538 1443 Bersvinda
574 1390 627 1443 in
654 1389 857 1445 Christi
889 1390 1107 1445 nomine
1144 1397 1198 1446 et
1228 1391 1280 1445 in
1308 1392 1514 1446 honore
1542 1390 1827 1446 beatorum

236 1481 607 1550 apostolorum
638 1481 784 1535 Petri
800 1490 855 1536 et
880 1480 1051 1547 Pauli,
1078 1491 1500 1551 sanctorumque
1526 1490 1828 1553 martyrum

235 1569 485 1624 Mauricii
517 1586 581 1625 ac
606 1571 876 1625 sociorum
895 1572 1037 1641 ejus,
1068 1573 1121 1627 in
1152 1587 1289 1643 pago
1313 1572 1637 1636 Alsaciensi,
1666 1586 1829 1643 super

236 1659 417 1727 ripam
439 1658 546 1712 Illa:
564 1657 821 1720 ﬂuminis.
840 1660 894 1714 in
915 1662 1224 1731 episcopatu
1248 1662 1628 1733 Argentinensi
1653 1662 1705 1716 in
1730 1676 1829 1716 suo

234 1748 461 1816 preprio
508 1758 929 1803 construxerunt
982 1751 1177 1816 fundo,
1220 1766 1346 1805 cum
1402 1752 1665 1807 fratribus
1715 1754 1830 1807 suis

235 1847 482 1893 nostram
514 1840 646 1895 adiit
674 1842 1043 1906 serenitatem,
1097 1844 1396 1913 deprecans
1419 1853 1479 1898 ut
1506 1845 1679 1914 ipsum
1712 1860 1826 1899 mo-

234 1930 537 1983 nasterium
584 1932 727 1999 quod
776 1932 1033 2001 praefatus
1083 1933 1193 1987 dux
1238 1943 1293 1988 et
1340 1936 1675 1990 venerabilis
1716 1935 1825 1989 ﬁlia

234 2018 409 2086 ipsius
432 2018 603 2074 0dilia
627 2022 679 2074 in
697 2022 788 2091 jus
810 2036 875 2077 ac
895 2022 1194 2077 dominium
1230 2025 1380 2095 regni
1408 2025 1623 2093 penitus
1646 2032 1827 2079 trans-

232 2103 518 2173 fuderunt,
558 2108 827 2179 aliquibus
852 2111 1012 2181 regia:
1037 2112 1378 2167 auctoritatis
1401 2112 1615 2168 indiciis
1637 2111 1825 2166 sull'ul-

233 2207 355 2254 tum
396 2196 879 2257 conﬁrmaremusi
903 2204 1013 2258 Nos
1051 2218 1182 2273 ergo
1223 2213 1279 2259 et
1318 2204 1551 2274 propria:
1580 2204 1743 2258 saluti
1771 2212 1827 2258 et

233 2289 562 2345 utilitatibus
601 2289 834 2347 fratrum
873 2294 1072 2349 ibidem
1111 2293 1223 2349 Deo
1260 2295 1363 2349 sub
1393 2294 1629 2364 regulari
1666 2293 1826 2348 disci-

234 2380 383 2449 plina
402 2382 753 2437 servientium
782 2384 1147 2455 consulentes,
1183 2385 1453 2456 simulque
1471 2401 1568 2455 pro
1587 2373 1826 2443 remedio

235 2472 433 2527 animae
462 2472 911 2530 Cbristianissimi
936 2477 1199 2546 genitoris
1220 2478 1395 2532 nostri
1431 2477 1631 2544 Caroli,
1664 2489 1719 2533 et
1742 2495 1826 2535 se-

236 2560 540 2620 renissimte'
564 2566 840 2636 genitricis
868 2576 1069 2623 nostrae
1093 2568 1433 2639 Hildegardis
1463 2570 1826 2639 imperatricis

236 2652 492 2723 Augusta:
536 2656 852 2726 petitionem
896 2658 1065 2727 ipsius
1107 2659 1339 2730 benigne
1381 2660 1828 2729 suscepimus,'et

234 2744 425 2812 perlici
464 2746 754 2803 salubriter
783 2748 1145 2803 decrevimus.
1190 2750 1451 2805 Volumus
1481 2765 1612 2820 ergo
1647 2751 1825 2805 locum

235 2835 531 2903 supradicti
548 2823 945 2901 Novieutensis,
972 2837 1087 2892 sive
1108 2833 1573 2893 Ebersheimensis
1593 2839 1825 2894 emnobii

232 2932 290 2976 et
304 2938 522 2979 omnem
539 2927 827 2982 terminum
843 2927 1180 2985 fundamenti
1196 2928 1559 2997 ipsiuslibera:
1572 2929 1825 2985 immuni-

238 3017 368 3072 tatis
389 3032 528 3084 esse,
558 3028 614 3073 et
640 3035 800 3074 omne
822 3021 871 3075 ei
892 3021 982 3091 jus
1012 3020 1125 3076 fisci
1166 3021 1335 3076 nostri
1358 3021 1597 3077 totaliter
1625 3036 1692 3075 ex
1722 3022 1826 3078 hoc

234 3114 289 3159 et
319 3106 571 3177 deinceps
597 3110 927 3167 remittimus
949 3152 963 3176 ,
991 3127 1054 3167 ea
1083 3112 1291 3167 scilicet
1316 3113 1527 3168 ratione
1556 3120 1616 3169 ut
1640 3112 1819 3168 nullus

1927 562 2100 617 civilis
2158 566 2507 633 querimoniae
2557 567 2699 623 infra
2754 569 2930 637 ipsum
2991 571 3185 635 locum,
3233 573 3315 627 vel
3365 587 3515 632 exte-

1930 653 2042 707 rius
2078 654 2131 708 in
2175 654 2317 709 villis
2350 656 2419 710 ad
2455 656 2629 726 ipsum
2665 658 2840 713 locum
2877 662 3275 730 pertinentibus
3303 676 3510 722 motum

1928 744 2121 811 fuerit,
2177 748 2245 802 ad
2296 748 2471 802 solum
2520 750 2770 805 abbatem
2817 754 2899 807 vel
2949 753 3015 809 ad
3048 753 3261 809 villicos
3312 757 3381 810 ab
3443 773 3511 814 co

1926 839 2249 893 constitutos
2286 838 2474 907 judicii
2516 855 2679 894 causa
2713 842 3000 910 pertineat.
3044 843 3120 899 De
3160 843 3319 900 furtis
3357 862 3509 913 vero,

1929 930 2011 984 vel
2039 930 2359 995 latrociniis,
2389 930 2503 985 sive
2530 929 2746 986 frevelis
2774 944 2800 972 ι
2826 942 2979 987 extra
3015 943 3162 1003 septa
3191 938 3511 991 monasterii

1927 1020 2271 1090 perpetratis,
2305 1022 2464 1076 tertia
2500 1037 2629 1092 pars
2671 1022 2993 1077 advocatum
3021 1025 3262 1080 ecclesia:
3287 1041 3316 1079 a
3355 1028 3515 1081 nobis

1926 1111 2275 1165 constitutum
2304 1112 2582 1180 respiciat:
2596 1111 2821 1167 Taxatio
2843 1123 3021 1167 autem
3046 1114 3350 1185 hujusmodi
3377 1117 3514 1171 erit:

1927 1202 1971 1255 si
1994 1202 2113 1271 quis
2144 1202 2208 1256 de
2248 1200 2452 1256 familia
2498 1203 2761 1268 ecclesiae,
2794 1205 2908 1260 sive
2951 1204 3017 1259 de
3053 1208 3299 1262 externis
3333 1209 3388 1263 in
3421 1210 3519 1264 tali

1930 1308 2064 1347 noxa
2111 1292 2439 1348 acclamatus
2486 1292 2674 1359 fuerit,
2704 1304 2762 1348 et
2806 1310 2991 1350 coram
3036 1296 3231 1353 abbate
3269 1298 3352 1353 vel
3397 1297 3515 1367 ejus

1928 1382 2201 1437 causidico
2233 1384 2257 1423 ι)
2296 1384 2505 1452 positus
2541 1385 2821 1441 convictus
2864 1386 3043 1452 fuerit,
3084 1403 3177 1443 sex
3219 1389 3457 1445 lirdones
3490 1402 3513 1429 ε

1926 1474 2125 1541 publici
2154 1477 2427 1542 ponderis,
2460 1475 2573 1529 sive
2602 1476 2820 1547 triginta
2850 1477 3011 1533 siclos
3040 1477 3068 1517 ἀ
3096 1479 3514 1549 Argentinensis

1929 1576 2160 1621 moneta:
2188 1568 2474 1637 persolvat.
2514 1567 2571 1622 Si
2601 1578 2781 1623 autem
2810 1581 2965 1623 extra
2997 1570 3171 1642 ipsum
3194 1570 3396 1638 locum,
3430 1574 3517 1627 vel

1930 1659 2049 1728 ejus
2078 1660 2369 1713 terminum
2396 1660 2590 1725 fuerit,
2614 1677 2781 1715 unum
2811 1661 3073 1717 ﬁrdouem
3092 1703 3109 1729 ,
3140 1664 3255 1719 sive
3278 1673 3391 1719 tres
3416 1680 3519 1719 un-

1930 1749 2046 1803 cias
2070 1748 2482 1820 Argentiuensis
2505 1759 2734 1805 monetae
2767 1751 3071 1821 persolvat:
3096 1753 3239 1821 quod
3258 1754 3304 1807 si
3334 1754 3518 1811 facere

1855 1826 1902 1885 Β
1930 1839 2182 1905 noluerit,
2199 1842 2492 1896 vindictam
2501 1840 2813 1909 judicialem
2828 1842 3118 1911 persolvat.
3137 1842 3521 1903 Concessimus

1929 1933 2115 1998 etiam,
2150 1933 2264 2002 ipso
2295 1934 2487 1989 abbate
2522 1943 2763 2004 rogante,
2791 1934 3051 1991 fratribus
3072 1928 3255 1993 autem
3286 1954 3520 1995 consen-

1930 2021 2207 2086 tientibus,
2238 2022 2304 2077 de
2349 2023 2560 2078 allodiis
2598 2024 2842 2079 ecclesim
2878 2025 2937 2079 in
2978 2024 3299 2081 beneﬁcium
3330 2028 3517 2086 domui

1928 2111 2219 2167 Wollhaldi
2250 2114 2519 2178 advocati,
2548 2125 2601 2169 et
2643 2116 2884 2169 omnium
2928 2131 3301 2172 successorum
3338 2119 3517 2189 ipsius

1928 2201 2131 2269 absque
2169 2203 2276 2256 ulla
2317 2204 2777 2269 contradictione,
2821 2214 3086 2274 quatenus
3113 2208 3181 2264 ad
3220 2210 3514 2267 utilitatem

1928 2305 1992 2344 ac
2019 2289 2387 2347 defensionem
2423 2293 2668 2349 ecclesiae
2699 2304 2754 2349 et
2791 2297 2954 2352 totius
2980 2295 3197 2353 familia:
3222 2301 3518 2357 studiosius

1929 2395 1993 2435 ac
2017 2381 2297 2436 sollicitius
2331 2382 2568 2448 insistat,
2602 2393 2658 2437 et
2683 2399 2750 2439 ne
2788 2386 2954 2441 abbas
2986 2387 3069 2441 vel
3106 2388 3303 2447 fratres
3341 2392 3515 2461 ipsius

1927 2473 2157 2527 ulterius
2184 2474 2236 2528 in
2260 2476 2452 2543 quovis
2486 2475 2603 2531 loco
2629 2478 2695 2529 de
2719 2477 2943 2532 introitu
2969 2479 3053 2534 vel
3081 2481 3263 2552 aliquo
3290 2498 3517 2541 accessu

1928 2564 2099 2632 ipsius
2130 2574 2443 2634 graventur,
2465 2567 2517 2620 in
2548 2565 2710 2621 Sulza
2740 2579 2765 2607 θ
2794 2584 3041 2624 mansum
3065 2587 3250 2635 unum,
3277 2574 3329 2628 in
3354 2575 3518 2645 Eges-

1926 2653 2073 2707 heim
2100 2652 2119 2691 ί
2151 2656 2349 2708 curtim
2371 2655 2698 2710 dominicam
2720 2672 2841 2711 cum
2871 2658 3035 2713 salica
3061 2668 3211 2715 terra
3240 2664 3293 2727 ε,
3336 2663 3393 2718 in
3416 2664 3517 2719 La-

1927 2743 2225 2813 gelenlieim
2264 2746 2312 2809 ιι,
2349 2760 2596 2799 mansum
2632 2763 2820 2812 unum,
2858 2750 2913 2803 in
2946 2748 3233 2807 Burcheim
3274 2755 3285 2794 ί
3325 2770 3512 2821 unum,

1927 2832 1983 2887 in
2025 2832 2404 2903 Sigotelsbeim
2453 2834 2466 2885 i
2524 2852 2711 2902 unum,
2740 2838 2792 2892 in
2824 2839 3217 2897 Rechenhusen
3248 2843 3276 2883 ιι
3316 2846 3514 2900 curtim

1929 2922 2255 2977 dominicam
2293 2940 2415 2979 cum
2454 2925 2619 2981 salica
2654 2936 2819 2993 terra,
2844 2930 3016 2983 vincis
3048 2931 3255 2987 scilicet
3286 2942 3341 2988 et
3367 2935 3514 3005 agris

1927 3019 1981 3065 et
2003 3012 2205 3080 capella
2234 3014 2399 3083 ipsius
2426 3016 2548 3080 loci,
2575 3017 2625 3070 in
2649 3015 3029 3083 Gruseuheim,
3054 3036 3299 3077 mansum
3323 3040 3509 3093 unum,

1927 3103 1981 3156 in
2012 3103 2270 3160 Wiswille
2308 3104 2325 3143 ι
2355 3123 2601 3163 mansum
2629 3124 2816 3175 unum,
2848 3111 2902 3165 in
2931 3110 3317 3170 Stotesheimm
3347 3118 3506 3186 duos,

225 3195 396 3266 inde;
432 3166 699 3267 publicus,
746 3215 847 3255 nec
894 3166 1177 3271 spiritalis,
1218 3219 1319 3258 nec
1364 3205 1655 3272 saecularis,
1702 3208 1816 3261 sive
1843 3166 1889 3229 (ἶ
1921 3195 1975 3248 in
2005 3193 2335 3251 Ilitteulieim
2361 3207 2387 3235 η
2416 3215 2602 3265 unum,
2636 3200 2687 3253 in
2711 3198 2946 3256 Northus
2971 3210 2994 3236 °
3018 3202 3169 3259 duos.
3190 3205 3323 3261 ιιιυά
3344 3210 3510 3264 etiam

231 3287 536 3356 episcopus,
568 3289 683 3343 sive
708 3290 838 3355 dux,
869 3290 983 3345 sive
1017 3306 1216 3357 comes,
1250 3292 1335 3347 vel
1370 3293 1684 3360 advocatus,
1720 3313 1817 3351 seu

232 3376 415 3447 aliqua
438 3376 724 3445 iudiciaria
753 3390 990 3449 potestas
1014 3390 1210 3451 praeter
1238 3383 1568 3441 voluntatem
1604 3387 1819 3444 abbatis

232 3465 442 3536 ingredi
470 3478 780 3538 praesumat,
811 3485 911 3525 nec
937 3470 1141 3525 fredam
1166 3472 1337 3537 tollat,
1363 3489 1464 3529 nec
1486 3478 1815 3543 mansiones,

230 3565 329 3609 aut
354 3567 571 3625 paratas
610 3560 682 3614 ibi
718 3559 899 3625 faciat,
940 3576 1039 3615 nec
1065 3577 1390 3633 quemquam
1432 3565 1504 3619 ibi
1538 3568 1816 3623 hominum

228 3647 337 3700 nisi
375 3657 593 3719 rogatus
639 3650 707 3704 ab
741 3650 935 3705 abbate
969 3653 1323 3723 constringat,
1363 3671 1463 3709 nec
1489 3673 1683 3713 causas
1724 3675 1819 3725 ap-

228 3736 375 3801 diat;
404 3740 498 3813 sed
524 3753 762 3808 praesens
794 3740 1101 3796 Sambatius
1132 3743 1318 3807 abbas,
1341 3745 1566 3814 ejusque
1591 3762 1797 3803 succes-

226 3843 383 3883 seres
411 3830 585 3898 ipsum
626 3831 804 3887 locum
853 3848 976 3887 cum
1025 3834 1274 3888 omnibus
1305 3836 1638 3905 appendiciis
1675 3841 1811 3904 suis,

224 3922 333 3976 viis
378 3923 587 3977 scilicet
626 3932 681 3978 et
725 3924 905 3989 inviis,
953 3925 1186 3981 exitibus
1224 3933 1279 3979 et
1326 3926 1606 3992 reditibus,
1650 3932 1815 3986 terris

222 4011 390 4066 cultis
439 4022 493 4067 et
544 4014 780 4079 incultis,
826 4017 1013 4084 pratis,
1062 4016 1294 4084 pascuis,
1347 4017 1515 4083 silvis,
1566 4019 1805 4087 forestis,

223 4104 385 4172 aquis
406 4119 737 4173 aquarumve
759 4106 1097 4171 decursibus,
1119 4098 1460 4173 molendinis,
1492 4110 1807 4179 piscationi—

219 4192 358 4253 bus,
418 4193 811 4257 venationibus,
860 4192 1133 4258 aediﬁciis,
1188 4197 1471 4264 mancipiis
1523 4202 1804 4269 utriusque

1920 3301 2050 3341 sane
2076 3303 2181 3341 non
2209 3291 2729 3357 praetermittendum
2753 3293 3201 3361 existimavimus,
3222 3298 3314 3352 sed
3338 3300 3512 3353 omni-

1921 3377 2095 3431 modis
2140 3377 2537 3443 interdicimus,
2584 3388 2641 3432 ut
2670 3397 2769 3436 nec
2798 3396 3040 3450 praesens
3071 3383 3256 3449 abbas,
3291 3402 3391 3441 nec
3413 3388 3512 3441 ali-

1920 3469 2041 3535 quis
2088 3482 2459 3523 successorum
2489 3470 2677 3538 ipsius,
2720 3486 2819 3525 nec
2858 3473 3146 3543 quisquam
3192 3478 3509 3532 monasterii

1919 3556 2163 3622 provisor
2184 3558 2248 3609 de
2268 3556 2433 3611 fundo
2460 3559 2700 3613 ecclesite
2723 3560 2861 3615 infra
2886 3562 3164 3631 praeﬁxum
3194 3567 3503 3629 terminum,

1915 3646 1972 3699 id
1999 3654 2101 3708 est,
2132 3662 2160 3699 a
2189 3647 2328 3701 saltu
2352 3648 2440 3717 qui
2473 3650 2672 3704 dicitur
2694 3648 3113 3709 Standenbruch
3144 3666 3191 3719 Ρ,
3220 3656 3332 3710 sive
3362 3658 3509 3712 Brci-

1916 3739 2165 3793 tenlacba
2185 3780 2200 3805 ,
2244 3756 2417 3810 usque
2451 3742 2516 3795 ad
2550 3742 2724 3797 locum
2753 3745 2844 3813 qui
2875 3756 3098 3801 vocatur
3128 3747 3507 3814 Querclilacha

1916 3831 2172 3897 totalitcr,
2209 3847 2379 3900 usque
2408 3832 2461 3886 in
2495 3834 2729 3889 medium
2770 3836 2979 3891 alveum
3015 3837 3121 3893 llla:
3154 3837 3411 3903 ﬂuminis,
3444 3841 3503 3894 in

1914 3922 2195 3978 latitudine
2223 3938 2351 3979 vero
2393 3940 2422 3978 a
2468 3925 2581 3979 rivo
2624 3926 2791 3983 fontis
2832 3945 3002 3999 usque
3040 3931 3107 3985 ad
3151 3932 3384 3985 medium
3421 3933 3505 3986 ala

1916 4024 2075 4064 venm
2104 4011 2210 4065 Illae
2236 4013 2289 4066 in
2322 4013 2493 4067 locum
2526 4015 2615 4083 qui
2659 4018 2856 4071 dicitur
2885 4018 3267 4090 Stalielgruba,
3299 4037 3508 4091 prmsu-

1914 4109 2027 4154 mat
2054 4103 2341 4171 quidquam
2365 4102 2487 4171 jure
2514 4109 2858 4177 proprietatis
2880 4110 3075 4165 alicubi
3098 4114 3501 4180 transfundere,

1912 4192 1993 4246 vel
2015 4192 2139 4261 jure
2169 4195 2495 4253 litereditatis
2523 4199 2680 4255 alicui
2715 4202 3030 4258 concedere.
3078 4202 3185 4258 Sed
3214 4205 3259 4259 si
3291 4206 3496 4262 utilitas

220 4292 389 4333 sexus
413 4321 426 4344 ,
483 4281 566 4336 vel
630 4281 1076 4352 qualitercuuque
1125 4284 1414 4337 nominatis
1480 4286 1805 4346 utilitatibus
1832 4304 1883 4362 1)
1912 4287 2223 4340 monasterii
2266 4288 2349 4342 sui
2381 4291 2644 4359 exposcit,
2689 4294 2973 4362 mancipiis
3003 4295 3246 4349 ecclesia:
3276 4295 3497 4351 servilia

301 4493 327 4519 ιι
349 4479 603 4558 _Frevelze
643 4489 798 4558 erant
819 4484 1086 4558 quoddam
1116 4486 1329 4558 mulctra
1358 4503 1526 4557 genus
1565 4504 1662 4558 pro
1685 4491 1807 4558 qui-

221 4550 451 4602 lmsdam
494 4552 804 4605 excessibus
839 4550 963 4607 sive
994 4554 1295 4610 insolentiis
1336 4550 1658 4613 commissis.
1702 4550 1807 4613 No-

218 4634 347 4697 rnen
379 4620 575 4697 adh-ue
607 4618 997 4697 Germanicum,
1027 4626 1081 4678 in
1129 4626 1331 4697 glsatia
1376 4628 1649 4697 cognitum
1701 4639 1805 4683 est.

216 4689 457 4810 (Itoggtéle
479 4687 740 4743 Haltausii
764 4688 1095 4751 Glossarium
1122 4687 1522 4762 Germanicum,
1547 4714 1668 4768 pag.
1702 4699 1806 4754 487

216 4772 248 4810 e
414 4797 427 4810 .

214 4767 277 4811 et
304 4767 427 4810 MSS.

295 4828 345 4865 δ’
363 4826 677 4882 Causidicus
703 4829 752 4882 in
777 4830 1111 4886 Germanicis
1136 4833 1366 4889 abbatire
1390 4835 1805 4895 Ebersheimen-

216 4895 299 4948 sis
321 4897 457 4969 ac_tis
476 4908 707 4969 vocatur
741 4898 883 4969 Vogl.

300 4975 320 5003 ο
364 4964 537 5050 ΕἱηᾴοΔ
563 4977 682 5021 erat
703 4964 922 5050 "quarta
966 4986 1093 5050 pars
1139 4988 1369 5050 marem,_
1407 4985 1541 5050 teste
1577 4976 1801 5050 Cangio,

215 5033 481 5109 Glossarii
525 5044 654 5091 tom.
702 5033 787 5102 lll,
830 5054 947 5109 pag.
966 5033 1106 5094 '40:.
1138 5042 1310 5097 Siclos
1340 5033 1515 5101 'hodie
1546 5033 1804 5106 νὸωιῖιιὶέ

216 5104 1055 5179 s_chillingos,Aquorumtriginta
1081 5112 1374 5166 conﬁciunt
1408 5122 1517 5171 tres
1544 5104 1797 5175 ﬁorenos:

214 5174 317 5261 nisi
343 5174 523 5261 itaque
548 5174 684 5261 ergo
711 5174 1798 5261 publici'ponderis.libraﬁallicaffranc),

216 5253 412 5325 quarta
444 5261 568 5325 pars
597 5248 746 5325 libra:
773 5248 1258 5325 Argentoratensis.
1295 5253 1425 5308 Vide
1449 5248 1797 5325 Scbilteruni,

216 5311 275 5366 in
299 5311 575 5391 Glossario
600 5316 641 5369 Τ
645 5311 916 5383 θιιιοιιίᾇ),
945 5335 1066 5391 pag.
1091 5322 1213 5375 500.

289 5381 315 5419 ά
358 5381 533 5437 Siclus
573 5396 691 5463 erat
738 5381 1132 5463 monetaolitn
1186 5392 1466 5447 notissima
1508 5396 1650 5463 apud
1697 5396 1801 5452 He-

213 5452 493 5533 bmos__et
538 5458 688 5533 apud
716 5467 925 5533 veteres
962 5460 1182 5533 Anglos.
1224 5463 1495 5533 Ducange,
1541 5452 1671 5519 iom.
1710 5469 1797 5533 Vl,

212 5535 341 5643 pag.
373 5522 475 5577 479
510 5522 713 5581 (1480.
756 5527 960 5581 Siclum
988 5522 1128 5598 apud
1158 5522 1605 5602 Anglo-Stixones
1641 5522 1799 5604 pretii

242 5591 385 5643 uisse
415 5593 640 5643 duorum
671 5597 1017 5643 denariorum
1043 5611 1419 5643 nrﬂnnlmrnm
1452 5605 1637 5643 αρνίιιίι
1675 5607 1799 5643 "in-

242 5591 385 5670 uisse
415 5593 640 5670 duorum
671 5591 1420 5670 denariorum'argentEOt'um
1452 5591 1654 5659 scribit.
1675 5607 1799 5661 Hic-

214 5660 439 5800 :esiugl,
489 5664 539 5717 in
599 5666 803 5734 praefat.
864 5667 930 5721 ad
978 5660 1261 5737 granimat.
1316 5660 1796 5745 Anglo-Saxonic.,

258 5765 319 5800 ,ε
378 5772 405 5785 ..
446 5770 460 5785 .

258 5765 319 5805 “5
378 5765 460 5785 iul.

660 5830 938 5892 I'MBOL.
992 5832 1147 5892 CIV.

1992 4503 2015 4531 ο
2054 4491 2318 4561 Oppidum
2347 4491 2493 4557 Sulz,
2522 4491 2634 4546 sive
2666 4490 2978 4546 OberoSulz.

1992 4561 2011 4599 ί
2055 4562 2341 4630 Egislaeim.

1988 4634 2012 4671 ε
2050 4628 2210 4684 Μ’ρδι
2230 4672 2242 4695 ,
2272 4631 2459 4685 franca
2488 4639 2541 4683 et
2564 4628 2728 4701 libera
2754 4631 2820 4684 ab
2848 4632 2993 4686 omni
3022 4646 3186 4686 onere
3208 4632 3492 4701 immunis,

1910 4712 1969 4754 ut
1998 4702 2231 4769 explicat
2280 4701 2579 4756 Sebilterus
2608 4701 2662 4754 in
2691 4699 2965 4757 Glossario
3003 4702 3329 4767 Teutonico,
3360 4699 3501 4761 voce

1910 4769 2165 4840 Freygut.

1978 4842 2006 4880 ιι
2044 4840 2395 4911 ζιαθεΙηΙιεὶηι.

1986 4911 2002 4980 ᾖ
2044 4910 2349 4980 Burgheim.

1982 4977 1995 5028 i
2047 4977 2380 5049 Sigdlsheim.

1977 5049 2005 5089 κ
2043 5050 2219 5130 Locus
2249 5051 2377 5104 olim
2407 5051 2548 5106 inter
2569 5049 2811 5106 Ostlieim
2834 5061 2889 5108 et
2914 5052 3291 5130 Hunuaweyer
3313 5062 3475 5128 situs,

1904 5136 2049 5175 nunc
2077 5122 2402 5175 destructus.

1984 5188 2000 5227 ¹
2046 5189 2381 5244 Weisweiler.

1976 5271 2015 5298 ιη
2046 5259 2396 5314 Slotzenheim

1976 5340 2002 5367 η
2044 5330 2401 5385 Huttenheim.

1977 5407 2001 5433 ο
2045 5399 2095 5452 Ν
2102 5404 2400 5454 orthausen.

1975 5479 2002 5518 ρ
2040 5469 2115 5523 De
2139 5471 2240 5523 hoc
2266 5471 2403 5525 saltu
2437 5470 2681 5526 fabulosa
2713 5481 2899 5527 narrat
2921 5472 3225 5533 Chronicon
3250 5478 3482 5538 Novien-

1903 5548 2072 5616 tense.
2108 5539 2304 5616 alentio
2332 5556 2545 5616 quoque
2592 5544 2653 5616 ﬁt
2695 5542 2991 5616 districtius
3019 5545 3296 5616 cujusdam
3346 5552 3479 5608 dicti

1904 5607 2269 5671 Stanenbruh,
2322 5607 2433 5663 sive
2456 5607 2863 5666 Standenbrueb
2891 5614 2944 5667 in
2974 5607 3111 5668 libro
3140 5607 3480 5676 membranaé

1901 5692 1997 5732 ceo
2012 5679 2212 5750 jurium
2248 5680 2473 5734 abbatim
2496 5682 2977 5750 Enerslieimensis,
3009 5700 3153 5741 anno
3187 5688 3320 5746 1520
3345 5690 3479 5748 Ger—

1902 5749 2111 5805 manice
2142 5750 2364 5819 scripto,
2396 5750 2488 5807 fol.
2519 5751 2605 5806 56.

3007 5850 3083 5889 ετ)

3004 5887 3081 5910 Opi
