3936 6334
462 358 603 412 1οΟ5

1566 362 1891 421 LUDOV’lCl
1930 364 1948 419 l
1984 365 2460 427 COGNOMENTO
2495 367 2586 425 Pl!

3618 378 3753 433 ιουι

452 475 666 522 tantum
691 465 845 522 feoda
866 469 1247 524 concedantur
1276 482 1323 525 ιι.
1355 470 1413 527 Si
1438 474 1561 543 quis
1588 481 1771 528 autem
1798 474 1865 529 de
1895 473 2053 530 fami-
2080 489 2130 546 Α
2227 476 2361 533 Cum
2396 479 2748 550 petitionibus
2783 493 3065 540 servorum
3102 484 3203 542 {Dei
3229 485 3397 556 justis
3424 497 3484 543 et
3516 491 3756 547 rationa-

450 555 523 611 lia
547 556 789 613 ecclesiae
818 558 1182 626 obierit,»sive
1209 561 1378 628 intus,
1410 564 1525 620 sive
1566 572 1742 631 extra,
1786 566 2051 636 optimum

452 649 597 718 quod
623 649 675 703 in
710 648 1024 719 pecudibus,
1058 651 1144 707 vel
1183 652 1238 707 in
1262 654 1503 724 qualibet
1537 655 1894 726 suppellectili
1923 671 2051 727 pos-

451 741 688 807 sederat,
704 742 758 796 in
779 743 1083 811 proximam
1100 745 1428 803 deminicam
1442 749 1637 804 curtim
1658 748 1981 819 accipiatur,
1998 756 2053 804 et

444 833 631 903 junior
656 834 801 891 filius
825 836 1014 905 ipsius,
1040 838 1087 895 si
1113 839 1179 911 de
1206 838 1409 899 familia
1427 842 1683 899 ecclesiae
1704 843 1886 909 fuerit,
1925 858 2050 898 cum

451 934 627 981 matre
673 925 1007 994 infeodetur;
1052 929 1141 986 sin
1181 940 1396 998 autem,
1439 933 1494 989 in
1522 942 1808 1004 potestate
1838 934 2051 990 abbatis

452 1018 561 1072 erit
616 1017 667 1071 δ.
711 1017 851 1072 illud
888 1019 1055 1075 etiam
1094 1021 1377 1079 sciendum
1417 1032 1502 1081 est
1544 1027 1689 1096 quod
1729 1027 1774 1081 si
1812 1041 2051 1096 praesens

454 1105 645 1171 abbas,
678 1104 764 1161 vel
793 1105 1011 1177 aliquis°
1025 1124 1399 1167 successorum
1432 1115 1625 1185 ipsius,
1657 1115 1769 1171 Deo
1801 1116 2046 1186 jubente,

452 1194 520 1249 de
547 1195 651 1251 hac
680 1194 802 1251 luce
828 1195 1169 1267 migraverit,
1215 1199 1414 1258 fratres
1441 1205 1828 1262 convenientes
1858 1221 2054 1262 secun-

450 1289 578 1342 dum
607 1288 850 1360 regulam
876 1291 1350 1359 sanct'rBenedieti
1371 1293 1436 1349 de
1456 1294 1588 1365 ipsis
1604 1294 1861 1352 fratribus
1882 1298 2049 1354 alium

449 1378 654 1449 eligant
685 1397 697 1433 :
732 1380 941 1437 electus
972 1390 1155 1436 autem
1180 1374 1339 1439 nobis
1365 1394 1725 1454 praesentetur
1753 1396 1809 1443 et
1838 1404 1869 1443 a
1890 1388 2051 1445 nobis

452 1467 793 1538 investiatur,
828 1478 883 1525 et
941 1472 1009 1527 ad
1057 1472 1369 1543 episcopum
1420 1473 1870 1546 Argentinensem
1907 1479 2053 1534 ordi-

453 1559 666 1615 nandus
709 1562 1130 1617 transmittatur.
1161 1561 1553 1622 Constituimus
1584 1582 1715 1638 ergo
1747 1576 1804 1623 et
1829 1583 1929 1639 per
1958 1585 2053 1624 au-

449 1649 762 1706 ctoritatem
786 1653 950 1723 regiae
969 1648 1255 1724 potestatis
1278 1655 1642 1724 decernimus,
1666 1666 1725 1712 ut
1742 1658 2052 1730 qualiscun-

2154 569 2355 626 bilibus
2387 572 2555 627 divini
2595 573 2773 630 cultus
2812 590 2998 631 amore
3032 575 3336 643 faveamus,
3380 594 3623 649 superna
3661 598 3757 638 eos

2153 661 2328 729 gratia
2356 660 2557 716 muniri
2593 678 2699 719 non
2741 662 3051 722 difﬁdimus.
3072 666 3254 739 igitur
3282 681 3615 740 comparent
3643 689 3756 728 om—

2154 754 2307 809 nium
2328 762 2642 811 nostrorum
2666 756 2907 814 ﬁdelium
2936 761 3333 832 magnitudine,
3361 778 3538 833 eoque
3562 781 3757 820 secun-

2152 843 2279 899 dum
2312 845 2629 916 petitionem
2656 847 2762 903 viri
2791 851 3117 905 venerabilis
3141 851 3475 921 Apollinaris
3512 854 3753 918 abbatis,

2152 934 2524 991 concessimus
2552 936 2619 992 ad
2649 941 3040 995 monasterium
3066 942 3241 996 sancti
3272 941 3535 1013 Anthymi
3566 946 3754 999 vicum

2150 1025 2246 1095 qui
2282 1033 2510 1082 vocatur
2538 1029 2604 1084 de
2630 1027 2886 1096 Cilcario,
2917 1030 2985 1085 de
3016 1031 3226 1085 ratione
3250 1020 3523 1088 Senensis
3552 1033 3755 1088 civita-

2155 1115 2247 1181 tis,
2271 1115 2327 1170 id
2350 1124 2553 1186 estper
2578 1117 2812 1173 confinia
2836 1117 2955 1174 loca
2978 1119 3395 1175 denominanda.
3422 1122 3512 1177 Ab
3538 1125 3755 1178 oriente

2155 1203 2354 1261 fluvius
2387 1204 2528 1273 Axe,
2560 1206 2628 1263 ab
2657 1209 2937 1265 occidente
2968 1208 3164 1265 fluvius
3194 1211 3497 1277 Umbrone,
3529 1224 3755 1283 aponte

2152 1310 2324 1365 usque
2347 1296 2403 1351 in
2446 1298 2606 1365 vado,
2636 1298 2731 1368 qui
2759 1298 2960 1354 dicitur
2983 1299 3129 1356 Ursi.
3164 1299 3210 1355 A
3236 1301 3467 1357 meridie
3506 1304 3575 1357 de
3616 1305 3755 1357 vado

2154 1382 2276 1439 Ursi
2302 1399 2401 1454 per
2446 1386 2614 1454 viam,
2658 1404 2780 1459 quae
2810 1390 2973 1463 ducit
3000 1390 3100 1446 sub
3127 1391 3305 1446 Monte
3332 1392 3549 1448 Lueinii
3578 1410 3758 1464 usque

2152 1474 2207 1528 in
2228 1476 2372 1530 viam
2404 1474 2461 1531 S.
2496 1479 2775 1550 Anthymi.
2821 1480 2905 1536 Ab
2947 1481 3214 1551 Aquilone
3248 1482 3566 1553 Gessazper
3590 1485 3753 1539 Poni-

2157 1569 2409 1639 gastaldi,
2458 1568 2652 1629 deinde
2708 1574 2812 1628 viae
2855 1574 3086 1644 publicxe
3122 1591 3295 1647 usque
3330 1580 3401 1633 ad
3431 1591 3661 1648 pontem
3687 1581 3753 1635 de

2160 1658 2436 1717 Umbrone
2463 1673 2626 1716 acum
2662 1664 2767 1718 duo
2807 1666 3046 1720 oratoria
3077 1665 3217 1721 infra
3242 1668 3361 1738 ipsa
3394 1669 3505 1723 ﬁne
3546 1672 3747 1739 posita,

448 1751 557 1808 que
594 1738 782 1810 judex,
824 1740 905 1796 vel
959 1742 1329 1815 cujuscunque
1359 1746 1641 1818 dignitatis
1681 1763 1914 1820 persona
1957 1764 2054 1821 po-
2156 1747 2211 1802 id
2253 1758 2338 1804 est
2380 1761 2568 1805 sancta
2614 1750 2910 1817 Christina,
2949 1762 3005 1808 et
3046 1764 3233 1811 sancta
3273 1764 3453 1812 mater
3492 1738 3744 1821 ecclesia,

452 1844 591 1899 lens,
630 1834 716 1889 vel
762 1836 1033 1906 impotens
1079 1838 1239 1909 hujus
1267 1842 1474 1898 chartae
1503 1846 1906 1912 auctoritatem,
1944 1860 2049 1902 seu
2079 1842 2126 1901 B
2154 1853 2279 1894 cum
2305 1851 2787 1913 una'curte'pmpe
2820 1845 2935 1915 ipsa
2975 1856 3164 1903 saneta
3192 1848 3445 1913 ecclesia,
3477 1864 3606 1904 cum
3636 1842 3749 1905 Om-

446 1925 910 1985 contlrmationem
940 1938 1231 1999 temerare,
1248 1934 1327 1988 vel
1356 1934 1674 2008 infringere,
1703 1953 1799 1993 seu
1828 1938 2039 2009 aliquas

444 2018 816 2087 possessiones
853 2023 1096 2091 praedicti
1138 2026 1455 2082 monasterii
1503 2028 1767 2084 violenter
1803 2029 2041 2099 diripere

448 2105 532 2159 vel
559 2108 879 2165 subtrahere
906 2113 1280 2179 attentaverit,
1326 2114 1689 2186 quadraginta
1724 2116 2043 2189 libras_auri

447 2199 503 2253 in
510 2198 530 2269 j
538 2215 600 2253 us
615 2200 733 2256 fisci
749 2202 919 2257 nostri
933 2203 1295 2273 persolvaLEt
1309 2214 1371 2260 ut
1383 2205 1486 2261 hoc
1496 2206 1679 2263 verius
1690 2207 1960 2273 credatur,
1980 2221 2045 2263 ac

447 2278 704 2359 deinceps
739 2290 957 2347 firmum
1001 2302 1057 2349 et
1078 2294 1451 2350 inconvulsum
1488 2298 1849 2364 custodiatur,
1878 2314 2044 2355 manu

446 2382 665 2457 prepria
679 2384 869 2438 subter
888 2385 1190 2455 signamus,
1206 2395 1263 2441 et
1284 2386 1467 2442 annuli
1492 2389 1666 2444 nostri
1688 2390 2045 2462 impressione

444 2471 694 2540 iubemus
723 2473 950 2544 sigillari
980 2475 1063 2530 vel
1101 2476 1371 2548 insigniri.

521 2559 745 2632 Signum
782 2564 964 2619 domni
998 2563 1256 2622 Ludovici
1290 2565 1659 2624 Romanorum
1697 2569 2042 2627 invictissimi

448 2652 793 2723 imperatoris
816 2652 1067 2725 Augusti.
1625 2635 1638 2652 ’

518 2742 632 2813 Ego
687 2741 913 2797 Carolus
966 2743 1358 2815 Moguntiensis
1406 2748 1852 2821 archiepiscopus
1917 2751 2045 2808 sub-

448 2832 641 2902 scripsi
688 2844 735 2887 ο.
778 2833 889 2905 Ego
920 2832 1274 2905 Withgernus
1304 2823 1713 2908 Argentinensis
1758 2840 2044 2911 episcopus

455 2923 823 2995 subscripsid.
856 2924 969 2995 Ego
1003 2924 1187 2981 Turbo
1221 2926 1692 2997 archicapellanus
1719 2939 1742 2969 ο
1775 2931 1841 2983 a'l
1870 2931 2044 2987 vicem

451 3014 655 3069 domini
707 3015 927 3070 lbbonis
979 3013 1000 3053 ί
1059 3017 1480 3086 protospatharii
1532 3020 1783 3089 cognovi.
1845 3018 2044 3075 Actum

448 3107 817 3180 Ingelenheim
846 3107 900 3161 in
948 3116 1101 3163 curte
1150 3107 1322 3180 regia,
1352 3108 1408 3163 in
1444 3107 1648 3165 Christi
1692 3110 1912 3166 nomine
1965 3110 2045 3167 fe-

451 3200 647 3256 liciter.
699 3198 837 3254 Data
892 3200 1055 3255 tertio
1114 3199 1297 3257 Nonas
1358 3198 1698 3269 Novembris,
1752 3219 1895 3259 anno
1936 3204 2047 3260 Do-

452 3291 670 3347 minica:
698 3290 1091 3346 incarnationis
1129 3284 1579 3363 octingentesimo
1615 3291 1827 3349 decimo
1855 3304 2051 3365 quarto

459 3383 485 3423 ε
515 3381 813 3436 indictione
840 3382 1051 3451 quinta,
1092 3396 1235 3437 anno
1264 3382 1475 3439 decimo
1512 3383 1667 3454 regni
1704 3383 1909 3440 domini
1945 3385 2052 3440 Lu-

457 3473 637 3529 dovici
698 3473 1044 3528 invictissimi
1100 3472 1470 3565 l'tomanorum
1532 3474 1878 3547 imperatoris
1940 3476 2052 3532 Au-

453 3565 595 3635 gusti
618 3564 669 3619 ιι.

1194 3631 1316 3690 XX.

613 3741 715 3783 PRO
751 3740 942 3783 SANCTI
981 3741 1221 3781 ANTHYII
1260 3741 1505 3783 SENENSIS
1542 3742 1901 3785 NONASTERIO.

1074 3814 1248 3886 (Anno
1277 3816 1427 3888 814.)

531 3906 710 3981 [Apud
738 3904 973 3979 Ughelli,
1005 3904 1169 3960 Italia
1190 3922 1365 3972 sacra,
1393 3913 1522 3961 tom.
1554 3906 1645 3973 lli,
1674 3922 1798 3979 pag.
1827 3907 1978 3979 550.]

534 4022 596 4077 ln
640 4019 859 4075 nomine
896 4017 1108 4073 Domini
1144 4017 1240 4072 Dei
1272 4024 1327 4071 et
1363 4015 1665 4075 Salvatoris
1708 4019 1882 4074 nostri
1926 4016 2054 4073 Jcsu

459 4109 683 4176 Christi,
711 4099 1016 4164 Ludovicus
1043 4106 1232 4163 Procis
1258 4105 1437 4162 Caroli
1460 4107 1639 4178 Magni
1665 4108 2035 4178 imperatoris,

464 4201 647 4256 divina
674 4198 960 4274 ordinante
991 4196 1280 4253 clementia
1312 4237 1327 4263 ,
1355 4197 1652 4267 imperator
1678 4198 1976 4269 Augustus.

535 4326 562 4354 ι
602 4309 844 4366 Feudum
864 4296 1072 4364 servile
1101 4308 1323 4362 denotat
1349 4306 1421 4371 id,
1454 4308 1599 4377 quod
1623 4308 1785 4366 hodie
1815 4312 1881 4366 ab
1903 4312 2056 4369 Alsa-

465 4386 545 4438 tis
581 4388 806 4435 vocatur
846 4378 1085 4450 Hofﬂehn
1111 4417 1126 4442 ,
1168 4392 1278 4447 quo
1335 4393 1529 4501 nemge
1571 4388 1756 4433 certus
1802 4395 2055 4450 agrorum

468 4465 731 4501 numerus
767 4448 972 4501 rustico
1016 4456 1070 4501 et
1109 4446 1227 4501 eius
1256 4447 1456 4501 haeredi
1499 4463 1563 4501 us
1591 4448 1847 4501 colendus
1893 4451 2055 4501 relin-

468 4465 731 4507 numerus
767 4446 972 4505 rustico
1016 4456 1070 4501 et
1109 4446 1227 4516 ejus
1256 4446 1563 4502 haeredibus
1591 4446 1860 4503 colendus
1893 4451 2056 4505 relin-

2156 1928 2247 1981 nia
2292 1930 2555 2001 quidquid
2603 1932 2674 1986 ad
2711 1932 2827 2002 ipsa
2866 1943 3021 1990 curte
3066 1938 3322 2007 pertinet.
3352 1938 3422 1993 Et
3446 1938 3593 1993 infra
3630 1940 3748 1995 luca

2153 2019 2519 2074 denominata.
2546 2018 2606 2076 In
2626 2021 2775 2076 cultu
2800 2022 2855 2077 in
2883 2024 2993 2079 ﬁne
3020 2024 3289 2094 Clusirize,
3316 2030 3563 2098 piscaria
3594 2031 3748 2086 Ame-

2149 2124 2224 2165 δίε
2251 2108 2561 2179 medietate,
2597 2126 2723 2167 cum
2750 2113 3041 2171 medietate
3069 2117 3135 2173 de
3163 2118 3279 2189 ipsa
3309 2120 3553 2193 piscaria
3580 2122 3747 2192 perti-

2146 2208 2361 2270 nentes,
2390 2202 2485 2273 qui
2513 2200 2731 2258 fuerant
2763 2205 2830 2260 de
2870 2206 3088 2276 publiw
3126 2209 3368 2266 civitatis
3392 2211 3657 2279 Clusina,
3692 2213 3745 2285 id

2150 2298 2238 2347 est
2274 2306 2375 2363 per
2437 2291 2674 2347 confinia
2724 2300 2781 2346 et
2828 2291 2947 2349 loca
2997 2294 3347 2353 neminanda.
3402 2300 3489 2355 Ab
3538 2300 3745 2355 oriente

2148 2390 2362 2453 stagno,
2395 2382 2487 2453 qui
2514 2382 2713 2439 dicitur
2733 2382 3022 2452 Moreceia,
3044 2386 3135 2443 ubi
3160 2388 3394 2443 ecclesia
3416 2398 3503 2444 est
3524 2387 3586 2443 S.
3612 2389 3745 2444 Pan-

2147 2473 2327 2531 cratii.
2362 2473 2491 2529 inde
2522 2474 2768 2544 pervenit
2804 2489 2903 2543 per
2939 2490 3190 2547 campum
3228 2477 3287 2532 S.
3316 2478 3467 2534 Petri
3501 2494 3605 2547 per
3633 2494 3745 2534 me-

2146 2565 2298 2621 dium
2332 2572 2571 2619 montem
2611 2579 2775 2635 super
2808 2564 3177 2632 Cordoliario;
3210 2567 3335 2623 inde
3362 2583 3396 2623 a
3426 2567 3745 2624 Casseratas

2145 2668 2319 2725 usque
2356 2653 2424 2709 ad
2456 2653 2648 2724 Ampla
2678 2672 2690 2708 :
2720 2655 2787 2709 ad
2831 2654 3021 2725 Ampla
3066 2657 3320 2725 pervenit
3359 2658 3429 2712 ad
3475 2658 3741 2721 Montem,

2148 2745 2242 2816 qui
2282 2744 2482 2799 dicitur
2511 2742 2843 2799 Marmianus
2873 2746 2938 2800 de.
2962 2744 3280 2801 Marmiano.
3329 2747 3411 2800 Ex
3449 2747 3560 2802 alia
3597 2757 3743 2818 parte

2152 2842 2343 2891 contra
2373 2834 2733 2900 occidentem,
2776 2835 2955 2906 pergit
2993 2850 3091 2905 per
3126 2836 3506 2893 summitatem
3547 2838 3742 2891 montis

2154 2925 2258 2982 Tili
2300 2926 2662 2981 descendente
2706 2940 2879 2997 usque
2918 2926 2985 2981 ad
3035 2926 3224 2987 lutum.
3281 2928 3349 2982 de
3399 2926 3518 2981 luto
3550 2942 3583 2979 a
3612 2925 3743 2980 valle

2147 3018 2315 3088 Impia
2338 3017 2407 3073 ad
2430 3017 2680 3073 Laterbe.
2706 3018 2782 3072 De
2810 3016 3041 3072 Laterbe
3061 3019 3213 3073 venit
3238 3019 3294 3071 in
3318 3034 3472 3073 mare
3497 3057 3513 3071 .
3547 3017 3744 3071 Deinde

2146 3108 2305 3181 juxta
2329 3110 2481 3165 littus
2506 3110 2698 3174 maris,
2728 3112 2977 3180 pervenit
3000 3112 3066 3164 ad
3096 3112 3273 3165 locum
3312 3111 3408 3165 ubi
3440 3120 3671 3182 stagnus
3692 3112 3742 3165 in

2076 3211 2119 3275 C
2142 3186 2304 3258 ’mare
2330 3201 2518 3257 mittit.
2550 3202 2629 3257 Ex
2660 3202 2752 3257 illo
2774 3202 2894 3257 loco
2922 3204 3172 3272 pervenit
3193 3204 3260 3258 ad
3284 3211 3492 3259 terram
3527 3204 3590 3259 S.
3614 3203 3744 3258 Lan-

2152 3292 2335 3358 rentii,
2368 3305 2475 3346 una
2498 3306 2622 3347 eum
2649 3292 2763 3362 ipsa
2794 3294 3055 3348 mortaria
3078 3309 3146 3348 ex
3169 3294 3556 3365 angularique,
3588 3305 3744 3365 atque

2150 3400 2272 3439 cum
2302 3384 2419 3455 ipso
2448 3389 2641 3455 stagno
2670 3400 2735 3439 ex
2768 3385 3029 3439 barcariis
3056 3385 3169 3440 suis
3200 3402 3326 3441 cum
3358 3388 3549 3441 omnia
3589 3398 3744 3456 super

2152 3488 2211 3528 se
2246 3473 2528 3540 habentes,
2561 3474 2827 3543 quidquid
2849 3476 2917 3529 ad
2948 3475 3119 3545 ipsam
3148 3477 3459 3531 custodiam
3487 3478 3740 3547 pertinet.

2153 3562 2221 3617 Et
2271 3562 2412 3618 infra
2450 3563 2582 3619 loca
2628 3564 3021 3631 determinata,
3072 3565 3278 3621 cultum
3332 3574 3393 3621 et
3457 3567 3740 3629 incultum,

2153 3665 2275 3705 cum
2301 3652 2474 3706 servis
2497 3660 2553 3706 et
2575 3650 2900 3709 aldionibus.
2925 3653 3219 3724 Propterea
3243 3656 3344 3710 has
3368 3656 3591 3711 litteras
3614 3671 3741 3725 prx-

2154 3742 2417 3811 ccptionis
2456 3751 2655 3798 nostrae
2682 3743 2735 3798 in
2758 3744 2947 3799 eodem
2997 3754 3187 3801 sancto
3229 3749 3575 3803 monasterio
3622 3760 3743 3802 con-

2153 3832 2393 3888 scribere
2414 3832 2697 3903 jussimus,
2728 3834 2821 3889 ubi
2847 3834 2916 3889 ab
2941 3835 3046 3890 hoc
3080 3835 3166 3889 die
3186 3833 3303 3902 jam
3334 3834 3513 3890 frater
3548 3836 3743 3905 Apolli.

2155 3924 2341 3979 narius
2370 3925 2559 3991 abbas,
2593 3926 2783 3993 suique
2811 3940 3154 3982 successores
3192 3927 3456 3993 habendi,
3505 3928 3743 3992 tenendi,

2156 4016 2353 4082 dandi,
2409 4016 2814 4083 commutandi,
2879 4016 2966 4071 vel
3025 4017 3287 4086 quidquid
3348 4018 3554 4073 exinde
3608 4018 3742 4089 apud

2156 4104 2354 4162 festum
2374 4106 2485 4177 jam
2509 4103 2634 4161 fata:
2655 4095 2919 4174 ecclesiae,
2934 4107 3196 4177 elegerint
3215 4106 3481 4173 faciendi,
3499 4109 3555 4162 in
3577 4108 3743 4163 omni-

2155 4197 2260 4254 bus
2296 4196 2524 4252 liberum
2550 4195 2899 4268 perfruantur
2921 4198 3231 4256 arbitrium.
3255 4197 3459 4253 Nullus
3488 4214 3558 4253 ex
3582 4198 3744 4253 ﬁdeli-

2157 4310 2251 4365 sed
2290 4324 2540 4380 unquam
2581 4309 2730 4364 inter
2771 4309 3007 4380 ejusdem
3054 4310 3321 4379 principis
3367 4311 3743 4373 cancellarios,

2158 4379 2393 4433 maxime
2436 4379 2536 4450 sub
2584 4379 2810 4433 nomine
2850 4380 3295 4450 protospatharii.
3354 4379 3746 4450 Protospatbao

2161 4449 2275 4502 rius
2317 4449 2457 4518 apud
2497 4447 2717 4518 Graecos
2769 4450 2823 4502 in
2851 4447 3095 4518 imperio
3143 4447 3744 4518 Constantinopolitano

466 4523 673 4611 quitur,
709 4517 1036 4611 atquc'adeo‘
1057 4516 1173 4611 ejus
1201 4516 1473 4611 domicilio
1505 4517 1656 4611 dicto
1678 4518 1800 4611 ροίζ
1814 4522 2055 4611 annecti;
2081 4551 2134 4611 Β
2159 4517 2797 4611 eratmaxime-ill‘ustris
2821 4535 2834 4571 :
2862 4516 3076 4611 primus
3097 4528 3215 4611 erat
3240 4528 3294 4600 et
3324 4516 3603 4611 prince—ps.
3630 4536 3745 4590 spa-

470 4586 560 4646 tur
619 4589 679 4644 ln
709 4586 928 4644 eo'sola
956 4595 1040 4643 est
1061 4587 1364 4647 diversitas
1390 4589 1536 4657 quod
1576 4588 1633 4643 in
1676 4586 1836 4643 feudo
1873 4591 2055 4645 servili

470 4660 659 4717 rustici
692 4667 851 4713 erant
876 4658 1039 4713 servi.

545 4732 573 4771 ιι
612 4730 765 4785 Licet
792 4730 909 4784 haec
943 4727 1133 4782 charta
1163 4727 1234 4781 sit
1267 4726 1638 4797 supposititia,
1684 4736 1864 4783 tamen
1888 4727 2057 4784 multa

474 4802 563 4857 hic
594 4806 813 4853 enarrat
838 4812 958 4867 qua:
983 4797 1286 4851 inserviunt
1314 4796 1383 4867 ad
1406 4797 1496 4867 jus
1517 4796 1725 4867 feudale
1752 4799 1909 4852 medii
1933 4801 2055 4864 aevi,

474 4872 618 4925 illius
674 4865 883 4924 scilicet
931 4867 1114 4922 saeculi
1171 4881 1281 4937 quo
1337 4865 1476 4920 vixit
1508 4865 1690 4934 *hujus
1754 4868 2060 4937 diplomatis

474 4941 703 4995 etlletor.

552 5022 574 5050 ο
616 5010 774 5075 Anno
805 5006 908 5062 8M
932 5005 1234 5061 Eeelesiam
1263 5004 1730 5075 Moguntinensem
1763 5008 2061 5075 occupabat

478 5074 765 5150 Atulphus,
786 5092 913 5150 non
942 5076 1187 5150 Carolus,
1231 5076 1320 5143 qui
1357 5074 1568 5143 Pippini
1592 5075 1738 5150 regis
1758 5074 2062 5150 Aquitania:

479 5143 733 5209 tiliuéad
782 5148 924 5203 hanc
971 5146 1157 5202 sedem
1195 5159 1337 5199 anno
1380 5153 1589 5200 tantum
1635 5143 1740 5200 856
1786 5143 1886 5199 fuit
1939 5162 2065 5216 pro-

480 5229 680 5274 motus.

551 5289 578 5328 ά
614 5287 970 5359 Witghernus
1012 5286 1325 5359 episcopus-
1346 5282 1759 5359 Argentinensis
1785 5282 1898 5351 jam
1932 5292 2061 5359 tunc

485 5352 1015 5429 temporis'suprema
1039 5352 1279 5429 subierat
1300 5352 1432 5419 fata,
1459 5353 1744 5429 defunctus
1769 5354 2054 5429 anno_7g9_.

560 5422 1200 5507 °"l_‘urho_ignotus'est
1246 5424 1404 5507 inter
1438 5436 1626 5507 omnes
1672 5422 1929 5477 Ludovici
1978 5424 2062 5479 Pii

485 5500 747 5559 notarios,
807 5492 906 5565 qui
962 5493 1199 5549 nondum
1257 5492 1811 5562 archicapellanorum
1867 5508 2062 5550 nomen

489 5567 990 5643 tuncttsurpabant.
1205 5642 1209 5643 γ
1286 5634 1297 5643 _
1412 5631 1435 5643 ν
1514 5630 1527 5643 ,
1603 5631 1614 5643 ,
1657 5630 1668 5643 ,
1723 5631 1735 5643 ,

568 5634 584 5673 ί
643 5630 894 5691 ihbonem
940 5635 1079 5690 inter
1125 5634 1366 5688 notarios
1412 5630 1673 5685 Ludovici
1722 5631 2064 5701 imperatoris

492 5708 592 5762 sub
632 5707 987 5761 llelisachare
1031 5704 1358 5759 cancellario
1410 5716 1596 5755 revera
1642 5710 1894 5755 numerat
1930 5702 2065 5758 Bou-

493 5786 707 5848 quetus,
740 5778 791 5831 in
815 5775 1077 5845 Scriptor.
1111 5788 1215 5829 rer.
1249 5772 1496 5828 Francic.
1518 5779 1645 5825 tom.
1678 5771 1763 5837 V’l,
1789 5786 1905 5841 pag.
1934 5773 2058 5841 451,

2161 4587 2484 4658 thariorum,
2529 4590 2644 4658 sive
2686 4602 2874 4658 eorum
2918 4589 3011 4656 qui
3048 4597 3207 4658 erant
3254 4587 3604 4658 imperatorii
3633 4587 3747 4643 ἀπο

2159 4656 2624 4727 poris‘eustedes.
2683 4656 2992 4727 Diucangius
3044 4659 3098 4713 in
3145 4656 3446 4724 Glossario,
3499 4667 3634 4712 tom.
3682 4659 3745 4723 Υ,

2160 4724 2446 4798 pag.__952,
2471 4734 2525 4781 et
2555 4736 2685 4798 tom.
2718 4725 2808 4798 Vi,
2836 4724 2959 4798 pag.
2990 4727 3116 4793 650,
3163 4727 3417 4798 Pbotium
3468 4736 3744 4797 protospao

2165 4796 2327 4867 tharii
2374 4810 2571 4851 munus
2607 4797 2662 4850 in
2700 4797 2823 4851 aula
2866 4796 3251 4867 imperatorum
3280 4796 3609 4852 δεηθεῖσι-οη]
3635 4796 3740 4865 ges-

2165 4866 2321 4937 sisse,
2350 4873 2639 4937 antequam
2662 4882 2805 4922 anno
2829 4868 2933 4921 856
2962 4868 3273 4937 patriarcha
3297 4867 3627 4937 Constantin

2166 4936 2337 4990 litano
2363 4936 2789 5002 renuntiaretur,
2808 4934 3038 4991 testatur
3059 4937 3123 4991 D.
3146 4937 3347 5003 Fleuri,
3380 4934 3625 4991 Histoire
3653 4934 3742 4990 Ec-

2168 5005 2517 5076 clésigstigue,
2548 5014 2678 5060 tom.
2712 5006 2808 5071 ιχ,
2836 5008 2929 5060 liv.
2955 5020 3009 5071 1.,
3035 5022 3090 5076 p.
3116 5007 3169 5061 6.

2243 5074 2369 5147 ﬁlta
2398 5074 2576 5147 legere
2620 5078 2798 5147 estin
2836 5074 3170 5147 autographa
3212 5077 3583 5146 snpposititio,
3630 5077 3743 5132 licet

2243 5092 2266 5114 ο
2292 5092 2369 5127 ua
2399 5092 2576 5198 tegere
2620 5092 2703 5129 εει
2741 5092 2798 5130 ιη
2836 5092 3170 5147 autograpno
3212 5092 3583 5146 supposmuo,
3630 5092 3743 5132 licet

2167 5143 2415 5198 videatur
2480 5145 2679 5217 eletum
2716 5145 2881 5203 fuisse
2922 5161 3126 5199 annum
3163 5160 3457 5201 ncccxxnn
3491 5156 3551 5201 ut
3586 5162 3744 5217 pona-

2170 5220 2257 5265 tur
2285 5229 2552 5269 occcxmt.
2585 5214 2788 5270 Neuter
2831 5232 2961 5271 vero
3004 5231 3180 5271 annus
3214 5218 3473 5271 convenit
3511 5214 3637 5271 cuin
3672 5218 3745 5270 in-

2169 5282 2403 5366 dictione
2434 5285 2769 5366 quintanui
2802 5284 2905 5366 fuit
2927 5301 3101 5366 annus
3118 5285 3399 5366 ‘8?7,mn_ec
3439 5302 3570 5340 cum
3612 5299 3744 5341 anno

2171 5300 2403 5364 utcnone
2430 5300 2642 5409 gntnta,
2676 5301 2769 5366 qui
2802 5300 2905 5340 luit
2927 5301 3101 5341 annus
3132 5300 3258 5351 ὅτι,
3296 5300 3368 5340 ne

2171 5366 2323 5425 regni
2350 5351 2427 5407 Lu
2466 5368 2604 5409 ovncr
2631 5354 2714 5408 Pn
2737 5355 2963 5417 decimo,
2996 5356 3089 5425 qui
3114 5354 3216 5410 fuit
3239 5355 3368 5410 825.

2301 5422 2357 5475 ln
2387 5434 2850 5494 monogrammate
2871 5422 3070 5480 dicitur
3094 5425 3390 5495 Ludovicus
3422 5423 3580 5495 Pius,
3609 5425 3742 5495 quod

2167 5505 2432 5566 agnomen
2469 5508 2743 5566 nunquam
2787 5496 3072 5565 usurpavit
3093 5494 3404 5550 Ludovicus
3431 5496 3473 5549 l.
3502 5494 3739 5566 Sigillum

2168 5560 2337 5635 refert
2378 5560 2666 5635 imaginem
2706 5560 2963 5619 Ludovici
2994 5560 3741 5635 cumginscriptionegzludr-

2168 5632 2341 5705 wicusg
2368 5632 2723 5705 Romanorum
2756 5635 3058 5705 imperator.
3114 5632 3286 5705 Sigilli
3317 5632 3463 5690 “vero
3501 5632 3672 5705 forma
3692 5642 3737 5687 et

2167 5703 2477 5826 magnitmlP
2517 5719 2622 5756 non
2664 5711 2744 5759 est
2774 5703 2837 5759 ev
2866 5720 2979 5760 aevo
3005 5703 3278 5769 Carolino,
3307 5706 3402 5760 sed
3437 5704 3609 5761 multo
3638 5719 3729 5759 tm-

2167 5786 2249 5826 ats
2277 5786 2424 5826 uran
2453 5790 2549 5826 mr.

2167 5786 2249 5841 gts
2277 5786 2549 5841 gran'tmr.
