3936 6368
170 452 323 513 18Οὸ

1325 436 1715 510 birtonars
1758 446 2307 509 ECCLESIASTICA.

3306 459 3447 514 10οδ

160 572 280 624 lius
314 568 549 631 nostris,
603 567 686 621 vel
735 564 1021 635 cujuslibet
1071 580 1135 619 ex
1162 563 1451 633 judiciaria
1497 572 1765 636 potestate
1793 570 1844 630 Α
1941 563 1998 618 Si
2029 566 2197 635 quieti
2228 566 2683 621 monasteriorum
2728 567 3093 639 providemus,
3146 572 3248 626 hoc
3289 576 3448 631 nobis

154 658 290 727 jam
322 659 469 711 dicto
493 657 821 725 Apollinario
848 654 1051 717 abbati,
1091 663 1185 707 aut
1221 655 1627 709 successoribus
1650 654 1764 709 suis

162 748 241 801 de
275 746 586 815 supradicta
620 744 851 799 confinia
892 743 1213 812 inquietare,
1251 752 1344 796 aut
1370 744 1637 797 calumnia
1668 761 1762 813 ge-

164 852 407 902 nerare,
457 835 539 890 vel
585 835 788 904 aliquid
827 849 893 888 ex
943 834 1047 887 hoc
1094 847 1191 902 per
1242 848 1340 885 nos
1382 848 1481 902 pro
1526 833 1765 888 remedio

161 928 376 981 animm
417 935 614 980 nostrte
652 927 719 979 ad
748 923 1064 994 praedictum
1096 930 1343 977 sanctum
1372 922 1639 977 locunLex
1671 939 1767 978 no-

158 1027 289 1071 stra
335 1015 703 1071 munificentia
752 1012 1125 1069 concessimus
1172 1013 1530 1079 abstrahere,
1590 1014 1764 1068 admi-

164 1121 351 1160 nuere
373 1120 589 1175 quoque
611 1114 855 1175 tempore
880 1111 1299 1174 praesumantur.
1331 1104 1436 1157 Sed
1456 1103 1630 1170 nobis,
1656 1104 1767 1159 Deo

165 1198 425 1267 auspice,
469 1195 665 1249 futuris
714 1195 1067 1263 temporibus,
1111 1194 1165 1248 in
1213 1193 1553 1269 eleemosyna
1582 1203 1766 1249 nostra

162 1289 383 1344 ibidem
430 1288 751 1359 inaugurato
788 1287 1054 1355 proticiat,
1095 1294 1356 1355 quantum
1388 1286 1581 1341 melius
1623 1287 1766 1342 dele-

164 1388 294 1434 ctat
344 1379 486 1449 ipsos
522 1393 712 1434 servos
758 1377 876 1441 Dei,
905 1376 999 1446 qui
1024 1376 1222 1430 ibidem
1259 1376 1370 1431 Deo
1400 1375 1652 1431 famulari
1688 1377 1769 1431 vi-

166 1467 378 1522 dentur
407 1487 418 1520 :
444 1482 543 1537 pro
589 1467 749 1521 nobis
796 1479 1074 1534 uxoreque
1101 1480 1163 1519 ac
1191 1464 1375 1520 liberis
1409 1464 1649 1536 fungenti
1678 1481 1771 1519 no-

162 1568 305 1612 stne
340 1556 544 1627 jugiter
592 1556 1021 1611 misericordiam
1078 1556 1175 1609 Dei
1228 1558 1489 1611 attentius
1515 1572 1763 1613 exorare.

166 1649 333 1715 Quod
361 1650 407 1703 si
438 1648 706 1718 quispiam
730 1647 870 1701 hanc
895 1654 1136 1701 nostram
1164 1648 1594 1713 concessionem,
1622 1649 1767 1717 quod

170 1754 286 1791 non
333 1740 629 1803 credimus,
671 1752 890 1807 quoquo
922 1737 1081 1792 modo
1106 1737 1309 1791 violare
1338 1741 1763 1809 praesumpserit,

166 1828 316 1881 sciat
363 1843 421 1883 se
462 1829 883 1899 compositurum
920 1828 1036 1881 auri
1088 1827 1263 1884 obrizi
1305 1828 1373 1882 60
1417 1829 1764 1884 medietatem

1869 664 1925 711 et
1954 656 2101 725 regni
2134 656 2304 710 nostri
2341 657 2604 711 diutinam
2644 660 2995 715 stabilitatem
3030 662 3358 727 conciliabit,
3390 676 3448 721 et

1866 747 2148 801 beatorum
2190 761 2487 816 pauperum
2515 748 2708 817 spiritu
2742 752 2990 805 mercede
3018 752 3256 807 donabit.
3305 755 3450 821 Qua-

1865 843 2086 904 propter
2110 834 2291 889 omnis
2316 835 2468 904 regni
2500 838 2671 919 nostri
2706 839 3039 895 unanimitas
3069 844 3279 897 noverit
3305 847 3447 913 quod

1865 940 1967 980 nos
2007 925 2299 980 venerandi
2333 938 2359 965 η
2392 924 2709 979 Helisachar
2754 926 3040 986 familiaris
3070 933 3241 986 nostri
3269 942 3322 987 et
3352 934 3446 987 ab-

1866 1020 2009 1075 batis
2033 1020 2266 1075 cmnobii
2299 1021 2626 1076 sanctissimi
2656 1022 2985 1079 confessoris
3016 1024 3293 1079 Maximini
3330 1042 3448 1094 pro-

1869 1112 2093 1167 tectoris
2141 1112 2311 1166 nostri
2361 1111 2779 1181 postulationem
2824 1115 3184 1185 percepimus,
3214 1119 3448 1185 qualiter

1866 1202 1939 1271 pii
1972 1202 2235 1272 genitoris
2261 1201 2663 1264 nostri'Caroli,
2687 1202 2810 1272 jure
2834 1206 3209 1273 pmmominati
3242 1206 3443 1275 Magni,

1866 1293 2068 1347 factum
2097 1300 2409 1363 sequentes,
2433 1293 2546 1362 jam
2575 1293 2779 1348 dictum
2814 1296 3201 1349 monasterium
3230 1297 3447 1366 privile-

1867 1384 1968 1454 giis
1994 1392 2193 1438 nostrae
2222 1394 2436 1451 quoque
2467 1367 2807 1438 auctoritatis
2838 1384 3250 1451 roboraremus;
3283 1401 3445 1455 quam

1866 1474 2179 1542 petitionem
2221 1489 2343 1529 cum
2391 1475 2805 1529 mansuetudine
2848 1478 3202 1545 suscepimus,
3235 1486 3289 1531 et
3329 1478 3443 1532 fieri

1868 1565 2245 1619 auctoritative
2282 1566 2656 1635 praecepimus.
2706 1566 3056 1623 Decrevimus
3101 1584 3353 1639 namque,
3393 1581 3448 1624 et

1865 1656 2118 1710 omnibus
2161 1664 2285 1723 post
2327 1670 2427 1709 nos
2473 1654 2670 1710 futuris
2716 1656 3118 1725 denuntiamus,
3161 1660 3445 1730 prrefalum

1867 1747 2043 1801 locum
2096 1746 2197 1801 sub
2251 1754 2437 1801 nostro
2485 1748 2933 1817 sequentiumque
2983 1766 3169 1822 regum
3224 1768 3448 1808 manere

1868 1836 2177 1900 dominatu,
2198 1835 2362 1889 veluti
2390 1836 2663 1906 prioribus
2693 1840 3023 1907 temporibus
3051 1842 3103 1895 in
3127 1843 3332 1898 ditione
3364 1858 3448 1899 re-

166 1919 360 1989 palatii
400 1921 591 1984 nostri.
636 1928 691 1973 ei
730 1918 1077 2001 ωεάίθιεὶῑθω
1123 1918 1190 1971 ad
1239 1918 1609 1987 SUPradictum
1650 1934 1763 1974 mo-
1792 1920 1839 1978 B
1868 1944 1996 1999 gum
2038 1928 2304 1983 mansisse
2340 1928 2696 1998 dignoscitur,
2732 1931 2865 1984 nulli
2899 1948 3135 2001 unquam
3168 1935 3286 1990 loco
3311 1937 3445 1992 sub-

168 2014 477 2068 nasterium
509 2012 567 2067 S.
598 2011 877 2081 Anthymi.
916 1998 991 2064 Et
1034 2018 1095 2065 ut
1132 2012 1314 2065 verior
1342 2026 1406 2065 ac
1434 2010 1642 2066 firmior
1667 2012 1762 2065 ba-

168 2101 396 2166 beatur,
438 2102 522 2157 vel
552 2116 650 2171 pro
681 2110 924 2168 tempore
946 2098 1164 2155 Christo
1204 2100 1459 2169 propitio,
1505 2102 1762 2155 observes

177 2201 292 2259 tur,
343 2209 507 2246 manu
545 2192 765 2263 propria
816 2192 1005 2246 subter
1050 2191 1411 2258 ﬁrmavimus,
1458 2200 1514 2248 et
1560 2192 1760 2248 annulo

172 2285 353 2341 nostri
383 2284 545 2356 sigilli
564 2283 825 2352 jussimus
853 2281 1123 2353 insigniri.

245 2375 472 2447 Signum
502 2374 757 2429 Ludovici
799 2373 1084 2443 potentiss.
1130 2372 1261 2440 imp.
1299 2372 1392 2440 qui
1422 2374 1756 2443 recognovit.

240 2466 439 2519 Datum
483 2480 535 2519 ιν
581 2464 699 2519 Kal.
732 2463 998 2527 Januarii,
1032 2477 1201 2527 anno,
1236 2461 1455 2517 Christo
1503 2463 1758 2533 propitio,

164 2554 347 2623 primo
378 2554 588 2624 imperii
614 2553 679 2606 D.
715 2552 967 2607 Ludovici
1007 2552 1234 2621 piissimi
1272 2551 1525 2621 Augusti,
1560 2553 1754 2608 indict.

164 2642 219 2697 8.
251 2643 444 2696 Actum
481 2642 831 2713 Aquisgrani,
876 2643 929 2696 in
976 2640 1175 2713 palatio
1221 2640 1390 2711 regio.
1434 2641 1492 2695 ln
1531 2643 1625 2698 Dei
1658 2659 1757 2697 no-

167 2732 341 2788 mine.
368 2732 563 2788 Amen.

892 2801 1032 2855 XXI.

438 2905 773 2946 IONASTEBIO
811 2902 999 2945 SANCTI
1039 2906 1231 2945 MAXIM!
1270 2906 1635 2947 TREVIRENEIS.

785 2980 957 3052 (Anno
985 2981 1137 3053 8M.)

386 3068 565 3142 [Apud
588 3069 925 3135 Hontheim.,
956 3068 1098 3123 Hist.
1136 3069 1285 3123 Eccl.
1314 3069 1541 3143 Trevir.]

240 3158 549 3215 Ludovicus
580 3160 755 3229 gratia
797 3158 893 3214 Dei
933 3174 1029 3213 rex
1072 3156 1407 3214 Francorum
1454 3169 1510 3215 et
1548 3160 1759 3233 Longos

164 3248 461 3305 bardorum
487 3257 543 3303 et
572 3250 833 3320 patricius
884 3249 1274 3305 Romanorum.

287 2905 389 2944 PRO

243 3377 269 3404 α
299 3361 617 3418 Helisachar
655 3362 936 3433 familiaris
974 3364 1158 3418 nostri.
1200 3363 1407 3419 Summi
1438 3366 1747 3421 cancellarii

169 3449 395 3506 munere
424 3434 631 3506 eumsin
654 3434 775 3487 aula
792 3433 1054 3506 Ludovici
1078 3435 1322 3506 functum
1348 3434 1537 3506 fuisse,
1565 3452 1750 3506 quam-

167 3503 648 3575 plurimmntabulae
670 3504 940 3575 probant.
991 3504 1149 3558 Juvat
1187 3505 1274 3575 hic
1304 3504 1405 3575 legi
1436 3521 1555 3575 quae
1583 3503 1651 3559 de
1684 3522 1750 3561 eo

169 3573 647 3654 Echhart
667 3573 795 3627 Rer.
822 3573 1161 3654 Francicam,
1187 3574 1279 3627 lib.
1306 3573 1498 3639 Inviti,
1522 3592 1576 3654 ῃ.
1608 3576 1744 3631 147ε

179 3663 197 3695 ι
220 3643 462 3699 Vidimus
489 3643 751 3697 hactenus
778 3643 999 3698 annales
1043 3644 1286 3700 diversos
1313 3660 1344 3697 a
1378 3646 1608 3713 notariis
1651 3654 1745 3700 aut

172 3712 511 3767 canoellariis
554 3713 717 3782 regiis
756 3722 848 3766 aut
880 3713 1250 3782 continuatos,
1304 3723 1397 3767 aut
1444 3712 1497 3767 in
1537 3714 1749 3770 litteras

174 3782 374 3854 relatos
411 3796 551 3837 esse.
584 3781 660 3835 De
684 3791 838 3854 parte
864 3781 1114 3854 ghi'onici
1146 3782 1748 3854 Moissiacensissuspi-

174 3852 281 3922 cati
335 3867 539 3916 sumus,
589 3866 708 3905 eam
756 3852 825 3905 ab
864 3852 1138 3922 Egilberto
1190 3854 1405 3907 notario
1446 3852 1748 3907 confectam

173 3920 341 3977 fuisse
367 3940 379 3975 :
424 3937 565 3976 nunc
596 3920 1080 3988 statuimus,'idem
1112 3922 1418 3977 Chronicon
1444 3938 1474 3975 a
1502 3931 1747 3988 tempore

172 4007 280 4063 quo
332 3992 636 4061 Egilbertus
688 3991 878 4063 desiit,
935 3991 1003 4063 ab
1061 3991 1373 4047 Elisaehare
1417 3991 1747 4063 cancellario

173 4060 435 4117 Hactenus
470 4062 818 4129 imperatorio
847 4062 1218 4116 continuatum
1247 4076 1384 4117 esse.
1416 4060 1551 4116 Nam
1584 4063 1637 4117 in
1662 4078 1748 4117 re-

172 4132 281 4203 bus
312 4134 410 4203 sub
454 4130 613 4203 finem
655 4132 781 4184 anni
825 4132 928 4186 818
972 4140 1066 4185 ant
1114 4133 1266 4185 initio
1296 4131 1423 4185 anni
1449 4132 1552 4187 819
1582 4133 1749 4203 gestis

174 4201 401 4265 desinit;
427 4208 481 4254 et
506 4199 695 4254 eodem
728 4209 991 4269 tempore,
1018 4210 1140 4270 post
1165 4217 1364 4255 annum
1395 4199 1742 4269 nempe'819,

172 4270 455 4325 Blizachar
487 4270 542 4324 in
583 4270 1073 4340 subscriptionibus
1104 4272 1455 4340 diplomatum
1494 4286 1600 4325 non
1630 4286 1745 4324 am-

170 4342 313 4411 plius
334 4339 804 4411 invenitur.Unde
831 4340 1084 4411 existimo
1108 4339 1175 4395 eo
1204 4356 1345 4411 anno
1370 4340 1619 4394 eumdem
1650 4342 1745 4411 ab-

171 4408 351 4466 batem
397 4408 453 4463 S.
508 4410 781 4464 Maximini
824 4410 975 4479 apud
1007 4409 1259 4464 Treviros
1286 4408 1507 4473 factum,
1551 4416 1645 4463 aut
1689 4410 1743 4463 in

170 4481 557 4535 monasterium
578 4479 635 4532 S.
659 4478 1248 4549 AlbiniAndegavense
1270 4494 1425 4549 suum
1456 4494 1574 4549 sese
1593 4494 1745 4534 rece-

209 4552 346 4612 isse.
400 4549 639 4617 aulasque
687 4547 1037 4602 valedixisse.‘
1086 4548 1299 4603 Mittens
1354 4547 1744 4617 Diplomatibus

1856 2019 2057 2088 jaceat,
2088 2020 2287 2074 nullius
2323 2034 2569 2089 persona:
2596 2021 3038 2088 dominationem,
3074 2025 3099 2063 δ
3126 2025 3450 2083 electionem

1862 2113 2027 2167 etiam
2068 2112 2283 2167 abbatis
2334 2111 2685 2165 concedimus
2739 2114 3127 2169 monachorum
3177 2116 3443 2181 arbitrio,

1862 2216 1986 2255 cum
2019 2200 2269 2256 videlitet
2310 2201 2402 2271 qui
2451 2200 2574 2254 vitai
2613 2216 2677 2256 ac
2715 2202 2995 2270 sapientia:
3027 2206 3222 2259 merito
3249 2221 3447 2260 secun-

1860 2292 1989 2346 dum
2010 2293 2251 2360 regulam
2273 2291 2568 2362 probabilis
2588 2293 2883 2359 invenitur,
2907 2294 3159 2365 eligendi.
3180 2296 3447 2369 Mtltlcipitl

1863 2383 2085 2452 insuper
2122 2392 2176 2437 et
2206 2382 2431 2453 praedia,
2463 2382 2548 2436 vel
2574 2387 2825 2439 cunctam
2854 2388 3167 2441 monasterii
3199 2388 3447 2443 substan-

1864 2473 1996 2527 tiam
2029 2474 2241 2528 abbatis
2273 2473 2527 2542 potestati
2564 2475 2950 2543 permittimus,
3003 2485 3057 2531 et
3102 2478 3169 2531 ad
3215 2476 3445 2534 fratrum

1862 2563 2201 2619 solummodo
2231 2576 2252 2602 ε
2296 2566 2646 2629 conductum,
2680 2582 2747 2621 ne
2782 2566 2987 2622 san‘cta:
3024 2569 3303 2641 religionis
3333 2581 3449 2626 sta-

1864 2662 1949 2707 tus
1987 2652 2224 2717 deficiat,
2267 2653 2495 2709 liberam
2529 2656 2790 2711 vendendi
2843 2665 2897 2711 et
2935 2662 3304 2715 commutandi
3349 2664 3448 2718 ha—

1860 2740 2023 2795 beant
2063 2750 2262 2797 nostrae
2291 2745 2631 2800 auctoritatis
2669 2746 2973 2814 licentiam;
3017 2759 3283 2818 quatenus
3328 2756 3447 2811 sine

1860 2831 2177 2900 indigentia,
2210 2833 2303 2887 sed
2337 2849 2460 2887 cum
2496 2835 2885 2905 tranquillitate
2915 2848 2972 2893 et
3000 2855 3131 2909 pace
3161 2842 3445 2900 Dominum

1860 2936 1959 2990 pro
1988 2922 2161 2977 salute
2187 2933 2371 2978 nostra
2398 2925 2601 2996 jugiter
2636 2937 2883 2982 exorent.
2931 2929 2998 2984 Et
3029 2940 3087 2985 ut
3116 2933 3232 2988 haec
3260 2946 3447 2991 auctos

1863 3014 1997 3067 ritas
2040 3012 2293 3067 inviolata
2340 3017 2619 3085 perduret,
2650 3033 2812 3072 manu
2839 3022 3057 3090 propria
3082 3023 3443 3094 firmavimus,

1861 3113 1917 3159 et
1941 3104 2100 3176 sigilli
2125 3106 2295 3161 nostri
2327 3107 2685 3177 impressione
2712 3110 2913 3181 signari
2939 3112 3201 3182 jussimus
3234 3116 3285 3170 ιι.

1856 3376 1999 3421 reeta
2036 3374 2260 3421 testatur
2286 3361 2526 3433 epistola,
2570 3370 2684 3433 post
2728 3366 3445 3433 vestramiexaminationem

1852 3437 1933 3489 illi
1972 3432 2897 3507 singulariter-censenpra'sentari.‘
2934 3432 3077 3507 ldem
3119 3434 3445 3507 ilelisachar

1854 3501 2107 3561 laudatur
2136 3505 2289 3575 apud
2305 3501 2728 3575 Amalariumuin
2758 3501 3075 3575 praefatione
3102 3503 3443 3575 Antiphonti-

1855 3576 1921 3649 rii
1941 3594 1954 3640 ;
1972 3571 2237 3649 βιηθεὶῖεὶ
2254 3572 2597 3649 Centulensis
2616 3571 2714 3626 lib.
2731 3588 2747 3626 ι
2768 3589 2780 3637 ;
2815 3572 2868 3625 in
2891 3571 3286 3649 consultatione
3301 3578 3444 3649 Ago-

1851 3646 2006 3701 bardi
2036 3646 2103 3699 de
2126 3641 3245 3713 baptismoJudaicorumAmancipiorum;
3299 3641 3443 3705 et'in

1852 3714 1989 3769 libro
2033 3715 2098 3768 de
2124 3710 2545 3780 dispensatione.
2577 3710 2733 3765 Anno
2775 3710 2879 3780 827
2906 3710 3045 3767 idem
3088 3731 3117 3768 a
3166 3710 3444 3776 Lndovico

1850 3799 1974 3839 cum
2000 3783 2120 3837 aliis
2143 3779 2339 3842 missus
2359 3790 2442 3834 est
2470 3780 2537 3834 ad
2558 3790 2735 3850 motus
2749 3779 3051 3850 Hispanicae
3074 3800 3270 3841 marem
3292 3804 3443 3844 c0m~

1849 3854 2182 3923 primendos,
2228 3859 2287 3905 ut
2334 3850 2574 3923 Annales
2609 3849 3104 3923 LaureshamenSes
3142 3864 3434 3916 testantur.

1851 3919 2044 3978 Obitus
2093 3922 2211 3991 ejus
2236 3935 2412 3991 annus
2436 3919 2704 3991 hactenus
2736 3935 2821 3974 me
2852 3922 3003 3975 latet.
3043 3944 3059 3975 ι
3109 3925 3245 3980 Add.
3296 3930 3439 3983 Heu-

1852 3989 2321 4068 mannum‘deBe
2343 3989 2687 4068 diplomatica
2712 4028 2726 4054 ,
2774 4006 2895 4068 pag.
2925 3991 3049 4048 258.
3077 3993 3293 4068 (_)_hi_tum
3323 4000 3441 4068 ejus

1853 4062 2019 4136 refert
2054 4060 2390 4136 Mabillonius
2417 4060 2611 4136 Annal.
2644 4059 2919 4115 Benedict.
2940 4059 3435 4136 tom.ll,lih.~xx'n,

1851 4149 1907 4186 n.
1937 4134 2026 4195 80,
2059 4132 2201 4186 circa
2230 4145 2432 4183 annum
2458 4129 2583 4183 857.

1924 4203 1951 4241 b
1982 4202 2304 4255 Electionem
2353 4199 2511 4252 etiam
2562 4199 2784 4262 abbatis,
2830 4209 2937 4255 etc.
2970 4200 3274 4260 Mirandum
3307 4224 3439 4267 sane

1848 4272 1990 4339 quod
2017 4270 2323 4341 postulante
2345 4267 2695 4341 Helisachare
2720 4271 2825 4324 hoc
2844 4286 3161 4327 concessum
3188 4277 3277 4340 sit,
3310 4295 3436 4335 cum

1850 4337 2039 4414 tamen
2055 4354 2245 4414 omnes
2274 4337 2811 4414 San-Magtiminianae
2861 4342 3065 4396 notitia:
3095 4337 3434 4414 exploratum

1848 4408 2089 4474 faciant,
2144 4410 2434 4478 ipsummet
2489 4408 2893 4465 Helisacharem
2937 4408 3264 4470 monachum
3322 4434 3433 4474 non

1849 4479 2035 4562 fuisse,
2067 4480 2171 4559 sed.
2191 4478 2502 4562 sincularem
2524 4479 2801 4562 clericum.
2832 4480 2983 4562 Quod
3013 4483 3173 4562 igitur
3200 4487 3253 4539 in
3288 4488 3438 4543 hisce

1849 4549 2045 4604 tabulis
2068 4550 2325 4617 scriptum
2365 4554 2481 4617 est,
2510 4547 2827 4603 electionem
2850 4547 3080 4607 .abbatis
3119 4569 3435 4613 concessam

251 4619 422 4700 lgicis,
461 4616 588 4700 .cap.
624 4617 681 4700 li
716 4617 969 4698 Ludovici
998 4628 1325 4700 princeptutn
1349 4616 1595 4699 inseruit,
1618 4634 1742 4699 .quo
1766 4641 1820 4700 Β
1848 4620 2247 4700 monachorum.
2262 4616 2490 4671 arbitrio
2510 4618 2672 4700 ,_ejus
2703 4634 2895 4700 nempe
2944 4622 3195 4700 qui_vi_t:_e
3240 4635 3296 4679 et
3344 4643 3432 4682 sa-

169 4687 425 4768 ejusdegr
460 4687 801 4768 imperatoris
853 4689 1242 4768 protectionem
1286 4688 1524 4768 insignis
1567 4689 1661 4768 _vir
1692 4698 1740 4741 et

170 4756 317 4813 Abba
340 4756 619 4811 Elisnchar
638 4758 702 4809 de
722 4758 1035 4810 monasterio
1061 4757 1120 4812 S.
1148 4756 1427 4811 Maximini
1450 4758 1503 4810 in
1532 4759 1740 4811 civitate

168 4845 288 4900 qua:
318 4828 542 4900 Treviris
567 4826 776 4900 dicitur,
805 4826 1065 4900 huic,loco
1078 4827 1411 4900 impetravit,
1436 4829 1577 4900 quod
1600 4842 1740 4881 anno

170 4895 271 4954 821
306 4897 506 4961 datum,
533 4906 588 4950 et
611 4912 641 4949 a
667 4895 905 4961 librario,
934 4898 1222 4966 genuinum
1246 4897 1489 4965 quamvis
1519 4897 1609 4960 sit,
1632 4911 1740 4951 non

170 4981 360 5039 parum
378 4966 738 5039 depravatum
780 4974 882 5039 est.
930 4966 1143 5021 Mineus
1175 4968 1402 5039 adnotat
1457 4966 1736 5039 Elisacha-

172 5034 288 5091 rem
318 5036 482 5089 fuisse
505 5048 718 5105 quoque
754 5034 998 5088 abbatem
1030 5036 1340 5090 monasterii
1370 5035 1428 5090 S.
1459 5035 1606 5090 Petri
1634 5035 1739 5090 Ge-

174 5107 480 5162 meticensis
504 5104 557 5159 et
586 5104 642 5159 S.
679 5104 915 5158 Richarii
950 5106 1003 5158 in
1034 5105 1260 5160 Pontivo
1304 5107 1418 5159 sive
1454 5105 1740 5160 Centulen-

174 5178 272 5232 sis.
310 5175 472 5237 Ardo,
503 5176 555 5229 in
580 5176 702 5229 Vita
726 5174 783 5228 S.
818 5174 1091 5245 Benedicti
1124 5176 1469 5239 Anianensis,
1499 5192 1615 5245 cap.
1648 5176 1739 5239 52,

175 5247 379 5301 indicat
423 5245 822 5299 Helisacharem
867 5244 923 5299 S.
967 5244 1240 5299 Benedicti
1283 5255 1335 5299 et
1384 5244 1612 5298 fratrum
1659 5245 1744 5299 ln-

175 5316 417 5371 densium
454 5316 685 5369 amicum
717 5314 1083 5369 fidelissimum
1126 5314 1309 5369 fuisse.
1341 5315 1483 5368 ldem
1512 5324 1743 5369 mortem

180 5386 241 5455 Sy.
292 5384 584 5449 Benedicti,
629 5399 748 5452 quae
782 5400 935 5455 anno
976 5386 1072 5439 821
1133 5386 1380 5455 contigit,
1436 5400 1738 5439 enarrans:

180 5454 510 5519 llelisachar,
527 5456 721 5523 inquit,
738 5454 895 5508 abbas
921 5455 1119 5523 primus
1148 5455 1215 5508 ad
1236 5471 1351 5507 eum
1382 5456 1536 5519 venit,
1554 5466 1600 5507 et
1626 5471 1745 5508 cum

178 5542 238 5579 eo
260 5541 416 5595 usque
447 5524 535 5595 ad
558 5523 751 5577 obitum
788 5526 1146 5595 perseverarit.
1197 5524 1339 5595 idem
1376 5523 1487 5590 jam
1533 5525 1747 5578 dixerat

177 5594 339 5655 Ardo,
363 5610 479 5664 cap.
508 5594 561 5658 ὅ,
592 5595 681 5647 ubi
711 5594 861 5663 rogat
886 5595 1180 5647 monachos
1206 5594 1478 5658 lndcnscs,
1509 5602 1589 5659 ut,
1618 5594 1741 5647 Vita

181 5665 237 5719 S.
270 5664 537 5719 Benedicti
565 5680 593 5717 a
618 5678 676 5717 se
715 5664 1039 5732 conscripta,
1078 5666 1405 5726 examinata,
1452 5679 1571 5717 eam
1620 5678 1741 5716 cum

182 5734 484 5789 Elisachare
530 5735 722 5788 abbate
762 5734 1176 5787 conminnicent.
1234 5733 1514 5799 Quoniam,
1558 5737 1653 5795 ait,
1696 5733 1743 5785 ei

180 5806 341 5857 unica:
370 5802 661 5855 dilectionis
693 5804 882 5871 aﬂectu
936 5804 1181 5872 migranti
1220 5805 1282 5855 de
1312 5802 1502 5856 swculo
1532 5802 1743 5856 Helisa-

180 5876 301 5929 cluzr
329 5874 478 5929 ltu'sit
505 5872 683 5939 abbus,
702 5875 831 5926 sicut
855 5874 1015 5927 iusius
1047 5890 1176 5926 auro
1198 5873 1469 5942 pretiosior
1492 5873 1635 5926 nobis
1663 5872 1742 5926 die

1852 4688 2309 4770 pientiiernerito
2350 4686 2647 4770 secundum
2678 4686 3240 4770 regulam-probabilis
3278 4697 3431 4752 inve-

1848 4756 2049 4835 niatur,
2081 4757 2458 4835 id,-si__ita_est,
2490 4756 2641 4835 nullo
2664 4756 2857 4813 eﬂ‘ectu
2896 4756 3001 4814 alio
3034 4766 3238 4835 potuit,
3268 4780 3433 4835 quam

1847 4836 1908 4880 ut
1934 4828 2076 4883 inter
2102 4827 2385 4899 privilegia
2410 4826 2643 4881 emnobii
2678 4826 3175 4895 servareturfolim
3204 4826 3324 4890 usui
3350 4836 3432 4891 fu-

1848 4906 2051 4952 turum.

1922 4978 1943 5007 c
1987 4965 2334 5021 Conductum.
2364 4965 2421 5020 ld
2444 4973 2529 5020 est
2555 4966 2843 5022 utilitatem
2869 4984 2963 5025 seu
2990 4973 3352 5030 commodum.

1919 5037 1947 5077 ἀ
1986 5038 2189 5114 Harum
2233 5036 2539 5114 tabularum
2584 5036 2835 5114 (quarum
2877 5044 3203 5111 cmteroquin
3247 5056 3430 5114 proto-

1852 5116 2035 5190 typa‘m
2060 5107 2127 5161 ad
2233 5106 2579 5190 lll‘axim‘inum
2598 5106 2803 5190 exstat)
2824 5106 3347 5190 tempus,sig|_iatura
3372 5128 3430 5174 et

1852 5177 2086 5249 sigillum
2117 5177 2533 5249 desiderantur,
2566 5192 2723 5249 anno
2746 5186 2801 5231 et
2848 5177 3071 5249 reliquis
3115 5177 3179 5238 ad
3218 5184 3428 5242 calcem

1853 5246 2183 5316 diplomatis,
2212 5255 2271 5316 ut
2311 5246 2543 5311 videtur,
2590 5248 2822 5301 extritis.
2857 5246 3064 5304 Placuit
3114 5260 3292 5309 tamen
3334 5272 3428 5313 eas

1850 5315 1953 5371 hoc
1991 5315 2394 5388 annoureferre,
2424 5316 2558 5388 loco
2599 5331 2870 5386 utcunque
2916 5330 3235 5388 Opportuno,
3275 5336 3427 5380 ante-

1853 5402 2015 5462 q_uam
2067 5385 2273 5440 scilicet
2322 5385 2626 5440 Ludovicus
2680 5385 3081 5462 renuntiaretur
3112 5385 3420 5462 Augustus.

1853 5457 2051 5527 Verum
2084 5471 2192 5527 non
2232 5470 2401 5527 pauca
2443 5465 2568 5527 sunt
2613 5472 2733 5527 qua:
2765 5458 3071 5527 diplomatis
3102 5457 3257 5515 ﬁdem
3291 5480 3424 5519 cond

1854 5525 2071 5603 vellant.
2121 5524 2247 5579 Haec
2290 5526 2431 5603 inter
2466 5524 2567 5578 alia
2598 5539 2611 5577 :
2642 5524 3105 5603 Langobardorum
3140 5547 3319 5585 rem...
3351 5538 3426 5603 pit

1849 5595 2095 5665 genitoris
2140 5596 2323 5669 nostri,
2346 5595 2470 5663 jure
2497 5595 2864 5664 prirnomiuati
2909 5597 3175 5669 διαφῆκα
3205 5603 3299 5667 sub
3331 5595 3425 5656 no-

1848 5676 1956 5718 stro
1986 5666 2406 5733 sequentiumque
2454 5680 2629 5733 regum
2674 5681 2881 5719 manere
2928 5666 3228 5732 dominatu,
3264 5666 3421 5726 velut!

1848 5732 2108 5810 prioribus
2134 5732 2443 5805 temporibus
2468 5732 2519 5787 in
2541 5732 2738 5788 ditione
2762 5752 2933 5806 regum
2963 5738 3215 5793 mansisse
3239 5740 3425 5810 digna:

1850 5804 2036 5871 scitur,
2064 5811 2169 5858 etc.
