3936 6318
189 364 215 420 Ι
228 366 337 424 009

1334 355 1727 413 DIPLOMATA
1766 354 2316 413 ECCLESIASTICA.

3316 366 3452 421 I010

183 493 380 540 notum
434 480 505 535 sit
553 479 790 534 omnium
845 477 1083 532 fidelium
1140 482 1449 529 nostrorum
1503 471 1767 533 solertiae,
1799 468 1848 529 Α
1877 467 2196 538 Ludovicus,
2233 472 2409 527 divina
2442 474 2724 530 ordinante
2769 475 3128 546 providentia,
3160 478 3451 547 imperator

183 573 543 646 prmsentium
568 570 771 647 scilicet
796 578 851 623 et
879 568 1203 630 futurorum,
1229 566 1463 635 qualiter
1497 566 1580 618 vir
1610 578 1771 617 vene-

184 665 381 721 rabilis
407 662 601 717 Petrus
629 661 794 715 abbas
818 676 883 715 ex
916 656 1245 712 monasterio
1274 655 1598 719 Nonantulo,
1629 655 1771 723 quod

184 767 280 813 est
309 763 679 812 constructum
711 754 765 807 in
792 752 998 806 honore
1026 749 1309 805 beatorum
1332 748 1695 819 apostolorum
1721 756 1774 802 et

185 849 367 905 sancti
417 845 664 901 Silvestri
713 842 1067 906 confessoris,
1111 842 1178 897 ad
1225 848 1464 896 nostram
1514 840 1776 894 accedens

183 940 563 1003 clementiam,
593 937 828 993 innotuit
864 934 1143 991 serenitati
1175 942 1395 998 nostrai,
1420 947 1485 988 eo
1512 932 1653 1001 quod
1680 930 1776 983 ali-

182 1050 332 1105 quas
361 1048 450 1088 res
489 1046 609 1085 cum
642 1026 875 1083 Rodulfo
905 1035 1117 1082 rectore
1148 1025 1486 1087 monasterii,
1511 1023 1656 1094 quod
1694 1031 1778 1077 est

184 1130 564 1179 constructum
614 1120 756 1174 intra
809 1133 992 1173 muros
1048 1116 1283 1171 civitatis
1316 1116 1513 1170 Brixia:
1559 1115 1613 1168 in
1675 1115 1776 1169 ho-

184 1229 328 1270 nore
376 1211 589 1267 Domini
640 1208 937 1264 Salvatoris
970 1207 1142 1261 nostri
1186 1205 1314 1261 Jesu
1358 1205 1593 1270 Christi,
1636 1204 1778 1274 quod

183 1303 354 1375 vulgo
397 1301 696 1373 appellatur
722 1299 1108 1355 Monasterium
1137 1297 1370 1362 Novum,
1412 1296 1779 1351 concambias-

187 1404 299 1449 set.
340 1391 499 1447 Dedit
534 1391 716 1460 itaque
750 1390 833 1442 vir
870 1387 1193 1442 venerabilis
1226 1386 1419 1441 Petrus
1447 1392 1780 1442 memoratus

188 1486 366 1541 abbas
393 1485 457 1539 de
488 1491 641 1553 parte
670 1480 987 1535 monasterii
1032 1479 1114 1533 sui
1161 1478 1418 1547 praedicto
1459 1476 1687 1532 Rodulfo
1714 1477 1779 1530 ad

190 1584 411 1647 partem
455 1572 664 1643 praafati
708 1571 1024 1627 monasterii
1066 1571 1221 1625 villas
1266 1578 1601 1639 nuncupatas
1680 1568 1781 1623 Ca-

189 1666 466 1729 stellione,
493 1664 790 1727 Calcinato,
823 1662 1141 1727 Silviniano,
1174 1661 1486 1728 Monticulo,
1530 1662 1671 1716 sicut
1704 1660 1781 1715 ei-

190 1759 322 1813 dem
364 1753 595 1811 Rodulfo
624 1768 723 1823 pro
756 1753 1156 1822 opportunitate
1186 1751 1502 1806 monasterii
1534 1749 1778 1819 recipere

190 1849 417 1920 placuit.
471 1847 513 1901 E
550 1854 741 1901 contra
792 1843 845 1897 in
901 1843 1336 1913 compensatione
1391 1842 1551 1913 hujus
1598 1841 1779 1896 meriti

192 1941 349 1997 dedit
376 1938 491 2007 jam
523 1937 698 1991 dictus
734 1933 995 1988 Rodulfus
1020 1932 1337 2004 praescripto
1365 1930 1655 1985 venerabili
1683 1928 1781 1982 Pe-

195 2040 289 2087 tro
320 2031 500 2086 abbati
542 2030 605 2084 ad
636 2036 844 2099 partem
882 2026 1193 2081 monasterii
1226 2025 1309 2080 sui
1344 2039 1442 2093 pro
1470 2022 1781 2094 opportuni-

195 2131 314 2178 tate
364 2136 642 2178 servorum
692 2120 788 2175 Dei
833 2120 887 2173 in
920 2119 1109 2174 eodem
1156 2115 1405 2171 coenobio
1441 2128 1778 2169 commoran-

200 2212 359 2277 tium,
396 2210 576 2266 villam
621 2216 1020 2279 nuncupantem
1068 2206 1411 2269 Rcduddum,
1438 2218 1557 2274 quae
1587 2202 1787 2257 dicitur

196 2315 564 2371 supernomen
585 2298 901 2365 Curticella,
931 2299 982 2352 in
1011 2312 1147 2368 pago
1172 2294 1464 2359 Pcrsiceta,
1491 2306 1613 2347 cum
1638 2290 1786 2346 omni

197 2392 513 2464 integritate
538 2390 620 2446 vel
670 2391 942 2446 soliditate
988 2403 1105 2443 sua.
1143 2386 1293 2441 Unde
1319 2393 1372 2440 et
1403 2381 1784 2438 commutatio-

198 2496 328 2538 nem
352 2482 419 2536 de
440 2481 712 2551 praedictis
736 2480 888 2544 locis,
921 2478 1121 2532 nostris
1145 2476 1423 2531 obtutibus
1453 2472 1691 2528 ostendit
1718 2471 1786 2525 ad

198 2573 573 2645 relegendnm.
603 2570 708 2627 Sed
739 2585 838 2641 pro
866 2570 1076 2639 integra
1105 2566 1358 2621 firmitate
1388 2564 1545 2633 petiit
1570 2561 1787 2617 celsitu-

201 2664 387 2720 dinem
415 2671 679 2728 nostram,
704 2670 766 2716 ut
788 2661 844 2716 in
867 2660 1211 2728 eleemosyna
1238 2666 1423 2711 nostra
1452 2654 1622 2723 ipsam
1648 2666 1790 2706 com-

202 2756 559 2811 mutationem
583 2756 759 2810 denuo
784 2768 881 2825 per
908 2762 1154 2808 nostrum
1193 2747 1625 2804 mansuetudinis
1653 2761 1793 2816 pra:-

202 2855 425 2918 ceptum
452 2847 664 2917 plenius
707 2844 1033 2901 confirmare
1075 2843 1411 2897 deberemus.
1442 2838 1607 2907 Cujus
1649 2835 1790 2905 peti-

202 2938 410 2993 tionem
453 2937 721 3007 denegare
750 2934 1054 2990 noluimus:
1086 2932 1181 2988 sed
1220 2932 1361 2986 sicut
1395 2928 1687 3009 unicuique
1724 2926 1787 2979 fi-

201 3028 410 3086 delium
436 3037 744 3083 nostrorum
769 3028 911 3097 juste
941 3023 1438 3091 rationabiliterque
1466 3017 1787 3089 petentium,

1874 561 2169 633 Augustus.

1944 676 2282 747 lmperialem
2313 677 2685 734 celsitudinem
2728 680 2879 734 decet
2924 696 3316 750 praecesserunt
3349 697 3444 734 no-

1875 777 2112 823 strorum
2142 771 2229 838 pie
2267 770 2407 824 facta
2448 785 2559 824 non
2601 770 2774 823 solum
2816 770 3197 825 inviolabiliter
3236 783 3458 825 conser-

1875 871 2025 921 vare,
2041 859 2134 913 sed
2167 859 2330 913 etiam
2352 874 2595 925 censura:
2615 876 2725 915 sum
2758 862 3078 915 auctoritate
3107 861 3451 917 continuare.

1875 946 2080 1001 Idcirco
2102 955 2288 1001 notum
2314 962 2432 1003 esse
2446 948 2691 1004 volumus
2714 948 2963 1003 omnibus
2991 948 3236 1004 fidelibus
3253 958 3469 1005 sanctaa.

1880 1037 1971 1092 Dei
2002 1038 2344 1103 Εοειθείω,ει
2370 1042 2589 1101 nostris.
2625 1041 2983 1111 praesentibus
3004 1050 3058 1096 et
3083 1041 3299 1108 futuris,
3327 1044 3454 1113 quia

1878 1130 1964 1184 vir
1992 1130 2318 1186 venerabilis
2343 1130 2644 1186 Frodoinns
2667 1132 2834 1187 abbas
2857 1132 2910 1185 in
2938 1133 3289 1199 monasterio,
3318 1135 3459 1203 quod

1880 1221 2077 1276 dicitur
2106 1220 2432 1284 Novalicius,
2459 1222 2602 1291 quod
2634 1231 2717 1276 est
2759 1231 3133 1277 constructum
3163 1223 3215 1276 in
3253 1224 3459 1278 honore

1858 1312 2055 1379 ,sancti
2088 1311 2233 1366 Petri
2275 1313 2537 1382 principis
2571 1314 2958 1381 apostolorum,
2997 1315 3048 1368 in
3078 1315 3214 1369 valle
3254 1316 3463 1369 scilicet

1881 1398 2032 1469 cujus
2066 1401 2385 1455 vocabulum
2409 1409 2491 1455 est
2522 1401 2770 1468 Seusina,
2790 1401 2982 1457 detulit
3004 1410 3059 1457 et
3082 1404 3277 1458 obtulit
3305 1405 3464 1457 obtu-

1882 1492 2026 1547 tibus
2055 1492 2256 1546 nostris
2286 1500 2665 1547 testamentum
2693 1510 2722 1547 a
2748 1496 3018 1572 quondam
3049 1494 3166 1550 viro
3210 1495 3464 1566 religioso

1882 1584 2207 1653 dominoque
2251 1583 2446 1638 devoto
2476 1584 2698 1639 Abbone
2736 1584 2934 1639 factum
2980 1586 3047 1639 de
3094 1584 3319 1654 praefato
3348 1602 3465 1639 mo-

1884 1674 2149 1739 nasterio,
2183 1681 2239 1727 et
2265 1688 2294 1727 a
2325 1672 2554 1728 Domino
2597 1674 2843 1744 genitore
2886 1683 3071 1727 nostro
3122 1674 3317 1727 Carolo
3353 1675 3463 1745 glo'

1884 1766 2184 1822 riosissimo
2220 1766 2544 1836 imperatore
2601 1772 2919 1819 renovatum
2962 1772 3123 1834 atque
3175 1764 3468 1819 confirmaa

1885 1867 2015 1921 tum,
2053 1857 2105 1911 in
2145 1871 2255 1926 quo
2292 1854 2691 1919 continebatur,
2738 1856 2970 1924 qualiter
3017 1855 3271 1924 praefatus
3309 1857 3480 1910 Abba.

1882 1949 2146 2018 patricius
2177 1950 2351 2019 ipsum
2384 1949 2559 2004 locum
2594 1950 3100 2020 supranominatum
3137 1965 3257 2004 cum
3296 1951 3469 2005 omni-

1886 2041 1989 2095 bus
2040 2040 2203 2095 rebus
2243 2041 2375 2107 suis,
2413 2040 2483 2095 ob
2532 2056 2772 2095 amorem
2830 2040 3081 2094 videlicet
3118 2040 3308 2109 patriae
3358 2056 3466 2097 coe-

1884 2133 2031 2187 lestis
2068 2141 2122 2188 et
2164 2133 2335 2187 beata:
2378 2134 2522 2196 vitae,
2552 2132 2712 2188 Petro
2743 2132 3055 2187 beatissimo
3093 2133 3460 2201 apostolorum

1885 2227 2079 2281 obtulit
2119 2226 2373 2295 principi,
2432 2240 2531 2279 nec
2586 2241 2691 2279 non
2749 2225 2957 2279 cunctis
3013 2224 3465 2287 tle-structoribus,

1886 2316 2303 2385 dissipatoribus
2326 2317 2652 2380 temerariis,
2681 2317 2861 2372 divina
2891 2318 3088 2387 quippe
3133 2333 3389 2381 censura,
3418 2299 3480 2371 ct.

1887 2414 2149 2461 :eternum
2181 2406 2527 2477 supplicium,
2564 2416 2726 2476 atque
2765 2406 3004 2461 divinum
3031 2406 3352 2471 anathema,
3378 2408 3473 2474 qui

1888 2512 2125 2566 unquam
2148 2497 2201 2551 in
2229 2504 2471 2567 tempore
2506 2497 2625 2551 ausi
2675 2494 2897 2560 fuerint,
2937 2496 3142 2550 seducti
3181 2504 3347 2563 atque.
3377 2511 3471 2549 cu—

1887 2589 2153 2658 piditate,
2200 2597 2365 2643 tanta:
2414 2588 2714 2644 devotionis
2783 2587 3055 2642 contraire
3103 2587 3471 2657 conscriptum

1890 2689 2052 2749 atque
2082 2678 2414 2744 firmitatem,
2446 2679 2587 2733 unde
2618 2679 2731 2748 ipsa
2780 2692 2907 2733 casa
2959 2676 3087 2743 Dei,
3133 2685 3187 2731 et
3218 2678 3470 2731 monachi

1891 2768 2089 2823 ibidem
2120 2768 2201 2823 sic
2231 2768 2492 2839 religione
2544 2777 2741 2823 sancta!
2782 2768 3087 2823 devotionis
3116 2768 3334 2823 Christo
3371 2768 3474 2820 Do-

1891 2857 2039 2912 mino
2059 2856 2400 2923 famulantes,
2437 2872 2530 2913 seu
2558 2871 2826 2928 pauperes
2867 2857 3067 2912 Christi
3098 2867 3153 2911 et
3200 2857 3471 2927 peregrini

1890 2955 2081 3003 euntes
2114 2956 2169 3001 et
2218 2950 2504 3002 redeuntes
2531 2947 2806 3003 montibus
2830 2986 2845 3012 ,
2904 2945 3339 3015 supplementum
3372 2946 3469 2999 ha-

1890 3039 2019 3093 bere
2048 3038 2245 3093 debent
2272 3047 2493 3108 propter
2522 3052 2743 3092 suorum
2786 3037 3125 3100 mercedem;
3157 3035 3249 3106 qui
3298 3035 3469 3104 ipsam

202 3121 281 3176 ita
313 3136 411 3176 nos
438 3121 512 3175 illi
534 3120 868 3176 concessisse
894 3128 1055 3188 atque
1083 3118 1135 3170 in
1162 3115 1413 3171 omnibus
1436 3111 1787 3167 confirmasse

1896 3128 2240 3183 donationem
2269 3128 2447 3182 facere
2471 3136 2527 3182 et
2548 3120 2873 3182 confirmare
2890 3126 3116 3191 sollicite
3139 3133 3469 3180 statuerunt.

202 3211 537 3283 cognoscite.
565 3210 949 3280 Praeeipientes
974 3223 1102 3279 ergo
1124 3206 1376 3275 jubemus
1403 3210 1461 3257 ut
1490 3202 1790 3271 inspectam

204 3301 383 3371 ipsam
419 3299 918 3363 commutationem,
965 3297 1107 3351 sicut
1148 3309 1244 3365 per
1286 3307 1407 3347 eam
1434 3290 1670 3359 iplenius
1705 3289 1795 3342 de-

206 3391 469 3455 claratur,
509 3389 770 3460 quidquid
795 3404 922 3458 pars
943 3387 1087 3457 juste
1128 3393 1185 3439 et
1215 3380 1608 3437 rationabiliter
1636 3377 1791 3432 alteri

206 3479 441 3536 contulit
469 3478 647 3549 parti,
688 3477 944 3547 deinceps
984 3491 1081 3545 per
1108 3474 1247 3529 hanc
1274 3478 1518 3527 nostram
1558 3467 1794 3523 auctori-

207 3581 381 3629 tatem
407 3570 535 3640 jure
572 3570 887 3624 firmissimo
928 3576 1146 3623 teneant
1176 3575 1339 3634 atque
1360 3561 1672 3633 possideant
1697 3576 1709 3612 :
1740 3566 1798 3614 et

205 3662 473 3736 quidquid
498 3660 692 3717 exinde
722 3658 1221 3722 facerevolueri‘nt,
1248 3655 1422 3710 libero
1458 3654 1511 3707 in
1540 3650 1793 3706 omnibus

206 3753 562 3828 perfruantur
607 3751 851 3807 arbitrio.
880 3750 949 3805 Et
975 3757 1037 3804 ut
1082 3749 1196 3803 hree
1243 3743 1537 3801 auctoritas
1584 3740 1794 3795 firmior

208 3846 493 3909 habeatur,
517 3851 575 3897 et
598 3857 693 3912 per
715 3841 895 3897 futura
922 3850 1163 3913 tempora
1188 3839 1397 3910 plenius
1418 3842 1791 3899 conservetur,

206 3951 377 3992 manu
409 3935 626 4005 propria
673 3933 1110 4004 subscripsimus,
1157 3938 1212 3987 et
1258 3931 1323 3986 de
1364 3928 1564 3984 annulo
1610 3931 1794 3983 nostro

208 4026 403 4082 subter
425 4024 646 4096 sigillari
666 4021 947 4092 iussimus.

282 4118 511 4188 Signum
538 4115 798 4171 Ludovici
825 4115 1158 4171 serenissimi
1188 4113 1551 4185 imperatoris.

285 4208 603 4264 Ilelisachar
630 4207 914 4279 recognovi
943 4214 998 4261 et
1025 4207 1341 4275 subscripsi.

286 4300 421 4354 Data
448 4298 706 4354 Kalendis
745 4296 994 4368 Augusti,
1022 4311 1165 4350 anno
1200 4295 1394 4363 primo,
1426 4292 1643 4349 Christo
1674 4307 1797 4362 pro—

209 4390 380 4461 pitio,
430 4388 638 4457 imperii
694 4387 899 4451 nostri,
951 4385 1246 4441 indictione
1299 4384 1548 4453 septima.
1602 4381 1795 4437 Actum

1897 3218 2168 3289 Petiitque
2228 3218 2486 3288 prmfatus
2543 3218 2710 3273 abbas
2773 3217 3077 3272 celsitudini
3127 3223 3366 3281 nostrae,
3419 3222 3477 3269 ut

1897 3311 2070 3382 ipsum
2102 3318 2480 3365 testamentum
2521 3325 2551 3363 a
2581 3309 2799 3363 domino
2845 3315 3030 3362 nostro
3060 3307 3303 3377 genitore
3344 3320 3477 3361 con—

1895 3400 2169 3454 firmatum
2214 3406 2270 3453 et
2303 3398 2648 3463 roboratam,
2701 3398 2862 3451 etiam
2914 3398 3115 3451 nostris
3161 3396 3479 3451 roboremus

1897 3490 2329 3545 auctoritatibus.
2361 3488 2470 3545 Nos
2511 3504 2641 3545 vero
2683 3489 2920 3543 divinam
2949 3488 3356 3544 considerantes
3383 3490 3478 3544 iiii-

1896 3582 2249 3639 sericordiam
2276 3591 2332 3638 et
2357 3591 2613 3637 aeternam
2649 3582 3142 3635 remunerationem
3184 3595 3282 3649 pro
3317 3580 3479 3636 bene-

1896 3670 2073 3735 factis,
2111 3670 2363 3740 petitioni
2406 3668 2532 3738 ejus
2562 3668 2792 3722 libenter
2817 3668 3148 3736 praabuimus
3172 3682 3474 3732 assensum,

1896 3769 1951 3817 et
1979 3762 2121 3816 hanc
2141 3770 2340 3817 nostra:
2364 3747 2704 3815 auctoritatis
2729 3759 3197 3815 confirmationem
3232 3758 3344 3813 fieri
3381 3761 3474 3813 de-

1898 3851 2189 3906 crevimus.
2218 3850 2324 3904 Per
2346 3865 2507 3919 quam
2535 3848 2896 3919 praecipiendo
2919 3848 3193 3918 jubemus,
3233 3858 3294 3902 ut
3319 3849 3477 3918 quid-

1898 3942 2029 4011 quid
2056 3940 2399 4011 supradictus
2422 3940 2705 4010 religiosus
2724 3939 2877 3994 Ahbo
2907 3939 3018 3993 Deo
3050 3954 3199 4005 vero,
3227 3939 3477 3995 beatissi—

1901 4047 2101 4102 moque
2130 4031 2359 4087 contulit
2385 4030 2568 4094 Petro,
2585 4039 2641 4083 et
2666 4028 2915 4084 dominus
2932 4029 3143 4100 genitor
3163 4040 3351 4085 noster
3382 4047 3477 4084 au-

1899 4124 2184 4180 ctoritates
2210 4122 2279 4178 ob
2309 4121 2585 4177 ctelestem
2610 4121 2792 4174 aulam
2821 4120 3187 4187 confirmavit;
3226 4122 3479 4191 deinceps

1899 4217 2103 4286 absque
2126 4216 2284 4271 ullius
2306 4213 2507 4283 injusta
2529 4214 2828 4279 iuvasione,
2859 4212 3289 4283 interpellatione
3313 4223 3477 4283 atque

1900 4304 2401 4377 iuquieludinejam
2434 4304 2576 4359 fatus
2610 4303 2909 4358 Frodoinus
2940 4303 3105 4357 abbas
3131 4311 3184 4356 et
3204 4302 3320 4371 ejus
3358 4320 3473 4358 suc-

1903 4410 2146 4451 cessores
2176 4402 2395 4450 teneant
2423 4401 2582 4461 atque
2620 4392 2928 4461 possideant
2960 4392 3013 4445 in
3046 4400 3309 4446 internum
3341 4392 3475 4447 libe-

210 4476 542 4547 Aqnisgrani
589 4475 791 4546 palatio
835 4474 1002 4547 regio,
1044 4474 1100 4529 in
1134 4473 1229 4530 Dei
1278 4473 1498 4529 nomine
1542 4473 1787 4528 feliciter.

1902 4503 1988 4554 re,
2028 4488 2207 4543 omnia
2240 4486 2448 4542 scilicet
2491 4484 2689 4554 regalia
2734 4499 2799 4539 ex
2834 4484 2900 4539 iis
2950 4485 3199 4539 omnibus
3245 4500 3365 4554 quae
3412 4488 3477 4539 ad

211 4570 413 4625 Amen.

921 4634 1106 4689 XXIII.

211 4741 631 4784 CONFIIHIANTUR
671 4739 933 4780 FRODOINO
982 4738 1174 4778 ΑΒΒΑΤΙ
1215 4737 1535 4776 MONASTERII
1575 4725 1798 4777 Νονλιι-

278 4802 491 4851 'cusasrs
525 4807 918 4850 rrsrmsnrun
950 4809 1168 4848 annoms
1201 4808 1551 4855 runonoms,
1575 4808 1797 4854 ALIAQUE

287 4881 420 4922 ιυιιΑ
456 4880 686 4921 EIUSDEM
719 4876 1062 4918 NONASTERII.

835 4954 1008 5027 (Anno
1047 4953 1199 5026 8M.)

253 5049 374 5126 [Ex
405 5050 731 5115 Muratorio,
782 5050 1141 5126 Antiquitgies
1180 5046 1423 5111 Italiae,
1480 5056 1608 5101 tom.
1670 5046 1762 5112 Ill,

849 5117 970 5190 pag.
1017 5118 1105 5173 50.
1127 5117 1142 5188 ]

290 5209 349 5267 In
379 5209 597 5265 nomine
625 5208 836 5263 Domini
868 5208 1035 5263 nostri
1066 5206 1192 5263 Jesu
1228 5206 1426 5261 Christi
1455 5206 1547 5260 Dei
1587 5207 1799 5273 aeterni,

217 5343 350 5398 olim
380 5342 446 5396 ad
488 5337 801 5396 comitatum
830 5340 1141 5394 Brixianam
1184 5340 1373 5395 Casale
1415 5336 1607 5406 Majus,
1652 5340 1803 5395 Vide-

217 5413 388 5477 Iiana,
415 5411 867 5480 Pomponescum,
889 5410 1275 5480 Panguncdum
1297 5408 1595 5480 etSuzaria
1624 5427 1635 5462 :
1663 5409 1804 5479 quod

220 5483 423 5538 mirum
450 5479 701 5534 videatur
736 5479 1107 5549 spectantibus
1135 5480 1282 5534 urbis
1313 5479 1456 5533 illius
1485 5479 1805 5533 distantiam

221 5552 293 5607 ab
339 5551 408 5605 iis
436 5550 590 5614 locis,
620 5564 684 5605 ac
730 5559 1045 5619 praesentem
1078 5564 1259 5604 rerum
1308 5558 1540 5614 statum;
1582 5550 1676 5603 sed
1707 5550 1807 5603 mi—

224 5620 374 5677 nime
418 5619 615 5673 mirum
660 5618 745 5674 est
779 5619 1139 5675 recolentibus
1177 5628 1377 5675 tantam
1420 5620 1474 5672 in
1526 5618 1645 5673 aliis
1677 5620 1806 5674 locis

223 5689 583 5747 mutationem
610 5691 971 5743 subsecutum.

301 5772 325 5801 ι
368 5757 560 5815 Vidisti
586 5774 900 5816 concessum
927 5774 953 5812 a
984 5759 1253 5815 Ludovico
1279 5759 1374 5815 l’io
1407 5760 1589 5817 abbati
1628 5760 1778 5818 Nova

1902 4592 2140 4647 praesens
2160 4575 2460 4646 possident,
2491 4582 2546 4628 et
2571 4589 2689 4642 quce
2720 4573 2771 4627 in
2802 4582 2958 4627 antea
2986 4574 3267 4643 acquirere
3289 4583 3475 4644 potuc-

1905 4671 2032 4735 rint,
2057 4681 2081 4708 α
2114 4668 2309 4738 forum,
2346 4665 2669 4730 omicidium,
2711 4666 3055 4719 assassinium
3084 4666 3135 4719 in
3162 4674 3348 4720 nostro
3383 4667 3477 4719 im-

1904 4765 2056 4833 perio
2082 4768 2449 4831 perpetratum
2478 4757 2652 4812 media
2676 4757 2918 4819 civitate,
2945 4756 3213 4825 publicam
3251 4766 3475 4812 stratam

1905 4871 1934 4909 a
1952 4852 2208 4924 praedicta
2236 4850 2454 4906 civitate
2477 4864 2646 4918 usque
2664 4848 2732 4902 ad
2758 4847 3054 4902 Fontanam
3078 4848 3474 4913 Vercinescam,

1905 4953 1961 4999 et
1985 4953 2183 4999 uetera
2212 4941 2316 4996 alia
2341 4956 2458 5009 quac
2497 4940 2562 4993 ad
2594 4953 2692 4994 nos
2726 4940 2841 4993 sive
2884 4940 2950 4993 ad
2992 4948 3207 4993 nostros
3236 4940 3478 4995 subditos

1899 5034 2233 5103 spectabant.
2264 5032 2521 5085 Volumus
2571 5030 2772 5093 etiam,
2822 5036 2986 5099 atque
3035 5030 3339 5101 specialiter
3383 5048 3480 5101 per

1899 5125 2000 5180 hos
2032 5111 2213 5193 apices
2247 5128 2461 5175 nostros
2493 5117 2779 5187 iubemus,
2829 5126 2887 5173 ut
2932 5120 3235 5189 ubicunque
3274 5137 3361 5191 res
3410 5124 3476 5176 de

1901 5228 2062 5283 supra
2101 5211 2389 5266 nominat-.c
2418 5210 2746 5266 monasterio
2776 5210 3057 5280 conjaccnt
3081 5251 3095 5278 ,
3146 5226 3246 5283 per
3287 5211 3473 5271 fideles

1902 5344 2111 5399 liciensi
2142 5343 2337 5412 forum,
2393 5342 2736 5405 omicidium,
2787 5342 3130 5395 assassiuium
3181 5343 3235 5395 in
3296 5355 3473 5396 nostra

1902 5414 2121 5484 imperio
2150 5421 2503 5484 perpetratum
2548 5412 2722 5464 media
2778 5412 2997 5484 ciritate.
3044 5411 3251 5484 Δίᾳ,μεὶ
3284 5428 3474 5484 revera

1903 5480 2608 5563 ingarchetypo‘legeretur
2647 5482 2987 5563 assassinium
3013 5520 3025 5543 ,
3076 5480 3210 5563 nihil
3242 5482 3475 5563 amplius

1902 5550 2330 5622 exigereturad
2392 5564 2608 5622 omnem
2674 5550 3011 5622 adimendam
3073 5550 3230 5604 ﬁdem
3301 5550 3474 5605 cidem

1902 5620 2126 5676 cha‘rtm.
2176 5620 2309 5674 Nam
2357 5620 2610 5692 assassim‘
2643 5628 2701 5692 _e_t
2739 5620 3080 5692 assqsshzt'ttm
3138 5635 3298 5692 voces
3345 5630 3479 5692 sunt

1904 5709 2023 5761 qua:
2068 5691 2443 5761 tantummodo
2480 5698 2602 5758 post
2642 5688 3063 5761 Hierosolymam
3096 5703 3123 5741 a
3154 5690 3476 5761 Christianis

1905 5758 2043 5818 anno
2089 5761 2296 5819 Christi
2325 5759 2456 5815 l099
2487 5769 2751 5829 recrptum
2802 5758 2973 5812 audiri
3023 5769 3209 5827 co‘ptar
3247 5770 3369 5814 sunt
3422 5759 3472 5811 in
