3936 6346
488 300 619 365 1οη

1584 292 1909 355 LUDOVICI
1947 293 1969 351 l
2007 292 2484 356 COGNOMENTO
2523 299 2610 356 Pii

3620 310 3769 365 ,iOli

486 422 701 469 nostros
759 410 1002 467 studiose
1063 410 1431 467 defendantur
1478 417 1535 466 et
1583 418 1869 476 tueantur,
1930 408 2074 465 sicut
2099 410 2149 472 A
2176 408 2339 480 hujus
2369 412 2628 470 Ecclesite
2657 428 2779 470 eam
2824 430 3048 474 manere
3090 418 3429 488 permittant.
3487 420 3772 481 Concessi.

484 492 670 559 nostra
698 500 952 574 specialis
990 515 1179 568 causa,
1214 501 1364 572 quia,
1396 507 1457 555 ut
1485 501 1671 557 multis
1694 508 1881 556 notum
1911 504 2014 565 est,
2041 513 2072 553 a

481 596 639 660 bonae,
678 593 955 649 memoriae
986 592 1216 664 Pippino
1268 608 1372 649 avo
1407 600 1617 660 nostro,
1650 592 1917 662 simulque
1956 590 2076 664 glor-

479 685 630 743 rioso
652 683 779 757 rege‘
794 684 1257 742 excellentissimo
1279 686 1527 757 genitore
1546 694 1739 742 nostro
1754 684 1953 742 Carolo
1974 699 2075 755 per

481 780 829 835 donationem
864 780 1154 851 scriptum
1174 796 1307 837 vere
1346 782 1563 843 traditas
1611 779 1852 845 fuerunt,
1893 779 1964 838 Et
2011 786 2074 835 ut

481 870 601 928 haec
620 871 917 928 auctoritas
938 871 1150 929 ﬁrmior
1160 873 1449 940 habeatur,
1459 881 1516 929 et
1535 873 1805 929 diuturnis
1823 870 2075 947 tempori-

480 961 583 1017 bus
609 960 982 1028 conservetur,
1004 978 1171 1020 manu
1195 964 1414 1035 propria
1440 963 1780 1019 decrevimus
1800 962 2068 1029 roborari,

482 1067 549 1109 ac
575 1054 641 1109 de
662 1054 839 1125 sigillo
862 1061 1055 1112 nostro
1078 1055 1347 1125 iussimus
1374 1055 1623 1127 sigillari.

550 1137 710 1200 Antio
736 1145 934 1215 primo,
959 1145 1180 1205 Christo
1199 1147 1460 1219 propitio,
1476 1146 1690 1217 imperii
1713 1146 1910 1212 nostri,
1933 1143 2073 1200 indi-

481 1236 664 1293 ctione
719 1238 973 1308 septima.
1009 1237 1207 1296 Actum
1266 1232 1323 1294 in
1370 1237 1698 1310 Aquisgrani
1736 1237 1939 1312 palatio
1985 1251 2072 1291 re-

481 1326 571 1401 gio
593 1327 652 1382 in
678 1327 775 1387 Dei
802 1314 1023 1387 nomine
1048 1327 1304 1387 feliciter.
1333 1328 1527 1389 Amen.

1176 1482 1369 1543 XXIV.

910 1613 1013 1654 PIO
1048 1612 1301 1653 ECCLESIA
1337 1610 1641 1655 VIBNNBNSI.

1068 1706 1252 1781 (Anna
1298 1706 1458 1778 8H.)

2174 513 2298 557 mus
2318 500 2485 555 etiam
2515 502 2590 557 ibi
2616 504 2879 573 quasdam
2910 505 3153 573 cellulas,
3176 523 3342 562 unam
3368 524 3493 579 quae
3531 513 3773 582 appella-

2175 599 2266 645 tur
2295 594 2682 650 monasterium
2710 598 2987 668 superius,
3020 599 3181 653 aliam
3221 604 3622 660 monasterium
3662 622 3769 662 me-

2174 682 2415 751 dianum,
2462 695 2804 745 constructas
2853 691 2907 745 in
2958 692 3163 748 honore
3204 696 3380 750 sancti
3429 696 3669 755 Andre:
3720 707 3770 757 ε·

2175 776 2349 832 sancti
2379 776 2573 834 Nicetii
2602 779 2687 835 vel
2718 780 2950 837 aliorum
2971 790 3323 851 sanctorum;
3349 802 3491 857 quas
3520 789 3770 850 volumus

2174 872 2229 920 et
2246 866 2451 925 nostris
2476 876 2530 929 et
2550 868 2745 929 futuris
2768 873 3105 943 temporibus
3126 875 3195 929 ad
3216 876 3657 947 supplementum
3680 896 3771 936 ea-

2175 956 2500 1014 nonicorum
2527 959 2727 1016 ibidem
2751 961 2863 1019 Deo
2892 961 3270 1022 famulantium
3306 969 3597 1037 proﬁcere.
3629 971 3772 1028 Pra-

2174 1044 2437 1121 cipientes
2485 1064 2617 1120 ergo
2638 1048 2897 1119 iubemus
2936 1062 2995 1108 ut
3043 1054 3227 1114 nullus
3273 1054 3451 1113 Judex
3498 1060 3773 1130 publicus,

2174 1152 2352 1211 neque
2376 1141 2633 1212 quislibet
2679 1160 2747 1206 ex
2774 1144 3066 1217 iudiciaria
3095 1157 3389 1219 potestate,
3425 1169 3531 1210 nec
3571 1155 3774 1227 aliquis

2174 1242 2243 1284 ex
2270 1230 2519 1290 ﬁdelibus
2554 1234 2780 1302 nostris,
2829 1236 2885 1292 in
2913 1236 3177 1295 ecclesias
3205 1248 3303 1296 aut
3342 1242 3460 1299 loca
3487 1244 3576 1299 vel
3608 1261 3774 1317 agros

2174 1336 2273 1381 seu
2300 1323 2537 1394 reliquas
2564 1328 2941 1398 possessiones
2966 1339 3285 1389 memorata:
3325 1334 3574 1391 ecclesiae
3596 1340 3773 1394 sancti

2175 1410 2440 1478 Mauricii,
2488 1428 2625 1485 quas
2662 1417 2928 1479 moderno
2964 1428 3210 1492 tempore
3237 1421 3385 1492 iuste
3431 1433 3487 1480 et
3535 1428 3775 1488 rationa-

2174 1499 2356 1561 biliter
2375 1504 2657 1573 possidere
2692 1506 2934 1574 videtur,
2966 1509 3021 1565 in
3040 1512 3373 1581 quibuslibet
3397 1518 3558 1587 pagis
3586 1527 3643 1573 et
3674 1528 3775 1576 ter-

2173 1591 2398 1657 ritoriis,
2429 1594 2692 1672 quidquid
2719 1597 2922 1654 ibidem
2960 1612 3186 1672 propter
3232 1605 3479 1662 divinum
3526 1624 3775 1669 amorem

2174 1682 2433 1739 collatum
2485 1695 2591 1753 est,
2631 1688 2717 1743 vel
2765 1703 2887 1758 quae
2923 1706 3025 1748 nos
3074 1708 3302 1750 munere
3352 1696 3630 1769 largitatis
3677 1717 3775 1757 no-

478 1812 501 1893 l
518 1814 673 1888 Apud
710 1816 930 1881 Dama”
984 1763 1253 1887 ϐαἱήωιη
1293 1763 1550 1882 ωηιξη,
1590 1830 1713 1886 ωε.
1772 1812 1949 1879 1404,
2002 1826 2071 1867 ex
2098 1763 2147 1829 Β
2174 1780 2302 1893 strui.
2343 1775 2421 1880 in.
2450 1786 2636 1836 nostra
2675 1780 3019 1893 eleemosgna
3070 1785 3273 1893 ibidem
3305 1763 3648 1893 reddidimus
3692 1794 3776 1893 vel

765 1884 1101 1943 chartulari‘o
1130 1887 1375 1943 ecclesiae
1404 1884 1787 1957 Viennensis]

550 1977 608 2031 ln
638 1978 857 2032 nomine
894 1976 1111 2032 Domini
1142 1976 1241 2033 Dei
1289 1984 1346 2033 et
1396 1975 1701 2031 Salvatoris
1743 1971 1915 2029 nostri
1944 1970 2073 2027 Jesu

479 2066 715 2129 Christi,
760 2066 1066 2124 Ludovicus
1091 2108 1106 2132 ,
1162 2067 1348 2122 divina
1378 2067 1664 2122 ordinante
1707 2063 2073 2136 providentia,

416 2172 417 2177 ‘
480 2159 777 2229 imperator
818 2158 1096 2230 Augustus
1140 2159 1395 2215 omnibus
1422 2157 1716 2229 episcopis,
1753 2155 2068 2220 abbatibus,

478 2250 732 2316 ducibus,
769 2249 1092 2315 comitibus,
1132 2250 1379 2317 vicariis,
1424 2248 1777 2312 centenariis,
1829 2245 2075 2302 aetiona-

480 2341 599 2406 riis,
634 2341 817 2396 missis
842 2340 1045 2395 nostris
1072 2340 1526 2406 discurrentibus,
1553 2339 1639 2395 vel
1669 2338 1881 2395 cunctis
1912 2336 2078 2393 ﬁdeli-

477 2430 581 2484 bus
612 2432 814 2485 sanctae
840 2429 935 2484 Dei
958 2428 1236 2496 Ecclesiae,
1266 2436 1323 2483 et
1357 2428 1562 2484 nostris
1580 2426 1940 2498 praesentibus
1970 2428 2075 2486 sci-

480 2517 609 2573 licet
635 2526 690 2572 et
720 2516 937 2573 futuris.

550 2609 749 2663 Notum
794 2609 864 2663 sit
895 2608 1021 2678 quia
1068 2608 1113 2663 si
1166 2607 1512 2664 sacerdotum
1555 2622 1619 2664 ac
1658 2607 1941 2663 servorum
1974 2606 2073 2664 Dei

475 2700 847 2774 petitionibus,
876 2715 1014 2771 quas
1059 2698 1216 2755 nobis
1244 2714 1346 2770 pro
1374 2699 1489 2755 suis
1540 2698 1959 2755 necessitatibus
1990 2699 2074 2755 in-

475 2793 784 2859 notuerint,
830 2791 898 2849 ad
926 2791 1183 2848 effectum
1225 2791 1597 2863 perducimus,
1622 2805 1730 2846 non
1779 2789 1955 2846 solum
1985 2807 2073 2847 re-

477 2886 625 2958 giam
678 2884 1131 2941 consuetudinem
1154 2899 1496 2949 exercemus,
1541 2900 1735 2940 verum
1781 2884 1949 2945 etiam
2000 2885 2072 2941 ad

476 2975 872 3037 beatitudinem
896 2982 953 3030 et
1000 2974 1376 3039 retributionis
1403 2974 1711 3031 mercedem
1744 2974 1877 3030 talia
1909 2974 2067 3032 nobis

478 3063 623 3120 facta
646 3060 939 3134 profutura
963 3062 1307 3127 conﬁdimus.
1333 3063 1571 3127 Proinde
1611 3064 1913 3134 comperiat
1949 3080 2067 3119 om-

482 3156 632 3210 nium
662 3154 900 3209 ﬁdelium
923 3164 1233 3217 nostrorum
1257 3155 1529 3217 industria
1555 3156 1908 3226 praisentium
1925 3157 2070 3213 scili-

480 3252 569 3312 cet
588 3253 643 3298 et
662 3243 970 3302 futurorum
999 3242 1236 3314 qualiter
1260 3244 1348 3300 vir
1375 3245 1731 3312 venerabilis,
1754 3245 2068 3303 Bernartius

482 3333 807 3390 Viennensis
831 3336 1071 3390 civitatis
1106 3342 1161 3391 et
1200 3334 1376 3392 sancti
1401 3336 1647 3393 Mauricii
1681 3339 1942 3409 martyris
1974 3354 2067 3396 ec-

480 3423 660 3481 clesiae
688 3425 909 3493 praesul,
956 3425 1187 3485 veniens
1237 3426 1304 3480 ad
1340 3441 1464 3489 nos,
1494 3426 1689 3482 detulit
1738 3429 1897 3484 nobis
1923 3444 2065 3499 pra:-

479 3513 757 3581 ccptiones
793 3528 986 3584 regum
1022 3521 1434 3576 antecessorum
1466 3524 1799 3583 nostrorum,
1838 3519 1896 3573 in
1948 3520 2069 3590 qui-

481 3604 582 3658 bus
604 3604 909 3659 invenimus
940 3604 1205 3662 insertum
1228 3606 1502 3675 quomodo
1529 3607 1704 3677 ipsam
1729 3608 1911 3665 sedem
1943 3624 2076 3665 cum

482 3691 691 3747 cellulis
713 3692 797 3746 vel
846 3693 1009 3748 rebus
1044 3693 1245 3755 ibidem
1286 3694 1679 3764 aspicientibus
1715 3698 1815 3753 sub
1868 3698 2071 3770 plenis-

484 3782 621 3836 sima
649 3780 964 3838 defensione
1006 3792 1063 3838 et
1108 3784 1429 3848 emunitatis.
1455 3786 1683 3842 tuitione
1729 3788 2067 3849 habuissent.

478 3871 643 3928 Petiit
690 3889 927 3944 namque
958 3875 1121 3931 nobis
1150 3891 1252 3947 pro
1284 3875 1563 3936 ﬁrmitatis
1610 3878 1789 3934 studio
1819 3886 1881 3933 ut
1925 3881 2071 3937 circa

482 3966 666 4035 ipsum,
697 3974 947 4022 sanctum
994 3966 1172 4023 locum
1227 3982 1327 4038 pro
1372 3969 1641 4025 mercedis
1694 3978 1898 4027 nostra:
1942 3987 2074 4043 aug-

482 4063 668 4109 mento
690 4055 867 4116 denuo
896 4056 1097 4111 similia
1124 4058 1426 4115 concedere
1466 4066 1523 4114 et
1549 4059 1881 4121 conﬁrmare
1911 4062 2074 4120 debe—

484 4158 685 4197 remus.
725 4142 892 4214 Cuius
914 4146 1163 4215 petitioni
1199 4149 1469 4219 denegare
1501 4149 1799 4216 noluimus,
1831 4152 1925 4208 sed
1951 4153 2074 4208 red-

485 4234 595 4286 dita
624 4233 677 4286 in
699 4236 955 4291 omnibus
976 4244 1032 4292 et
1052 4246 1352 4307 prmsentes
1374 4248 1430 4293 et
1459 4236 1631 4293 futuri
1651 4240 1836 4296 ﬁdeles
1867 4252 2075 4299 sanctae

482 4323 580 4379 Dei
611 4324 863 4381 Ecclesiae
891 4334 947 4381 et
988 4328 1161 4383 nostri
1219 4343 1539 4385 concessum
1596 4339 1761 4401 atque
1808 4342 2075 4403 perpetuo

483 4414 1254 4526 5??§£f"‘i‘22‘_“,i’?}{'sieiiﬁ
1275 4429 1625 4526 ῗ⁰⁸¹¹⁰⁵⁰³¹ἷξ⁹
1659 4422 1885 4526 ipsum?"
1906 4434 2071 4526 ei'a'."
2096 4458 2152 4521 D
2214 4476 2317 4520 mo
2351 4476 2594 4518 mmms
2630 4477 2721 4526 om
2762 4477 2815 4517 IN

483 4504 686 4573 placuit
720 4505 877 4561 nobis
921 4505 1119 4562 ibidem
1156 4508 1405 4573 cellulam
1436 4513 1611 4567 sancti
1663 4512 2067 4583 Symphoriani,

485 4595 611 4650 olim
639 4596 835 4652 exinde
869 4598 1219 4665 abstractam,
1243 4616 1365 4656 eum
1396 4602 1648 4657 omnibus
1678 4604 1841 4659 rebus
1870 4604 2070 4676 ibidem

486 4684 870 4755 aSpieientibus
893 4687 1135 4744 reddere.
1158 4688 1455 4751 Reddimus
1479 4692 1644 4747 etiam
1680 4693 1753 4747 ibi
1777 4696 2069 4766 quamdam

484 4774 666 4828 villam
712 4791 835 4846 qua:
878 4784 1101 4832 vocatur
1149 4776 1423 4846 Fasiana,
1465 4796 1628 4853 quam
1683 4781 1937 4839 volumus
1997 4785 2067 4839 ad

488 4868 887 4937 susceptionem
916 4869 1324 4940 peregrinorum
1357 4880 1412 4925 et
1431 4871 1747 4931 alimoniam
1770 4888 2068 4944 pauperum

489 4956 684 5011 ibidem
736 4956 933 5015 tuturis
981 4961 1245 5030 proiicere
1293 4963 1652 5033 temporibus,
1689 4964 1762 5017 ita
1812 4952 2073 5020 duntaxat

485 5056 544 5101 nt
571 5049 747 5105 nullus
775 5066 897 5105 eam
936 5052 1131 5108 exinde
1167 5052 1276 5110 ullo
1314 5070 1555 5125 unquam
1582 5063 1830 5125 tempore
1860 5055 2072 5111 abstra-

488 5140 619 5194 here
643 5148 737 5195 aut
766 5141 819 5195 in
845 5140 1110 5198 beneﬁcio
1136 5144 1265 5199 dare
1290 5156 1606 5215 pmsumat,
1644 5147 1764 5213 sed,
1819 5148 1961 5204 sicut
1998 5149 2073 5205 in-

486 5235 732 5301 tulimus,
760 5234 827 5297 ad
869 5239 1224 5303 necessitates
1269 5239 1628 5311 indigentium
1686 5250 2079 5313 procuratores

488 5367 739 5439 Oriente,
763 5376 926 5438 atque
955 5368 1024 5439 ad
1059 5384 1157 5424 nos
1188 5378 1560 5439 permearunt.
1594 5369 1700 5425 Sed
1736 5370 1983 5426 fortassis
2014 5374 2069 5428 in

490 5437 1043 5511 apographu_m_male
1081 5437 1365 5511 consutum
1417 5439 1767 5511 reiicieudum
1814 5450 1898 5495 est
1931 5442 2073 5511 ejus.-

490 5508 633 5560 modi
663 5507 1099 5579 vocabulum,uli
1121 5517 1177 5563 et
1196 5510 1317 5573 alia,
1338 5525 1458 5578 qua:
1487 5510 1909 5579 subsequuntur,
1934 5507 2074 5566 nun—

488 5589 649 5644 quam
681 5577 836 5633 nobis
878 5579 1295 5648 eonooqucnda,
1325 5577 1533 5641 scilicet
1559 5580 1612 5633 in
1640 5577 1816 5633 nostra
1848 5581 2068 5649 imperio

490 5656 841 5713 perpetratum
872 5649 1043 5702 media
1096 5650 1325 5713 civitate,
1359 5657 1415 5703 ut
1460 5650 1564 5704 alia
1613 5650 1894 5713 omittam,
1945 5666 2070 5705 cum

493 5724 638 5782 certe
687 5718 740 5772 in
797 5719 1017 5787 reliquis
1068 5719 1301 5775 colorem
1371 5719 1591 5789 legitimi
1647 5720 1784 5776 fctus
1835 5720 2070 5790 diploma,

2179 1868 2570 1936 concessimus,
2595 1886 2825 1942 quaeque
2865 1876 3031 1931 etiam
3066 1878 3326 1951 deinceps
3364 1883 3421 1937 in
3451 1881 3582 1951 iure
3602 1886 3775 1957 ipsius

2176 1960 2351 2016 sancti
2375 1960 2479 2016 loci
2519 1963 2751 2020 voluerit
2802 1966 2986 2024 divina
3026 1970 3203 2040 pietas
3229 1975 3441 2045 augeri,
3475 1977 3548 2033 ad
3578 1993 3774 2034 musas

2176 2050 2473 2107 audiendas
2503 2053 2588 2108 vel
2610 2053 2763 2111 {reda
2783 2058 3184 2127 exigenda,aut
3211 2064 3533 2121 mansiones
3556 2067 3643 2122 vel
3666 2084 3765 2138 pa-

2178 2148 2326 2199 ratas
2363 2141 2663 2211 faciendas,
2696 2153 2790 2200 aut
2819 2146 3167 2217 ﬁdeiussores
3194 2152 3487 2220 tollendos,
3535 2164 3634 2211 aut
3674 2158 3768 2213 ho-

2178 2233 2355 2289 mines
2378 2232 2621 2303 cjusdem
2644 2236 2892 2295 ecclesia:
2923 2247 3033 2294 tam
3066 2241 3333 2312 ingenuos
3362 2260 3531 2315 quam
3576 2256 3632 2303 et
3659 2264 3765 2304 ser-

2178 2339 2275 2380 vos
2312 2326 2405 2395 qui
2452 2342 2618 2397 super
2662 2336 2869 2383 terram
2899 2331 3072 2400 ipsius
3120 2335 3362 2390 residere
3403 2337 3663 2393 videntur
3691 2341 3767 2394 iu-

2169 2412 2319 2483 iuste
2344 2415 2770 2488 distringendos,
2807 2435 2912 2477 nec
2932 2422 3072 2481 ullas
3098 2426 3498 2485 redhibitiones
3542 2441 3638 2486 aut
3668 2432 3767 2487 illi-

2175 2506 2315 2563 citas
2342 2508 2662 2568 occasiones
2706 2512 3087 2581 requirendas,
3116 2515 3230 2570 ullo
3252 2533 3494 2589 unquam
3523 2528 3767 2593 tempore

2173 2596 2387 2667 ingredi
2422 2598 2621 2656 audeat
2667 2600 2754 2656 vel
2778 2612 3036 2663 exactare
3065 2618 3382 2674 prtesumat.
3406 2608 3474 2666 Et
3509 2611 3765 2683 quidquid

2173 2688 2240 2744 de
2273 2690 2438 2746 rebus
2467 2690 2712 2762 prtefatas
2739 2694 2987 2762 ecclesiae
3023 2696 3189 2754 ﬁscus
3233 2714 3497 2771 scparare
3534 2713 3764 2773 poterat,

2172 2785 2347 2834 totum
2375 2795 2476 2835 nos
2516 2796 2616 2851 pro
2652 2789 2860 2838 aeterna
2906 2789 3349 2847 remuneratione
3377 2793 3655 2862 prmdicta:
3680 2808 3764 2849 ec-

2171 2871 2355 2929 clesia:
2405 2872 2757 2929 concedimus
2780 2915 2796 2940 ,
2843 2882 2906 2929 ut
2950 2879 3285 2946 perennibus
3337 2884 3675 2952 temporibus
3710 2885 3761 2943 in

2169 2962 2517 3034 eleemosyna
2562 2978 2867 3034 pauperum
2912 2976 2970 3023 et
3014 2968 3283 3040 stipendia
3326 2954 3618 3033 servorum
3668 2975 3757 3032 Dei

2174 3055 2377 3112 ibidem
2408 3056 2519 3112 Deo
2559 3056 2940 3114 famulantium
2982 3061 3235 3130 proﬁciat
3280 3065 3335 3119 in
3391 3077 3761 3137 augmentum,

2177 3155 2445 3217 quatenus
2468 3147 2600 3218 ipsis
2630 3149 2803 3204 servis
2838 3150 2970 3217 Dei,
3010 3154 3103 3222 qui
3144 3154 3350 3210 ibidem
3376 3155 3494 3213 Deo
3519 3158 3762 3220 famulari

2171 3238 2447 3304 videntur,
2477 3253 2577 3308 pro
2614 3239 2772 3295 nobis
2819 3253 2875 3296 et
2918 3243 3151 3314 coniuge
3195 3246 3459 3316 proleque
3492 3258 3678 3304 nostra
3711 3260 3762 3307 et

2172 3329 2469 3387 stabilitate
2492 3331 2658 3387 totius
2682 3331 2895 3402 imperii
2930 3335 3102 3389 nostri
3128 3352 3159 3389 a
3188 3336 3300 3391 Deo
3325 3339 3487 3393 nobis
3517 3343 3756 3397 concessi

2172 3427 2336 3493 atque
2383 3422 2744 3478 conservandi
2792 3421 2998 3493 iugiter
3049 3423 3268 3479 Domini
3328 3429 3753 3485 misericordiam

2172 3522 2403 3572 exorare
2432 3511 2685 3572 delectet.
2716 3506 2869 3567 Et'ut
2897 3514 3013 3568 haec
3041 3516 3340 3572 auctoritas
3373 3521 3581 3575 nostris
3624 3524 3756 3576 futu-

2174 3602 2358 3671 risque
2405 3601 2764 3674 temporibus,
2797 3604 3028 3661 Domino
3075 3615 3415 3679 protegente,
3449 3611 3629 3666 valeat
3685 3612 3756 3666 in-

2172 3691 2432 3747 convulsa
2466 3708 2713 3759 manere,
2762 3709 2927 3751 manu
2972 3696 3196 3766 propria
3246 3698 3675 3770 subscripsimus
3711 3712 3759 3756 et

2173 3781 2360 3839 annuli
2388 3782 2561 3836 nostri
2593 3783 2953 3851 impressione
2981 3784 3187 3854 signari
3214 3784 3505 3853 iussimus.

2249 3868 2480 3942 Signum
2512 3870 2772 3933 Ludovici
2803 3873 3141 3933 serenissimi
3171 3868 3545 3948 imperatoris.

2246 3961 2564 4018 Helisachar
2594 3954 2903 4035 recognovi.

2244 4053 2379 4108 Data
2410 4070 2503 4110 xrv
2530 4054 2649 4117 Kal.
2674 4056 2982 4124 Februarii,
3000 4074 3144 4120 anno
3172 4063 3371 4129 primo,
3400 4063 3623 4121 Christo
3642 4083 3759 4137 pro-

2174 4144 2333 4221 pitio,
2359 4145 2574 4215 imperii
2596 4147 2792 4211 nostri,
2822 4148 3121 4210 indictione
3142 4152 3195 4206 7.
3214 4152 3412 4214 Actum
3437 4154 3760 4228 Aquisgnni

2175 4235 2377 4307 palatio
2409 4235 2465 4290 in
2490 4234 2587 4295 Dei
2615 4237 2834 4293 nomine
2858 4236 3113 4294 feliciter.
3137 4239 3330 4298 Amen.

2877 4371 3046 4427 XXV.

2856 4478 3029 4520 REGNO
3066 4480 3384 4524 FRANCORUII
3423 4487 3727 4531 ΙΑΝΕΒΔΞΪ.

2796 4554 2968 4626 (Αηηο
3000 4556 3150 4629 815.)

2338 4643 2513 4719 [Apud
2553 4643 2765 4709 Baluz.,
2797 4642 3048 4714 Capitul.,
3082 4654 3214 4702 tom.
3248 4648 3288 4714 l,
3321 4667 3446 4723 pag.
3477 4654 3630 4728 550.]

2177 4735 2230 4790 11
2235 4754 2294 4817 o_c
2321 4737 3111 4817 est-prmccpmm.remissionis
3125 4739 3231 4817 sive
3253 4745 3605 4817 concessionis
3630 4747 3757 4817 quod

2248 4808 2371 4885 [coit
2396 4806 2693 4885 Ludovicus
2739 4806 3033 4885 imperator_
3060 4807 3318 4885 Hispanis
3347 4815 3439 4883 qui
3478 4816 3550 4869 ad
3574 4806 3755 4885 se'per-

2247 4875 2490 4946 fugerant
2520 4875 2753 4947 [propter
2775 4875 3189 4957 persecutionem
3220 4875 3654 4959 Saracenorum];

2247 4966 2305 5020 ln
2336 4967 2553 5021 nomine
2584 4964 2799 5021 Domini
2848 4966 2945 5022 Dei
2995 4953 3055 5022 et.
3096 4968 3400 5027 Salvatoris
3440 4953 3751 5033 nostri'lesu

2178 5058 2413 5122 Christi,
2444 5055 2787 5121 Ludovicus,
2831 5057 3012 5112 divina
3054 5060 3342 5116 ordinante
3372 5066 3702 5132 providentia
3735 5108 3748 5133 ,

2178 5150 2469 5218 imperator
2497 5146 2793 5216 Augustus,
2824 5148 3078 5204 omnibus
3133 5150 3383 5209 ﬁdelibus
3431 5164 3630 5211 sancta
3665 5158 3749 5215 Dei

2178 5238 2436 5295 Ecclesiae
2465 5252 2530 5293 ac
2554 5237 2778 5302 nostris,
2802 5240 3168 5308 praesentibus
3202 5242 3415 5311 scilicet
3445 5254 3500 5300 et
3541 5244 3746 5310 futuris.

2179 5375 2354 5443 ipsum
2380 5366 2656 5454 praeferat.
2686 5364 2821 5421 Vide
2837 5366 3081 5447 alterum
3100 5367 3357 5451 .diploma
3383 5370 3562 5427 Caroli
3585 5369 3745 5442 Magni

2176 5440 2406 5517 eidem}
2422 5438 2648 5517 rodomo
2670 5436 2849 5517 abbati
2864 5436 3600 5517 ﬁovalicnensrconcessum,
3625 5451 3740 5497 tom.

2176 5513 2244 5567 IV
2282 5508 2447 5583 italiae
2484 5507 2676 5583 _Sacra:
2701 5505 2937 5583 yghellii
2960 5546 2974 5570 ,
3026 5507 3081 5561 in
3109 5510 3365 5583 catalogo
3384 5505 3740 5583 episcoporum

2177 5578 2596 5653 Taurinens‘ium
2646 5582 2664 5647 (
2692 5573 2910 5653 _Ptitrql._
2935 5586 3079 5653 tam.
3146 5573 3389 5645 XCVII,
3413 5573 3423 5580 ’
3451 5582 3531 5636 rel
3567 5573 3582 5583 ’
3607 5581 3737 5653 997).

2178 5650 2440 5723 Spurium
2466 5648 2634 5702 fetum
2660 5646 2784 5701 'sinc
2825 5646 3158 5702 dubitatione
3183 5664 3466 5721 agnosces,
