3936 6350
265 358 408 415 1015

1377 357 1771 416 DlPLOMATA
1811 356 2362 417 ECCLESIASTICA.

3391 368 3524 424 lOli

260 470 514 541 partibus
552 468 873 539 Aquitaniae,
907 469 1276 539 Scptimaniae,
1304 469 1603 526 Provinciae
1643 479 1698 526 et
1726 470 1847 525 llis-
1874 469 1921 529 A
1951 472 2197 540 superius
2250 474 2696 542 comprehensum
2743 484 2827 531 est
2853 517 2866 542 ,
2919 486 3176 547 praestare
3212 490 3384 550 cogat.
3418 483 3524 540 Sed

261 564 441 635 partite
467 563 910 618 consistentibus.

339 653 492 710 Sicut
515 654 713 709 nullius
736 662 977 709 vestrum
1007 654 1252 709 notitiam
1295 654 1546 726 eﬂ'ugisse
1593 664 1845 726 putamus

261 749 503 819 qualiter
531 749 698 818 aliqui
737 749 985 805 homines
1015 757 1236 819 propter
1263 749 1504 819 iniquam
1534 749 1842 819 oppressio~

260 857 390 897 nem
409 849 463 897 et
482 840 915 897 crudelissimum
937 838 1127 909 jugum
1153 840 1299 910 quod
1321 851 1508 894 eorum
1545 839 1845 895 cervicibus

260 933 642 990 inimicissima
676 930 1076 988 Christianitati
1122 948 1259 1004 gens
1306 931 1704 988 Saracenorum
1743 932 1844 988 im-

257 1029 464 1100 posuit,
481 1027 684 1084 relictis
704 1029 937 1099 propriis
964 1029 1396 1085 habitationibus
1417 1039 1472 1085 et
1497 1029 1843 1085 facultatibus

256 1134 384 1188 quae
410 1119 478 1174 ad
506 1134 600 1174 eos
625 1119 970 1174 hereditario
985 1119 1107 1190 jure
1132 1120 1495 1190 pertinebant,
1514 1120 1580 1174 de
1598 1120 1842 1190 partibus

255 1208 532 1280 Hispaniae
550 1212 618 1264 ad
643 1224 741 1265 nos
772 1211 1148 1281 confugerunt,
1167 1219 1223 1267 et
1245 1211 1299 1266 in
1322 1210 1649 1282 Septimania
1682 1219 1852 1281 atque

255 1300 316 1355 in
340 1316 402 1355 ea
433 1301 682 1371 portione
704 1301 976 1372 Hispania
1002 1317 1122 1372 quae
1151 1317 1181 1357 a
1206 1303 1408 1358 nostris
1436 1303 1842 1359 marchionibus

254 1392 314 1446 in
343 1392 688 1448 solitudinem
723 1393 944 1448 redacta
993 1391 1096 1447 fuit
1127 1433 1143 1459 ,
1203 1408 1324 1450 sese
1377 1395 1446 1449 ad
1483 1393 1841 1448 habitandum

252 1482 622 1547 contulerunt,
658 1491 712 1538 et
740 1498 770 1538 a
801 1483 1199 1539 Saracenorum
1239 1492 1509 1556 potestate
1535 1500 1595 1540 se
1623 1485 1839 1540 subtra-

252 1574 446 1631 hentes
471 1614 484 1638 ,
527 1583 716 1631 nostro
745 1576 986 1632 dominio
1013 1576 1185 1631 libera
1210 1585 1264 1632 et
1292 1583 1539 1646 prompta
1566 1576 1841 1632 voluntate

250 1681 315 1722 se
366 1668 760 1730 subdiderunt,
803 1667 877 1721 ita
919 1668 986 1722 ad
1030 1667 1272 1723 omnium
1310 1674 1552 1722 vestrum
1591 1667 1840 1722 notitiam

251 1758 538 1826 pervenire
576 1757 828 1814 volumus
857 1758 1000 1826 quod
1047 1758 1264 1812 eosdem
1311 1757 1559 1812 hom‘ines
1587 1758 1685 1812 sub
1713 1772 1838 1827 pro-

1949 562 2110 618 liceat
2140 572 2247 618 tam
2278 565 2396 622 istis
2427 566 2679 636 Hispanis
2703 610 2718 634 ,
2771 571 2863 639 qui
2891 572 3144 640 prmsenti
3182 581 3434 644 tempore.
3467 577 3524 634 in

1947 654 2218 723 praedictis
2261 656 2395 712 locis
2450 657 2730 725 resident,
2768 675 2926 729 quam
2979 663 3064 718 his
3095 664 3184 732 qui
3227 665 3405 721 adhuc
3456 668 3522 722 ad

1947 751 2189 798 nostram
2237 744 2397 801 ﬁdem
2452 748 2517 802 de
2585 747 2890 818 iniquorum
2945 762 3217 822 potestate
3271 755 3525 826 fugiendo

1947 833 2331 904 conﬂuxerint,
2374 844 2429 891 et
2472 836 2527 892 in
2563 837 2792 894 desertis
2835 849 2994 911 atque
3049 845 3103 898 in
3145 845 3361 902 incultis
3387 843 3531 904 locis

1945 940 2041 993 per
2068 933 2307 986 nostram
2332 927 2414 982 vel
2437 929 2651 984 comitis
2672 930 2844 986 nostri
2875 919 3143 989 lic'entiam
3169 938 3523 995 consedentes

1943 1003 2169 1072 aedilicia
2194 1016 2440 1084 fecerint,
2469 1029 2523 1076 et
2561 1035 2721 1091 agros
2749 1023 3092 1090 iucolueriut,
3137 1025 3292 1094 juxta
3333 1045 3524 1100 supra-

1945 1107 2144 1162 dictum
2170 1111 2386 1164 modum
2416 1111 2514 1165 sub
2540 1120 2724 1166 nostra
2759 1111 3074 1170 defensioue
3123 1125 3282 1186 atque
3338 1128 3524 1190 prote-

1944 1199 2121 1256 ctione
2159 1200 2212 1254 in
2258 1200 2506 1257 libertate
2546 1203 2786 1258 residere
2811 1243 2828 1269 ,
2877 1212 2932 1258 et
2971 1207 3126 1262 nobis
3152 1223 3214 1263 ea
3264 1225 3384 1279 qua:
3435 1226 3525 1265 su-

1943 1292 2125 1361 perius
2178 1293 2415 1349 diximus
2441 1335 2456 1360 ,
2502 1302 2612 1349 tam
2658 1310 2779 1351 cum
2823 1295 3022 1354 comite
3054 1313 3152 1354 suo
3193 1315 3355 1370 quam
3399 1318 3521 1356 cum

1943 1384 2125 1441 missis
2155 1385 2290 1455 ejus,
2343 1402 2442 1457 pro
2490 1396 2793 1460 temporum
2832 1394 3233 1463 opportunitate
3270 1395 3524 1452 alacriter

1944 1483 2107 1545 atque
2145 1476 2377 1533 fideliter
2402 1481 2677 1535 exhibere.

2015 1568 2099 1622 Vl.
2143 1568 2404 1624 Noverint
2437 1579 2617 1627 tamen
2657 1573 2818 1629 iidem
2863 1574 3084 1646 Hispani
3117 1577 3220 1632 sibi
3248 1577 3520 1633 licentiam

1941 1675 1972 1714 a
2001 1661 2155 1716 nobis
2189 1676 2309 1717 esse
2342 1677 2655 1718 concessam
2699 1673 2758 1719 ut
2792 1682 2851 1721 se
2886 1668 2938 1721 iu
2981 1670 3310 1724 vassaticum
3356 1671 3526 1725 comi-

1942 1757 2087 1813 tibus
2128 1761 2330 1815 nostris
2379 1776 2530 1817 more
2565 1762 2723 1818 solito
2759 1765 3158 1819 commendent.
3193 1765 3261 1830 Et
3289 1765 3334 1818 si
3361 1765 3524 1818 henc-

253 1848 490 1902 tectione
517 1847 592 1902 'et
625 1847 940 1902 defensione
968 1855 1155 1901 nostra
1194 1855 1460 1917 receptos,
1500 1847 1554 1902 in
1587 1847 1837 1902 libertate
1866 1825 1912 1884 B
1940 1847 2120 1903 ﬁcium
2149 1850 2363 1920 aliquod
2387 1852 2674 1923 quisquam
2701 1868 2888 1908 eorum
2921 1856 2988 1909 ab
3022 1870 3087 1910 eo
3128 1856 3213 1910 cui
3269 1870 3327 1910 se
3380 1871 3524 1910 com-

250 1955 578 1998 conservare
604 1941 964 1996 decrevimus.

324 2031 366 2085 l.
398 2033 476 2087 Eo
498 2032 750 2088 videlicet
776 2032 934 2087 modo
953 2039 1014 2086 ut
1033 2032 1176 2087 sicut
1202 2033 1385 2088 eteteri
1408 2033 1565 2089 liberi
1593 2034 1840 2090 homines

250 2133 377 2174 cum
408 2121 604 2176 comite
635 2136 732 2177 suo
755 2121 808 2175 in
838 2123 1140 2176 exercitum
1169 2129 1416 2193 pergant,
1451 2131 1506 2177 et
1536 2123 1588 2177 in
1615 2123 1837 2178 marcha

253 2219 444 2266 nostra
468 2209 623 2279 juxta
677 2211 1059 2267 rationabilem
1086 2204 1346 2280 ejusdem
1386 2213 1600 2268 comitis
1625 2213 1840 2268 ordina-

252 2299 457 2355 tionem
487 2308 648 2371 atque
675 2302 1095 2358 admonitionem
1131 2304 1532 2374 explorationes
1576 2311 1631 2358 et
1677 2319 1840 2360 excu-

253 2391 395 2457 bias,
427 2392 570 2461 quod
606 2392 806 2448 usitato
835 2393 1098 2448 vocabulo
1146 2404 1338 2448 wactas
1393 2395 1618 2459 dicunt,
1656 2393 1838 2450 facere

250 2496 365 2546 non
391 2483 684 2554 negligant,
713 2492 767 2538 et
793 2484 976 2539 missis
1002 2485 1206 2540 nostris
1239 2493 1334 2539 aut
1362 2484 1456 2539 filii
1479 2486 1672 2551 nostri,
1703 2500 1838 2555 quos

249 2586 352 2642 pro
402 2587 580 2626 rerum
611 2575 1016 2643 opportunitate
1043 2574 1163 2630 illas
1192 2575 1246 2628 in
1277 2583 1457 2643 partes
1487 2565 1796 2630 miserimus
1820 2617 1834 2641 ,

248 2669 347 2716 aut
375 2660 564 2731 legatis
592 2662 684 2731 qui
716 2663 782 2716 de
829 2663 1075 2732 partibus
1121 2662 1391 2732 Hispaniae
1432 2663 1497 2717 ad
1531 2679 1630 2719 nos
1662 2672 1839 2719 trans-

250 2751 407 2807 missi
438 2750 678 2817 fuerint,
719 2761 936 2820 paratas
966 2752 1205 2817 faciant,
1246 2760 1302 2808 et
1331 2754 1399 2808 ad
1432 2753 1836 2808 subvectiouem

250 2857 440 2897 eorum
473 2843 698 2898 veredos
726 2843 944 2899 donent.
977 2842 1129 2898 Alius
1153 2859 1284 2900 vero
1305 2845 1587 2900 census'ab
1615 2844 1713 2908 eis,
1740 2859 1836 2899 ne-

248 2951 359 3006 que
385 2951 415 2990 a
446 2938 641 2991 comite
668 2978 682 3002 ,
723 2952 898 3007 neque
927 2951 955 2992 a
977 2937 1287 3007 junioribus
1311 2946 1366 2994 et
1391 2938 1837 2995 ministerialibus

247 3027 386 3097 ejus,
417 3029 684 3099 exigatur.

320 3119 386 3174 Il.
427 3120 530 3190 Ipsi
580 3137 709 3178 vero
736 3138 835 3192 pro
865 3123 1164 3193 majoribus
1186 3123 1367 3180 causis
1388 3166 1403 3191 ,
1431 3125 1571 3180 sicut
1592 3131 1716 3179 sunt
1740 3124 1838 3180 ho-

247 3212 489 3278 micidia,
521 3223 727 3284 raptus,
760 3215 1005 3271 incendia
1026 3258 1039 3282 ,
1091 3217 1535 3288 depraedationes,
1567 3218 1838 3272 membro-

248 3320 374 3359 rum
403 3307 797 3374 amputationes
821 3347 834 3372 ,
867 3306 1009 3362 furta
1038 3349 1052 3373 ,
1082 3308 1388 3374 latrocinia,
1429 3308 1726 3362 alienarum
1753 3323 1839 3362 re-

247 3411 376 3458 rum
423 3392 777 3476 j'uvasiones,
823 3406 878 3452 et
923 3399 1283 3468 undecunque
1334 3415 1365 3452 a
1413 3399 1593 3453 vicino
1619 3413 1717 3454 suo
1744 3406 1839 3452 aut

248 3487 609 3543 criminaliter
656 3498 748 3542 aut
795 3490 1031 3545 civiliter
1069 3490 1231 3545 fuerit
1268 3499 1585 3557 accusatus,
1649 3500 1705 3548 et
1749 3485 1837 3546 ad

247 3579 510 3649 placitum
538 3580 722 3634 venire
745 3581 950 3651 jussus,
989 3582 1057 3636 ad
1085 3583 1301 3637 comitis
1329 3584 1412 3637 sui
1439 3583 1639 3637 malum
1663 3583 1838 3637 omni-

248 3670 429 3727 modis
452 3671 638 3726 venire
669 3686 775 3725 non
821 3680 1094 3727 recusent.
1149 3671 1386 3739 Cteteras
1423 3687 1553 3727 vero
1596 3672 1836 3726 minores

250 3777 451 3818 causas
475 3777 627 3818 more
653 3773 770 3827 suo,
797 3763 938 3818 sicut
960 3763 1224 3818 hactenus
1256 3761 1451 3817 fecisse
1492 3770 1790 3817 noscuntur
1817 3801 1830 3825 ,

247 3851 397 3906 inter
426 3868 484 3907 se
529 3861 716 3907 mutuo
746 3852 972 3908 delinire
1001 3868 1108 3908 non
1138 3854 1550 3924 prohibeantur.

321 3944 406 3998 Ill.
446 3944 512 3998 Et
535 3944 584 3998 si
609 3943 876 4014 quispiam
901 3958 1088 3999 eorum
1117 3933 1170 3998 in
1206 3951 1416 4013 partem
1445 3958 1606 4012 quam
1651 3943 1738 3998 ille
1770 3945 1838 3998 ad

245 4033 607 4090 habitandum
640 4035 742 4088 sibi
770 4041 1149 4102 occupaverat,
1187 4033 1323 4088 alios
1375 4033 1620 4088 homines
1670 4033 1836 4087 unde-

246 4140 465 4194 cunque
493 4125 772 4180 venientes
802 4125 1088 4179 attraxerit
1117 4163 1131 4191 ,
1176 4133 1231 4179 et
1281 4140 1463 4180 secum
1506 4125 1561 4178 in
1592 4119 1838 4194 portione

249 4231 352 4274 sua
381 4257 396 4282 ,
437 4232 600 4286 quam
640 4216 994 4287 adpriaionem
1033 4224 1231 4272 vocant
1256 4255 1270 4282 ,
1307 4217 1554 4271 habitare
1599 4216 1789 4271 fecerit
1820 4257 1834 4281 ,

245 4316 437 4363 utatur
458 4307 671 4362 illorum
700 4308 923 4362 servitio
946 4307 1149 4376 absque
1169 4307 1396 4375 alicujus
1410 4306 1838 4362 contradictione

245 4399 338 4456 vel
387 4400 810 4471 impedimento,
841 4407 894 4453 et
922 4399 1080 4453 liceat
1129 4398 1205 4453 illi
1254 4414 1347 4454 eos
1397 4399 1720 4470 distringere
1770 4399 1837 4452 ad

238 4493 485 4564 justitias
527 4491 802 4546 faciendas
831 4491 1020 4560 quales
1053 4491 1153 4561 ipsi
1184 4492 1329 4547 inter
1366 4507 1424 4547 se
1454 4492 1678 4548 definire
1708 4507 1835 4562 pos-
1863 4523 1917 4582 Β

246 4589 397 4638 sunt.
425 4581 631 4637 Czctera
659 4597 788 4636 vero
810 4580 1034 4649 judicia,
1067 4582 1120 4636 id
1144 4591 1227 4637 est
1253 4623 1266 4647 ,
1311 4581 1621 4637 criminales
1666 4582 1835 4636 actio-

250 4686 376 4739 nes,
405 4671 472 4726 ad
497 4686 725 4726 examen
756 4673 968 4726 comitis
995 4680 1356 4725 reserventur.

316 4763 412 4818 «Ν.
443 4763 509 4816 Ει
537 4763 583 4817 si
611 4762 900 4832 aliquis'ex
943 4763 1028 4817 his
1064 4763 1375 4818 hominibus
1399 4764 1493 4833 qui
1533 4766 1601 4819 ab
1642 4779 1832 4818 eorum

249 4853 436 4923 aliquo
465 4860 729 4907 attractus
757 4861 860 4917 est,
888 4861 944 4908 et
980 4853 1033 4907 in
1082 4868 1178 4907 sua
1215 4842 1462 4922 portione
1491 4853 1788 4907 collocatus
1817 4893 1830 4915 ,

247 4944 432 5000 locum
481 4942 792 5012 reliquerit,
839 4943 987 4998 locus
1027 4951 1208 4997 tamen
1249 4943 1341 5014 qui
1388 4943 1608 4999 relictus
1653 4951 1754 5006 est,
1803 4957 1831 4996 a

249 5033 497 5091 dominio
524 5033 669 5087 illius
703 5033 794 5101 qui
831 5048 953 5088 eum
997 5033 1147 5102 prius
1174 5035 1389 5088 tenebat
1417 5050 1521 5088 non
1545 5034 1781 5089 recedat.

326 5123 391 5176 V.
416 5121 570 5189 Quod
595 5121 637 5176 si
666 5120 740 5178 illi
765 5129 982 5192 propter
1002 5121 1279 5176 leuitatem
1300 5132 1355 5177 et
1376 5124 1844 5178 mansuetudinem

248 5210 468 5268 comitis
496 5210 578 5264 sui
612 5209 788 5266 eidem
815 5210 998 5264 comiti
1029 5211 1250 5266 honoris
1295 5221 1350 5266 et
1387 5211 1631 5281 obsequii
1670 5213 1841 5283 gratia

249 5300 532 5373 quidpiam
562 5303 628 5356 de
659 5303 821 5356 rebus
842 5301 954 5356 suis
981 5301 1344 5368 exhibueriut,
1374 5319 1480 5358 non
1505 5303 1607 5358 hoc
1633 5304 1712 5358 eis
1743 5319 1840 5372 pro

249 5392 459 5446 tributo
503 5391 587 5444 vel
617 5407 781 5446 censu
810 5392 990 5461 aliquo
1010 5400 1369 5460 computetur,
1410 5401 1501 5446 aut
1535 5408 1718 5449 comes
1754 5394 1841 5449 ille

251 5482 340 5538 vel
383 5497 728 5546 successores
779 5483 892 5552 ejus
938 5485 1041 5539 hoc
1082 5485 1135 5538 in
1164 5486 1607 5540 consuetudinem
1635 5502 1840 5556 prmsu-

254 5581 427 5639 luant,
458 5589 635 5644 neque
667 5591 760 5632 eos
783 5576 885 5632 sibi
907 5575 990 5630 vel
1008 5575 1317 5631 hominibus
1343 5577 1454 5631 suis
1482 5585 1574 5630 aut
1605 5578 1839 5632 mansio-

257 5665 469 5721 ualicos
496 5681 709 5736 parare,
743 5677 834 5722 aut
864 5667 1089 5722 veredos
1121 5668 1272 5734 dare,
1303 5678 1396 5723 aut
1419 5669 1583 5723 ullum
1614 5686 1836 5726 censum

253 5756 337 5812 vel
372 5757 633 5811 tributum
665 5765 756 5812 aut
786 5759 1102 5830 obsequium
1128 5798 1142 5826 ,
1185 5768 1383 5830 prseter
1437 5760 1486 5814 id
1534 5763 1673 5830 quod
1723 5764 1832 5833 jam

1940 1942 2232 2005 meudavit,
2292 1942 2454 1998 fuerit
2483 1954 2828 2009 consecutus,
2884 1945 3023 2000 sciat
3065 1961 3124 2001 se
3164 1946 3230 2000 de
3281 1945 3372 1998 illo
3414 1943 3524 1999 tale

1939 2031 2256 2102 obsequium
2302 2035 2502 2090 seniori
2548 2051 2644 2092 suo
2672 2038 2929 2093 exhibere
2978 2039 3173 2092 debere
3227 2038 3388 2107 quale
3423 2051 3526 2092 no-

1940 2130 2144 2178 strates
2173 2124 2420 2180 homines
2455 2127 2520 2182 de
2560 2127 2722 2181 simili
2754 2127 3018 2183 beneﬁcio
3059 2129 3362 2184 senioribus
3410 2127 3526 2186 suis

1938 2212 2197 2269 exhibere
2222 2214 2416 2269 solent.

2014 2300 2124 2355 VII.
2160 2301 2367 2359 Idcirco
2409 2303 2507 2360 has
2561 2313 2760 2361 nostra:
2806 2307 3145 2363 auctoritatis
3194 2307 3402 2362 litteras
3443 2305 3524 2363 eis

1941 2391 2069 2445 dare
2094 2391 2454 2461 decrevimus,
2491 2389 2587 2465 per
2614 2412 2749 2466 quas
2785 2398 3126 2454 decernimus
3172 2407 3334 2468 atque
3370 2397 3526 2469 jube-

1940 2498 2062 2538 mus
2106 2493 2166 2538 ut
2208 2486 2322 2540 haec
2372 2496 2572 2541 nostra:
2624 2486 2966 2544 liberalitatis
3003 2496 3056 2544 et
3096 2486 3524 2543 mansuetudinis

1940 2575 2258 2630 constitutio
2294 2592 2422 2647 erga
2477 2577 2596 2632 illos
2648 2586 2836 2634 tenore
2879 2588 3139 2648 perpetuo
3168 2579 3234 2633 ab
3272 2579 3524 2632 omnibus

1940 2663 2192 2720 ﬁdelibus
2220 2675 2422 2722 sanctae
2445 2667 2538 2722 Dei
2565 2668 2820 2723 Ecclesia:
2845 2678 2898 2723 et
2921 2669 3123 2724 nostris
3145 2667 3524 2723 inviolabiliter

1940 2766 2307 2812 conservetur.
2342 2757 2508 2827 Cujus
2551 2761 2953 2815 constitutionis
2991 2761 3044 2815 in
3070 2774 3395 2830 unaquaque
3447 2760 3524 2814 ci-

1939 2847 2109 2902 vitate
2133 2848 2223 2902 ubi
2248 2849 2491 2918 prtedicti
2518 2849 2740 2920 Hispani
2765 2850 3010 2906 habitare
3039 2858 3337 2905 noscuntur
3364 2889 3378 2915 ,
3412 2859 3524 2904 tres

1938 2938 2329 3009 descriptiones
2361 2956 2482 2996 esse
2509 2942 2757 2998 volumus
2784 2962 2796 2996 :
2827 2959 2989 2997 uuam
3039 2957 3200 3012 quam
3239 2941 3524 3011 episcopus

1941 3030 2108 3098 ipsius
2137 3031 2371 3086 civitatis
2403 3033 2624 3098 habeat,
2659 3041 2714 3088 et
2756 3033 3178 3102 alteramquam
3221 3047 3401 3088 eomes
3429 3073 3442 3097 ,
3470 3041 3527 3087 ct

1943 3123 2158 3176 tertiam
2182 3123 2284 3192 ipsi
2309 3125 2530 3194 llispani
2559 3127 2650 3195 qui
2676 3127 2729 3181 in
2752 3127 2940 3181 eodem
2967 3126 3085 3182 loco
3107 3135 3520 3181 eonversantur.

1865 3180 1910 3238 Ο
1941 3215 2233 3285 Exemplar
2265 3231 2394 3272 vero
2419 3232 2604 3272 earum
2642 3220 2693 3272 in
2727 3219 2952 3272 archivo
2974 3218 3157 3288 palatii
3201 3218 3372 3273 nostri
3399 3231 3526 3272 cen-

1937 3305 2146 3360 suimus
2187 3306 2587 3374 reponendum,
2643 3315 2702 3361 ut
2757 3322 2824 3362 ex
2862 3307 3006 3362 illius
3057 3307 3425 3376 inspectione,
3478 3307 3526 3360 si

1936 3396 2189 3467 quando,
2228 3405 2288 3450 ut
2315 3398 2431 3452 fieri
2459 3398 2624 3462 solet,
2658 3406 2750 3452 aut
2805 3399 2906 3468 ipsi
2949 3414 3007 3453 se
3059 3399 3474 3455 reclamaverint
3502 3436 3518 3461 ,

1938 3493 2034 3539 aut
2064 3501 2246 3541 comes
2274 3487 2355 3542 vel
2384 3488 2638 3557 quislibet
2686 3489 2822 3545 alter
2848 3499 3036 3545 contra
3061 3506 3155 3545 eos
3176 3505 3395 3545 causam
3421 3489 3525 3547 ha-

1936 3577 2135 3642 buerit,
2163 3576 2404 3633 deﬁnitio
2427 3579 2539 3634 litis
2565 3578 2682 3634 fieri
2710 3581 2901 3651 possit.

2009 3667 2160 3721 Hauc
2187 3668 2384 3738 quippe
2415 3670 2876 3736 constitutionem,
2909 3678 2964 3724 ut
2987 3684 3084 3740 per
3107 3671 3359 3725 diuturna
3392 3677 3526 3726 tem-

1935 3772 2066 3828 pora
2091 3773 2120 3811 a
2145 3757 2392 3813 fidelibus
2445 3766 2645 3814 sancta:
2692 3759 2790 3814 Dei
2830 3760 3086 3816 Ecclesiae
3132 3769 3187 3815 et
3226 3761 3428 3816 nostris
3463 3769 3522 3816 ct

1936 3849 2119 3902 verius
2164 3849 2418 3903 credatur
2465 3855 2520 3904 et
2575 3849 2885 3919 diligentius
2925 3860 3313 3917 conservetur,
3356 3866 3522 3905 manu

1937 3941 2156 4010 propria
2184 3941 2624 4010 subscripsimus,
2659 3951 2712 3996 et
2740 3942 2923 3997 annuli
2960 3943 3131 3998 nostri
3167 3942 3521 4012 impressione

1939 4031 2142 4101 signari
2180 4029 2462 4099 jussimus.

2011 4123 2234 4193 Signum
2284 4124 2466 4178 domui
2514 4123 2816 4188 Ludovici,

1939 4217 2092 4272 toris.

2010 4306 2297 4362 Duraudus
2353 4307 2614 4362 diaconus
2672 4309 2740 4363 ad
2786 4309 2961 4362 vicem
3011 4307 3327 4363 Helisachar
3371 4319 3522 4361 reco-

1940 4397 2142 4466 gnovit.

2012 4486 2202 4541 Datam
2233 4487 2499 4542 Kalendas
2521 4485 2807 4540 Ianuarias
2828 4527 2841 4551 ,
2869 4501 3030 4550 anno,
3081 4484 3298 4540 Christo
3342 4485 3524 4554 [ιι-ορὶ-

1947 4577 2021 4631 tio
2057 4576 2228 4649 [8l5],
2266 4577 2444 4646 primo
2494 4577 2705 4646 imperii
2751 4577 2934 4632 domui
2988 4576 3243 4631 Ludovici
3289 4574 3520 4646 piissimi

1943 4667 2191 4738 Augusti,
2245 4667 2539 4722 indictione
2598 4667 2649 4719 7.
2708 4666 2903 4721 Actum
2947 4665 3270 4738 Aquisgraui
3321 4664 3519 4736 palatio

1944 4759 2094 4829 regio
2135 4759 2186 4813 in
2237 4759 2330 4814 Dei
2381 4761 2598 4814 nomine
2643 4758 2893 4814 feliciter.
2930 4758 3120 4814 Amen.

2636 4900 2823 4954 XXVI.

2302 5029 2402 5069 PRO
2459 5029 2790 5069 HONASTEBIO
2839 5027 3158 5068 HlClACENSI.

2555 5125 2728 5199 (Anno
2774 5127 2926 5197 815.)

1943 5219 2120 5292 [Apud
2170 5218 2379 5281 Baluz.,
2427 5215 2790 5339 ϐαρὶιηρθῗς
2824 5216 3019 5298 .1406,
3077 5229 3146 5270 ex
3187 5213 3518 5271 chartulario

2348 5295 2664 5339 monasterii
2718 5287 2747 5339 ll
2774 5283 3106 5339 tenacenSIs.l

2348 5283 2683 5342 monasterii
2718 5283 3106 5359 h1iciacensis.]

2903 4123 3234 4179 serenissimi
3287 4123 3508 4192 impera-

2012 5399 2069 5453 In
2104 5399 2320 5453 nomine
2366 5397 2576 5452 Domini
2622 5397 2718 5452 Dei
2749 5410 2799 5452 ct
2831 5396 3131 5454 Salvatoris
3174 5397 3348 5454 nostri
3393 5394 3520 5451 Jesu

1941 5490 2165 5554 Christi,
2219 5488 2563 5553 Ludovicus,
2591 5488 2770 5543 divina
2821 5490 3106 5545 ordinante
3152 5487 3514 5561 providentia,

1943 5584 2238 5652 imperator
2270 5580 2546 5651 Augustus
2590 5580 2843 5633 omnibus
2887 5579 3175 5651 episcopis,
3210 5577 3515 5634 abbatibus,

1942 5673 2187 5734 ducibus,
2217 5670 2502 5725 comitibus
2533 5668 2616 5721 vel
2654 5669 3020 5728 vicedominis,
3065 5668 3303 5731 vicariis,
3337 5675 3520 5721 cente-

1943 5764 2142 5828 nariis,
2177 5760 2472 5825 telonariis,
2511 5759 2822 5814 aetionariis
2850 5801 2862 5824 ,
2912 5767 2966 5814 ct
3015 5759 3266 5814 omnibus
3303 5768 3518 5827 rempu-
