3936 6332
496 324 635 380 1015

1558 333 1886 395 LUDOVICI
1926 340 1947 395 I
1984 339 2460 404 COGNOMENTO
2497 348 2587 404 PII

3632 370 3765 428 £016

488 438 688 537 tilica-ru
734 440 1169 508 procurantibus,
1203 445 1564 513 praesentibus
1603 449 1811 507 scilicet
1838 460 1895 508 et
1927 451 2073 509 futu-
2101 456 2154 516 Α
2249 455 2446 513 Notum
2477 460 2548 515 sit
2576 462 2699 530 quia
2748 479 2878 531 nos,
2911 467 3232 537 deprecante
3281 474 3565 533 Bernardo
3614 481 3766 535 Vica-

492 530 590 586 ris.
619 529 815 590 Notum
840 533 912 588 sit
946 534 1073 603 quia
1108 533 1469 595 Dutresiudus
1498 540 1666 598 abbas
1702 559 1766 599 ex
1801 556 2073 603 monaste-

2173 549 2360 605 ueusis
2393 550 2638 607 ecclesia:
2696 555 2988 628 episcopo,
3040 575 3159 629 quae
3205 572 3291 619 est
3341 577 3660 623 constructa
3709 574 3760 624 in

483 623 569 678 rio
594 624 765 679 sancti
796 624 1072 682 Maximini
1127 626 1467 688 Miciacensis
1491 640 1547 688 et
1577 636 1754 692 omnis
1799 635 1915 707 ejus
1940 655 2071 694 con-
2171 636 2378 694 honore
2422 641 2599 695 sancti
2636 623 2901 712 Mauricii,
2930 664 3028 718 pro
3056 623 3337 709 mercedis
3367 668 3574 715 nostrae
3626 677 3759 729 aug-

484 714 729 784 gregatio
749 717 1021 786 petierunt
1045 718 1424 777 celsitudinem
1451 733 1695 781 nostram
1717 737 1777 783 ut
1792 729 2068 786 licentiam

484 804 773 873 haberent,
789 806 857 861 ad
872 823 1060 864 eorum
1090 810 1416 882 supplendas
1439 818 1815 883 necessitates,
1834 828 1944 875 tres
1969 835 2067 874 na-

476 910 572 950 ves
599 912 700 966 per
727 897 995 969 Ligerim,
1054 898 1272 968 Carum,
1306 902 1622 973 Vincenam,
1672 907 1906 974 Sartam,
1956 909 2067 966 Me-

474 986 732 1053 duanani,
760 988 1078 1045 Taunucum
1107 1007 1203 1047 seu
1240 992 1453 1061 Lidum,
1487 994 1774 1065 Hilarium,
1806 1001 1919 1054 sive
1966 1016 2066 1070 per

474 1084 671 1132 cmtera
719 1077 943 1136 ﬂumina
972 1098 1073 1152 pro
1106 1085 1440 1155 quibuslibet
1481 1089 1695 1161 praefati
1740 1093 2059 1149 monasterii

470 1170 887 1229 necessitatibus
915 1174 1248 1243 discurrunt,
1280 1195 1490 1236 necnon
1524 1174 1579 1236 et
1602 1182 1671 1238 de
1701 1186 1898 1251 carris,
1936 1201 2058 1241 sau-

467 1260 677 1326 mariis,
695 1264 945 1335 navigiis,
962 1281 1055 1321 seu
1082 1267 1148 1323 de
1164 1271 1311 1324 omni
1332 1273 1682 1339 commercio,
1700 1276 2058 1347 undecunque

466 1348 634 1406 ﬁscus
661 1352 931 1411 teloneum
963 1358 1182 1430 exigere
1216 1369 1448 1429 poterat.
1491 1362 1658 1433 Cujus
1701 1362 1958 1434 p'recibus
1986 1368 2057 1422 ob

464 1456 706 1498 amorem
752 1444 848 1500 Dei
873 1455 929 1502 et
958 1451 1366 1506 venerationem
1414 1454 1581 1522 ipsius
1609 1458 1783 1511 sancti
1814 1474 2054 1515 annuene

460 1541 518 1587 et
542 1534 646 1591 hoc
674 1544 874 1594 nostra:
896 1541 1240 1597 auctoritatis
1262 1554 1595 1616 praeceptum
1623 1546 1901 1605 firmitatis
1928 1566 2052 1620 gra-

461 1626 536 1681 tia
580 1642 707 1698 erga
738 1629 914 1699 ipsum
968 1636 1358 1691 monasterium
1392 1639 1803 1707 pro'mercedis
1854 1650 2051 1697 nostrae

459 1728 768 1789 augmento,
801 1722 1251 1793 sicutpetierunt,
1283 1730 1673 1786 concessimus.
1706 1733 1912 1790 Idcirco
1944 1735 2049 1791 hoc

2168 734 2371 792 mento,
2396 745 2492 785 seu
2521 746 2620 801 pro
2662 734 2893 791 utilitate
2920 737 3148 795 fratrum
3177 742 3377 799 ibidem
3407 747 3641 805 Domino
3682 752 3756 805 fa-

2166 818 2511 888 mulantium,
2544 824 2593 877 ei
2610 829 3005 894 .concessimus
3049 848 3218 889 naves
3258 837 3499 908 quinque
3544 856 3646 910 per
3679 845 3756 898 di-

2165 921 2323 965 versa
2358 909 2605 980 flumina,
2635 916 2957 975 Rhodanum
2986 924 3195 980 scilicet
3221 936 3274 981 et
3301 909 3635 999 Segonnam,
3688 937 3759 989 ad

2164 1015 2261 1055 sua
2286 1006 2495 1075 negotia
2519 1006 2829 1065 deferenda.
2862 1010 3015 1070 Unde
3043 1018 3196 1075 vobis
3216 1023 3564 1091 praecipimus
3586 1037 3754 1095 atque

2161 1096 2482 1152 mandamus
2529 1107 2589 1153 ut
2628 1115 2803 1171 neque
2844 1119 2939 1159 vos
2966 1122 3139 1177 neque
3185 1110 3432 1178 juniores
3470 1118 3643 1169 vestri
3675 1119 3757 1171 ul-

2161 1184 2269 1239 lum
2324 1188 2595 1245 teloneum
2641 1201 2732 1247 aut
2779 1194 3065 1265 ripaticnm
3104 1215 3198 1255 seu
3246 1205 3610 1271 portatieum,
3664 1211 3751 1262 vel

2159 1276 2322 1330 etiam
2365 1280 2739 1348 cespitaticum
2769 1326 2783 1351 ,
2831 1301 2929 1341 nec
2978 1292 3303 1347 cmuaticum
3361 1295 3446 1348 vel
3504 1298 3752 1353 salutati-

2158 1378 2312 1431 cum,
2345 1382 2444 1422 nec
2494 1369 2631 1426 ullas
2680 1373 3070 1433 redhibitiones
3124 1379 3193 1433 ab
3243 1383 3434 1438 eodem
3485 1388 3751 1455 praedicto

2156 1469 2388 1510 numero
2428 1459 2646 1514 navium
2698 1464 2917 1532 exigere
2947 1466 3030 1521 vel
3060 1480 3313 1527 exactare
3358 1479 3706 1544 praesumatis
3731 1521 3745 1539 .

2155 1554 2419 1614 quatenus
2452 1564 2550 1618 per
2579 1551 2718 1620 hanc
2760 1565 2962 1611 nostrae
3008 1564 3388 1633 praceptiouis
3440 1573 3742 1626 auctoritao

2155 1642 2285 1699 tem,
2316 1646 2375 1690 ut
2402 1642 2771 1709 praediximus,
2804 1646 2875 1700 ob
2904 1649 3195 1705 utilitatem
3248 1653 3483 1711 fratrum
3539 1661 3743 1715 ibidem

2153 1724 2264 1781 Deo
2300 1730 2654 1786 servientium
2711 1735 2934 1792 liberius
2981 1742 3332 1812 securiusque
3380 1751 3601 1817 negotia
3642 1768 3741 1805 sua

456 1818 786 1881 praeceptum
812 1822 1060 1870 ηοειι-υηι
1106 1817 1224 1872 ﬁeri
1244 1817 1529 1886 iussimus,
1568 1836 1669 1891 per
1720 1810 1863 1892 quod
1885 1823 2045 1892 iube-
2077 1807 2124 1867 B
2151 1828 2336 1875 vestro
2376 1823 2536 1877 simul
2564 1824 2683 1880 fulti
2713 1829 2917 1885 auxilio
2937 1840 2991 1885 et
3015 1807 3316 1890 munimine
3342 1807 3605 1911 peragere
3646 1860 3745 1895 va-

454 1923 577 1962 mus
598 1918 761 1979 atque
787 1912 1135 1982 praecipimus
1162 1922 1221 1969 ut
1251 1928 1412 1971 nemo
1441 1916 1682 1974 fidelium
1704 1927 2042 1984 nostrorum,

453 2016 556 2056 nec
576 2002 831 2071 quislibet
848 2013 1074 2061 exactor
1092 2004 1396 2075 judiciarize
1424 2010 1734 2078 potestatis,
1757 2012 1825 2066 de
1845 2012 2041 2078 carris,

450 2091 536 2145 vel
560 2094 864 2164 sagmariis,
885 2111 980 2151 seu
1016 2098 1267 2167 navigiis,
1291 2098 1378 2154 vel
1413 2099 1479 2155 de
1508 2100 1750 2170 quolibet
1775 2116 2044 2158 commer-

450 2182 556 2247 cio,
598 2183 956 2254 undecunque
1010 2186 1261 2242 videlicet
1308 2187 1476 2244 fiscus
1519 2190 1793 2245 teloneum
1828 2192 2042 2263 exigere

451 2283 660 2344 potest,
692 2276 900 2331 nullum
937 2278 1207 2334 teloneum
1244 2281 1493 2351 accipere
1526 2282 1613 2336 vel
1643 2284 1863 2352 exigere
1904 2299 2043 2353 pra:-

451 2375 650 2421 sumat.
683 2366 860 2423 Naves
891 2384 1023 2424 vero
1071 2378 1200 2437 tres,
1250 2386 1372 2440 qua:
1419 2373 1533 2427 sive
1581 2387 1678 2441 per
1717 2372 1915 2429 ﬂumen
1945 2375 2035 2427 Li-

449 2456 612 2527 geris,
644 2457 758 2513 sive
783 2472 881 2527 per
919 2467 1117 2514 caetera
1162 2458 1383 2515 ﬂumina
1409 2462 1479 2516 ob
1525 2461 1816 2517 utilitatem
1856 2470 1911 2515 et
1942 2478 2036 2517 ne-

448 2547 761 2602 cessitatem
789 2548 958 2618 ipsius
1002 2549 1325 2605 monasterii
1375 2549 1721 2616 discurrunt,
1770 2552 1837 2607 ad
1872 2568 2035 2623 quas-

443 2655 657 2711 cunque
700 2642 973 2709 civitates,
1026 2642 1269 2708 castella,
1320 2651 1414 2697 aut
1454 2644 1785 2713 portus,-vel
1835 2654 2031 2700 caetera

443 2730 561 2789 loca
593 2748 869 2789 accessum
892 2735 1207 2801 habuerint,
1235 2734 1413 2791 nullus
1442 2750 1510 2791 ex
1554 2737 1636 2790 eis
1678 2743 1773 2790 aut
1798 2736 2031 2791 homini-

441 2824 544 2883 bus
558 2826 650 2897 qui
675 2841 769 2883 eas
788 2828 1088 2898 pnevident
1106 2828 1275 2883 ullum
1298 2828 1571 2884 teloneum
1597 2837 1692 2883 aut
1716 2829 2024 2900 ripaticum,

441 2925 536 2973 aut
581 2920 951 2989 pontaticum,
1000 2929 1093 2974 aut
1143 2910 1493 2990 portaticum,
1524 2927 1618 2974 aut
1654 2919 2022 2984 salutaticum,

440 3017 536 3064 aut
556 3009 951 3079 cespitaticum,
980 3019 1075 3065 aut
1120 3011 1481 3076 cmnaticum,
1531 3018 1625 3066 aut
1670 3010 2025 3077 laudaticum,

440 3108 535 3154 aut
558 3101 921 3167 travicticum,
947 3109 1042 3156 aut
1060 3102 1475 3171 pulveraticum,
1516 3109 1609 3157 aut
1638 3101 1805 3156 ullum
1831 3116 2024 3157 occur-

437 3205 579 3255 sum,
605 3191 690 3246 vel
735 3192 903 3245 ullum
952 3206 1213 3257 censum,
1260 3201 1355 3247 aut
1386 3193 1553 3249 ullam
1598 3194 2020 3250 redhibitionem

435 3282 684 3351 accipere
704 3282 788 3336 vel
810 3283 1027 3354 exigere
1050 3284 1279 3348 audeat;
1310 3284 1404 3339 sed
1430 3284 1638 3339 licitum
1688 3285 1777 3349 sit,
1820 3283 2023 3353 absque

435 3372 665 3444 alicujus
717 3374 906 3430 illicita
959 3378 1345 3433 contrarietate
1392 3378 1477 3433 vel
1528 3378 1872 3443 detentiene,
1924 3393 2023 3448 per

434 3466 576 3520 hanc
616 3475 857 3521 nostram
890 3470 1270 3523 auctoritatem
1310 3484 1477 3524 naves
1509 3479 1641 3535 tres,
1672 3478 1727 3524 et
1774 3470 2021 3525 homines

432 3558 527 3628 qui
550 3572 644 3613 eas
667 3557 966 3627 praevidere
1000 3558 1215 3625 debent,
1242 3574 1361 3614 cum
1388 3560 1455 3614 iis
1482 3572 1603 3629 qua:
1625 3558 1896 3626 deferunt,
1922 3573 2022 3629 per

432 3650 747 3705 universum
789 3649 1077 3719 imperium
1130 3660 1375 3707 nostrum
1418 3652 1588 3707 libere
1613 3668 1679 3707 ac
1726 3668 1915 3707 secure
1941 3652 2020 3707 ire

431 3748 487 3794 et
511 3739 709 3795 redire.
746 3739 814 3793 Et
842 3739 887 3794 si
913 3740 1123 3811 aliquas
1151 3757 1330 3797 moras
1359 3743 1411 3796 in
1444 3743 1686 3812 quolibet
1714 3742 1832 3799 loco
1870 3741 2017 3799 fece-

431 3831 560 3895 rint,
610 3840 704 3885 aut
755 3830 958 3901 aliquid
1001 3834 1227 3887 mercati
1265 3832 1466 3887 fuerint
1509 3844 1601 3887 aut
1653 3834 2013 3899 vendiderint,

430 3923 655 3979 nihilab
696 3923 776 3978 eis
811 3939 1057 3995 prorsus,
1088 3934 1149 3979 ut
1188 3926 1391 3980 dictum
1433 3934 1535 3992 est,
1583 3926 1849 3998 exigatur.
1891 3926 2017 3982 Ilaec

430 4030 560 4071 vero
585 4016 879 4071 auctoritas
906 4025 977 4089 ut_
994 4017 1291 4086 pleniorem
1321 4017 1562 4073 obtineat
1587 4020 1863 4091 vigorem,
1895 4026 1949 4072 et
1984 4033 2016 4072 a

432 4106 681 4163 fidelibus
710 4109 909 4163 nostris
951 4108 1153 4163 certius
1179 4110 1432 4163 credatur
1461 4118 1515 4164 et
1546 4108 1858 4181 diligentius
1882 4124 2014 4163 cou-

430 4208 699 4266 servetur,
716 4200 785 4256 de
806 4200 988 4254 annuli
1020 4200 1192 4255 nostri
1211 4202 1565 4270 impressione
1581 4202 1769 4258 subter
1788 4201 2011 4270 sigillari

421 4288 706 4357 jussimus.

498 4381 695 4436 Datum
739 4399 795 4437 vi
833 4382 957 4439 Idus
980 4382 1245 4449 Januarii,
1288 4399 1452 4448 anno,
1503 4382 1722 4437 Christo
1752 4384 2007 4453 propitio,

424 4472 602 4542 primo
640 4472 851 4543 imperii
880 4474 1063 4529 domui
1092 4474 1349 4529 Ludovici
1396 4474 1729 4528 serenissimi
1757 4473 1981 4541 Augusti
1994 4514 2013 4537 ,,

424 4563 718 4619 indictione
742 4565 794 4621 8.
821 4552 1016 4620 Actum
1048 4567 1374 4636 Aquisgrani
1418 4566 1618 4636 palatio
1649 4568 1795 4637 regio
1823 4566 1875 4620 in
1914 4568 2007 4621 Dei

423 4654 645 4712 nomine
673 4654 924 4712 feliciter.
960 4657 1154 4713 Amen.

1116 4747 1329 4802 XXVII.

847 4853 947 4892 PRO
994 4853 1243 4892 ECCLESIA
1284 4854 1436 4891 \‘lENN
1446 4852 1580 4893 ENSI.

1030 4926 1214 4997 (Anno
1256 4928 1407 4998 815.)

424 5012 601 5087 [Apud
634 5014 845 5079 Baluz.,
891 5030 957 5069 ex
989 5017 1322 5071 ehartulario
1360 5016 1602 5072 ecclesia:
1643 5018 2005 5087 Viennensis.]

481 5105 540 5159 In
570 5106 787 5160 nomine
822 5107 1035 5161 Domini
1079 5107 1175 5162 Dei
1221 5116 1276 5161 ct
1324 5106 1625 5161 Salvatoris
1676 5108 1847 5161 nostri
1880 5104 2006 5160 Jesu

420 5197 660 5263 Christi,
708 5197 1031 5263 Ludovicus,
1069 5200 1246 5254 divina
1298 5200 1583 5254 ordinante
1636 5199 2002 5269 providentia,

420 5290 716 5359 imperator
743 5288 1038 5360 Augustus,
1076 5291 1328 5345 omnibus
1370 5291 1655 5359 cpisCOpis,
1697 5290 2003 5354 abbatibus,

420 5382 669 5447 ducibus,
717 5384 1037 5451 comitibus,
1069 5385 1308 5449 vicariis,
1347 5385 1673 5439 centenariis
1697 5424 1711 5449 ,
1760 5383 2002 5437 actiona-

420 5472 519 5527 riis
538 5515 552 5539 ,
586 5474 914 5542 teloncariis,
945 5492 1039 5531 seu
1066 5478 1319 5532 omnibus
1350 5492 1462 5530 rem
1494 5476 1764 5546 publicam
1794 5489 1995 5544 procu-

417 5562 687 5617 tantibus.

492 5690 514 5716 α
545 5676 641 5729 llic
667 5694 693 5723 ρ
732 5692 741 5725 t
780 5680 958 5733 ,Υιιῖςξιξμ
991 5682 1177 5748 uidua,

418 5749 646 5815 rupaxit.

1230 5685 1312 5737 cui
1349 5684 1601 5739 lLl.m.i?u;.
1644 5682 1990 5738 Taurincusis
2030 5678 2310 5749 rpi‘u‘opus

2148 1908 2313 1965 leant.
2350 1912 2418 1966 Et
2459 1924 2519 1968 ut
2567 1917 2683 1970 haec
2715 1921 3010 1975 auctoritas
3040 1924 3224 1979 verius
3267 1908 3582 1998 certiusque
3611 1948 3737 1986 ere-

2147 2000 2327 2067 datur,
2357 2003 2422 2058 de
2450 2006 2651 2062 annulo
2681 2017 2869 2065 nostro
2897 2012 3084 2067 subter
3102 2013 3367 2082 jussimus
3398 2020 3624 2089 signari.

2217 2092 2445 2164 Signum
2468 2097 2728 2155 Ludovici
2756 2103 3093 2159 serenissimi
3122 2108 3375 2177 Augusti.

2213 2183 2342 2240 Ibbo
2372 2186 2441 2242 ad
2470 2190 2644 2245 vicem
2674 2191 2989 2247 Helisacliar
3029 2198 3339 2265 recognovi.

2212 2278 2349 2333 Data
2383 2295 2437 2334 iv
2462 2279 2586 2337 Idus
2620 2281 2785 2348 Junii,
2818 2299 2961 2340 anno
2999 2286 3258 2351 secundo,
3290 2287 3516 2343 Christo
3549 2295 3732 2359 propi-

2141 2368 2239 2434 tio,
2274 2370 2485 2440 imperii
2508 2373 2691 2427 domui
2725 2373 2981 2430 Ludovici
3007 2377 3341 2430 screnissimi
3372 2378 3727 2448 Augusti,iu-

2137 2462 2375 2516 dictione
2404 2463 2458 2517 8.
2489 2462 2686 2517 Actum
2730 2464 3056 2536 Aquisgraui
3106 2466 3309 2535 palatio
3338 2471 3491 2539 regio
3528 2471 3583 2524 iu
3632 2471 3726 2525 De:

2137 2552 2353 2608 nomine
2373 2552 2623 2609 feliciter.
2651 2555 2843 2611 Amen.

2795 2697 3028 2753 XXVIII.

2348 2823 2448 2863 PRO
2479 2824 2816 2864 IHNUNITATE
2853 2825 3095 2866 C(ENOBII
3128 2827 3504 2870 CARBOI‘ENSIS.

2736 2919 2911 2991 (Anno
2956 2921 3117 2994 8l5.)

2125 3030 2302 3106 [Apud
2344 3031 2405 3084 D.
2440 3030 2730 3106 Douque_t.,
2776 3030 2987 3106 Recueil
3011 3032 3276 3106 des_l_iist.,
3318 3043 3451 3089 tom.
3478 3036 3566 3095 VI,
3596 3052 3718 3106 pag.

2194 3101 2319 3165 474,
2351 3100 2623 3173 exfBieslio
2655 3104 2707 3156 in
2744 3102 2955 3173 probat.
3002 3106 3071 3159 ad
3103 3104 3246 3157 Hist.
3297 3121 3434 3157 com.
3490 3100 3721 3171 Ρὶεῑαιί,

2195 3186 2321 3242 pag.
2351 3172 2502 3245 164.]

2193 3278 2252 3332 In
2289 3279 2510 3334 nomine
2554 3278 2769 3333 Domini
2798 3279 2896 3333 Dei
2933 3286 2991 3333 et
3031 3277 3334 3335 Salvatoris
3377 3283 3551 3336 nostri
3595 3282 3720 3338 Jesu

2123 3370 2344 3438 Christi,
2360 3370 2688 3436 Ludovicus,
2716 3370 2899 3425 divina
2923 3371 3211 3426 ordinante
3232 3373 3605 3442 providentia,
3622 3376 3720 3429 im—

2120 3476 2340 3535 perator
2364 3468 2659 3539 Augustus.

2194 3556 2249 3612 Si
2298 3573 2426 3628 erga
2457 3557 2575 3613 loca
2611 3557 2809 3613 divinis
2855 3558 3089 3614 cultibus
3133 3559 3441 3628 mancipata
3496 3569 3717 3629 propter

2121 3664 2360 3715 amorem
2400 3649 2517 3714 Dei,
2569 3648 2792 3719 ejusque
2821 3650 2875 3703 in
2906 3649 3107 3705 eisdem
3156 3651 3291 3706 locis
3320 3650 3423 3705 sibi
3452 3651 3719 3707 famulan-

2118 3741 2262 3796 tibus
2301 3739 2562 3795 beneficia
2592 3750 2895 3811 opportuna
2939 3741 3218 3813 largimur,
3246 3743 3535 3812 praemium
3562 3743 3715 3797 nobis

2119 3833 2262 3902 apud
2290 3832 2461 3887 Deum
2489 3842 2706 3887 aeterna:
2737 3834 3191 3889 remunerationis
3218 3834 3442 3905 rependi
3477 3850 3586 3889 non
3614 3834 3714 3889 dif-

2119 3924 2355 3978 ﬁdimus.
2402 3922 2625 3977 Noverit
2655 3922 2861 3977 interea
2908 3924 3175 3993 sagacitas
3221 3939 3316 3979 seu
3356 3926 3569 3979 utilitas
3593 3941 3707 3979 om-

2118 4016 2266 4069 nium
2293 4012 2529 4067 fidelium
2561 4022 2901 4087 nostrorum,
2942 4022 3048 4067 tam
3075 4015 3426 4082 praesentium
3456 4029 3623 4084 quam
3656 4023 3708 4070 et

2114 4104 2454 4169 futurorum,
2496 4106 2622 4175 quia
2650 4106 2735 4158 vir
2782 4105 3107 4159 venerabilis
3137 4117 3163 4144 ι
3194 4103 3384 4159 Justus
3424 4106 3598 4160 abbas
3646 4121 3706 4159 ex

2116 4198 2450 4252 monasterio
2479 4195 2808 4259 Carrofeusi,
2840 4196 2981 4264 quod
3005 4204 3089 4250 est
3124 4206 3506 4251 constructum
3536 4198 3591 4252 iu
3616 4201 3709 4255 bo-

2115 4305 2248 4344 uore
2276 4289 2487 4343 Domini
2515 4295 2572 4343 et
2600 4286 2899 4341 Salvatoris
2922 4287 3092 4342 nostri
3125 4286 3253 4341 Jesu
3283 4286 3513 4353 Christi,
3545 4291 3704 4344 situm

2114 4381 2169 4434 in
2204 4395 2341 4448 pago
2364 4379 2690 4434 Pictaviensi
2714 4394 2881 4449 prope
2906 4378 3125 4433 ﬂuvium
3157 4379 3494 4447 Kareutoue,
3516 4383 3703 4436 obtulit

2113 4470 2390 4527 obtutibus
2436 4471 2637 4524 nostris
2690 4471 3071 4525 auctoritatem
3118 4471 3482 4527 immunitatis
3528 4475 3700 4528 domui

2113 4573 2167 4618 et
2210 4563 2471 4633 genitoris
2512 4562 2680 4616 nostri
2712 4560 2893 4616 Caroli
2936 4561 3110 4617 beatae
3157 4566 3437 4618 memoria:
3476 4567 3696 4635 piissimi

2109 4652 2354 4724 Augusti,
2393 4653 2445 4707 in
2474 4668 2580 4722 qua
2606 4661 2723 4706 erat
2752 4652 3019 4707 insertum
3058 4653 3202 4721 quod
3231 4654 3409 4722 ipsum
3439 4665 3701 4708 monaste-

2112 4728 2249 4799 riuui
2295 4743 2582 4813 Rotgerius
2623 4742 2893 4811 quondam
2942 4756 3125 4796 comes
3165 4743 3219 4796 iu
3268 4757 3370 4797 suo
3417 4744 3693 4797 zediticasit

2108 4834 2346 4905 proprio,
2378 4842 2431 4886 et
2459 4848 2581 4886 cum
2616 4832 2868 4886 omnibus
2905 4831 3067 4885 rebus
3094 4840 3150 4885 et
3174 4834 3517 4886 ornamentis
3539 4832 3693 4886 θυι-ιρ-

2112 4928 2228 4990 siue,
2261 4942 2354 4979 seu
2383 4934 2437 4979 et
2474 4939 2596 4979 cum
2642 4924 2893 4978 omnibus
2933 4923 3268 4993 appendiciis
3294 4931 3350 4977 et
3379 4923 3688 4992 adjacentiis

2111 5017 2247 5079 suis,
2278 5015 2450 5069 eidem
2478 5013 2709 5083 genitori
2736 5020 2925 5067 nostro
2953 5026 3050 5080 per
3077 5011 3381 5065 chartulam
3415 5011 3682 5079 delegare.

2112 5109 2184 5160 rit
2225 5107 2573 5161 donationis:
2618 5115 2670 5160 et
2702 5106 2844 5176 quod
2892 5107 2959 5159 ad
2997 5106 3115 5176 ejus
3146 5106 3462 5175 petitionem
3502 5106 3568 5160 ob
3612 5104 3685 5157 in:

2112 5199 2481 5268 quietudinem
2505 5198 2804 5267 judiciariae
2836 5198 3123 5267 potestatis
3150 5197 3249 5251 sub
3278 5213 3374 5251 sua
3411 5198 3679 5253 devotione

2109 5290 2549 5344 ctimmunitatis
2578 5289 2806 5343 tuitiouc
2848 5289 3148 5343 consistere
3194 5289 3416 5343 fecerat.
3470 5289 3569 5342 I’ro
3600 5286 3682 5339 fir-

2108 5380 2313 5434 mitatis
2371 5396 2605 5449 namque
2656 5380 2835 5435 studio
2884 5380 3207 5449 deprecatus
3270 5388 3355 5435 est
3406 5380 3677 5449 pneilirtus

2106 5469 2292 5525 Justus
2314 5470 2497 5534 abbas,
2543 5479 2598 5525 et
2623 5471 2799 5525 omnis
2834 5470 3180 5539 congregatio
3216 5471 3413 5524 ibidem
3446 5470 3549 5522 Deo
3572 5482 3665 5519 ser-

2106 5563 2277 5628 viens,
2336 5572 2396 5615 ut
2441 5573 2725 5631 paternum
2772 5576 2975 5615 morem
3019 5570 3335 5629 sequentes,
3383 5554 3666 5629 hujusltttult

2384 5693 2538 5733 suum
2584 5680 2634 5730 in
2671 5677 2976 5731 Blatthmnm
3046 5676 3501 5731 Caniniczuaiiuzn
3544 5689 3643 5728 una
