3936 6340
182 385 326 438 1017

1286 376 1678 435 DlPLOMATA
1718 370 2267 435 ECCLESIASTICA.

3311 390 3443 447 3018

177 509 389 553 nostra:
420 498 777 552 immunitatis
804 506 1129 567 prmccptum
1177 499 1320 551 circa
1359 496 1533 564 ipsum
1576 507 1765 547 mona-
1792 487 1844 546 Α
1867 491 2093 561 Christi,
2115 494 2438 561 Ludovicus,
2458 497 2635 553 divina
2666 500 2949 557 ordinante
2972 504 3328 573 providentia,
3346 511 3444 565 inl-

175 592 409 646 sterium
437 589 551 644 fieri
580 604 943 643 censeremus.
996 588 1234 655 Quorum
1260 586 1506 656 petitioni
1534 585 1764 639 libenter

175 694 462 736 assensum
503 680 827 749 praebuimus
864 687 921 732 et
961 686 1160 732 nostra:
1186 676 1527 731 auctoritatis
1565 688 1765 745 prazcc-

172 780 335 839 ptum
378 785 505 839 erga
551 771 726 840 ipsum
776 769 1166 824 monasterium
1215 768 1573 823 immunitatis
1603 774 1764 835 atque

173 862 429 920 tuitionis
467 862 638 932 gratia
685 877 784 931 pro
812 861 980 915 divini
1030 860 1208 915 cultus
1254 875 1439 916 amore
1466 870 1522 915 et
1568 862 1763 914 animze

170 961 381 1007 nostrae
407 953 647 1007 remedio
695 952 811 1006 fieri
856 951 1229 1013 decrevimus;
1282 965 1380 1020 per
1406 951 1549 1020 quod
1574 950 1761 1019 prazci-

168 1041 358 1108 pimus
398 1050 559 1113 atque
592 1041 845 1110 iubemus
868 1049 929 1095 ut
953 1040 1128 1095 nullus
1151 1040 1315 1109 iudex
1346 1040 1613 1110 publicus,
1661 1054 1761 1094 nec

169 1130 429 1199 quislibet
454 1146 521 1186 ex
546 1131 832 1200 iudiciaria
858 1138 1149 1200 potestate,
1182 1141 1275 1184 aut
1312 1130 1453 1184 ullus
1482 1146 1550 1184 ex
1591 1129 1761 1184 fideli-

168 1220 279 1275 bus
322 1222 523 1276 nostris
549 1261 563 1285 ,
604 1230 713 1275 tam
762 1221 1122 1291 praesentibus
1149 1236 1313 1290 quam
1356 1228 1414 1275 et
1442 1220 1656 1284 futuris,
1700 1221 1755 1274 in

166 1309 432 1365 ecclesias
460 1319 554 1365 aut
591 1310 708 1365 loca
731 1311 815 1365 vel
841 1326 997 1381 agros
1024 1352 1037 1377 ,
1073 1326 1165 1365 seu
1199 1310 1432 1380 reliquas
1460 1312 1757 1380 possessio-

164 1415 295 1465 nes,
340 1417 477 1471 quas
512 1403 771 1457 moderno
796 1410 1037 1473 tempore
1064 1402 1117 1456 in
1167 1402 1497 1470 quibuslibet
1520 1402 1675 1471 pagis
1701 1412 1755 1456 et

163 1491 459 1545 territoriis
492 1490 632 1545 infra
658 1492 919 1546 ditionem
962 1491 1173 1560 imperii
1202 1490 1371 1545 nostri
1409 1492 1557 1561 iuste
1586 1508 1649 1545 ac
1684 1491 1757 1546 le—

162 1581 363 1650 galiter
388 1582 644 1651 possidet,
689 1581 772 1635 vel
798 1596 861 1635 ea
889 1596 1008 1650 qua:
1033 1581 1287 1649 deinceps
1334 1582 1388 1634 in
1428 1581 1553 1650 jure
1584 1582 1753 1650 ipsius

162 1670 345 1724 sancti
374 1670 475 1724 loci
504 1678 594 1723 aut
643 1686 739 1740 per
768 1685 866 1725 nos
901 1680 992 1725 aut
1020 1686 1118 1739 per
1146 1671 1281 1725 alios
1316 1670 1546 1725 voluerit
1573 1668 1751 1723 divina

160 1762 343 1830 pietas
388 1762 593 1831 augeri,
645 1762 709 1816 ad
743 1777 936 1816 causas
978 1762 1306 1826 audiendas,
1356 1761 1439 1815 vel
1481 1760 1629 1816 freda
1660 1770 1753 1815 aut

1866 592 2083 653 perator
2104 584 2398 656 Augustus.

1935 673 2067 730 Cum
2092 676 2445 745 petitionibus
2478 691 2753 735 servorum
2782 681 2879 736 Dei
2916 683 3079 753 iustis
3113 696 3168 740 et
3197 688 3439 744 rationa-

1861 763 2058 820 biiibus
2092 765 2259 820 divini
2300 765 2475 823 cultus
2504 783 2687 823 amore
2713 768 2974 837 favemus,
3005 778 3221 843 superni
3254 794 3446 831 mune-

1861 856 1939 910 ris
1964 856 2161 911 donum
2190 857 2345 912 nobis
2374 871 2406 911 a
2430 858 2664 914 Domino
2688 859 2949 930 impertiri
2994 865 3286 922 credimus.
3339 868 3443 938 lgi-

1861 953 1950 1000 tur
1974 955 2161 1002 notum
2183 948 2255 1003 sit
2277 947 2526 1004 omnibus
2552 950 2800 1006 fidelibus
2829 962 3030 1009 sanctae
3056 957 3151 1011 Dei
3187 958 3443 1015 Ecclesia:

1861 1050 1925 1090 ac
1972 1037 2215 1103 nostris,
2270 1039 2624 1107 praesentibus
2668 1040 2877 1097 scilicet
2925 1050 2979 1097 et
3028 1044 3265 1110 futuris,
3314 1050 3440 1117 quia

1859 1126 2036 1179 Hauto
2063 1127 2199 1182 abba
2228 1142 2294 1182 ex
2322 1140 2347 1168 ι
2378 1131 2706 1185 monasterio
2736 1140 3047 1186 sanctorum
3076 1136 3440 1203 apostolorum

1858 1216 2003 1271 Petri
2028 1226 2085 1272 et
2116 1217 2291 1283 Pauli,
2330 1220 2472 1289 quod
2503 1228 2585 1275 est
2614 1220 2778 1275 situm
2811 1221 2866 1275 in
2904 1224 3037 1278 silva
3071 1239 3190 1294 quae
3215 1237 3442 1282 vocatur

1858 1308 2034 1363 Dcrvo
2058 1348 2072 1374 ,
2120 1309 2212 1363 ubi
2243 1308 2436 1364 fluvius
2468 1309 2766 1365 Alsmantia
2806 1313 3106 1383 ingreditur
3137 1317 3188 1370 in
3221 1317 3437 1387 Vigcra,

1856 1397 1909 1450 in
1937 1411 2073 1467 pago
2101 1397 2359 1453 Pertense
2380 1439 2394 1463 ,
2435 1400 2671 1456 ostendit
2705 1402 2863 1456 nobis
2910 1403 3302 1459 immunitatem
3353 1408 3439 1461 avi

1856 1488 2025 1542 nostri
2054 1487 2266 1557 Pippini
2299 1490 2439 1561 regis
2463 1529 2479 1555 ,
2524 1491 2577 1544 in
2607 1506 2710 1560 qua
2743 1501 2863 1548 erat
2906 1494 3168 1549 insertum
3207 1496 3441 1566 qualiter

1856 1578 1971 1647 ipse
1998 1586 2053 1632 et
2079 1586 2454 1633 antecessores
2495 1580 2611 1649 ejus
2638 1621 2653 1645 ,
2706 1596 2863 1652 reges
2907 1583 3159 1638 videlicet
3207 1585 3444 1640 Franco-

1856 1682 2007 1732 rum,
2064 1666 2238 1736 ipsum
2285 1670 2677 1723 monasterium
2723 1685 2940 1740 semper
2973 1674 3074 1727 sub
3121 1675 3437 1743 plenissima

1853 1754 2165 1811 defensione
2205 1764 2260 1811 et
2302 1755 2663 1813 immanitatis
2709 1760 2938 1815 tuitione
2987 1762 3319 1819 habuissent.
3362 1765 3441 1821 0h

161 1852 370 1907 tributa
396 1853 680 1924 exigenda,
713 1860 807 1906 aut
833 1854 1143 1907 mansiones
1182 1852 1265 1907 vel
1294 1861 1511 1921 paratas
1548 1852 1750 1906 facien-
1779 1840 1825 1898 Β
1854 1846 2165 1901 ﬁrmitatem
2223 1855 2402 1901 tamen
2466 1849 2545 1902 rei
2596 1850 2889 1918 postulavit
2942 1854 3098 1908 nobis
3150 1856 3442 1923 praedictus

159 1945 283 2009 das,
322 1952 418 1998 aut
452 1942 798 2012 fideiussores
846 1943 1138 2006 tollendos,
1180 1950 1273 1995 aut
1315 1942 1559 1997 homines
1586 1942 1754 2011 ipsius

161 2034 502 2098 monasterii,
534 2042 649 2087 tam
672 2034 932 2105 ingenuos
960 2048 1121 2103 quam
1147 2041 1201 2087 et
1223 2048 1430 2097 servos,
1460 2048 1621 2101 super
1649 2041 1754 2087 ter-

160 2141 287 2180 ram
329 2126 505 2196 ipsius
537 2134 941 2179 commanentes
983 2124 1413 2193 distringendos,
1445 2110 1569 2179 ‘nec
1614 2122 1750 2176 ullas

159 2206 553 2270 redhibitiones
603 2224 697 2269 aut
746 2215 963 2270 illicitas
1009 2215 1328 2269 occasiones
1376 2213 1747 2281 requirendas,

100 2350 103 2357 ,
159 2308 367 2363 nostris
386 2322 487 2362 nec
517 2305 710 2360 futuris
734 2306 1063 2375 temporibus
1090 2304 1296 2373 ingredi
1317 2304 1534 2368 audeat,
1560 2318 1660 2357 nec
1687 2317 1750 2356 ea

157 2412 282 2466 quae
313 2411 475 2465 supra
514 2404 810 2451 memorata
850 2403 994 2460 sunt,
1044 2394 1261 2464 penitus
1303 2394 1522 2462 exigere
1548 2408 1751 2461 prmsu-

157 2494 298 2540 mat.
351 2485 620 2554 Quidquid
646 2484 812 2539 etiam
859 2486 925 2538 dc
952 2482 1190 2553 praefatis
1222 2483 1383 2537 rebus
1427 2482 1745 2536 monasterii

155 2577 328 2633 ﬁscus
352 2578 569 2648 exigere
590 2584 822 2647 poterat,
856 2576 911 2631 in
943 2577 1208 2645 integrum
1239 2591 1338 2645 pro
1363 2584 1564 2629 acterna
1596 2575 1749 2628 retri-

153 2667 382 2724 butione
426 2669 603 2724 eidem
648 2668 997 2723 concedimus
1048 2667 1410 2732 monasterio;
1452 2666 1660 2721 scilicet
1691 2675 1749 2721 ut

153 2759 489 2829 perennibus
539 2758 872 2827 temporibus
915 2758 969 2811 in
1016 2757 1326 2811 alimoniam
1355 2772 1650 2825 pauperum
1696 2765 1750 2811 et

152 2849 426 2919 stipendia
453 2848 839 2903 monachorum
868 2847 1067 2902 ibidem
1094 2847 1203 2901 Deo
1227 2845 1602 2900 famulantium
1626 2863 1749 2916 pro-

155 2938 310 2992 ficiat
334 2938 389 2991 in
416 2945 783 3008 augmentum.
835 2936 902 2989 Et
944 2936 1157 3006 quando
1188 2934 1403 3005 quidem
1447 2936 1628 2990 divina
1655 2953 1748 2992 vo-

153 3030 376 3084 catione
418 3028 758 3098 supradictus
786 3027 954 3082 abbas
977 3067 992 3092 ,
1042 3026 1128 3081 vel
1159 3041 1502 3082 successores
1537 3027 1654 3097 eius
1683 3028 1747 3083 de

154 3122 259 3176 hac
286 3120 408 3175 luce
438 3120 813 3190 migraverint,
855 3119 1090 3189 quandiu
1121 3118 1222 3188 ipsi
1250 3119 1499 3173 monachi
1529 3119 1744 3175 interse

1855 1935 2052 2001 Hauto,
2099 1944 2159 1990 ut
2188 1936 2433 1992 eamdem
2479 1939 2856 1994 auctoritatem
2885 1942 2954 1996 ob
2984 1957 3224 1998 amorem
3258 1946 3351 2000 Dei
3384 1957 3442 2001 et

1853 2027 2211 2081 reverentiam
2255 2028 2424 2097 ipsius
2467 2029 2640 2083 sancti
2676 2030 2815 2096 loci,
2861 2040 3047 2086 nostra
3091 2034 3441 2093 continuare-

1852 2132 1973 2173 mus
2015 2119 2355 2173 auctoritate.
2412 2118 2577 2189 Cujus
2626 2122 2874 2189 petitioni
2908 2124 3137 2178 libenter
3168 2130 3441 2196 acquievi-

1850 2223 1972 2263 mus
2026 2217 2080 2264 et
2132 2210 2234 2263 hoc
2276 2219 2607 2277 praeceptum
2653 2212 2992 2267 auctoritatis
3039 2223 3239 2269 nostrae
3290 2218 3438 2274 circa

1852 2300 2027 2369 ipsum
2074 2306 2323 2353 sanetum
2369 2298 2544 2354 locum
2588 2300 2702 2355 fieri
2746 2303 3120 2370 decrevimus,
3170 2322 3268 2375 per
3294 2312 3436 2378 quod

1843 2388 2096 2456 iubemus
2118 2398 2279 2458 atque
2303 2390 2647 2461 praecipimus
2674 2400 2732 2446 ut
2768 2408 2927 2448 nemo
2952 2393 3188 2449 fidelium
3219 2408 3436 2454 nostro~

1850 2494 1993 2545 rum,
2044 2478 2129 2533 vel
2157 2478 2413 2548 quislibet
2450 2495 2516 2535 ex
2551 2480 2838 2547 iudiciaria
2872 2491 3137 2551 potestate
3180 2486 3235 2539 in
3265 2489 3439 2543 eccle-

1849 2568 1960 2623 sias
2004 2578 2098 2623 aut
2125 2568 2243 2623 loca
2283 2569 2370 2624 vel
2400 2584 2597 2640 agros,
2652 2587 2747 2625 seu
2793 2572 3028 2642 reliquas
3069 2579 3441 2643 possessiones

1849 2658 2095 2728 prmdicti
2122 2660 2471 2724 monasterii,
2505 2674 2638 2728 quas
2662 2662 2922 2716 moderno
2949 2671 3191 2734 tempore
3214 2666 3359 2735 iuste
3386 2681 3441 2725 et

1851 2754 2241 2809 rationabiliter
2289 2756 2548 2825 possidet,
2581 2755 2663 2810 vel
2707 2771 2770 2811 ea
2808 2772 2927 2826 qua:
2966 2758 3222 2831 deinceps
3271 2763 3322 2818 in
3350 2765 3439 2834 ius

1852 2844 2020 2911 ipsius
2064 2844 2377 2899 monasterii
2424 2843 2654 2898 voluerit
2699 2845 2879 2899 divina
2906 2848 3079 2915 pietas
3110 2853 3316 2921 augeri,
3369 2856 3434 2907 ad

1849 2950 2040 2990 causas
2069 2936 2383 3000 audiendas,
2436 2934 2518 2987 vel
2562 2936 2710 2989 freda
2749 2938 3041 3008 exigenda,
3074 2949 3167 2994 aut
3197 2945 3435 2999 mansio-

1848 3040 1945 3080 nes
1969 3024 2051 3081 vel
2075 3033 2293 3094 paratas
2321 3024 2615 3090 faciendas,
2646 3033 2738 3079 aut
2770 3010 3114 3098 fideiussores
3143 3031 3430 3097 tollendos,

1850 3124 1943 3170 aut
1966 3116 2212 3171 homines
2241 3115 2481 3186 eiusdem
2513 3116 2827 3170 monasterii
2871 3116 3071 3186 injuste
3109 3120 3437 3191 distringen-

154 3208 294 3265 tales
338 3209 583 3263 invenire
628 3187 888 3278 poterunt
915 3208 1009 3277 qui
1057 3208 1229 3276 ipsam
1272 3209 1741 3278 congregationem
1772 3187 1815 3249 θ
1848 3206 1967 3270 dos,
2007 3220 2110 3260 nec
2138 3205 2273 3260 ullas
2303 3205 2691 3260 redhibitiones
2732 3214 2823 3259 aut
2855 3207 3073 3263 illicitas
3122 3187 3437 3268 occasiones

154 3304 453 3359 secundum
482 3302 721 3373 regulam
749 3302 923 3357 sancti
965 3301 1245 3356 Benedicti
1291 3316 1480 3371 regere
1506 3300 1740 3366 valeant,

154 3408 254 3463 per
282 3394 425 3448 hanc
450 3402 692 3449 nostram
717 3392 1096 3447 auctoritatem
1136 3400 1191 3446 et
1226 3404 1548 3445 consensum
1578 3389 1748 3444 licen-

154 3487 288 3539 tiam
316 3483 544 3553 eligendi
589 3484 812 3538 abbates
857 3482 1241 3548 concedimus;
1300 3488 1567 3550 quatenus
1614 3480 1745 3549 ipsis

153 3574 441 3630 monachis
478 3574 570 3644 qui
602 3572 801 3627 ibidem
850 3572 961 3626 Deo
1005 3570 1258 3627 famulari
1294 3571 1547 3626 videntur
1570 3611 1585 3635 ,
1620 3584 1743 3624 cum

152 3666 321 3720 rebus
346 3665 431 3719 vel
473 3664 781 3720 hominibus
804 3663 979 3717 eidem
1001 3664 1330 3718 monasterio
1358 3661 1745 3731 aspicientibus

152 3759 241 3815 vel
263 3758 660 3830 pertinentibus
679 3797 695 3822 ,
736 3757 838 3811 sub
864 3755 1109 3810 tuitionis
1134 3755 1217 3810 vel
1260 3754 1616 3809 immunitatis
1647 3768 1744 3807 no-

150 3857 285 3905 strae
318 3847 632 3903 defensione
654 3887 669 3912 ,
705 3854 911 3902 remota
942 3846 1104 3899 totius
1133 3845 1332 3915 iniquae
1355 3843 1639 3913 potestatis
1662 3843 1745 3896 in-

151 3939 471 4011 quietudine
488 3980 502 4003 ,
535 3940 716 4009 quieto
742 3939 931 3995 ordine
958 3937 1235 4008 possidere
1257 3944 1312 3992 et
1335 3952 1434 4007 pro
1462 3936 1747 3991 incolumi-

152 4038 265 4084 tate
306 4037 509 4084 nostra:
537 4029 778 4100 conjugis
804 4037 859 4083 et
882 4029 1050 4097 prolis
1070 4068 1083 4092 ,
1132 4042 1227 4082 seu
1257 4028 1420 4081 etiam
1452 4028 1617 4082 totius
1646 4027 1745 4080 im-

152 4121 293 4191 perii
338 4137 368 4175 a
404 4121 515 4176 Deo
541 4121 697 4176 nobis
739 4120 915 4176 collati
957 4128 1011 4174 et
1038 4118 1154 4188 eius
1200 4118 1623 4174 clementissima
1650 4120 1746 4173 mi-

151 4211 429 4266 seratione
472 4217 731 4281 perpetuo
756 4208 1135 4273 conservandi,
1161 4208 1256 4263 Dei
1300 4223 1396 4277 per
1424 4209 1743 4262 immensam

152 4300 503 4357 clementiam
545 4299 748 4369 iugiter
798 4314 1025 4354 exorare
1080 4298 1328 4353 delectet.
1389 4297 1541 4351 lianc
1582 4298 1744 4368 igitur

154 4392 535 4448 auctoritatem
560 4432 573 4454 ,
620 4399 678 4443 ut
708 4389 1003 4459 pleniorem
1055 4389 1109 4441 in
1142 4388 1252 4443 Deo
1284 4387 1533 4443 obtinere
1566 4388 1743 4442 valeat

151 4483 421 4551 vigorem,
466 4488 521 4534 et
548 4496 579 4535 a
603 4478 845 4533 fidelibus
875 4485 1075 4532 sancta:
1107 4477 1363 4533 Ecclesia:
1400 4486 1454 4531 et
1484 4493 1513 4531 a
1542 4478 1743 4533 nostris

153 4571 445 4627 roboretur
469 4610 485 4636 ,
529 4578 586 4625 et
618 4570 800 4624 verius
840 4569 1124 4633 credatur,
1167 4575 1221 4621 et
1255 4567 1566 4638 diligentius
1614 4582 1742 4621 con-

154 4668 428 4726 servetur,
460 4674 623 4713 manu
646 4658 863 4729 propria
890 4657 1415 4713 subtcrfirmavimus
1433 4699 1446 4723 ,
1478 4666 1531 4714 ct
1555 4658 1740 4712 annuli

156 4752 331 4807 nostri
360 4751 711 4822 impressione
737 4750 937 4820 signari
956 4748 1240 4817 iussimus.

227 4836 455 4912 Signum
484 4840 738 4895 Ludovici
764 4840 1097 4895 serenissitni
1124 4840 1482 4909 imperatoris.

230 4932 545 4989 Helisachar
572 4931 875 5001 recognovi.

229 5027 368 5080 Data
396 5040 435 5079 11
461 5023 583 5078 ldus
609 5022 793 5087 Febr.,
817 5036 978 5083 anno,
1008 5019 1224 5075 Christo
1259 5021 1509 5091 propitio,
1546 5022 1600 5075 ll
1635 5023 1734 5075 im—

158 5117 296 5190 perii
327 5116 529 5171 domini
558 5113 750 5178 nostri,
779 5113 1069 5167 indictione
1098 5113 1151 5166 8.
1188 5112 1380 5167 Actum
1410 5112 1732 5183 Aquisgrani

156 5209 360 5282 palatio
386 5207 536 5276 regio
558 5206 613 5260 in
638 5203 734 5258 Dei
761 5202 976 5257 nomine
1003 5200 1253 5255 feliciter.
1282 5202 1472 5255 Amen.

857 5291 1045 5346 XXIX.

567 5380 667 5421 PRO
694 5377 1029 5418 IIONASTERIO
1056 5378 1306 5417 οιίῐινεδδι
1318 5402 1330 5414 .

761 5434 932 5503 (Anno
958 5431 1108 5498 815.)

161 5507 339 5580 [Apud
387 5507 449 5561 D.
496 5500 778 5580 Bouquetg
806 5502 957 5567 ibitL,
996 5516 1114 5570 pag.
1147 5502 1272 5580 .4716,
1320 5517 1383 5555 cx
1416 5500 1744 5554 chartulario

675 5572 835 5640 huius
865 5571 1227 5641 monasterii._|

233 5671 290 5725 In
328 5670 546 5724 nomine
577 5665 786 5720 Domini
835 5663 928 5715 Dei
960 5670 1011 5715 cl
1052 5660 1349 5715 Salvutoris
1402 5658 1570 5713 neStri
1618 5657 1740 5711 Jesu

1849 3296 2241 3365 requirendas,
2284 3296 2487 3350 nostris
2515 3303 2570 3350 et
2610 3295 2806 3350 futuris
2852 3299 3184 3367 temporibus
3229 3302 3436 3373 ingredi

1848 3387 2076 3451 audeat,
2122 3386 2208 3440 vel
2237 3400 2300 3441 ea
2329 3400 2448 3455 quae
2478 3401 2641 3456 supra
2684 3395 2978 3442 memorata
3009 3398 3134 3443 sunt
3155 3432 3169 3456 ,
3220 3394 3437 3460 penitus

1847 3476 2068 3547 exigere
2093 3484 2407 3546 praesumat.
2438 3474 2546 3530 Sed
2572 3474 2734 3530 liceat
2772 3485 3073 3533 memorato
3101 3479 3278 3534 abbati
3303 3484 3437 3538 suis-

1849 3582 1953 3636 que
1981 3567 2386 3622 successoribus
2433 3581 2521 3621 res
2554 3565 2798 3635 praedicti
2844 3569 3160 3623 monasterii
3202 3571 3302 3626 sub
3330 3572 3434 3626 im-

1850 3655 2131 3709 munitatis
2153 3664 2350 3709 nostra:
2371 3654 2685 3709 defensione
2711 3656 2894 3723 quieto
2917 3658 3105 3712 ordine
3133 3660 3431 3732 possidere.

1847 3745 1915 3800 Et
1938 3744 2197 3814 quidquid
2222 3745 2415 3799 exinde
2450 3743 2542 3813 jus
2572 3743 2686 3799 fisci
2715 3746 2932 3815 exigere
2959 3756 3171 3815 poterat
3195 3790 3209 3814 ,
3260 3758 3432 3806 totum

1849 3851 1947 3890 nos
1987 3849 2087 3905 pro
2136 3842 2337 3889 aeterna
2370 3836 2809 3890 remuneratione
2844 3835 3069 3904 praefato
3100 3842 3427 3896 monasterio

1849 3923 2214 3987 concedimus,
2268 3921 2406 3975 utin
2438 3920 2692 3974 alimonia
2724 3936 3021 3991 pauperum
3068 3933 3122 3980 et
3165 3927 3428 3995 stipendia

1848 4028 2127 4069 servorum
2157 4012 2354 4067 ibidem
2384 4013 2494 4067 Deo
2542 4011 2915 4067 famulantium
2945 4015 3191 4083 proficiat
3234 4032 3429 4085 peren-

1848 4105 2008 4161 nibus
2053 4102 2383 4172 temporibus
2428 4104 2485 4156 in
2531 4110 2917 4171 augmentum,
2973 4114 3239 4173 quatenus
3284 4108 3430 4175 ipsos

1850 4211 2036 4252 servos
2078 4196 2173 4250 Dei
2205 4195 2298 4264 qui
2344 4194 2545 4249 ibidem
2576 4195 2686 4249 Deo
2729 4194 3088 4261 famulantur,
3135 4212 3233 4266 pro
3272 4200 3430 4255 nobis

1848 4298 1903 4343 et
1927 4287 2152 4359 coniuge
2186 4287 2442 4357 prolcquc
2470 4294 2677 4350 nostra,
2726 4295 2779 4340 et
2807 4302 2905 4356 pro
2938 4288 3233 4345 stabilitate
3264 4292 3428 4347 totius

1850 4379 2058 4448 imperii
2097 4394 2127 4431 a
2157 4378 2266 4432 Deo
2296 4378 2450 4432 nobis
2477 4377 2656 4433 collati
2698 4378 2780 4432 vel
2816 4382 3193 4447 conservandi,
3224 4381 3429 4453 iugiter

1851 4470 2062 4526 Domini
2092 4468 2517 4549 misericordiam
2544 4482 2769 4522 exorare
2820 4469 3069 4524 delectet.
3121 4473 3186 4525 Et
3220 4483 3278 4525 ut
3309 4475 3425 4531 haec

1849 4560 2144 4615 auctoritas
2172 4598 2185 4623 ,
2235 4557 2462 4612 Domino
2514 4565 2863 4625 protegente,
2896 4558 3073 4612 valeat
3110 4561 3424 4617 inconvulsa

1849 4665 2087 4713 manere,
2121 4664 2282 4703 manu
2310 4649 2528 4718 propria
2567 4649 3109 4716 subterfirmavimus,
3156 4659 3212 4706 et
3241 4654 3423 4712 annuli

1846 4741 2015 4796 nostri
2046 4740 2401 4809 impressione
2424 4739 2624 4809 signari
2648 4738 2929 4806 iussimus.

1916 4830 2141 4898 Signum
2172 4830 2428 4883 Ludovici
2458 4828 2687 4898 piissimi
2710 4829 3071 4898 imperatoris.

1917 4920 2203 4974 Durandus
2258 4920 2516 4974 diaconus
2561 4920 2629 4974 ad
2675 4918 2845 4973 vicem
2903 4919 3217 4975 Helisachar
3270 4935 3419 4975 reco-

1845 5011 2047 5081 gnovit.

1911 5102 2044 5156 Data
2074 5118 2111 5155 11
2152 5101 2266 5155 Kal.
2302 5100 2680 5165 Martii,anno,
2705 5096 2920 5154 Christo
2944 5100 3195 5168 pmpilio,
3226 5100 3281 5153 11
3315 5101 3415 5153 im-

1844 5192 1981 5263 perii
2017 5191 2199 5248 domni
2249 5191 2504 5245 Ludovici
2551 5190 2777 5259 piissimi
2830 5190 3076 5261 Augusti,
3131 5191 3419 5245 indictione

1846 5284 1899 5337 8.
1931 5283 2124 5336 Actum
2152 5281 2472 5350 Aquisgrani
2519 5280 2717 5350 palatio
2761 5281 2909 5351 regio
2958 5281 3011 5333 in
3060 5279 3151 5333 Dei
3199 5279 3423 5335 nomine

1848 5373 2089 5427 feliciter.
2124 5370 2311 5426 Amen.

240 5796 266 5825 ι
303 5780 469 5851 Vulgo
538 5779 761 5832 .h’tmifcr
796 5791 853 5828 (π
886 5772 1031 5836 Dur,
1102 5773 1152 5825 in
1216 5770 1432 5825 diutum
1493 5766 1867 5823 (hitalaunensi
