  <div class='ocr_page' id='page_1' title='image "/cluster/home/n/w/nwhite01/storage/ocr_20150623/104/uva.x000827061/517.png"; bbox 0 0 3936 6340; ppageno 0'>
   <div class='ocr_carea' id='block_1_1' title="bbox 496 324 636 385">
    <p class='ocr_par' dir='ltr' id='par_1_1' title="bbox 496 324 636 385">
     <span class='ocr_line' id='line_1_1' title="bbox 496 324 636 385; baseline -0.043 0"><span class='ocrx_word' id='word_1_1' title='bbox 496 324 636 385; x_wconf 74' lang='grc'><strong>1019</strong></span> 
     </span>
    </p>
   </div>
   <div class='ocr_carea' id='block_1_2' title="bbox 1209 439 1378 494">
    <p class='ocr_par' dir='ltr' id='par_1_2' title="bbox 1209 439 1378 494">
     <span class='ocr_line' id='line_1_2' title="bbox 1209 439 1378 494; baseline -0.012 0"><span class='ocrx_word' id='word_1_2' title='bbox 1209 439 1378 494; x_wconf 78' lang='lat' dir='ltr'><strong>XXX.</strong></span> 
     </span>
    </p>
   </div>
   <div class='ocr_carea' id='block_1_3' title="bbox 890 545 1694 588">
    <p class='ocr_par' dir='ltr' id='par_1_3' title="bbox 890 545 1694 588">
     <span class='ocr_line' id='line_1_3' title="bbox 890 545 1694 588; baseline -0.001 -2"><span class='ocrx_word' id='word_1_3' title='bbox 890 549 990 588; x_wconf 73' lang='lat' dir='ltr'><strong>PRO</strong></span> <span class='ocrx_word' id='word_1_4' title='bbox 1027 547 1365 588; x_wconf 69' lang='lat' dir='ltr'><strong>MONASTERIO</strong></span> <span class='ocrx_word' id='word_1_5' title='bbox 1395 545 1694 587; x_wconf 75' lang='lat' dir='ltr'><strong>GORZIENSI.</strong></span> 
     </span>
    </p>
   </div>
   <div class='ocr_carea' id='block_1_4' title="bbox 1115 623 1465 695">
    <p class='ocr_par' dir='ltr' id='par_1_4' title="bbox 1115 623 1465 695">
     <span class='ocr_line' id='line_1_4' title="bbox 1115 623 1465 695; baseline 0.003 -18"><span class='ocrx_word' id='word_1_6' title='bbox 1115 623 1288 695; x_wconf 78' lang='lat' dir='ltr'><strong>(Anno</strong></span> <span class='ocrx_word' id='word_1_7' title='bbox 1315 623 1465 692; x_wconf 85' lang='grc'><strong>815.)</strong></span> 
     </span>
    </p>
   </div>
   <div class='ocr_carea' id='block_1_5' title="bbox 621 732 1960 808">
    <p class='ocr_par' dir='ltr' id='par_1_5' title="bbox 621 732 1960 808">
     <span class='ocr_line' id='line_1_5' title="bbox 621 732 1960 808; baseline 0.001 -20"><span class='ocrx_word' id='word_1_8' title='bbox 621 734 800 808; x_wconf 82' lang='lat' dir='ltr'><strong>[Apud</strong></span> <span class='ocrx_word' id='word_1_9' title='bbox 829 735 890 789; x_wconf 95' lang='lat' dir='ltr'><strong>D.</strong></span> <span class='ocrx_word' id='word_1_10' title='bbox 928 734 1181 800; x_wconf 89' lang='lat' dir='ltr'><strong>Calmet.,</strong></span> <span class='ocrx_word' id='word_1_11' title='bbox 1210 733 1350 789; x_wconf 84' lang='lat' dir='ltr'><strong>Hist.</strong></span> <span class='ocrx_word' id='word_1_12' title='bbox 1379 733 1626 801; x_wconf 66' lang='lat' dir='ltr'><strong>Lat/can,</strong></span> <span class='ocrx_word' id='word_1_13' title='bbox 1656 750 1778 807; x_wconf 90' lang='lat' dir='ltr'><strong>pag.</strong></span> <span class='ocrx_word' id='word_1_14' title='bbox 1809 732 1960 806; x_wconf 74' lang='lat'><strong>298.]</strong></span> 
     </span>
    </p>
   </div>
   <div class='ocr_carea' id='block_1_6' title="bbox 567 839 2089 902">
    <p class='ocr_par' dir='ltr' id='par_1_6' title="bbox 567 839 2089 902">
     <span class='ocr_line' id='line_1_6' title="bbox 567 839 2089 902; baseline 0 -3"><span class='ocrx_word' id='word_1_15' title='bbox 567 845 624 900; x_wconf 90' lang='lat' dir='ltr'><strong>In</strong></span> <span class='ocrx_word' id='word_1_16' title='bbox 653 846 870 901; x_wconf 85' lang='lat' dir='ltr'><strong>nomine</strong></span> <span class='ocrx_word' id='word_1_17' title='bbox 907 846 1121 901; x_wconf 84' lang='lat' dir='ltr'><strong>Domini</strong></span> <span class='ocrx_word' id='word_1_18' title='bbox 1166 846 1262 902; x_wconf 88' lang='lat' dir='ltr'><strong>Dei</strong></span> <span class='ocrx_word' id='word_1_19' title='bbox 1301 862 1367 901; x_wconf 90' lang='lat' dir='ltr'><strong>ac</strong></span> <span class='ocrx_word' id='word_1_20' title='bbox 1413 845 1712 902; x_wconf 86' lang='lat' dir='ltr'><strong>Salvatoris</strong></span> <span class='ocrx_word' id='word_1_21' title='bbox 1755 844 1930 901; x_wconf 79' lang='lat' dir='ltr'><strong>nostri</strong></span> <span class='ocrx_word' id='word_1_22' title='bbox 1959 839 2089 901; x_wconf 71' lang='lat' dir='ltr'><strong>Iesu</strong></span> 
     </span>
    </p>
   </div>
   <div class='ocr_carea' id='block_1_7' title="bbox 495 931 2088 1003">
    <p class='ocr_par' dir='ltr' id='par_1_7' title="bbox 495 931 2088 1003">
     <span class='ocr_line' id='line_1_7' title="bbox 495 931 2088 1003; baseline 0.001 -15"><span class='ocrx_word' id='word_1_23' title='bbox 495 931 720 988; x_wconf 76' lang='lat' dir='ltr'><strong>Christi.</strong></span> <span class='ocrx_word' id='word_1_24' title='bbox 748 933 945 990; x_wconf 83' lang='lat' dir='ltr'><strong>Amen.</strong></span> <span class='ocrx_word' id='word_1_25' title='bbox 966 935 1296 1003; x_wconf 86' lang='lat' dir='ltr'><strong>Ludovicus,</strong></span> <span class='ocrx_word' id='word_1_26' title='bbox 1327 936 1511 992; x_wconf 89' lang='lat' dir='ltr'><strong>divina</strong></span> <span class='ocrx_word' id='word_1_27' title='bbox 1541 935 1828 993; x_wconf 84' lang='lat' dir='ltr'><strong>ordinante</strong></span> <span class='ocrx_word' id='word_1_28' title='bbox 1855 939 2088 991; x_wconf 83' lang='lat' dir='ltr'><strong>clemen-</strong></span> 
     </span>
    </p>
   </div>
   <div class='ocr_carea' id='block_1_8' title="bbox 495 1024 1234 1099">
    <p class='ocr_par' dir='ltr' id='par_1_8' title="bbox 495 1024 1234 1099">
     <span class='ocr_line' id='line_1_8' title="bbox 495 1024 1234 1099; baseline 0.004 -21"><span class='ocrx_word' id='word_1_29' title='bbox 495 1024 596 1090; x_wconf 90' lang='lat' dir='ltr'><strong>tia,</strong></span> <span class='ocrx_word' id='word_1_30' title='bbox 614 1024 910 1094; x_wconf 79' lang='lat' dir='ltr'><strong>imperator</strong></span> <span class='ocrx_word' id='word_1_31' title='bbox 935 1024 1234 1099; x_wconf 80' lang='lat' dir='ltr'><strong>Augustus.</strong></span> 
     </span>
    </p>
   </div>
   <div class='ocr_carea' id='block_1_9' title="bbox 565 1114 2092 1192">
    <p class='ocr_par' dir='ltr' id='par_1_9' title="bbox 565 1114 2092 1192">
     <span class='ocr_line' id='line_1_9' title="bbox 565 1114 2092 1192; baseline 0.003 -20"><span class='ocrx_word' id='word_1_32' title='bbox 565 1114 704 1172; x_wconf 87' lang='lat' dir='ltr'><strong>Cum</strong></span> <span class='ocrx_word' id='word_1_33' title='bbox 738 1117 947 1187; x_wconf 86' lang='lat' dir='ltr'><strong>justum</strong></span> <span class='ocrx_word' id='word_1_34' title='bbox 975 1133 1096 1174; x_wconf 86' lang='lat' dir='ltr'><strong>esse</strong></span> <span class='ocrx_word' id='word_1_35' title='bbox 1125 1127 1343 1175; x_wconf 76' lang='lat' dir='ltr'><strong>constat</strong></span> <span class='ocrx_word' id='word_1_36' title='bbox 1388 1129 1450 1174; x_wconf 92' lang='lat' dir='ltr'><strong>ut</strong></span> <span class='ocrx_word' id='word_1_37' title='bbox 1485 1120 1679 1192; x_wconf 86' lang='lat' dir='ltr'><strong>regalis</strong></span> <span class='ocrx_word' id='word_1_38' title='bbox 1711 1128 1874 1190; x_wconf 87' lang='lat' dir='ltr'><strong>atque</strong></span> <span class='ocrx_word' id='word_1_39' title='bbox 1919 1120 2092 1190; x_wconf 80' lang='lat' dir='ltr'><strong>impe-</strong></span> 
     </span>
    </p>
   </div>
   <div class='ocr_carea' id='block_1_10' title="bbox 495 1208 2088 1294">
    <p class='ocr_par' dir='ltr' id='par_1_10' title="bbox 495 1208 2088 1294">
     <span class='ocr_line' id='line_1_10' title="bbox 495 1208 2088 1294; baseline 0.003 -30"><span class='ocrx_word' id='word_1_40' title='bbox 495 1208 649 1264; x_wconf 84' lang='lat' dir='ltr'><strong>rialis</strong></span> <span class='ocrx_word' id='word_1_41' title='bbox 677 1216 921 1294; x_wconf 75' lang='lat' dir='ltr'><strong>potestas</strong></span> <span class='ocrx_word' id='word_1_42' title='bbox 955 1211 1042 1267; x_wconf 88' lang='lat' dir='ltr'><strong>his</strong></span> <span class='ocrx_word' id='word_1_43' title='bbox 1069 1211 1288 1284; x_wconf 81' lang='lat' dir='ltr'><strong>aliquod</strong></span> <span class='ocrx_word' id='word_1_44' title='bbox 1332 1228 1531 1269; x_wconf 87' lang='lat' dir='ltr'><strong>munus</strong></span> <span class='ocrx_word' id='word_1_45' title='bbox 1552 1213 1827 1282; x_wconf 83' lang='lat' dir='ltr'><strong>impertiat</strong></span> <span class='ocrx_word' id='word_1_46' title='bbox 1857 1227 2088 1294; x_wconf 68' lang='lat' dir='ltr'><strong>quorum</strong></span> 
     </span>
    </p>
   </div>
   <div class='ocr_carea' id='block_1_11' title="bbox 495 1287 2088 1377">
    <p class='ocr_par' dir='ltr' id='par_1_11' title="bbox 495 1287 2088 1377">
     <span class='ocr_line' id='line_1_11' title="bbox 495 1287 2088 1377; baseline 0.004 -23"><span class='ocrx_word' id='word_1_47' title='bbox 495 1287 798 1357; x_wconf 70' lang='lat' dir='ltr'><strong>necessitas</strong></span> <span class='ocrx_word' id='word_1_48' title='bbox 838 1303 940 1358; x_wconf 89' lang='lat' dir='ltr'><strong>hoc</strong></span> <span class='ocrx_word' id='word_1_49' title='bbox 964 1305 1240 1373; x_wconf 90' lang='lat' dir='ltr'><strong>postulare</strong></span> <span class='ocrx_word' id='word_1_50' title='bbox 1270 1305 1694 1375; x_wconf 87' lang='lat' dir='ltr'><strong>comprobetur;</strong></span> <span class='ocrx_word' id='word_1_51' title='bbox 1724 1287 2088 1377; x_wconf 41' lang='lat' dir='ltr'><strong>cumque&#39;non</strong></span> 
     </span>
    </p>
   </div>
   <div class='ocr_carea' id='block_1_12' title="bbox 495 1388 2089 1466">
    <p class='ocr_par' dir='ltr' id='par_1_12' title="bbox 495 1388 2089 1466">
     <span class='ocr_line' id='line_1_12' title="bbox 495 1388 2089 1466; baseline 0.006 -25"><span class='ocrx_word' id='word_1_52' title='bbox 495 1388 678 1444; x_wconf 89' lang='lat' dir='ltr'><strong>minus</strong></span> <span class='ocrx_word' id='word_1_53' title='bbox 705 1392 978 1459; x_wconf 82' lang='lat' dir='ltr'><strong>aequitatis</strong></span> <span class='ocrx_word' id='word_1_54' title='bbox 1018 1394 1151 1450; x_wconf 89' lang='lat' dir='ltr'><strong>ordo</strong></span> <span class='ocrx_word' id='word_1_55' title='bbox 1175 1394 1392 1450; x_wconf 88' lang='lat' dir='ltr'><strong>videtur</strong></span> <span class='ocrx_word' id='word_1_56' title='bbox 1433 1396 1654 1466; x_wconf 82' lang='lat' dir='ltr'><strong>exigere</strong></span> <span class='ocrx_word' id='word_1_57' title='bbox 1693 1403 1752 1449; x_wconf 89' lang='lat' dir='ltr'><strong>ut</strong></span> <span class='ocrx_word' id='word_1_58' title='bbox 1778 1396 1864 1451; x_wconf 90' lang='lat' dir='ltr'><strong>his</strong></span> <span class='ocrx_word' id='word_1_59' title='bbox 1898 1396 2089 1450; x_wconf 90' lang='lat' dir='ltr'><strong>eadem</strong></span> 
     </span>
    </p>
   </div>
   <div class='ocr_carea' id='block_1_13' title="bbox 493 1479 2088 1554">
    <p class='ocr_par' dir='ltr' id='par_1_13' title="bbox 493 1479 2088 1554">
     <span class='ocr_line' id='line_1_13' title="bbox 493 1479 2088 1554; baseline 0.005 -22"><span class='ocrx_word' id='word_1_60' title='bbox 493 1479 735 1546; x_wconf 85' lang='lat' dir='ltr'><strong>potentia</strong></span> <span class='ocrx_word' id='word_1_61' title='bbox 767 1481 994 1537; x_wconf 89' lang='lat' dir='ltr'><strong>liberius</strong></span> <span class='ocrx_word' id='word_1_62' title='bbox 1023 1499 1211 1537; x_wconf 82' lang='lat' dir='ltr'><strong>aurem</strong></span> <span class='ocrx_word' id='word_1_63' title='bbox 1253 1485 1647 1550; x_wconf 81' lang='lat' dir='ltr'><strong>accommodet,</strong></span> <span class='ocrx_word' id='word_1_64' title='bbox 1690 1492 1746 1539; x_wconf 91' lang='lat' dir='ltr'><strong>et</strong></span> <span class='ocrx_word' id='word_1_65' title='bbox 1772 1500 1962 1541; x_wconf 90' lang='lat' dir='ltr'><strong>eorum</strong></span> <span class='ocrx_word' id='word_1_66' title='bbox 1991 1500 2088 1554; x_wconf 79' lang='lat' dir='ltr'><strong>pe—</strong></span> 
     </span>
    </p>
   </div>
   <div class='ocr_carea' id='block_1_14' title="bbox 497 1567 2093 1645">
    <p class='ocr_par' dir='ltr' id='par_1_14' title="bbox 497 1567 2093 1645">
     <span class='ocr_line' id='line_1_14' title="bbox 497 1567 2093 1645; baseline 0.006 -25"><span class='ocrx_word' id='word_1_67' title='bbox 497 1567 717 1623; x_wconf 84' lang='lat' dir='ltr'><strong>titiones</strong></span> <span class='ocrx_word' id='word_1_68' title='bbox 753 1570 818 1624; x_wconf 88' lang='lat' dir='ltr'><strong>ad</strong></span> <span class='ocrx_word' id='word_1_69' title='bbox 852 1569 1104 1626; x_wconf 78' lang='lat' dir='ltr'><strong>effectum</strong></span> <span class='ocrx_word' id='word_1_70' title='bbox 1151 1574 1431 1643; x_wconf 81' lang='lat' dir='ltr'><strong>perducat,</strong></span> <span class='ocrx_word' id='word_1_71' title='bbox 1481 1591 1714 1645; x_wconf 91' lang='lat' dir='ltr'><strong>quorum</strong></span> <span class='ocrx_word' id='word_1_72' title='bbox 1743 1575 1888 1630; x_wconf 89' lang='lat' dir='ltr'><strong>ﬁdeli</strong></span> <span class='ocrx_word' id='word_1_73' title='bbox 1919 1576 2093 1630; x_wconf 86' lang='lat' dir='ltr'><strong>famu-</strong></span> 
     </span>
    </p>
   </div>
   <div class='ocr_carea' id='block_1_15' title="bbox 497 1657 2087 1736">
    <p class='ocr_par' dir='ltr' id='par_1_15' title="bbox 497 1657 2087 1736">
     <span class='ocr_line' id='line_1_15' title="bbox 497 1657 2087 1736; baseline 0.006 -26"><span class='ocrx_word' id='word_1_74' title='bbox 497 1657 610 1711; x_wconf 91' lang='lat' dir='ltr'><strong>latu</strong></span> <span class='ocrx_word' id='word_1_75' title='bbox 640 1660 929 1716; x_wconf 90' lang='lat' dir='ltr'><strong>manifesta</strong></span> <span class='ocrx_word' id='word_1_76' title='bbox 973 1665 1275 1719; x_wconf 85' lang='lat' dir='ltr'><strong>devotionis</strong></span> <span class='ocrx_word' id='word_1_77' title='bbox 1313 1666 1572 1736; x_wconf 87' lang='lat' dir='ltr'><strong>obsequia</strong></span> <span class='ocrx_word' id='word_1_78' title='bbox 1605 1669 2046 1722; x_wconf 84' lang='lat' dir='ltr'><strong>demonstrantur</strong></span> <span class='ocrx_word' id='word_1_79' title='bbox 2075 1686 2087 1720; x_wconf 89' lang='lat'><strong>:</strong></span> 
     </span>
    </p>
   </div>
   <div class='ocr_carea' id='block_1_16' title="bbox 497 1750 2167 1849">
    <p class='ocr_par' dir='ltr' id='par_1_16' title="bbox 497 1750 2167 1849">
     <span class='ocr_line' id='line_1_16' title="bbox 497 1750 2167 1849; baseline 0.006 -47"><span class='ocrx_word' id='word_1_80' title='bbox 497 1750 702 1804; x_wconf 90' lang='lat' dir='ltr'><strong>idcirco</strong></span> <span class='ocrx_word' id='word_1_81' title='bbox 730 1760 917 1806; x_wconf 88' lang='lat' dir='ltr'><strong>notum</strong></span> <span class='ocrx_word' id='word_1_82' title='bbox 956 1752 1072 1807; x_wconf 90' lang='lat' dir='ltr'><strong>ﬁeri</strong></span> <span class='ocrx_word' id='word_1_83' title='bbox 1115 1755 1364 1810; x_wconf 92' lang='lat' dir='ltr'><strong>volumus</strong></span> <span class='ocrx_word' id='word_1_84' title='bbox 1411 1757 1654 1811; x_wconf 91' lang='lat' dir='ltr'><strong>omnium</strong></span> <span class='ocrx_word' id='word_1_85' title='bbox 1705 1757 1947 1813; x_wconf 89' lang='lat' dir='ltr'><strong>ﬁdelium</strong></span> <span class='ocrx_word' id='word_1_86' title='bbox 1991 1772 2090 1812; x_wconf 87' lang='lat' dir='ltr'><strong>no-</strong></span> <span class='ocrx_word' id='word_1_87' title='bbox 2120 1791 2167 1849; x_wconf 78' lang='grc' dir='ltr'><strong>Β</strong></span> 
     </span>
    </p>
   </div>
   <div class='ocr_carea' id='block_1_17' title="bbox 496 1843 2088 1919">
    <p class='ocr_par' dir='ltr' id='par_1_17' title="bbox 496 1843 2088 1919">
     <span class='ocr_line' id='line_1_17' title="bbox 496 1843 2088 1919; baseline 0.005 -26"><span class='ocrx_word' id='word_1_88' title='bbox 496 1848 732 1895; x_wconf 87' lang='lat' dir='ltr'><strong>strorum</strong></span> <span class='ocrx_word' id='word_1_89' title='bbox 752 1848 860 1895; x_wconf 92' lang='lat' dir='ltr'><strong>tam</strong></span> <span class='ocrx_word' id='word_1_90' title='bbox 891 1843 1241 1912; x_wconf 69' lang='lat' dir='ltr'><strong>prmsentium</strong></span> <span class='ocrx_word' id='word_1_91' title='bbox 1265 1860 1428 1919; x_wconf 85' lang='lat' dir='ltr'><strong>quam</strong></span> <span class='ocrx_word' id='word_1_92' title='bbox 1454 1845 1758 1902; x_wconf 88' lang='lat' dir='ltr'><strong>futurorum</strong></span> <span class='ocrx_word' id='word_1_93' title='bbox 1781 1847 2088 1916; x_wconf 75' lang='lat' dir='ltr'><strong>sagacitati,</strong></span> 
     </span>
    </p>
   </div>
   <div class='ocr_carea' id='block_1_18' title="bbox 496 1930 2092 2007">
    <p class='ocr_par' dir='ltr' id='par_1_18' title="bbox 496 1930 2092 2007">
     <span class='ocr_line' id='line_1_18' title="bbox 496 1930 2092 2007; baseline 0.005 -24"><span class='ocrx_word' id='word_1_94' title='bbox 496 1930 731 1998; x_wconf 82' lang='lat' dir='ltr'><strong>qualiter</strong></span> <span class='ocrx_word' id='word_1_95' title='bbox 755 1941 1077 2002; x_wconf 79' lang='lat' dir='ltr'><strong>suggerente</strong></span> <span class='ocrx_word' id='word_1_96' title='bbox 1104 1942 1268 2004; x_wconf 87' lang='lat' dir='ltr'><strong>atque</strong></span> <span class='ocrx_word' id='word_1_97' title='bbox 1306 1944 1525 2005; x_wconf 88' lang='lat' dir='ltr'><strong>petente</strong></span> <span class='ocrx_word' id='word_1_98' title='bbox 1557 1936 1907 2007; x_wconf 89' lang='lat' dir='ltr'><strong>Madephrido</strong></span> <span class='ocrx_word' id='word_1_99' title='bbox 1943 1936 2092 1992; x_wconf 89' lang='lat' dir='ltr'><strong>ﬁdeli</strong></span> 
     </span>
    </p>
   </div>
   <div class='ocr_carea' id='block_1_19' title="bbox 501 2024 2089 2097">
    <p class='ocr_par' dir='ltr' id='par_1_19' title="bbox 501 2024 2089 2097">
     <span class='ocr_line' id='line_1_19' title="bbox 501 2024 2089 2097; baseline 0.007 -24"><span class='ocrx_word' id='word_1_100' title='bbox 501 2028 704 2086; x_wconf 89' lang='lat' dir='ltr'><strong>nostro,</strong></span> <span class='ocrx_word' id='word_1_101' title='bbox 739 2036 826 2076; x_wconf 89' lang='lat' dir='ltr'><strong>res</strong></span> <span class='ocrx_word' id='word_1_102' title='bbox 860 2025 1123 2092; x_wconf 88' lang='lat' dir='ltr'><strong>quasdam</strong></span> <span class='ocrx_word' id='word_1_103' title='bbox 1149 2024 1557 2082; x_wconf 85' lang='lat' dir='ltr'><strong>Theodeinarus</strong></span> <span class='ocrx_word' id='word_1_104' title='bbox 1587 2027 1932 2097; x_wconf 82' lang='lat' dir='ltr'><strong>proprietatis</strong></span> <span class='ocrx_word' id='word_1_105' title='bbox 1960 2043 2089 2096; x_wconf 70' lang='lat' dir='ltr'><strong>suae,</strong></span> 
     </span>
    </p>
   </div>
   <div class='ocr_carea' id='block_1_20' title="bbox 498 2111 2092 2189">
    <p class='ocr_par' dir='ltr' id='par_1_20' title="bbox 498 2111 2092 2189">
     <span class='ocr_line' id='line_1_20' title="bbox 498 2111 2092 2189; baseline 0.006 -25"><span class='ocrx_word' id='word_1_106' title='bbox 498 2124 619 2180; x_wconf 64' lang='lat' dir='ltr'><strong>quae</strong></span> <span class='ocrx_word' id='word_1_107' title='bbox 643 2119 768 2166; x_wconf 87' lang='lat' dir='ltr'><strong>sunt</strong></span> <span class='ocrx_word' id='word_1_108' title='bbox 794 2111 849 2166; x_wconf 90' lang='lat' dir='ltr'><strong>in</strong></span> <span class='ocrx_word' id='word_1_109' title='bbox 872 2128 1009 2184; x_wconf 83' lang='lat' dir='ltr'><strong>pago</strong></span> <span class='ocrx_word' id='word_1_110' title='bbox 1041 2113 1426 2184; x_wconf 89' lang='lat' dir='ltr'><strong>Scarponensi,</strong></span> <span class='ocrx_word' id='word_1_111' title='bbox 1457 2117 1510 2172; x_wconf 91' lang='lat' dir='ltr'><strong>in</strong></span> <span class='ocrx_word' id='word_1_112' title='bbox 1539 2116 1646 2172; x_wconf 88' lang='lat' dir='ltr'><strong>ﬁne</strong></span> <span class='ocrx_word' id='word_1_113' title='bbox 1674 2118 2092 2189; x_wconf 88' lang='lat' dir='ltr'><strong>Theodalciaga,</strong></span> 
     </span>
    </p>
   </div>
   <div class='ocr_carea' id='block_1_21' title="bbox 495 2201 2094 2281">
    <p class='ocr_par' dir='ltr' id='par_1_21' title="bbox 495 2201 2094 2281">
     <span class='ocr_line' id='line_1_21' title="bbox 495 2201 2094 2281; baseline 0.008 -27"><span class='ocrx_word' id='word_1_114' title='bbox 495 2209 553 2255; x_wconf 90' lang='lat' dir='ltr'><strong>et</strong></span> <span class='ocrx_word' id='word_1_115' title='bbox 590 2217 643 2254; x_wconf 85' lang='lat' dir='ltr'><strong>tn</strong></span> <span class='ocrx_word' id='word_1_116' title='bbox 670 2201 776 2257; x_wconf 91' lang='lat' dir='ltr'><strong>ﬁne</strong></span> <span class='ocrx_word' id='word_1_117' title='bbox 809 2201 1146 2271; x_wconf 84' lang='lat' dir='ltr'><strong>Scammuse,</strong></span> <span class='ocrx_word' id='word_1_118' title='bbox 1179 2213 1235 2263; x_wconf 85' lang='lat' dir='ltr'><strong>et</strong></span> <span class='ocrx_word' id='word_1_119' title='bbox 1264 2207 1318 2263; x_wconf 89' lang='lat' dir='ltr'><strong>in</strong></span> <span class='ocrx_word' id='word_1_120' title='bbox 1341 2206 1446 2262; x_wconf 91' lang='lat' dir='ltr'><strong>ﬁne</strong></span> <span class='ocrx_word' id='word_1_121' title='bbox 1476 2207 1925 2281; x_wconf 86' lang='lat' dir='ltr'><strong>Helimninciaga,</strong></span> <span class='ocrx_word' id='word_1_122' title='bbox 1956 2219 2010 2265; x_wconf 91' lang='lat' dir='ltr'><strong>et</strong></span> <span class='ocrx_word' id='word_1_123' title='bbox 2038 2211 2094 2266; x_wconf 86' lang='lat' dir='ltr'><strong>in</strong></span> 
     </span>
    </p>
   </div>
   <div class='ocr_carea' id='block_1_22' title="bbox 498 2290 2096 2369">
    <p class='ocr_par' dir='ltr' id='par_1_22' title="bbox 498 2290 2096 2369">
     <span class='ocr_line' id='line_1_22' title="bbox 498 2290 2096 2369; baseline 0.007 -24"><span class='ocrx_word' id='word_1_124' title='bbox 498 2290 609 2346; x_wconf 87' lang='lat' dir='ltr'><strong>ﬁne</strong></span> <span class='ocrx_word' id='word_1_125' title='bbox 635 2292 970 2364; x_wconf 86' lang='lat' dir='ltr'><strong>Audomaga,</strong></span> <span class='ocrx_word' id='word_1_126' title='bbox 999 2303 1053 2348; x_wconf 91' lang='lat' dir='ltr'><strong>et</strong></span> <span class='ocrx_word' id='word_1_127' title='bbox 1083 2296 1138 2350; x_wconf 91' lang='lat' dir='ltr'><strong>in</strong></span> <span class='ocrx_word' id='word_1_128' title='bbox 1168 2296 1275 2350; x_wconf 89' lang='lat' dir='ltr'><strong>ﬁne</strong></span> <span class='ocrx_word' id='word_1_129' title='bbox 1290 2298 1672 2369; x_wconf 82' lang='lat' dir='ltr'><strong>Absolomaga,</strong></span> <span class='ocrx_word' id='word_1_130' title='bbox 1697 2307 1752 2354; x_wconf 88' lang='lat' dir='ltr'><strong>et</strong></span> <span class='ocrx_word' id='word_1_131' title='bbox 1780 2300 1834 2353; x_wconf 92' lang='lat' dir='ltr'><strong>in</strong></span> <span class='ocrx_word' id='word_1_132' title='bbox 1859 2300 1963 2354; x_wconf 90' lang='lat' dir='ltr'><strong>ﬁne</strong></span> <span class='ocrx_word' id='word_1_133' title='bbox 1986 2300 2096 2356; x_wconf 86' lang='lat' dir='ltr'><strong>Mu-</strong></span> 
     </span>
    </p>
   </div>
   <div class='ocr_carea' id='block_1_23' title="bbox 496 2381 2095 2454">
    <p class='ocr_par' dir='ltr' id='par_1_23' title="bbox 496 2381 2095 2454">
     <span class='ocr_line' id='line_1_23' title="bbox 496 2381 2095 2454; baseline 0.004 -17"><span class='ocrx_word' id='word_1_134' title='bbox 496 2381 908 2449; x_wconf 87' lang='lat' dir='ltr'><strong>nalabuvicuse,</strong></span> <span class='ocrx_word' id='word_1_135' title='bbox 936 2392 990 2438; x_wconf 89' lang='lat' dir='ltr'><strong>et</strong></span> <span class='ocrx_word' id='word_1_136' title='bbox 1025 2385 1078 2440; x_wconf 92' lang='lat' dir='ltr'><strong>in</strong></span> <span class='ocrx_word' id='word_1_137' title='bbox 1108 2385 1214 2441; x_wconf 89' lang='lat' dir='ltr'><strong>ﬁnc</strong></span> <span class='ocrx_word' id='word_1_138' title='bbox 1243 2386 1638 2454; x_wconf 84' lang='lat' dir='ltr'><strong>Halaricunise,</strong></span> <span class='ocrx_word' id='word_1_139' title='bbox 1665 2397 1719 2444; x_wconf 85' lang='lat' dir='ltr'><strong>et</strong></span> <span class='ocrx_word' id='word_1_140' title='bbox 1745 2390 1803 2444; x_wconf 91' lang='lat' dir='ltr'><strong>in</strong></span> <span class='ocrx_word' id='word_1_141' title='bbox 1825 2390 1932 2444; x_wconf 88' lang='lat' dir='ltr'><strong>ﬁne</strong></span> <span class='ocrx_word' id='word_1_142' title='bbox 1956 2388 2095 2444; x_wconf 84' lang='lat' dir='ltr'><strong>Cun-</strong></span> 
     </span>
    </p>
   </div>
   <div class='ocr_carea' id='block_1_24' title="bbox 497 2473 2093 2549">
    <p class='ocr_par' dir='ltr' id='par_1_24' title="bbox 497 2473 2093 2549">
     <span class='ocr_line' id='line_1_24' title="bbox 497 2473 2093 2549; baseline 0.004 -21"><span class='ocrx_word' id='word_1_143' title='bbox 497 2473 807 2543; x_wconf 87' lang='lat' dir='ltr'><strong>holomaga,</strong></span> <span class='ocrx_word' id='word_1_144' title='bbox 853 2482 910 2529; x_wconf 90' lang='lat' dir='ltr'><strong>et</strong></span> <span class='ocrx_word' id='word_1_145' title='bbox 956 2475 1012 2528; x_wconf 87' lang='lat' dir='ltr'><strong>in</strong></span> <span class='ocrx_word' id='word_1_146' title='bbox 1050 2475 1158 2530; x_wconf 86' lang='lat' dir='ltr'><strong>ﬁne</strong></span> <span class='ocrx_word' id='word_1_147' title='bbox 1201 2475 1535 2549; x_wconf 88' lang='lat' dir='ltr'><strong>Dodomaga,</strong></span> <span class='ocrx_word' id='word_1_148' title='bbox 1583 2487 1638 2534; x_wconf 91' lang='lat' dir='ltr'><strong>et</strong></span> <span class='ocrx_word' id='word_1_149' title='bbox 1667 2480 1720 2533; x_wconf 88' lang='lat' dir='ltr'><strong>in</strong></span> <span class='ocrx_word' id='word_1_150' title='bbox 1750 2479 1856 2534; x_wconf 87' lang='lat' dir='ltr'><strong>ﬁne</strong></span> <span class='ocrx_word' id='word_1_151' title='bbox 1885 2479 2093 2534; x_wconf 85' lang='lat' dir='ltr'><strong>Bedeo-</strong></span> 
     </span>
    </p>
   </div>
   <div class='ocr_carea' id='block_1_25' title="bbox 498 2564 2092 2638">
    <p class='ocr_par' dir='ltr' id='par_1_25' title="bbox 498 2564 2092 2638">
     <span class='ocr_line' id='line_1_25' title="bbox 498 2564 2092 2638; baseline 0.004 -20"><span class='ocrx_word' id='word_1_152' title='bbox 498 2578 725 2630; x_wconf 86' lang='lat' dir='ltr'><strong>necuse,</strong></span> <span class='ocrx_word' id='word_1_153' title='bbox 763 2571 820 2619; x_wconf 90' lang='lat' dir='ltr'><strong>et</strong></span> <span class='ocrx_word' id='word_1_154' title='bbox 868 2564 922 2618; x_wconf 89' lang='lat' dir='ltr'><strong>in</strong></span> <span class='ocrx_word' id='word_1_155' title='bbox 950 2564 1058 2620; x_wconf 88' lang='lat' dir='ltr'><strong>ﬁne</strong></span> <span class='ocrx_word' id='word_1_156' title='bbox 1083 2565 1392 2638; x_wconf 88' lang='lat' dir='ltr'><strong>Banomaga</strong></span> <span class='ocrx_word' id='word_1_157' title='bbox 1416 2609 1433 2634; x_wconf 85' lang='lat'><strong>,</strong></span> <span class='ocrx_word' id='word_1_158' title='bbox 1464 2569 1518 2622; x_wconf 91' lang='lat' dir='ltr'><strong>id</strong></span> <span class='ocrx_word' id='word_1_159' title='bbox 1562 2577 1702 2634; x_wconf 82' lang='lat' dir='ltr'><strong>cst,,</strong></span> <span class='ocrx_word' id='word_1_160' title='bbox 1724 2577 1838 2624; x_wconf 90' lang='lat' dir='ltr'><strong>tam</strong></span> <span class='ocrx_word' id='word_1_161' title='bbox 1865 2571 2092 2637; x_wconf 85' lang='lat' dir='ltr'><strong>mansis,</strong></span> 
     </span>
    </p>
   </div>
   <div class='ocr_carea' id='block_1_26' title="bbox 496 2654 2093 2731">
    <p class='ocr_par' dir='ltr' id='par_1_26' title="bbox 496 2654 2093 2731">
     <span class='ocr_line' id='line_1_26' title="bbox 496 2654 2093 2731; baseline 0.006 -23"><span class='ocrx_word' id='word_1_162' title='bbox 496 2654 662 2731; x_wconf 86' lang='lat' dir='ltr'><strong>casis,</strong></span> <span class='ocrx_word' id='word_1_163' title='bbox 680 2654 900 2711; x_wconf 88' lang='lat' dir='ltr'><strong>.casulis</strong></span> <span class='ocrx_word' id='word_1_164' title='bbox 921 2694 936 2718; x_wconf 94' lang='lat'><strong>,</strong></span> <span class='ocrx_word' id='word_1_165' title='bbox 982 2670 1108 2709; x_wconf 90' lang='lat' dir='ltr'><strong>cum</strong></span> <span class='ocrx_word' id='word_1_166' title='bbox 1135 2656 1388 2712; x_wconf 87' lang='lat' dir='ltr'><strong>omnibus</strong></span> <span class='ocrx_word' id='word_1_167' title='bbox 1415 2657 1660 2714; x_wconf 64' lang='lat' dir='ltr'><strong>aediﬁciis</strong></span> <span class='ocrx_word' id='word_1_168' title='bbox 1684 2659 1918 2728; x_wconf 88' lang='lat' dir='ltr'><strong>desuper</strong></span> <span class='ocrx_word' id='word_1_169' title='bbox 1940 2660 2093 2730; x_wconf 84' lang='lat' dir='ltr'><strong>posi-</strong></span> 
     </span>
    </p>
   </div>
   <div class='ocr_carea' id='block_1_27' title="bbox 495 2744 2092 2815">
    <p class='ocr_par' dir='ltr' id='par_1_27' title="bbox 495 2744 2092 2815">
     <span class='ocr_line' id='line_1_27' title="bbox 495 2744 2092 2815; baseline 0.004 -15"><span class='ocrx_word' id='word_1_170' title='bbox 495 2744 592 2809; x_wconf 83' lang='lat' dir='ltr'><strong>tis,</strong></span> <span class='ocrx_word' id='word_1_171' title='bbox 623 2745 848 2815; x_wconf 89' lang='lat' dir='ltr'><strong>campis,</strong></span> <span class='ocrx_word' id='word_1_172' title='bbox 885 2746 1089 2815; x_wconf 90' lang='lat' dir='ltr'><strong>pratis,</strong></span> <span class='ocrx_word' id='word_1_173' title='bbox 1134 2746 1327 2811; x_wconf 88' lang='lat' dir='ltr'><strong>vineis,</strong></span> <span class='ocrx_word' id='word_1_174' title='bbox 1360 2748 1530 2813; x_wconf 85' lang='lat' dir='ltr'><strong>silvis,</strong></span> <span class='ocrx_word' id='word_1_175' title='bbox 1580 2748 1743 2803; x_wconf 89' lang='lat' dir='ltr'><strong>cultis</strong></span> <span class='ocrx_word' id='word_1_176' title='bbox 1768 2757 1824 2804; x_wconf 90' lang='lat' dir='ltr'><strong>et</strong></span> <span class='ocrx_word' id='word_1_177' title='bbox 1853 2749 2092 2815; x_wconf 84' lang='lat' dir='ltr'><strong>incultis,</strong></span> 
     </span>
    </p>
   </div>
   <div class='ocr_carea' id='block_1_28' title="bbox 496 2835 2096 2909">
    <p class='ocr_par' dir='ltr' id='par_1_28' title="bbox 496 2835 2096 2909">
     <span class='ocr_line' id='line_1_28' title="bbox 496 2835 2096 2909; baseline 0.007 -22"><span class='ocrx_word' id='word_1_178' title='bbox 496 2835 656 2904; x_wconf 80' lang='lat' dir='ltr'><strong>aquis</strong></span> <span class='ocrx_word' id='word_1_179' title='bbox 682 2850 1017 2906; x_wconf 85' lang='lat' dir='ltr'><strong>aquarumve</strong></span> <span class='ocrx_word' id='word_1_180' title='bbox 1061 2838 1380 2895; x_wconf 87' lang='lat' dir='ltr'><strong>decursibus</strong></span> <span class='ocrx_word' id='word_1_181' title='bbox 1402 2878 1419 2905; x_wconf 93' lang='lat'><strong>,</strong></span> <span class='ocrx_word' id='word_1_182' title='bbox 1464 2839 1728 2909; x_wconf 84' lang='lat' dir='ltr'><strong>quidquid</strong></span> <span class='ocrx_word' id='word_1_183' title='bbox 1759 2840 1828 2894; x_wconf 89' lang='lat' dir='ltr'><strong>ab</strong></span> <span class='ocrx_word' id='word_1_184' title='bbox 1857 2841 1963 2895; x_wconf 90' lang='lat' dir='ltr'><strong>hac</strong></span> <span class='ocrx_word' id='word_1_185' title='bbox 2007 2841 2096 2898; x_wconf 90' lang='lat' dir='ltr'><strong>die</strong></span> 
     </span>
    </p>
   </div>
   <div class='ocr_carea' id='block_1_29' title="bbox 497 2920 2092 3001">
    <p class='ocr_par' dir='ltr' id='par_1_29' title="bbox 497 2920 2092 3001">
     <span class='ocr_line' id='line_1_29' title="bbox 497 2920 2092 3001; baseline 0.005 -23"><span class='ocrx_word' id='word_1_186' title='bbox 497 2920 868 2979; x_wconf 82' lang='lat' dir='ltr'><strong>Hertmannus</strong></span> <span class='ocrx_word' id='word_1_187' title='bbox 901 2926 1049 2981; x_wconf 89' lang='lat' dir='ltr'><strong>visus</strong></span> <span class='ocrx_word' id='word_1_188' title='bbox 1078 2925 1180 2981; x_wconf 89' lang='lat' dir='ltr'><strong>fuit</strong></span> <span class='ocrx_word' id='word_1_189' title='bbox 1202 2927 1425 2995; x_wconf 88' lang='lat' dir='ltr'><strong>habere,</strong></span> <span class='ocrx_word' id='word_1_190' title='bbox 1451 2936 1505 2983; x_wconf 90' lang='lat' dir='ltr'><strong>et</strong></span> <span class='ocrx_word' id='word_1_191' title='bbox 1533 2937 1858 3001; x_wconf 86' lang='lat' dir='ltr'><strong>potestatem</strong></span> <span class='ocrx_word' id='word_1_192' title='bbox 1883 2927 2092 2997; x_wconf 85' lang='lat' dir='ltr'><strong>habuit,</strong></span> 
     </span>
    </p>
   </div>
   <div class='ocr_carea' id='block_1_30' title="bbox 497 3015 2095 3093">
    <p class='ocr_par' dir='ltr' id='par_1_30' title="bbox 497 3015 2095 3093">
     <span class='ocr_line' id='line_1_30' title="bbox 497 3015 2095 3093; baseline 0.006 -26"><span class='ocrx_word' id='word_1_193' title='bbox 497 3020 675 3068; x_wconf 84' lang='lat' dir='ltr'><strong>totum</strong></span> <span class='ocrx_word' id='word_1_194' title='bbox 699 3023 754 3068; x_wconf 90' lang='lat' dir='ltr'><strong>et</strong></span> <span class='ocrx_word' id='word_1_195' title='bbox 781 3015 848 3070; x_wconf 90' lang='lat' dir='ltr'><strong>ad</strong></span> <span class='ocrx_word' id='word_1_196' title='bbox 871 3015 1142 3087; x_wconf 88' lang='lat' dir='ltr'><strong>integrum</strong></span> <span class='ocrx_word' id='word_1_197' title='bbox 1167 3018 1234 3072; x_wconf 91' lang='lat' dir='ltr'><strong>ad</strong></span> <span class='ocrx_word' id='word_1_198' title='bbox 1260 3027 1473 3089; x_wconf 87' lang='lat' dir='ltr'><strong>partem</strong></span> <span class='ocrx_word' id='word_1_199' title='bbox 1514 3022 1685 3080; x_wconf 87' lang='lat' dir='ltr'><strong>sancti</strong></span> <span class='ocrx_word' id='word_1_200' title='bbox 1719 3019 1981 3093; x_wconf 86' lang='lat' dir='ltr'><strong>Stephani</strong></span> <span class='ocrx_word' id='word_1_201' title='bbox 2007 3023 2095 3079; x_wconf 83' lang='lat' dir='ltr'><strong>vel</strong></span> 
     </span>
    </p>
   </div>
   <div class='ocr_carea' id='block_1_31' title="bbox 500 3104 2171 3201">
    <p class='ocr_par' dir='ltr' id='par_1_31' title="bbox 500 3104 2171 3201">
     <span class='ocr_line' id='line_1_31' title="bbox 500 3104 2171 3201; baseline 0.008 -42"><span class='ocrx_word' id='word_1_202' title='bbox 500 3105 677 3160; x_wconf 85' lang='lat' dir='ltr'><strong>sancti</strong></span> <span class='ocrx_word' id='word_1_203' title='bbox 703 3104 870 3173; x_wconf 87' lang='lat' dir='ltr'><strong>Petri,</strong></span> <span class='ocrx_word' id='word_1_204' title='bbox 903 3107 989 3163; x_wconf 84' lang='lat' dir='ltr'><strong>vel</strong></span> <span class='ocrx_word' id='word_1_205' title='bbox 1015 3109 1190 3164; x_wconf 89' lang='lat' dir='ltr'><strong>sancti</strong></span> <span class='ocrx_word' id='word_1_206' title='bbox 1215 3109 1472 3181; x_wconf 77' lang='lat' dir='ltr'><strong>Gargonii</strong></span> <span class='ocrx_word' id='word_1_207' title='bbox 1498 3113 1583 3168; x_wconf 87' lang='lat' dir='ltr'><strong>vel</strong></span> <span class='ocrx_word' id='word_1_208' title='bbox 1609 3115 1675 3169; x_wconf 89' lang='lat' dir='ltr'><strong>ad</strong></span> <span class='ocrx_word' id='word_1_209' title='bbox 1704 3115 1880 3185; x_wconf 89' lang='lat' dir='ltr'><strong>ipsum</strong></span> <span class='ocrx_word' id='word_1_210' title='bbox 1909 3131 2096 3171; x_wconf 56' lang='lat' dir='ltr'><strong>monac</strong></span> <span class='ocrx_word' id='word_1_211' title='bbox 2125 3139 2171 3201; x_wconf 69' lang='grc' dir='ltr'><strong>ρ</strong></span> 
     </span>
    </p>
   </div>
   <div class='ocr_carea' id='block_1_32' title="bbox 499 3197 2097 3277">
    <p class='ocr_par' dir='ltr' id='par_1_32' title="bbox 499 3197 2097 3277">
     <span class='ocr_line' id='line_1_32' title="bbox 499 3197 2097 3277; baseline 0.008 -24"><span class='ocrx_word' id='word_1_212' title='bbox 499 3198 731 3253; x_wconf 68' lang='lat' dir='ltr'><strong>eterium</strong></span> <span class='ocrx_word' id='word_1_213' title='bbox 760 3197 973 3256; x_wconf 75' lang='lat' dir='ltr'><strong>Gorziae</strong></span> <span class='ocrx_word' id='word_1_214' title='bbox 1002 3202 1330 3258; x_wconf 87' lang='lat' dir='ltr'><strong>condonavit</strong></span> <span class='ocrx_word' id='word_1_215' title='bbox 1367 3204 1436 3259; x_wconf 87' lang='lat' dir='ltr'><strong>ad</strong></span> <span class='ocrx_word' id='word_1_216' title='bbox 1479 3212 1692 3275; x_wconf 89' lang='lat' dir='ltr'><strong>tempus</strong></span> <span class='ocrx_word' id='word_1_217' title='bbox 1735 3205 1958 3277; x_wconf 88' lang='lat' dir='ltr'><strong>Optario</strong></span> <span class='ocrx_word' id='word_1_218' title='bbox 1998 3210 2097 3265; x_wconf 87' lang='lat' dir='ltr'><strong>ab-</strong></span> 
     </span>
    </p>
   </div>
   <div class='ocr_carea' id='block_1_33' title="bbox 500 3285 2098 3369">
    <p class='ocr_par' dir='ltr' id='par_1_33' title="bbox 500 3285 2098 3369">
     <span class='ocr_line' id='line_1_33' title="bbox 500 3285 2098 3369; baseline 0.008 -27"><span class='ocrx_word' id='word_1_219' title='bbox 500 3285 637 3354; x_wconf 78' lang='lat' dir='ltr'><strong>bati,</strong></span> <span class='ocrx_word' id='word_1_220' title='bbox 691 3295 747 3343; x_wconf 91' lang='lat' dir='ltr'><strong>et</strong></span> <span class='ocrx_word' id='word_1_221' title='bbox 777 3290 991 3366; x_wconf 89' lang='lat' dir='ltr'><strong>accepit</strong></span> <span class='ocrx_word' id='word_1_222' title='bbox 1028 3293 1083 3346; x_wconf 92' lang='lat' dir='ltr'><strong>in</strong></span> <span class='ocrx_word' id='word_1_223' title='bbox 1121 3295 1425 3364; x_wconf 89' lang='lat' dir='ltr'><strong>precariam</strong></span> <span class='ocrx_word' id='word_1_224' title='bbox 1458 3296 1512 3350; x_wconf 92' lang='lat' dir='ltr'><strong>in</strong></span> <span class='ocrx_word' id='word_1_225' title='bbox 1547 3311 1684 3367; x_wconf 84' lang='lat' dir='ltr'><strong>pago</strong></span> <span class='ocrx_word' id='word_1_226' title='bbox 1715 3297 2098 3369; x_wconf 89' lang='lat' dir='ltr'><strong>Scarponensi,</strong></span> 
     </span>
    </p>
   </div>
   <div class='ocr_carea' id='block_1_34' title="bbox 504 3378 2102 3458">
    <p class='ocr_par' dir='ltr' id='par_1_34' title="bbox 504 3378 2102 3458">
     <span class='ocr_line' id='line_1_34' title="bbox 504 3378 2102 3458; baseline 0.008 -23"><span class='ocrx_word' id='word_1_227' title='bbox 504 3380 645 3435; x_wconf 85' lang='lat' dir='ltr'><strong>etin</strong></span> <span class='ocrx_word' id='word_1_228' title='bbox 672 3378 780 3436; x_wconf 87' lang='lat' dir='ltr'><strong>ﬁne</strong></span> <span class='ocrx_word' id='word_1_229' title='bbox 800 3378 1130 3455; x_wconf 87' lang='lat' dir='ltr'><strong>Banomaga,</strong></span> <span class='ocrx_word' id='word_1_230' title='bbox 1189 3386 1275 3440; x_wconf 88' lang='lat' dir='ltr'><strong>vel</strong></span> <span class='ocrx_word' id='word_1_231' title='bbox 1307 3387 1360 3440; x_wconf 92' lang='lat' dir='ltr'><strong>in</strong></span> <span class='ocrx_word' id='word_1_232' title='bbox 1390 3388 1503 3456; x_wconf 90' lang='lat' dir='ltr'><strong>ipsa</strong></span> <span class='ocrx_word' id='word_1_233' title='bbox 1536 3388 1662 3443; x_wconf 89' lang='lat' dir='ltr'><strong>villa</strong></span> <span class='ocrx_word' id='word_1_234' title='bbox 1697 3389 2102 3458; x_wconf 87' lang='lat' dir='ltr'><strong>Bauonocurte,</strong></span> 
     </span>
    </p>
   </div>
   <div class='ocr_carea' id='block_1_35' title="bbox 503 3471 2100 3553">
    <p class='ocr_par' dir='ltr' id='par_1_35' title="bbox 503 3471 2100 3553">
     <span class='ocr_line' id='line_1_35' title="bbox 503 3471 2100 3553; baseline 0.008 -27"><span class='ocrx_word' id='word_1_235' title='bbox 503 3471 648 3526; x_wconf 74' lang='lat' dir='ltr'><strong>sicut</strong></span> <span class='ocrx_word' id='word_1_236' title='bbox 676 3479 732 3526; x_wconf 89' lang='lat' dir='ltr'><strong>et</strong></span> <span class='ocrx_word' id='word_1_237' title='bbox 770 3472 888 3541; x_wconf 91' lang='lat' dir='ltr'><strong>ipsa</strong></span> <span class='ocrx_word' id='word_1_238' title='bbox 912 3477 1160 3543; x_wconf 87' lang='lat' dir='ltr'><strong>precaria</strong></span> <span class='ocrx_word' id='word_1_239' title='bbox 1196 3477 1385 3542; x_wconf 88' lang='lat' dir='ltr'><strong>docet,</strong></span> <span class='ocrx_word' id='word_1_240' title='bbox 1418 3486 1593 3533; x_wconf 84' lang='lat' dir='ltr'><strong>totum</strong></span> <span class='ocrx_word' id='word_1_241' title='bbox 1619 3488 1676 3536; x_wconf 85' lang='lat' dir='ltr'><strong>et</strong></span> <span class='ocrx_word' id='word_1_242' title='bbox 1709 3481 1775 3536; x_wconf 88' lang='lat' dir='ltr'><strong>ad</strong></span> <span class='ocrx_word' id='word_1_243' title='bbox 1805 3482 2100 3553; x_wconf 86' lang='lat' dir='ltr'><strong>integrum.</strong></span> 
     </span>
    </p>
   </div>
   <div class='ocr_carea' id='block_1_36' title="bbox 504 3556 2106 3644">
    <p class='ocr_par' dir='ltr' id='par_1_36' title="bbox 504 3556 2106 3644">
     <span class='ocr_line' id='line_1_36' title="bbox 504 3556 2106 3644; baseline 0.01 -30"><span class='ocrx_word' id='word_1_244' title='bbox 504 3556 703 3614; x_wconf 85' lang='lat' dir='ltr'><strong>Postea</strong></span> <span class='ocrx_word' id='word_1_245' title='bbox 733 3563 886 3615; x_wconf 86' lang='lat' dir='ltr'><strong>venit</strong></span> <span class='ocrx_word' id='word_1_246' title='bbox 914 3561 1182 3633; x_wconf 86' lang='lat' dir='ltr'><strong>Magulqu</strong></span> <span class='ocrx_word' id='word_1_247' title='bbox 1203 3566 1489 3637; x_wconf 88' lang='lat' dir='ltr'><strong>episcopus</strong></span> <span class='ocrx_word' id='word_1_248' title='bbox 1518 3575 1682 3641; x_wconf 86' lang='lat' dir='ltr'><strong>atque</strong></span> <span class='ocrx_word' id='word_1_249' title='bbox 1706 3571 1876 3628; x_wconf 85' lang='lat' dir='ltr'><strong>abbas</strong></span> <span class='ocrx_word' id='word_1_250' title='bbox 1902 3573 1969 3628; x_wconf 91' lang='lat' dir='ltr'><strong>de</strong></span> <span class='ocrx_word' id='word_1_251' title='bbox 1988 3573 2106 3644; x_wconf 78' lang='lat' dir='ltr'><strong>ipso</strong></span> 
     </span>
    </p>
   </div>
   <div class='ocr_carea' id='block_1_37' title="bbox 505 3653 2104 3731">
    <p class='ocr_par' dir='ltr' id='par_1_37' title="bbox 505 3653 2104 3731">
     <span class='ocr_line' id='line_1_37' title="bbox 505 3653 2104 3731; baseline 0.011 -28"><span class='ocrx_word' id='word_1_252' title='bbox 505 3653 878 3720; x_wconf 86' lang='lat' dir='ltr'><strong>monasterio,</strong></span> <span class='ocrx_word' id='word_1_253' title='bbox 934 3662 989 3709; x_wconf 90' lang='lat' dir='ltr'><strong>et</strong></span> <span class='ocrx_word' id='word_1_254' title='bbox 1041 3656 1213 3710; x_wconf 86' lang='lat' dir='ltr'><strong>voluit</strong></span> <span class='ocrx_word' id='word_1_255' title='bbox 1272 3658 1443 3728; x_wconf 89' lang='lat' dir='ltr'><strong>ipsam</strong></span> <span class='ocrx_word' id='word_1_256' title='bbox 1498 3661 1804 3731; x_wconf 85' lang='lat' dir='ltr'><strong>precariam</strong></span> <span class='ocrx_word' id='word_1_257' title='bbox 1868 3679 2104 3722; x_wconf 90' lang='lat' dir='ltr'><strong>cessare.</strong></span> 
     </span>
    </p>
   </div>
   <div class='ocr_carea' id='block_1_38' title="bbox 503 3738 2108 3811">
    <p class='ocr_par' dir='ltr' id='par_1_38' title="bbox 503 3738 2108 3811">
     <span class='ocr_line' id='line_1_38' title="bbox 503 3738 2108 3811; baseline 0.012 -18"><span class='ocrx_word' id='word_1_258' title='bbox 503 3738 656 3795; x_wconf 86' lang='lat' dir='ltr'><strong>Tunc</strong></span> <span class='ocrx_word' id='word_1_259' title='bbox 668 3740 1038 3799; x_wconf 79' lang='lat' dir='ltr'><strong>Hartmannus</strong></span> <span class='ocrx_word' id='word_1_260' title='bbox 1065 3759 1247 3800; x_wconf 88' lang='lat' dir='ltr'><strong>comes</strong></span> <span class='ocrx_word' id='word_1_261' title='bbox 1270 3747 1338 3800; x_wconf 90' lang='lat' dir='ltr'><strong>ad</strong></span> <span class='ocrx_word' id='word_1_262' title='bbox 1365 3755 1609 3805; x_wconf 88' lang='lat' dir='ltr'><strong>nostram</strong></span> <span class='ocrx_word' id='word_1_263' title='bbox 1621 3754 1853 3811; x_wconf 91' lang='lat' dir='ltr'><strong>accessit</strong></span> <span class='ocrx_word' id='word_1_264' title='bbox 1876 3755 2108 3811; x_wconf 63' lang='lat' dir='ltr'><strong>clemeno</strong></span> 
     </span>
    </p>
   </div>
   <div class='ocr_carea' id='block_1_39' title="bbox 503 3830 2106 3915">
    <p class='ocr_par' dir='ltr' id='par_1_39' title="bbox 503 3830 2106 3915">
     <span class='ocr_line' id='line_1_39' title="bbox 503 3830 2106 3915; baseline 0.01 -29"><span class='ocrx_word' id='word_1_265' title='bbox 503 3830 660 3896; x_wconf 87' lang='lat' dir='ltr'><strong>tiam,</strong></span> <span class='ocrx_word' id='word_1_266' title='bbox 707 3830 1008 3902; x_wconf 88' lang='lat' dir='ltr'><strong>deprecans</strong></span> <span class='ocrx_word' id='word_1_267' title='bbox 1034 3841 1092 3888; x_wconf 92' lang='lat' dir='ltr'><strong>ut</strong></span> <span class='ocrx_word' id='word_1_268' title='bbox 1136 3836 1310 3906; x_wconf 73' lang='lat' dir='ltr'><strong>ipsam</strong></span> <span class='ocrx_word' id='word_1_269' title='bbox 1335 3840 1642 3906; x_wconf 88' lang='lat' dir='ltr'><strong>precariam</strong></span> <span class='ocrx_word' id='word_1_270' title='bbox 1670 3857 1835 3911; x_wconf 90' lang='lat' dir='ltr'><strong>quam</strong></span> <span class='ocrx_word' id='word_1_271' title='bbox 1881 3859 1913 3897; x_wconf 85' lang='lat' dir='ltr'><strong>a</strong></span> <span class='ocrx_word' id='word_1_272' title='bbox 1942 3860 2106 3915; x_wconf 90' lang='lat' dir='ltr'><strong>supra</strong></span> 
     </span>
    </p>
   </div>
   <div class='ocr_carea' id='block_1_40' title="bbox 502 3925 2103 4004">
    <p class='ocr_par' dir='ltr' id='par_1_40' title="bbox 502 3925 2103 4004">
     <span class='ocr_line' id='line_1_40' title="bbox 502 3925 2103 4004; baseline 0.009 -26"><span class='ocrx_word' id='word_1_273' title='bbox 502 3933 808 3981; x_wconf 88' lang='lat' dir='ltr'><strong>memorato</strong></span> <span class='ocrx_word' id='word_1_274' title='bbox 853 3926 1050 3982; x_wconf 88' lang='lat' dir='ltr'><strong>abbate</strong></span> <span class='ocrx_word' id='word_1_275' title='bbox 1085 3925 1312 3998; x_wconf 86' lang='lat' dir='ltr'><strong>Optario</strong></span> <span class='ocrx_word' id='word_1_276' title='bbox 1357 3940 1664 4002; x_wconf 88' lang='lat' dir='ltr'><strong>acceperat,</strong></span> <span class='ocrx_word' id='word_1_277' title='bbox 1712 3950 1812 4004; x_wconf 89' lang='lat' dir='ltr'><strong>per</strong></span> <span class='ocrx_word' id='word_1_278' title='bbox 1858 3944 2103 3992; x_wconf 87' lang='lat' dir='ltr'><strong>nostram</strong></span> 
     </span>
    </p>
   </div>
   <div class='ocr_carea' id='block_1_41' title="bbox 502 4015 2106 4092">
    <p class='ocr_par' dir='ltr' id='par_1_41' title="bbox 502 4015 2106 4092">
     <span class='ocr_line' id='line_1_41' title="bbox 502 4015 2106 4092; baseline 0.009 -23"><span class='ocrx_word' id='word_1_279' title='bbox 502 4015 930 4072; x_wconf 87' lang='lat' dir='ltr'><strong>mandehurdam</strong></span> <span class='ocrx_word' id='word_1_280' title='bbox 958 4028 1013 4072; x_wconf 91' lang='lat' dir='ltr'><strong>et</strong></span> <span class='ocrx_word' id='word_1_281' title='bbox 1042 4019 1323 4076; x_wconf 87' lang='lat' dir='ltr'><strong>licentiam</strong></span> <span class='ocrx_word' id='word_1_282' title='bbox 1368 4023 1562 4080; x_wconf 88' lang='lat' dir='ltr'><strong>diebus</strong></span> <span class='ocrx_word' id='word_1_283' title='bbox 1605 4025 1734 4080; x_wconf 61' lang='lat' dir='ltr'><strong>vita;</strong></span> <span class='ocrx_word' id='word_1_284' title='bbox 1772 4043 1911 4092; x_wconf 59' lang='lat' dir='ltr'><strong>suae,</strong></span> <span class='ocrx_word' id='word_1_285' title='bbox 1964 4030 2106 4084; x_wconf 89' lang='lat' dir='ltr'><strong>sicut</strong></span> 
     </span>
    </p>
   </div>
   <div class='ocr_carea' id='block_1_42' title="bbox 504 4108 2107 4191">
    <p class='ocr_par' dir='ltr' id='par_1_42' title="bbox 504 4108 2107 4191">
     <span class='ocr_line' id='line_1_42' title="bbox 504 4108 2107 4191; baseline 0.009 -28"><span class='ocrx_word' id='word_1_286' title='bbox 504 4108 649 4163; x_wconf 88' lang='lat' dir='ltr'><strong>inter</strong></span> <span class='ocrx_word' id='word_1_287' title='bbox 670 4125 765 4165; x_wconf 90' lang='lat' dir='ltr'><strong>eos</strong></span> <span class='ocrx_word' id='word_1_288' title='bbox 794 4121 1144 4180; x_wconf 89' lang='lat' dir='ltr'><strong>convenerat,</strong></span> <span class='ocrx_word' id='word_1_289' title='bbox 1195 4115 1400 4171; x_wconf 90' lang='lat' dir='ltr'><strong>habere</strong></span> <span class='ocrx_word' id='word_1_290' title='bbox 1428 4118 1736 4186; x_wconf 87' lang='lat' dir='ltr'><strong>potuisset:</strong></span> <span class='ocrx_word' id='word_1_291' title='bbox 1787 4119 1941 4191; x_wconf 86' lang='lat' dir='ltr'><strong>cujus</strong></span> <span class='ocrx_word' id='word_1_292' title='bbox 1968 4122 2107 4191; x_wconf 88' lang='lat' dir='ltr'><strong>peti-</strong></span> 
     </span>
    </p>
   </div>
   <div class='ocr_carea' id='block_1_43' title="bbox 505 4202 2105 4284">
    <p class='ocr_par' dir='ltr' id='par_1_43' title="bbox 505 4202 2105 4284">
     <span class='ocr_line' id='line_1_43' title="bbox 505 4202 2105 4284; baseline 0.008 -28"><span class='ocrx_word' id='word_1_293' title='bbox 505 4202 747 4259; x_wconf 83' lang='lat' dir='ltr'><strong>tionibus</strong></span> <span class='ocrx_word' id='word_1_294' title='bbox 784 4204 979 4262; x_wconf 90' lang='lat' dir='ltr'><strong>domus</strong></span> <span class='ocrx_word' id='word_1_295' title='bbox 1004 4206 1101 4262; x_wconf 88' lang='lat' dir='ltr'><strong>Dei</strong></span> <span class='ocrx_word' id='word_1_296' title='bbox 1144 4208 1440 4266; x_wconf 84' lang='lat' dir='ltr'><strong>utilitatem</strong></span> <span class='ocrx_word' id='word_1_297' title='bbox 1479 4211 1909 4278; x_wconf 88' lang='lat' dir='ltr'><strong>considerantes,</strong></span> <span class='ocrx_word' id='word_1_298' title='bbox 1946 4222 2105 4284; x_wconf 88' lang='lat' dir='ltr'><strong>capto</strong></span> 
     </span>
    </p>
   </div>
   <div class='ocr_carea' id='block_1_44' title="bbox 504 4292 2105 4372">
    <p class='ocr_par' dir='ltr' id='par_1_44' title="bbox 504 4292 2105 4372">
     <span class='ocr_line' id='line_1_44' title="bbox 504 4292 2105 4372; baseline 0.009 -23"><span class='ocrx_word' id='word_1_299' title='bbox 504 4292 748 4350; x_wconf 89' lang='lat' dir='ltr'><strong>ﬁdelium</strong></span> <span class='ocrx_word' id='word_1_300' title='bbox 802 4307 1117 4356; x_wconf 88' lang='lat' dir='ltr'><strong>nostrorum</strong></span> <span class='ocrx_word' id='word_1_301' title='bbox 1166 4302 1438 4368; x_wconf 91' lang='lat' dir='ltr'><strong>consilio,</strong></span> <span class='ocrx_word' id='word_1_302' title='bbox 1492 4303 1822 4372; x_wconf 76' lang='lat' dir='ltr'><strong>annuimus;</strong></span> <span class='ocrx_word' id='word_1_303' title='bbox 1881 4314 1939 4364; x_wconf 81' lang='lat' dir='ltr'><strong>et</strong></span> <span class='ocrx_word' id='word_1_304' title='bbox 1983 4307 2105 4363; x_wconf 89' lang='lat' dir='ltr'><strong>ideo</strong></span> 
     </span>
    </p>
   </div>
   <div class='ocr_carea' id='block_1_45' title="bbox 503 4383 2105 4465">
    <p class='ocr_par' dir='ltr' id='par_1_45' title="bbox 503 4383 2105 4465">
     <span class='ocr_line' id='line_1_45' title="bbox 503 4383 2105 4465; baseline 0.008 -27"><span class='ocrx_word' id='word_1_305' title='bbox 503 4383 648 4440; x_wconf 90' lang='lat' dir='ltr'><strong>hanc</strong></span> <span class='ocrx_word' id='word_1_306' title='bbox 687 4393 891 4442; x_wconf 80' lang='lat' dir='ltr'><strong>nostrae</strong></span> <span class='ocrx_word' id='word_1_307' title='bbox 917 4391 1259 4446; x_wconf 87' lang='lat' dir='ltr'><strong>auctoritatis</strong></span> <span class='ocrx_word' id='word_1_308' title='bbox 1289 4391 1633 4462; x_wconf 86' lang='lat' dir='ltr'><strong>largitionem</strong></span> <span class='ocrx_word' id='word_1_309' title='bbox 1671 4394 1933 4465; x_wconf 60' lang='lat' dir='ltr'><strong>praedicto</strong></span> <span class='ocrx_word' id='word_1_310' title='bbox 1959 4395 2105 4451; x_wconf 81' lang='lat' dir='ltr'><strong>ﬁdeli</strong></span> 
     </span>
    </p>
   </div>
   <div class='ocr_carea' id='block_1_46' title="bbox 1593 318 2609 382">
    <p class='ocr_par' dir='ltr' id='par_1_46' title="bbox 1593 318 2609 382">
     <span class='ocr_line' id='line_1_46' title="bbox 1593 318 2609 382; baseline -0.008 0"><span class='ocrx_word' id='word_1_311' title='bbox 1593 321 1921 382; x_wconf 79' lang='lat' dir='ltr'><strong>LUDOVICI</strong></span> <span class='ocrx_word' id='word_1_312' title='bbox 1955 321 1976 378; x_wconf 85' lang='grc' dir='ltr'><strong>Ι</strong></span> <span class='ocrx_word' id='word_1_313' title='bbox 2012 318 2482 377; x_wconf 78' lang='lat' dir='ltr'><strong>COGNOMENTO</strong></span> <span class='ocrx_word' id='word_1_314' title='bbox 2520 319 2609 374; x_wconf 75' lang='lat' dir='ltr'><strong>Pl!</strong></span> 
     </span>
    </p>
   </div>
   <div class='ocr_carea' id='block_1_47' title="bbox 2115 430 3779 504">
    <p class='ocr_par' dir='ltr' id='par_1_47' title="bbox 2115 430 3779 504">
     <span class='ocr_line' id='line_1_47' title="bbox 2115 430 3779 504; baseline -0.001 -17"><span class='ocrx_word' id='word_1_315' title='bbox 2115 436 2168 494; x_wconf 85' lang='grc' dir='ltr'><strong>Α</strong></span> <span class='ocrx_word' id='word_1_316' title='bbox 2193 432 2260 488; x_wconf 92' lang='lat' dir='ltr'><strong>ad</strong></span> <span class='ocrx_word' id='word_1_317' title='bbox 2288 433 2640 490; x_wconf 83' lang='lat' dir='ltr'><strong>festivitatem</strong></span> <span class='ocrx_word' id='word_1_318' title='bbox 2673 433 2840 504; x_wconf 89' lang='lat' dir='ltr'><strong>ipsius</strong></span> <span class='ocrx_word' id='word_1_319' title='bbox 2874 431 3018 489; x_wconf 87' lang='lat' dir='ltr'><strong>beati</strong></span> <span class='ocrx_word' id='word_1_320' title='bbox 3050 431 3307 503; x_wconf 78' lang='lat' dir='ltr'><strong>martyris</strong></span> <span class='ocrx_word' id='word_1_321' title='bbox 3333 430 3614 502; x_wconf 81' lang='lat' dir='ltr'><strong>Gargonii,</strong></span> <span class='ocrx_word' id='word_1_322' title='bbox 3643 434 3779 499; x_wconf 83' lang='lat' dir='ltr'><strong>quod</strong></span> 
     </span>
    </p>
   </div>
   <div class='ocr_carea' id='block_1_48' title="bbox 3646 318 3777 374">
    <p class='ocr_par' dir='ltr' id='par_1_48' title="bbox 3646 318 3777 374">
     <span class='ocr_line' id='line_1_48' title="bbox 3646 318 3777 374; baseline 0.031 -4"><span class='ocrx_word' id='word_1_323' title='bbox 3646 318 3777 374; x_wconf 61' lang='lat'><strong>1020</strong></span> 
     </span>
    </p>
   </div>
   <div class='ocr_carea' id='block_1_49' title="bbox 2194 526 3780 598">
    <p class='ocr_par' dir='ltr' id='par_1_49' title="bbox 2194 526 3780 598">
     <span class='ocr_line' id='line_1_49' title="bbox 2194 526 3780 598; baseline -0.001 -16"><span class='ocrx_word' id='word_1_324' title='bbox 2194 536 2279 582; x_wconf 91' lang='lat' dir='ltr'><strong>est</strong></span> <span class='ocrx_word' id='word_1_325' title='bbox 2297 545 2328 582; x_wconf 93' lang='lat' dir='ltr'><strong>v</strong></span> <span class='ocrx_word' id='word_1_326' title='bbox 2351 529 2474 584; x_wconf 89' lang='lat' dir='ltr'><strong>ldus</strong></span> <span class='ocrx_word' id='word_1_327' title='bbox 2498 526 2851 598; x_wconf 89' lang='lat' dir='ltr'><strong>Septembris,</strong></span> <span class='ocrx_word' id='word_1_328' title='bbox 2880 528 3081 582; x_wconf 89' lang='lat' dir='ltr'><strong>solidos</strong></span> <span class='ocrx_word' id='word_1_329' title='bbox 3116 527 3359 596; x_wconf 87' lang='lat' dir='ltr'><strong>quinque</strong></span> <span class='ocrx_word' id='word_1_330' title='bbox 3376 527 3632 581; x_wconf 85' lang='lat' dir='ltr'><strong>denarios</strong></span> <span class='ocrx_word' id='word_1_331' title='bbox 3655 567 3670 585; x_wconf 92' lang='lat'><strong>,</strong></span> <span class='ocrx_word' id='word_1_332' title='bbox 3693 536 3780 580; x_wconf 82' lang='lat' dir='ltr'><strong>aut</strong></span> 
     </span>
    </p>
   </div>
   <div class='ocr_carea' id='block_1_50' title="bbox 2191 611 3775 691">
    <p class='ocr_par' dir='ltr' id='par_1_50' title="bbox 2191 611 3775 691">
     <span class='ocr_line' id='line_1_50' title="bbox 2191 611 3775 691; baseline -0.001 -17"><span class='ocrx_word' id='word_1_333' title='bbox 2191 628 2453 690; x_wconf 91' lang='lat' dir='ltr'><strong>quantum</strong></span> <span class='ocrx_word' id='word_1_334' title='bbox 2481 620 2548 674; x_wconf 90' lang='lat' dir='ltr'><strong>de</strong></span> <span class='ocrx_word' id='word_1_335' title='bbox 2575 635 2701 675; x_wconf 89' lang='lat' dir='ltr'><strong>cera</strong></span> <span class='ocrx_word' id='word_1_336' title='bbox 2730 620 2903 691; x_wconf 90' lang='lat' dir='ltr'><strong>pretio</strong></span> <span class='ocrx_word' id='word_1_337' title='bbox 2931 628 3081 674; x_wconf 89' lang='lat' dir='ltr'><strong>tanto</strong></span> <span class='ocrx_word' id='word_1_338' title='bbox 3127 611 3444 688; x_wconf 89' lang='lat' dir='ltr'><strong>comparata</strong></span> <span class='ocrx_word' id='word_1_339' title='bbox 3466 618 3775 688; x_wconf 81' lang='lat' dir='ltr'><strong>patefaciat.</strong></span> 
     </span>
    </p>
   </div>
   <div class='ocr_carea' id='block_1_51' title="bbox 2191 710 3778 782">
    <p class='ocr_par' dir='ltr' id='par_1_51' title="bbox 2191 710 3778 782">
     <span class='ocr_line' id='line_1_51' title="bbox 2191 710 3778 782; baseline 0 -18"><span class='ocrx_word' id='word_1_340' title='bbox 2191 711 2344 778; x_wconf 83' lang='lat' dir='ltr'><strong>Quod</strong></span> <span class='ocrx_word' id='word_1_341' title='bbox 2367 711 2411 766; x_wconf 90' lang='lat' dir='ltr'><strong>si</strong></span> <span class='ocrx_word' id='word_1_342' title='bbox 2437 711 2505 766; x_wconf 90' lang='lat' dir='ltr'><strong>de</strong></span> <span class='ocrx_word' id='word_1_343' title='bbox 2532 711 2648 781; x_wconf 88' lang='lat' dir='ltr'><strong>ipso</strong></span> <span class='ocrx_word' id='word_1_344' title='bbox 2671 725 2835 765; x_wconf 90' lang='lat' dir='ltr'><strong>censu</strong></span> <span class='ocrx_word' id='word_1_345' title='bbox 2858 711 3136 782; x_wconf 86' lang='lat' dir='ltr'><strong>negligens</strong></span> <span class='ocrx_word' id='word_1_346' title='bbox 3163 717 3256 764; x_wconf 89' lang='lat' dir='ltr'><strong>aut</strong></span> <span class='ocrx_word' id='word_1_347' title='bbox 3281 710 3465 764; x_wconf 82' lang='lat' dir='ltr'><strong>tardus</strong></span> <span class='ocrx_word' id='word_1_348' title='bbox 3488 710 3778 773; x_wconf 79' lang='lat' dir='ltr'><strong>exstiterit,</strong></span> 
     </span>
    </p>
   </div>
   <div class='ocr_carea' id='block_1_52' title="bbox 2191 799 3779 873">
    <p class='ocr_par' dir='ltr' id='par_1_52' title="bbox 2191 799 3779 873">
     <span class='ocr_line' id='line_1_52' title="bbox 2191 799 3779 873; baseline 0 -18"><span class='ocrx_word' id='word_1_349' title='bbox 2191 803 2479 858; x_wconf 85' lang='lat' dir='ltr'><strong>emendato</strong></span> <span class='ocrx_word' id='word_1_350' title='bbox 2503 802 2780 873; x_wconf 86' lang='lat' dir='ltr'><strong>neglecto,</strong></span> <span class='ocrx_word' id='word_1_351' title='bbox 2811 803 2956 872; x_wconf 91' lang='lat' dir='ltr'><strong>quod</strong></span> <span class='ocrx_word' id='word_1_352' title='bbox 3003 810 3147 856; x_wconf 90' lang='lat' dir='ltr'><strong>tenet</strong></span> <span class='ocrx_word' id='word_1_353' title='bbox 3174 808 3376 856; x_wconf 86' lang='lat' dir='ltr'><strong>teneat.</strong></span> <span class='ocrx_word' id='word_1_354' title='bbox 3428 799 3557 855; x_wconf 88' lang='lat' dir='ltr'><strong>Post</strong></span> <span class='ocrx_word' id='word_1_355' title='bbox 3582 802 3779 855; x_wconf 80' lang='lat' dir='ltr'><strong>disces-</strong></span> 
     </span>
    </p>
   </div>
   <div class='ocr_carea' id='block_1_53' title="bbox 2190 893 3786 964">
    <p class='ocr_par' dir='ltr' id='par_1_53' title="bbox 2190 893 3786 964">
     <span class='ocr_line' id='line_1_53' title="bbox 2190 893 3786 964; baseline 0.001 -16"><span class='ocrx_word' id='word_1_356' title='bbox 2190 906 2312 948; x_wconf 88' lang='lat' dir='ltr'><strong>sum</strong></span> <span class='ocrx_word' id='word_1_357' title='bbox 2359 908 2490 949; x_wconf 89' lang='lat' dir='ltr'><strong>vero</strong></span> <span class='ocrx_word' id='word_1_358' title='bbox 2520 909 2698 958; x_wconf 91' lang='lat' dir='ltr'><strong>suum,</strong></span> <span class='ocrx_word' id='word_1_359' title='bbox 2731 893 2946 964; x_wconf 90' lang='lat' dir='ltr'><strong>quando</strong></span> <span class='ocrx_word' id='word_1_360' title='bbox 2976 895 3056 950; x_wconf 90' lang='lat' dir='ltr'><strong>sic</strong></span> <span class='ocrx_word' id='word_1_361' title='bbox 3091 894 3236 949; x_wconf 88' lang='lat' dir='ltr'><strong>Deus</strong></span> <span class='ocrx_word' id='word_1_362' title='bbox 3260 894 3511 958; x_wconf 81' lang='lat' dir='ltr'><strong>voluerit,</strong></span> <span class='ocrx_word' id='word_1_363' title='bbox 3545 896 3676 964; x_wconf 60' lang='lat' dir='ltr'><strong>ipsa</strong></span> <span class='ocrx_word' id='word_1_364' title='bbox 3699 911 3786 950; x_wconf 86' lang='lat' dir='ltr'><strong>res</strong></span> 
     </span>
    </p>
   </div>
   <div class='ocr_carea' id='block_1_54' title="bbox 2191 983 3781 1057">
    <p class='ocr_par' dir='ltr' id='par_1_54' title="bbox 2191 983 3781 1057">
     <span class='ocr_line' id='line_1_54' title="bbox 2191 983 3781 1057; baseline 0.004 -18"><span class='ocrx_word' id='word_1_365' title='bbox 2191 983 2328 1039; x_wconf 90' lang='lat' dir='ltr'><strong>bene</strong></span> <span class='ocrx_word' id='word_1_366' title='bbox 2354 993 2491 1040; x_wconf 86' lang='lat' dir='ltr'><strong>actae</strong></span> <span class='ocrx_word' id='word_1_367' title='bbox 2532 1001 2597 1040; x_wconf 89' lang='lat' dir='ltr'><strong>ac</strong></span> <span class='ocrx_word' id='word_1_368' title='bbox 2632 986 2930 1042; x_wconf 75' lang='lat' dir='ltr'><strong>meliorata:</strong></span> <span class='ocrx_word' id='word_1_369' title='bbox 2963 987 3168 1057; x_wconf 89' lang='lat' dir='ltr'><strong>absque</strong></span> <span class='ocrx_word' id='word_1_370' title='bbox 3193 985 3300 1042; x_wconf 89' lang='lat' dir='ltr'><strong>ulla</strong></span> <span class='ocrx_word' id='word_1_371' title='bbox 3327 989 3781 1057; x_wconf 86' lang='lat' dir='ltr'><strong>contradictione,</strong></span> 
     </span>
    </p>
   </div>
   <div class='ocr_carea' id='block_1_55' title="bbox 2189 1075 3781 1150">
    <p class='ocr_par' dir='ltr' id='par_1_55' title="bbox 2189 1075 3781 1150">
     <span class='ocr_line' id='line_1_55' title="bbox 2189 1075 3781 1150; baseline 0.004 -22"><span class='ocrx_word' id='word_1_372' title='bbox 2189 1075 2276 1129; x_wconf 88' lang='lat' dir='ltr'><strong>vel</strong></span> <span class='ocrx_word' id='word_1_373' title='bbox 2296 1075 2497 1147; x_wconf 86' lang='lat' dir='ltr'><strong>judicis</strong></span> <span class='ocrx_word' id='word_1_374' title='bbox 2537 1077 2937 1146; x_wconf 89' lang='lat' dir='ltr'><strong>assignatione,</strong></span> <span class='ocrx_word' id='word_1_375' title='bbox 2986 1079 3054 1133; x_wconf 90' lang='lat' dir='ltr'><strong>ad</strong></span> <span class='ocrx_word' id='word_1_376' title='bbox 3073 1078 3188 1150; x_wconf 80' lang='lat' dir='ltr'><strong>jam</strong></span> <span class='ocrx_word' id='word_1_377' title='bbox 3223 1077 3466 1133; x_wconf 84' lang='lat' dir='ltr'><strong>futurum</strong></span> <span class='ocrx_word' id='word_1_378' title='bbox 3501 1091 3781 1135; x_wconf 83' lang='lat' dir='ltr'><strong>monaste-</strong></span> 
     </span>
    </p>
   </div>
   <div class='ocr_carea' id='block_1_56' title="bbox 2191 1166 3776 1233">
    <p class='ocr_par' dir='ltr' id='par_1_56' title="bbox 2191 1166 3776 1233">
     <span class='ocr_line' id='line_1_56' title="bbox 2191 1166 3776 1233; baseline 0.004 -13"><span class='ocrx_word' id='word_1_379' title='bbox 2191 1166 2331 1221; x_wconf 87' lang='lat' dir='ltr'><strong>rium</strong></span> <span class='ocrx_word' id='word_1_380' title='bbox 2362 1169 2605 1223; x_wconf 85' lang='lat' dir='ltr'><strong>redeant.</strong></span> <span class='ocrx_word' id='word_1_381' title='bbox 2660 1167 2776 1223; x_wconf 83' lang='lat' dir='ltr'><strong>Hoc</strong></span> <span class='ocrx_word' id='word_1_382' title='bbox 2819 1183 2972 1233; x_wconf 86' lang='lat' dir='ltr'><strong>vero,</strong></span> <span class='ocrx_word' id='word_1_383' title='bbox 3016 1169 3313 1224; x_wconf 83' lang='lat' dir='ltr'><strong>auctoritas</strong></span> <span class='ocrx_word' id='word_1_384' title='bbox 3344 1170 3650 1225; x_wconf 75' lang='lat' dir='ltr'><strong>clementiae</strong></span> <span class='ocrx_word' id='word_1_385' title='bbox 3692 1186 3776 1226; x_wconf 80' lang='lat' dir='ltr'><strong>no-</strong></span> 
     </span>
    </p>
   </div>
   <div class='ocr_carea' id='block_1_57' title="bbox 2191 1240 3782 1332">
    <p class='ocr_par' dir='ltr' id='par_1_57' title="bbox 2191 1240 3782 1332">
     <span class='ocr_line' id='line_1_57' title="bbox 2191 1240 3782 1332; baseline 0.002 -21"><span class='ocrx_word' id='word_1_386' title='bbox 2191 1265 2319 1312; x_wconf 75' lang='lat' dir='ltr'><strong>stra:</strong></span> <span class='ocrx_word' id='word_1_387' title='bbox 2356 1265 2415 1312; x_wconf 91' lang='lat' dir='ltr'><strong>ut</strong></span> <span class='ocrx_word' id='word_1_388' title='bbox 2449 1258 2742 1312; x_wconf 88' lang='lat' dir='ltr'><strong>immobilis</strong></span> <span class='ocrx_word' id='word_1_389' title='bbox 2771 1265 2826 1311; x_wconf 89' lang='lat' dir='ltr'><strong>et</strong></span> <span class='ocrx_word' id='word_1_390' title='bbox 2874 1258 3186 1314; x_wconf 89' lang='lat' dir='ltr'><strong>inconvulsa</strong></span> <span class='ocrx_word' id='word_1_391' title='bbox 3233 1240 3586 1332; x_wconf 77' lang='lat' dir='ltr'><strong>permaneat,</strong></span> <span class='ocrx_word' id='word_1_392' title='bbox 3623 1276 3782 1315; x_wconf 86' lang='lat' dir='ltr'><strong>manu</strong></span> 
     </span>
    </p>
   </div>
   <div class='ocr_carea' id='block_1_58' title="bbox 2192 1349 3786 1421">
    <p class='ocr_par' dir='ltr' id='par_1_58' title="bbox 2192 1349 3786 1421">
     <span class='ocr_line' id='line_1_58' title="bbox 2192 1349 3786 1421; baseline 0.001 -17"><span class='ocrx_word' id='word_1_393' title='bbox 2192 1357 2380 1404; x_wconf 89' lang='lat' dir='ltr'><strong>nostra</strong></span> <span class='ocrx_word' id='word_1_394' title='bbox 2417 1349 2963 1417; x_wconf 83' lang='lat' dir='ltr'><strong>subterﬁrmavimus,</strong></span> <span class='ocrx_word' id='word_1_395' title='bbox 3012 1359 3068 1408; x_wconf 88' lang='lat' dir='ltr'><strong>et</strong></span> <span class='ocrx_word' id='word_1_396' title='bbox 3100 1352 3262 1408; x_wconf 63' lang='lat' dir='ltr'><strong>bullas</strong></span> <span class='ocrx_word' id='word_1_397' title='bbox 3309 1361 3512 1408; x_wconf 76' lang='lat' dir='ltr'><strong>nostra:</strong></span> <span class='ocrx_word' id='word_1_398' title='bbox 3559 1353 3786 1421; x_wconf 86' lang='lat' dir='ltr'><strong>impres-</strong></span> 
     </span>
    </p>
   </div>
   <div class='ocr_carea' id='block_1_59' title="bbox 2191 1439 2882 1511">
    <p class='ocr_par' dir='ltr' id='par_1_59' title="bbox 2191 1439 2882 1511">
     <span class='ocr_line' id='line_1_59' title="bbox 2191 1439 2882 1511; baseline 0 -16"><span class='ocrx_word' id='word_1_399' title='bbox 2191 1439 2341 1495; x_wconf 83' lang='lat' dir='ltr'><strong>sione</strong></span> <span class='ocrx_word' id='word_1_400' title='bbox 2372 1439 2575 1511; x_wconf 85' lang='lat' dir='ltr'><strong>signari</strong></span> <span class='ocrx_word' id='word_1_401' title='bbox 2600 1441 2882 1511; x_wconf 88' lang='lat' dir='ltr'><strong>jussimus.</strong></span> 
     </span>
    </p>
   </div>
   <div class='ocr_carea' id='block_1_60' title="bbox 2264 1529 3342 1603">
    <p class='ocr_par' dir='ltr' id='par_1_60' title="bbox 2264 1529 3342 1603">
     <span class='ocr_line' id='line_1_60' title="bbox 2264 1529 3342 1603; baseline 0.002 -19"><span class='ocrx_word' id='word_1_402' title='bbox 2264 1529 2490 1601; x_wconf 85' lang='lat' dir='ltr'><strong>Signum</strong></span> <span class='ocrx_word' id='word_1_403' title='bbox 2520 1531 2780 1585; x_wconf 90' lang='lat' dir='ltr'><strong>Ludovici</strong></span> <span class='ocrx_word' id='word_1_404' title='bbox 2809 1532 3145 1588; x_wconf 87' lang='lat' dir='ltr'><strong>serenissimi</strong></span> <span class='ocrx_word' id='word_1_405' title='bbox 3176 1533 3342 1603; x_wconf 82' lang='lat' dir='ltr'><strong>regis.</strong></span> 
     </span>
    </p>
   </div>
   <div class='ocr_carea' id='block_1_61' title="bbox 2278 1621 3790 1693">
    <p class='ocr_par' dir='ltr' id='par_1_61' title="bbox 2278 1621 3790 1693">
     <span class='ocr_line' id='line_1_61' title="bbox 2278 1621 3790 1693; baseline 0.003 -17"><span class='ocrx_word' id='word_1_406' title='bbox 2278 1622 2392 1693; x_wconf 88' lang='lat' dir='ltr'><strong>Ego</strong></span> <span class='ocrx_word' id='word_1_407' title='bbox 2424 1621 2711 1676; x_wconf 88' lang='lat' dir='ltr'><strong>Durandus</strong></span> <span class='ocrx_word' id='word_1_408' title='bbox 2736 1621 2998 1678; x_wconf 89' lang='lat' dir='ltr'><strong>diaconus</strong></span> <span class='ocrx_word' id='word_1_409' title='bbox 3032 1623 3100 1677; x_wconf 86' lang='lat' dir='ltr'><strong>ad</strong></span> <span class='ocrx_word' id='word_1_410' title='bbox 3145 1624 3322 1679; x_wconf 90' lang='lat' dir='ltr'><strong>vicem</strong></span> <span class='ocrx_word' id='word_1_411' title='bbox 3354 1622 3680 1679; x_wconf 81' lang='lat' dir='ltr'><strong>Helisacbar</strong></span> <span class='ocrx_word' id='word_1_412' title='bbox 3710 1639 3790 1680; x_wconf 89' lang='lat' dir='ltr'><strong>re-</strong></span> 
     </span>
    </p>
   </div>
   <div class='ocr_carea' id='block_1_62' title="bbox 2194 1712 2444 1782">
    <p class='ocr_par' dir='ltr' id='par_1_62' title="bbox 2194 1712 2444 1782">
     <span class='ocr_line' id='line_1_62' title="bbox 2194 1712 2444 1782; baseline -0.012 -14"><span class='ocrx_word' id='word_1_413' title='bbox 2194 1712 2444 1782; x_wconf 69' lang='lat' dir='ltr'><strong>cognovL</strong></span> 
     </span>
    </p>
   </div>
   <div class='ocr_carea' id='block_1_63' title="bbox 2266 1803 3790 1876">
    <p class='ocr_par' dir='ltr' id='par_1_63' title="bbox 2266 1803 3790 1876">
     <span class='ocr_line' id='line_1_63' title="bbox 2266 1803 3790 1876; baseline 0.001 -17"><span class='ocrx_word' id='word_1_414' title='bbox 2266 1804 2402 1859; x_wconf 89' lang='lat' dir='ltr'><strong>Data</strong></span> <span class='ocrx_word' id='word_1_415' title='bbox 2429 1820 2461 1858; x_wconf 79' lang='lat' dir='ltr'><strong>x</strong></span> <span class='ocrx_word' id='word_1_416' title='bbox 2484 1804 2602 1860; x_wconf 85' lang='lat' dir='ltr'><strong>Kal.</strong></span> <span class='ocrx_word' id='word_1_417' title='bbox 2647 1803 2865 1876; x_wconf 83' lang='lat' dir='ltr'><strong>Aprilis,</strong></span> <span class='ocrx_word' id='word_1_418' title='bbox 2902 1820 3048 1862; x_wconf 89' lang='lat' dir='ltr'><strong>anno</strong></span> <span class='ocrx_word' id='word_1_419' title='bbox 3077 1806 3146 1861; x_wconf 86' lang='lat' dir='ltr'><strong>ab</strong></span> <span class='ocrx_word' id='word_1_420' title='bbox 3178 1805 3554 1861; x_wconf 89' lang='lat' dir='ltr'><strong>incarnatione</strong></span> <span class='ocrx_word' id='word_1_421' title='bbox 3580 1807 3790 1861; x_wconf 85' lang='lat' dir='ltr'><strong>Domini</strong></span> 
     </span>
    </p>
   </div>
   <div class='ocr_carea' id='block_1_64' title="bbox 2198 1893 3791 1966">
    <p class='ocr_par' dir='ltr' id='par_1_64' title="bbox 2198 1893 3791 1966">
     <span class='ocr_line' id='line_1_64' title="bbox 2198 1893 3791 1966; baseline 0 -14"><span class='ocrx_word' id='word_1_422' title='bbox 2198 1896 2325 1962; x_wconf 79' lang='grc'><strong>815,</strong></span> <span class='ocrx_word' id='word_1_423' title='bbox 2371 1895 2558 1951; x_wconf 92' lang='lat' dir='ltr'><strong>indict.</strong></span> <span class='ocrx_word' id='word_1_424' title='bbox 2588 1893 2644 1962; x_wconf 90' lang='lat'><strong>8,</strong></span> <span class='ocrx_word' id='word_1_425' title='bbox 2689 1905 2879 1966; x_wconf 90' lang='lat' dir='ltr'><strong>epacta</strong></span> <span class='ocrx_word' id='word_1_426' title='bbox 2907 1897 2936 1949; x_wconf 89' lang='lat'><strong>7</strong></span> <span class='ocrx_word' id='word_1_427' title='bbox 2971 1903 3330 1951; x_wconf 86' lang='lat' dir='ltr'><strong>concurrente</strong></span> <span class='ocrx_word' id='word_1_428' title='bbox 3354 1929 3370 1962; x_wconf 85' lang='lat'><strong>,</strong></span> <span class='ocrx_word' id='word_1_429' title='bbox 3418 1911 3568 1950; x_wconf 83' lang='lat' dir='ltr'><strong>anno</strong></span> <span class='ocrx_word' id='word_1_430' title='bbox 3607 1911 3736 1950; x_wconf 77' lang='lat' dir='ltr'><strong>vero</strong></span> <span class='ocrx_word' id='word_1_431' title='bbox 3758 1897 3791 1952; x_wconf 66' lang='grc' dir='ltr'>ἓ</span> 
     </span>
    </p>
   </div>
   <div class='ocr_carea' id='block_1_65' title="bbox 2195 1985 3791 2057">
    <p class='ocr_par' dir='ltr' id='par_1_65' title="bbox 2195 1985 3791 2057">
     <span class='ocr_line' id='line_1_65' title="bbox 2195 1985 3791 2057; baseline 0 -18"><span class='ocrx_word' id='word_1_432' title='bbox 2195 1986 2348 2056; x_wconf 86' lang='lat' dir='ltr'><strong>regni</strong></span> <span class='ocrx_word' id='word_1_433' title='bbox 2397 1985 2654 2040; x_wconf 87' lang='lat' dir='ltr'><strong>Ludovici</strong></span> <span class='ocrx_word' id='word_1_434' title='bbox 2691 1985 3061 2056; x_wconf 88' lang='lat' dir='ltr'><strong>imperatoris.</strong></span> <span class='ocrx_word' id='word_1_435' title='bbox 3102 1985 3300 2042; x_wconf 88' lang='lat' dir='ltr'><strong>Actum</strong></span> <span class='ocrx_word' id='word_1_436' title='bbox 3341 1986 3672 2057; x_wconf 81' lang='lat' dir='ltr'><strong>Aquisgrani</strong></span> <span class='ocrx_word' id='word_1_437' title='bbox 3706 2000 3791 2055; x_wconf 82' lang='lat' dir='ltr'><strong>pa-</strong></span> 
     </span>
    </p>
   </div>
   <div class='ocr_carea' id='block_1_66' title="bbox 2195 2072 3454 2148">
    <p class='ocr_par' dir='ltr' id='par_1_66' title="bbox 2195 2072 3454 2148">
     <span class='ocr_line' id='line_1_66' title="bbox 2195 2072 3454 2148; baseline 0.002 -19"><span class='ocrx_word' id='word_1_438' title='bbox 2195 2073 2326 2130; x_wconf 88' lang='lat' dir='ltr'><strong>latio</strong></span> <span class='ocrx_word' id='word_1_439' title='bbox 2348 2076 2498 2148; x_wconf 87' lang='lat' dir='ltr'><strong>regio</strong></span> <span class='ocrx_word' id='word_1_440' title='bbox 2519 2076 2576 2131; x_wconf 93' lang='lat' dir='ltr'><strong>in</strong></span> <span class='ocrx_word' id='word_1_441' title='bbox 2607 2072 2706 2132; x_wconf 89' lang='lat' dir='ltr'><strong>Dei</strong></span> <span class='ocrx_word' id='word_1_442' title='bbox 2733 2076 2953 2132; x_wconf 90' lang='lat' dir='ltr'><strong>nomine</strong></span> <span class='ocrx_word' id='word_1_443' title='bbox 2985 2075 3234 2132; x_wconf 81' lang='lat' dir='ltr'><strong>feliciter.</strong></span> <span class='ocrx_word' id='word_1_444' title='bbox 3259 2075 3454 2132; x_wconf 84' lang='lat' dir='ltr'><strong>Amen.</strong></span> 
     </span>
    </p>
   </div>
   <div class='ocr_carea' id='block_1_67' title="bbox 2906 2183 3098 2244">
    <p class='ocr_par' dir='ltr' id='par_1_67' title="bbox 2906 2183 3098 2244">
     <span class='ocr_line' id='line_1_67' title="bbox 2906 2183 3098 2244; baseline 0 -1"><span class='ocrx_word' id='word_1_445' title='bbox 2906 2183 3098 2244; x_wconf 79' lang='lat' dir='ltr'><strong>XXXI.</strong></span> 
     </span>
    </p>
   </div>
   <div class='ocr_carea' id='block_1_68' title="bbox 2584 2288 3397 2341">
    <p class='ocr_par' dir='ltr' id='par_1_68' title="bbox 2584 2288 3397 2341">
     <span class='ocr_line' id='line_1_68' title="bbox 2584 2288 3397 2341; baseline 0.002 -4"><span class='ocrx_word' id='word_1_446' title='bbox 2584 2297 2686 2341; x_wconf 69' lang='lat' dir='ltr'><strong>eno</strong></span> <span class='ocrx_word' id='word_1_447' title='bbox 2727 2293 3066 2337; x_wconf 69' lang='grc' dir='ltr'>ιιοΝΑετειιιο</span> <span class='ocrx_word' id='word_1_448' title='bbox 3097 2288 3397 2339; x_wconf 58' lang='lat' dir='ltr'><strong>animum“.</strong></span> 
     </span>
    </p>
   </div>
   <div class='ocr_carea' id='block_1_69' title="bbox 2810 2373 3170 2446">
    <p class='ocr_par' dir='ltr' id='par_1_69' title="bbox 2810 2373 3170 2446">
     <span class='ocr_line' id='line_1_69' title="bbox 2810 2373 3170 2446; baseline 0.008 -20"><span class='ocrx_word' id='word_1_449' title='bbox 2810 2373 2984 2444; x_wconf 81' lang='lat' dir='ltr'><strong>(Anno</strong></span> <span class='ocrx_word' id='word_1_450' title='bbox 3018 2375 3170 2446; x_wconf 77' lang='lat'><strong>815.)</strong></span> 
     </span>
    </p>
   </div>
   <div class='ocr_carea' id='block_1_70' title="bbox 2199 2451 3784 2539">
    <p class='ocr_par' dir='ltr' id='par_1_70' title="bbox 2199 2451 3784 2539">
     <span class='ocr_line' id='line_1_70' title="bbox 2199 2451 3784 2539; baseline 0.007 -25"><span class='ocrx_word' id='word_1_451' title='bbox 2199 2460 2340 2539; x_wconf 72' lang='lat' dir='ltr'><strong>(Hoc</strong></span> <span class='ocrx_word' id='word_1_452' title='bbox 2385 2472 2432 2516; x_wconf 83' lang='lat' dir='ltr'><strong>et</strong></span> <span class='ocrx_word' id='word_1_453' title='bbox 2467 2462 2720 2539; x_wconf 69' lang='lat' dir='ltr'><strong>nonnulla</strong></span> <span class='ocrx_word' id='word_1_454' title='bbox 2744 2451 2880 2539; x_wconf 54' lang='lat' dir='ltr'><strong>alio</strong></span> <span class='ocrx_word' id='word_1_455' title='bbox 2906 2465 3158 2520; x_wconf 83' lang='lat' dir='ltr'><strong>Ludovici</strong></span> <span class='ocrx_word' id='word_1_456' title='bbox 3207 2464 3296 2520; x_wconf 89' lang='lat' dir='ltr'><strong>Pii</strong></span> <span class='ocrx_word' id='word_1_457' title='bbox 3335 2467 3784 2539; x_wconf 17' lang='lat' dir='ltr'><strong>diplomataiqw</strong></span> 
     </span>
    </p>
   </div>
   <div class='ocr_carea' id='block_1_71' title="bbox 2268 2531 3785 2610">
    <p class='ocr_par' dir='ltr' id='par_1_71' title="bbox 2268 2531 3785 2610">
     <span class='ocr_line' id='line_1_71' title="bbox 2268 2531 3785 2610; baseline 0.007 -25"><span class='ocrx_word' id='word_1_458' title='bbox 2268 2531 2338 2587; x_wconf 84' lang='lat' dir='ltr'><strong>ad</strong></span> <span class='ocrx_word' id='word_1_459' title='bbox 2359 2534 3054 2610; x_wconf 50' lang='lat' dir='ltr'><strong>mongsteriunt‘dnianense</strong></span> <span class='ocrx_word' id='word_1_460' title='bbox 3075 2547 3309 2610; x_wconf 75' lang='lat' dir='ltr'><strong>spectant</strong></span> <span class='ocrx_word' id='word_1_461' title='bbox 3332 2531 3451 2593; x_wconf 73' lang='lat' dir='ltr'><strong>vide</strong></span> <span class='ocrx_word' id='word_1_462' title='bbox 3469 2538 3611 2594; x_wconf 74' lang='lat' dir='ltr'><strong>inter</strong></span> <span class='ocrx_word' id='word_1_463' title='bbox 3625 2531 3785 2610; x_wconf 61' lang='lat' dir='ltr'><strong>Opera</strong></span> 
     </span>
    </p>
   </div>
   <div class='ocr_carea' id='block_1_72' title="bbox 2266 2601 3088 2660">
    <p class='ocr_par' dir='ltr' id='par_1_72' title="bbox 2266 2601 3088 2660">
     <span class='ocr_line' id='line_1_72' title="bbox 2266 2601 3088 2660; baseline 0.004 -3"><span class='ocrx_word' id='word_1_464' title='bbox 2266 2604 2434 2658; x_wconf 76' lang='lat' dir='ltr'><strong>sancti</strong></span> <span class='ocrx_word' id='word_1_465' title='bbox 2461 2601 2732 2659; x_wconf 67' lang='lat' dir='ltr'><strong>Benedicti</strong></span> <span class='ocrx_word' id='word_1_466' title='bbox 2756 2604 3088 2660; x_wconf 76' lang='lat' dir='ltr'><strong>Anionensis.</strong></span> 
     </span>
    </p>
   </div>
   <div class='ocr_carea' id='block_1_73' title="bbox 2885 2713 3100 2774">
    <p class='ocr_par' dir='ltr' id='par_1_73' title="bbox 2885 2713 3100 2774">
     <span class='ocr_line' id='line_1_73' title="bbox 2885 2713 3100 2774; baseline -0.005 -2"><span class='ocrx_word' id='word_1_467' title='bbox 2885 2713 3100 2774; x_wconf 73' lang='lat' dir='ltr'><strong>XXXII.</strong></span> 
     </span>
    </p>
   </div>
   <div class='ocr_carea' id='block_1_74' title="bbox 2627 2845 3362 2888">
    <p class='ocr_par' dir='ltr' id='par_1_74' title="bbox 2627 2845 3362 2888">
     <span class='ocr_line' id='line_1_74' title="bbox 2627 2845 3362 2888; baseline -0.004 -1"><span class='ocrx_word' id='word_1_468' title='bbox 2627 2847 2728 2887; x_wconf 74' lang='grc' dir='ltr'><strong>1³1ὶο</strong></span> <span class='ocrx_word' id='word_1_469' title='bbox 2747 2845 3056 2886; x_wconf 66' lang='grc' dir='ltr'>νινΑιιιεΝει</span> <span class='ocrx_word' id='word_1_470' title='bbox 3084 2846 3362 2888; x_wconf 63' lang='grc' dir='ltr'><strong>εοειιεειλ.</strong></span> 
     </span>
    </p>
   </div>
   <div class='ocr_carea' id='block_1_75' title="bbox 2823 2920 3198 2993">
    <p class='ocr_par' dir='ltr' id='par_1_75' title="bbox 2823 2920 3198 2993">
     <span class='ocr_line' id='line_1_75' title="bbox 2823 2920 3198 2993; baseline 0 -18"><span class='ocrx_word' id='word_1_471' title='bbox 2823 2920 2999 2993; x_wconf 81' lang='lat' dir='ltr'><strong>(Anno</strong></span> <span class='ocrx_word' id='word_1_472' title='bbox 3045 2920 3198 2992; x_wconf 70' lang='lat'><strong>815.)</strong></span> 
     </span>
    </p>
   </div>
   <div class='ocr_carea' id='block_1_76' title="bbox 2202 3010 3787 3086">
    <p class='ocr_par' dir='ltr' id='par_1_76' title="bbox 2202 3010 3787 3086">
     <span class='ocr_line' id='line_1_76' title="bbox 2202 3010 3787 3086; baseline 0 -17"><span class='ocrx_word' id='word_1_473' title='bbox 2202 3011 2384 3086; x_wconf 82' lang='lat' dir='ltr'><strong>[Apud</strong></span> <span class='ocrx_word' id='word_1_474' title='bbox 2411 3012 2474 3069; x_wconf 82' lang='grc' dir='ltr'><strong>Ι).</strong></span> <span class='ocrx_word' id='word_1_475' title='bbox 2499 3011 2788 3086; x_wconf 84' lang='lat' dir='ltr'><strong>Bouquet.,</strong></span> <span class='ocrx_word' id='word_1_476' title='bbox 2804 3010 2959 3086; x_wconf 53' lang='lat' dir='ltr'><strong>ibim,</strong></span> <span class='ocrx_word' id='word_1_477' title='bbox 2984 3012 3121 3086; x_wconf 56' lang='lat' dir='ltr'><strong>es).</strong></span> <span class='ocrx_word' id='word_1_478' title='bbox 3153 3010 3787 3086; x_wconf 58' lang='lat' dir='ltr'><strong>ColumbiQerebusgw</strong></span> 
     </span>
    </p>
   </div>
   <div class='ocr_carea' id='block_1_77' title="bbox 2526 3083 3471 3155">
    <p class='ocr_par' dir='ltr' id='par_1_77' title="bbox 2526 3083 3471 3155">
     <span class='ocr_line' id='line_1_77' title="bbox 2526 3083 3471 3155; baseline -0.001 -18"><span class='ocrx_word' id='word_1_479' title='bbox 2526 3083 2591 3138; x_wconf 73' lang='lat' dir='ltr'><strong>tis</strong></span> <span class='ocrx_word' id='word_1_480' title='bbox 2618 3085 2777 3154; x_wconf 83' lang='lat' dir='ltr'><strong>episc.</strong></span> <span class='ocrx_word' id='word_1_481' title='bbox 2803 3083 3007 3151; x_wconf 84' lang='lat' dir='ltr'><strong>Vivar.,</strong></span> <span class='ocrx_word' id='word_1_482' title='bbox 3035 3085 3130 3138; x_wconf 85' lang='lat' dir='ltr'><strong>lib.</strong></span> <span class='ocrx_word' id='word_1_483' title='bbox 3167 3100 3229 3150; x_wconf 84' lang='grc' dir='ltr'>ιι,</span> <span class='ocrx_word' id='word_1_484' title='bbox 3261 3100 3315 3138; x_wconf 89' lang='lat' dir='ltr'><strong>n.</strong></span> <span class='ocrx_word' id='word_1_485' title='bbox 3347 3083 3471 3155; x_wconf 78' lang='lat'><strong>30.]</strong></span> 
     </span>
    </p>
   </div>
   <div class='ocr_carea' id='block_1_78' title="bbox 2275 3193 3792 3260">
    <p class='ocr_par' dir='ltr' id='par_1_78' title="bbox 2275 3193 3792 3260">
     <span class='ocr_line' id='line_1_78' title="bbox 2275 3193 3792 3260; baseline -0.002 -9"><span class='ocrx_word' id='word_1_486' title='bbox 2275 3195 2337 3251; x_wconf 91' lang='lat' dir='ltr'><strong>In</strong></span> <span class='ocrx_word' id='word_1_487' title='bbox 2361 3195 2581 3252; x_wconf 90' lang='lat' dir='ltr'><strong>nomine</strong></span> <span class='ocrx_word' id='word_1_488' title='bbox 2611 3193 2892 3251; x_wconf 89' lang='lat' dir='ltr'><strong>Dominiet</strong></span> <span class='ocrx_word' id='word_1_489' title='bbox 2907 3193 3208 3250; x_wconf 88' lang='lat' dir='ltr'><strong>Salvatoris</strong></span> <span class='ocrx_word' id='word_1_490' title='bbox 3222 3194 3394 3250; x_wconf 86' lang='lat' dir='ltr'><strong>nostri</strong></span> <span class='ocrx_word' id='word_1_491' title='bbox 3409 3193 3543 3250; x_wconf 82' lang='lat' dir='ltr'><strong>.lesu</strong></span> <span class='ocrx_word' id='word_1_492' title='bbox 3571 3193 3792 3260; x_wconf 85' lang='lat' dir='ltr'><strong>Christi,</strong></span> 
     </span>
    </p>
   </div>
   <div class='ocr_carea' id='block_1_79' title="bbox 2205 3283 3791 3356">
    <p class='ocr_par' dir='ltr' id='par_1_79' title="bbox 2205 3283 3791 3356">
     <span class='ocr_line' id='line_1_79' title="bbox 2205 3283 3791 3356; baseline -0.003 -12"><span class='ocrx_word' id='word_1_493' title='bbox 2205 3286 2532 3354; x_wconf 90' lang='lat' dir='ltr'><strong>Ludovicus,</strong></span> <span class='ocrx_word' id='word_1_494' title='bbox 2549 3287 2729 3343; x_wconf 89' lang='lat' dir='ltr'><strong>divina</strong></span> <span class='ocrx_word' id='word_1_495' title='bbox 2752 3283 3045 3344; x_wconf 87' lang='lat' dir='ltr'><strong>ordinante</strong></span> <span class='ocrx_word' id='word_1_496' title='bbox 3065 3285 3407 3356; x_wconf 89' lang='lat' dir='ltr'><strong>providentia</strong></span> <span class='ocrx_word' id='word_1_497' title='bbox 3425 3296 3477 3352; x_wconf 81' lang='grc' dir='ltr'>ι,</span> <span class='ocrx_word' id='word_1_498' title='bbox 3497 3285 3791 3356; x_wconf 81' lang='lat' dir='ltr'><strong>imperator</strong></span> 
     </span>
    </p>
   </div>
   <div class='ocr_carea' id='block_1_80' title="bbox 2206 3381 2502 3452">
    <p class='ocr_par' dir='ltr' id='par_1_80' title="bbox 2206 3381 2502 3452">
     <span class='ocr_line' id='line_1_80' title="bbox 2206 3381 2502 3452; baseline -0.003 -17"><span class='ocrx_word' id='word_1_499' title='bbox 2206 3381 2502 3452; x_wconf 84' lang='lat' dir='ltr'><strong>Augustus.</strong></span> 
     </span>
    </p>
   </div>
   <div class='ocr_carea' id='block_1_81' title="bbox 2280 3468 3793 3541">
    <p class='ocr_par' dir='ltr' id='par_1_81' title="bbox 2280 3468 3793 3541">
     <span class='ocr_line' id='line_1_81' title="bbox 2280 3468 3793 3541; baseline -0.004 -13"><span class='ocrx_word' id='word_1_500' title='bbox 2280 3473 2341 3528; x_wconf 90' lang='lat' dir='ltr'><strong>Si</strong></span> <span class='ocrx_word' id='word_1_501' title='bbox 2371 3471 2713 3528; x_wconf 86' lang='lat' dir='ltr'><strong>sacerdotum</strong></span> <span class='ocrx_word' id='word_1_502' title='bbox 2752 3485 2818 3526; x_wconf 90' lang='lat' dir='ltr'><strong>ac</strong></span> <span class='ocrx_word' id='word_1_503' title='bbox 2844 3485 3126 3527; x_wconf 87' lang='lat' dir='ltr'><strong>servorum</strong></span> <span class='ocrx_word' id='word_1_504' title='bbox 3152 3470 3249 3525; x_wconf 92' lang='lat' dir='ltr'><strong>Dei</strong></span> <span class='ocrx_word' id='word_1_505' title='bbox 3257 3469 3423 3541; x_wconf 87' lang='lat' dir='ltr'><strong>justis</strong></span> <span class='ocrx_word' id='word_1_506' title='bbox 3439 3468 3793 3540; x_wconf 83' lang='lat' dir='ltr'><strong>petitionibus</strong></span> 
     </span>
    </p>
   </div>
   <div class='ocr_carea' id='block_1_82' title="bbox 2209 3558 3793 3632">
    <p class='ocr_par' dir='ltr' id='par_1_82' title="bbox 2209 3558 3793 3632">
     <span class='ocr_line' id='line_1_82' title="bbox 2209 3558 3793 3632; baseline -0.005 -14"><span class='ocrx_word' id='word_1_507' title='bbox 2209 3560 2625 3632; x_wconf 89' lang='lat' dir='ltr'><strong>acquiescimus,</strong></span> <span class='ocrx_word' id='word_1_508' title='bbox 2658 3561 2763 3616; x_wconf 92' lang='lat' dir='ltr'><strong>hoc</strong></span> <span class='ocrx_word' id='word_1_509' title='bbox 2793 3559 2952 3615; x_wconf 90' lang='lat' dir='ltr'><strong>nobis</strong></span> <span class='ocrx_word' id='word_1_510' title='bbox 2982 3574 3114 3614; x_wconf 88' lang='lat' dir='ltr'><strong>sane</strong></span> <span class='ocrx_word' id='word_1_511' title='bbox 3136 3558 3205 3614; x_wconf 90' lang='lat' dir='ltr'><strong>ad</strong></span> <span class='ocrx_word' id='word_1_512' title='bbox 3249 3568 3518 3615; x_wconf 74' lang='lat' dir='ltr'><strong>aeternam</strong></span> <span class='ocrx_word' id='word_1_513' title='bbox 3564 3558 3793 3614; x_wconf 79' lang='lat' dir='ltr'><strong>beatitu-</strong></span> 
     </span>
    </p>
   </div>
   <div class='ocr_carea' id='block_1_83' title="bbox 2210 3640 3794 3722">
    <p class='ocr_par' dir='ltr' id='par_1_83' title="bbox 2210 3640 3794 3722">
     <span class='ocr_line' id='line_1_83' title="bbox 2210 3640 3794 3722; baseline -0.006 -13"><span class='ocrx_word' id='word_1_514' title='bbox 2210 3653 2392 3710; x_wconf 88' lang='lat' dir='ltr'><strong>dinem</strong></span> <span class='ocrx_word' id='word_1_515' title='bbox 2417 3640 2706 3722; x_wconf 85' lang='lat' dir='ltr'><strong>provenire</strong></span> <span class='ocrx_word' id='word_1_516' title='bbox 2728 3648 3072 3706; x_wconf 88' lang='lat' dir='ltr'><strong>conﬁdimus.</strong></span> <span class='ocrx_word' id='word_1_517' title='bbox 3101 3650 3310 3705; x_wconf 89' lang='lat' dir='ltr'><strong>ldcirco</strong></span> <span class='ocrx_word' id='word_1_518' title='bbox 3331 3649 3646 3718; x_wconf 86' lang='lat' dir='ltr'><strong>comperiat</strong></span> <span class='ocrx_word' id='word_1_519' title='bbox 3687 3663 3794 3702; x_wconf 82' lang='lat' dir='ltr'><strong>om-</strong></span> 
     </span>
    </p>
   </div>
   <div class='ocr_carea' id='block_1_84' title="bbox 2208 3731 3793 3809">
    <p class='ocr_par' dir='ltr' id='par_1_84' title="bbox 2208 3731 3793 3809">
     <span class='ocr_line' id='line_1_84' title="bbox 2208 3731 3793 3809; baseline -0.003 -12"><span class='ocrx_word' id='word_1_520' title='bbox 2208 3742 2362 3797; x_wconf 88' lang='lat' dir='ltr'><strong>nium</strong></span> <span class='ocrx_word' id='word_1_521' title='bbox 2394 3739 2638 3797; x_wconf 84' lang='lat' dir='ltr'><strong>ﬁdelium</strong></span> <span class='ocrx_word' id='word_1_522' title='bbox 2674 3748 3011 3805; x_wconf 89' lang='lat' dir='ltr'><strong>nostrorum,</strong></span> <span class='ocrx_word' id='word_1_523' title='bbox 3069 3739 3421 3809; x_wconf 62' lang='lat' dir='ltr'><strong>praesentium</strong></span> <span class='ocrx_word' id='word_1_524' title='bbox 3476 3731 3695 3793; x_wconf 76' lang='lat' dir='ltr'><strong>scilicet</strong></span> <span class='ocrx_word' id='word_1_525' title='bbox 3746 3746 3793 3792; x_wconf 85' lang='lat' dir='ltr'><strong>et</strong></span> 
     </span>
    </p>
   </div>
   <div class='ocr_carea' id='block_1_85' title="bbox 2210 3825 3792 3899">
    <p class='ocr_par' dir='ltr' id='par_1_85' title="bbox 2210 3825 3792 3899">
     <span class='ocr_line' id='line_1_85' title="bbox 2210 3825 3792 3899; baseline -0.003 -14"><span class='ocrx_word' id='word_1_526' title='bbox 2210 3828 2519 3888; x_wconf 77' lang='lat' dir='ltr'><strong>futurorum</strong></span> <span class='ocrx_word' id='word_1_527' title='bbox 2540 3828 2830 3894; x_wconf 87' lang='lat' dir='ltr'><strong>industria,</strong></span> <span class='ocrx_word' id='word_1_528' title='bbox 2861 3828 2990 3899; x_wconf 89' lang='lat' dir='ltr'><strong>quia</strong></span> <span class='ocrx_word' id='word_1_529' title='bbox 3029 3828 3115 3882; x_wconf 86' lang='lat' dir='ltr'><strong>vir</strong></span> <span class='ocrx_word' id='word_1_530' title='bbox 3160 3825 3496 3883; x_wconf 85' lang='lat' dir='ltr'><strong>venerabilis</strong></span> <span class='ocrx_word' id='word_1_531' title='bbox 3539 3825 3792 3889; x_wconf 86' lang='lat' dir='ltr'><strong>Thomas.</strong></span> 
     </span>
    </p>
   </div>
   <div class='ocr_carea' id='block_1_86' title="bbox 2209 3916 3794 3992">
    <p class='ocr_par' dir='ltr' id='par_1_86' title="bbox 2209 3916 3794 3992">
     <span class='ocr_line' id='line_1_86' title="bbox 2209 3916 3794 3992; baseline -0.004 -15"><span class='ocrx_word' id='word_1_532' title='bbox 2209 3921 2496 3992; x_wconf 89' lang='lat' dir='ltr'><strong>episcopus</strong></span> <span class='ocrx_word' id='word_1_533' title='bbox 2521 3919 2839 3976; x_wconf 82' lang='lat' dir='ltr'><strong>Albensium</strong></span> <span class='ocrx_word' id='word_1_534' title='bbox 2865 3935 2961 3976; x_wconf 90' lang='lat' dir='ltr'><strong>seu</strong></span> <span class='ocrx_word' id='word_1_535' title='bbox 2981 3918 3406 3984; x_wconf 78' lang='lat' dir='ltr'><strong>Vivariensium,</strong></span> <span class='ocrx_word' id='word_1_536' title='bbox 3455 3917 3689 3972; x_wconf 83' lang='lat' dir='ltr'><strong>veniens</strong></span> <span class='ocrx_word' id='word_1_537' title='bbox 3736 3916 3794 3970; x_wconf 83' lang='lat' dir='ltr'><strong>ad</strong></span> 
     </span>
    </p>
   </div>
   <div class='ocr_carea' id='block_1_87' title="bbox 2210 4003 3794 4080">
    <p class='ocr_par' dir='ltr' id='par_1_87' title="bbox 2210 4003 3794 4080">
     <span class='ocr_line' id='line_1_87' title="bbox 2210 4003 3794 4080; baseline -0.005 -13"><span class='ocrx_word' id='word_1_538' title='bbox 2210 4025 2330 4074; x_wconf 89' lang='lat' dir='ltr'><strong>nos,</strong></span> <span class='ocrx_word' id='word_1_539' title='bbox 2360 4011 2684 4080; x_wconf 89' lang='lat' dir='ltr'><strong>deprecatus</strong></span> <span class='ocrx_word' id='word_1_540' title='bbox 2735 4019 2822 4066; x_wconf 89' lang='lat' dir='ltr'><strong>est</strong></span> <span class='ocrx_word' id='word_1_541' title='bbox 2871 4003 3246 4066; x_wconf 86' lang='lat' dir='ltr'><strong>celsitudinem</strong></span> <span class='ocrx_word' id='word_1_542' title='bbox 3294 4015 3544 4063; x_wconf 90' lang='lat' dir='ltr'><strong>nostram</strong></span> <span class='ocrx_word' id='word_1_543' title='bbox 3584 4017 3657 4061; x_wconf 83' lang='lat' dir='ltr'><strong>ut</strong></span> <span class='ocrx_word' id='word_1_544' title='bbox 3707 4019 3794 4075; x_wconf 89' lang='lat' dir='ltr'><strong>pro</strong></span> 
     </span>
    </p>
   </div>
   <div class='ocr_carea' id='block_1_88' title="bbox 2209 4100 3792 4171">
    <p class='ocr_par' dir='ltr' id='par_1_88' title="bbox 2209 4100 3792 4171">
     <span class='ocr_line' id='line_1_88' title="bbox 2209 4100 3792 4171; baseline -0.003 -15"><span class='ocrx_word' id='word_1_545' title='bbox 2209 4108 2411 4156; x_wconf 72' lang='lat' dir='ltr'><strong>nostrae</strong></span> <span class='ocrx_word' id='word_1_546' title='bbox 2433 4101 2700 4156; x_wconf 86' lang='lat' dir='ltr'><strong>mercedis</strong></span> <span class='ocrx_word' id='word_1_547' title='bbox 2722 4108 3013 4170; x_wconf 83' lang='lat' dir='ltr'><strong>augmento</strong></span> <span class='ocrx_word' id='word_1_548' title='bbox 3059 4101 3380 4171; x_wconf 85' lang='lat' dir='ltr'><strong>praedictam</strong></span> <span class='ocrx_word' id='word_1_549' title='bbox 3429 4100 3648 4163; x_wconf 88' lang='lat' dir='ltr'><strong>sedem,</strong></span> <span class='ocrx_word' id='word_1_550' title='bbox 3679 4113 3792 4153; x_wconf 85' lang='lat' dir='ltr'><strong>cum</strong></span> 
     </span>
    </p>
   </div>
   <div class='ocr_carea' id='block_1_89' title="bbox 2209 4192 3793 4259">
    <p class='ocr_par' dir='ltr' id='par_1_89' title="bbox 2209 4192 3793 4259">
     <span class='ocr_line' id='line_1_89' title="bbox 2209 4192 3793 4259; baseline -0.004 -7"><span class='ocrx_word' id='word_1_551' title='bbox 2209 4195 2468 4252; x_wconf 87' lang='lat' dir='ltr'><strong>fratribus</strong></span> <span class='ocrx_word' id='word_1_552' title='bbox 2488 4194 2687 4249; x_wconf 87' lang='lat' dir='ltr'><strong>ibidem</strong></span> <span class='ocrx_word' id='word_1_553' title='bbox 2739 4193 2969 4249; x_wconf 88' lang='lat' dir='ltr'><strong>Domino</strong></span> <span class='ocrx_word' id='word_1_554' title='bbox 3017 4193 3400 4259; x_wconf 86' lang='lat' dir='ltr'><strong>servientibus,</strong></span> <span class='ocrx_word' id='word_1_555' title='bbox 3460 4192 3565 4246; x_wconf 86' lang='lat' dir='ltr'><strong>sub</strong></span> <span class='ocrx_word' id='word_1_556' title='bbox 3614 4201 3793 4246; x_wconf 79' lang='lat' dir='ltr'><strong>nostra</strong></span> 
     </span>
    </p>
   </div>
   <div class='ocr_carea' id='block_1_90' title="bbox 2209 4279 3794 4354">
    <p class='ocr_par' dir='ltr' id='par_1_90' title="bbox 2209 4279 3794 4354">
     <span class='ocr_line' id='line_1_90' title="bbox 2209 4279 3794 4354; baseline -0.004 -12"><span class='ocrx_word' id='word_1_557' title='bbox 2209 4285 2522 4342; x_wconf 83' lang='lat' dir='ltr'><strong>defensione</strong></span> <span class='ocrx_word' id='word_1_558' title='bbox 2549 4292 2604 4340; x_wconf 91' lang='lat' dir='ltr'><strong>et</strong></span> <span class='ocrx_word' id='word_1_559' title='bbox 2629 4280 2971 4338; x_wconf 89' lang='lat' dir='ltr'><strong>immunitate</strong></span> <span class='ocrx_word' id='word_1_560' title='bbox 3015 4283 3384 4354; x_wconf 89' lang='lat' dir='ltr'><strong>reciperemus</strong></span> <span class='ocrx_word' id='word_1_561' title='bbox 3418 4299 3430 4335; x_wconf 92' lang='lat'><strong>:</strong></span> <span class='ocrx_word' id='word_1_562' title='bbox 3475 4279 3639 4349; x_wconf 89' lang='lat' dir='ltr'><strong>cujus</strong></span> <span class='ocrx_word' id='word_1_563' title='bbox 3671 4283 3794 4352; x_wconf 87' lang='lat' dir='ltr'><strong>peti-</strong></span> 
     </span>
    </p>
   </div>
   <div class='ocr_carea' id='block_1_91' title="bbox 2213 4372 3795 4448">
    <p class='ocr_par' dir='ltr' id='par_1_91' title="bbox 2213 4372 3795 4448">
     <span class='ocr_line' id='line_1_91' title="bbox 2213 4372 3795 4448; baseline -0.005 -14"><span class='ocrx_word' id='word_1_564' title='bbox 2213 4378 2345 4435; x_wconf 88' lang='lat' dir='ltr'><strong>tioni</strong></span> <span class='ocrx_word' id='word_1_565' title='bbox 2380 4390 2666 4432; x_wconf 89' lang='lat' dir='ltr'><strong>assensum</strong></span> <span class='ocrx_word' id='word_1_566' title='bbox 2701 4376 3027 4448; x_wconf 81' lang='lat' dir='ltr'><strong>praebentes,</strong></span> <span class='ocrx_word' id='word_1_567' title='bbox 3059 4389 3157 4443; x_wconf 91' lang='lat' dir='ltr'><strong>per</strong></span> <span class='ocrx_word' id='word_1_568' title='bbox 3207 4381 3410 4428; x_wconf 59' lang='lat' dir='ltr'><strong>nostrae</strong></span> <span class='ocrx_word' id='word_1_569' title='bbox 3455 4372 3795 4428; x_wconf 87' lang='lat' dir='ltr'><strong>auctoritatis</strong></span> 
     </span>
    </p>
   </div>
   <div class='ocr_carea' id='block_1_92' title="bbox 504 4463 2097 4550">
    <p class='ocr_par' dir='ltr' id='par_1_92' title="bbox 504 4463 2097 4550">
     <span class='ocr_line' id='line_1_92' title="bbox 504 4463 2097 4550; baseline 0.007 -21"><span class='ocrx_word' id='word_1_570' title='bbox 504 4464 697 4529; x_wconf 87' lang='lat' dir='ltr'><strong>nostro</strong></span> <span class='ocrx_word' id='word_1_571' title='bbox 723 4473 1085 4544; x_wconf 86' lang='lat' dir='ltr'><strong>Hartmanno,</strong></span> <span class='ocrx_word' id='word_1_572' title='bbox 1138 4469 1472 4550; x_wconf 82' lang='lat' dir='ltr'><strong>expetitione</strong></span> <span class='ocrx_word' id='word_1_573' title='bbox 1498 4463 1779 4539; x_wconf 82' lang='lat' dir='ltr'><strong>Madefridi</strong></span> <span class='ocrx_word' id='word_1_574' title='bbox 1802 4484 1977 4541; x_wconf 89' lang='lat' dir='ltr'><strong>ﬁdelis</strong></span> <span class='ocrx_word' id='word_1_575' title='bbox 2005 4501 2097 4540; x_wconf 88' lang='lat' dir='ltr'><strong>no-</strong></span> 
     </span>
    </p>
   </div>
   <div class='ocr_carea' id='block_1_93' title="bbox 2211 4463 3790 4550">
    <p class='ocr_par' dir='ltr' id='par_1_93' title="bbox 2211 4463 3790 4548">
     <span class='ocr_line' id='line_1_93' title="bbox 2211 4463 3790 4548; baseline -0.007 -19"><span class='ocrx_word' id='word_1_576' title='bbox 2211 4477 2540 4548; x_wconf 66' lang='lat' dir='ltr'><strong>przeceptum</strong></span> <span class='ocrx_word' id='word_1_577' title='bbox 2560 4465 2888 4522; x_wconf 89' lang='lat' dir='ltr'><strong>conﬁrmare</strong></span> <span class='ocrx_word' id='word_1_578' title='bbox 2908 4465 3237 4520; x_wconf 87' lang='lat' dir='ltr'><strong>studuimus.</strong></span> <span class='ocrx_word' id='word_1_579' title='bbox 3262 4463 3663 4535; x_wconf 76' lang='lat' dir='ltr'><strong>Prtecipientes</strong></span> <span class='ocrx_word' id='word_1_580' title='bbox 3717 4479 3790 4519; x_wconf 48' lang='lat' dir='ltr'><strong>er.</strong></span> 
     </span>
    </p>
   </div>
   <div class='ocr_carea' id='block_1_94' title="bbox 505 4563 2104 4646">
    <p class='ocr_par' dir='ltr' id='par_1_94' title="bbox 505 4563 2104 4646">
     <span class='ocr_line' id='line_1_94' title="bbox 505 4563 2104 4646; baseline 0.009 -29"><span class='ocrx_word' id='word_1_581' title='bbox 505 4563 607 4617; x_wconf 81' lang='lat' dir='ltr'><strong>atri</strong></span> <span class='ocrx_word' id='word_1_582' title='bbox 633 4579 698 4620; x_wconf 89' lang='lat' dir='ltr'><strong>ac</strong></span> <span class='ocrx_word' id='word_1_583' title='bbox 735 4566 1061 4624; x_wconf 64' lang='lat' dir='ltr'><strong>&#39;caeterorum</strong></span> <span class='ocrx_word' id='word_1_584' title='bbox 1090 4568 1210 4639; x_wconf 82' lang='lat' dir='ltr'><strong>ﬁeri</strong></span> <span class='ocrx_word' id='word_1_585' title='bbox 1256 4571 1619 4638; x_wconf 85' lang='lat' dir='ltr'><strong>decrevimus,</strong></span> <span class='ocrx_word' id='word_1_586' title='bbox 1656 4588 1757 4643; x_wconf 90' lang='lat' dir='ltr'><strong>per</strong></span> <span class='ocrx_word' id='word_1_587' title='bbox 1784 4591 1948 4646; x_wconf 88' lang='lat' dir='ltr'><strong>quam</strong></span> <span class='ocrx_word' id='word_1_588' title='bbox 1993 4585 2104 4632; x_wconf 51' lang='lat' dir='ltr'><strong>sta-</strong></span> 
     </span>
    </p>
   </div>
   <div class='ocr_carea' id='block_1_95' title="bbox 507 4652 2104 4736">
    <p class='ocr_par' dir='ltr' id='par_1_95' title="bbox 507 4652 2104 4736">
     <span class='ocr_line' id='line_1_95' title="bbox 507 4652 2104 4736; baseline 0.009 -30"><span class='ocrx_word' id='word_1_589' title='bbox 507 4652 711 4708; x_wconf 89' lang='lat' dir='ltr'><strong>tuimus</strong></span> <span class='ocrx_word' id='word_1_590' title='bbox 733 4662 896 4724; x_wconf 86' lang='lat' dir='ltr'><strong>atque</strong></span> <span class='ocrx_word' id='word_1_591' title='bbox 921 4658 1198 4714; x_wconf 81' lang='lat' dir='ltr'><strong>sanximus</strong></span> <span class='ocrx_word' id='word_1_592' title='bbox 1224 4667 1282 4716; x_wconf 91' lang='lat' dir='ltr'><strong>ut</strong></span> <span class='ocrx_word' id='word_1_593' title='bbox 1314 4675 1402 4716; x_wconf 90' lang='lat' dir='ltr'><strong>res</strong></span> <span class='ocrx_word' id='word_1_594' title='bbox 1415 4661 1666 4730; x_wconf 77' lang='lat' dir='ltr'><strong>Superius</strong></span> <span class='ocrx_word' id='word_1_595' title='bbox 1690 4664 1944 4734; x_wconf 84' lang='lat' dir='ltr'><strong>scriptas,</strong></span> <span class='ocrx_word' id='word_1_596' title='bbox 1967 4681 2104 4736; x_wconf 88' lang='lat' dir='ltr'><strong>quas</strong></span> 
     </span>
    </p>
   </div>
   <div class='ocr_carea' id='block_1_96' title="bbox 506 4745 2100 4822">
    <p class='ocr_par' dir='ltr' id='par_1_96' title="bbox 506 4745 2100 4822">
     <span class='ocr_line' id='line_1_96' title="bbox 506 4745 2100 4822; baseline 0.008 -24"><span class='ocrx_word' id='word_1_597' title='bbox 506 4750 618 4798; x_wconf 89' lang='lat' dir='ltr'><strong>tam</strong></span> <span class='ocrx_word' id='word_1_598' title='bbox 671 4745 786 4814; x_wconf 90' lang='lat' dir='ltr'><strong>ipse</strong></span> <span class='ocrx_word' id='word_1_599' title='bbox 832 4745 1203 4805; x_wconf 82' lang='lat' dir='ltr'><strong>Hartmannus</strong></span> <span class='ocrx_word' id='word_1_600' title='bbox 1232 4751 1301 4806; x_wconf 91' lang='lat' dir='ltr'><strong>ad</strong></span> <span class='ocrx_word' id='word_1_601' title='bbox 1346 4751 1517 4820; x_wconf 85' lang='lat' dir='ltr'><strong>ipsam</strong></span> <span class='ocrx_word' id='word_1_602' title='bbox 1552 4767 1737 4809; x_wconf 85' lang='lat' dir='ltr'><strong>casam</strong></span> <span class='ocrx_word' id='word_1_603' title='bbox 1790 4751 1886 4808; x_wconf 85' lang='lat' dir='ltr'><strong>Dei</strong></span> <span class='ocrx_word' id='word_1_604' title='bbox 1934 4756 2100 4822; x_wconf 86' lang='lat' dir='ltr'><strong>dedit,</strong></span> 
     </span>
    </p>
   </div>
   <div class='ocr_carea' id='block_1_97' title="bbox 506 4836 2103 4921">
    <p class='ocr_par' dir='ltr' id='par_1_97' title="bbox 506 4836 2103 4921">
     <span class='ocr_line' id='line_1_97' title="bbox 506 4836 2103 4921; baseline 0.009 -34"><span class='ocrx_word' id='word_1_605' title='bbox 506 4847 672 4904; x_wconf 92' lang='lat' dir='ltr'><strong>quam</strong></span> <span class='ocrx_word' id='word_1_606' title='bbox 701 4836 866 4892; x_wconf 87' lang='lat' dir='ltr'><strong>etiam</strong></span> <span class='ocrx_word' id='word_1_607' title='bbox 895 4837 1014 4894; x_wconf 88' lang='lat' dir='ltr'><strong>illas</strong></span> <span class='ocrx_word' id='word_1_608' title='bbox 1038 4856 1176 4910; x_wconf 91' lang='lat' dir='ltr'><strong>quas</strong></span> <span class='ocrx_word' id='word_1_609' title='bbox 1199 4841 1254 4895; x_wconf 82' lang='lat' dir='ltr'><strong>in</strong></span> <span class='ocrx_word' id='word_1_610' title='bbox 1282 4843 1585 4913; x_wconf 87' lang='lat' dir='ltr'><strong>precariam</strong></span> <span class='ocrx_word' id='word_1_611' title='bbox 1613 4844 1846 4914; x_wconf 88' lang='lat' dir='ltr'><strong>accepit,</strong></span> <span class='ocrx_word' id='word_1_612' title='bbox 1875 4860 1973 4921; x_wconf 81' lang='lat' dir='ltr'><strong>per</strong></span> <span class='ocrx_word' id='word_1_613' title='bbox 1998 4847 2103 4902; x_wconf 92' lang='lat' dir='ltr'><strong>hoc</strong></span> 
     </span>
    </p>
   </div>
   <div class='ocr_carea' id='block_1_98' title="bbox 505 4925 2101 5003">
    <p class='ocr_par' dir='ltr' id='par_1_98' title="bbox 505 4925 2101 5003">
     <span class='ocr_line' id='line_1_98' title="bbox 505 4925 2101 5003; baseline 0.006 -20"><span class='ocrx_word' id='word_1_614' title='bbox 505 4925 812 4996; x_wconf 75' lang='lat' dir='ltr'><strong>maiestatis</strong></span> <span class='ocrx_word' id='word_1_615' title='bbox 837 4938 1040 4985; x_wconf 88' lang='lat' dir='ltr'><strong>nostrae</strong></span> <span class='ocrx_word' id='word_1_616' title='bbox 1066 4934 1397 5003; x_wconf 66' lang='lat' dir='ltr'><strong>praeceptum</strong></span> <span class='ocrx_word' id='word_1_617' title='bbox 1419 4974 1434 5000; x_wconf 92' lang='lat'><strong>,</strong></span> <span class='ocrx_word' id='word_1_618' title='bbox 1482 4948 1578 4991; x_wconf 86' lang='lat' dir='ltr'><strong>seu</strong></span> <span class='ocrx_word' id='word_1_619' title='bbox 1606 4948 1705 5003; x_wconf 90' lang='lat' dir='ltr'><strong>per</strong></span> <span class='ocrx_word' id='word_1_620' title='bbox 1733 4935 1938 4991; x_wconf 84' lang='lat' dir='ltr'><strong>dictam</strong></span> <span class='ocrx_word' id='word_1_621' title='bbox 1967 4953 2101 4992; x_wconf 90' lang='lat' dir='ltr'><strong>cou-</strong></span> 
     </span>
    </p>
   </div>
   <div class='ocr_carea' id='block_1_99' title="bbox 507 5017 2106 5098">
    <p class='ocr_par' dir='ltr' id='par_1_99' title="bbox 507 5017 2106 5098">
     <span class='ocr_line' id='line_1_99' title="bbox 507 5017 2106 5098; baseline 0.009 -28"><span class='ocrx_word' id='word_1_622' title='bbox 507 5017 851 5098; x_wconf 78' lang='lat' dir='ltr'><strong>ventiouem,</strong></span> <span class='ocrx_word' id='word_1_623' title='bbox 900 5019 1092 5076; x_wconf 86' lang='lat' dir='ltr'><strong>diebus</strong></span> <span class='ocrx_word' id='word_1_624' title='bbox 1132 5023 1258 5078; x_wconf 66' lang='lat' dir='ltr'><strong>vitae</strong></span> <span class='ocrx_word' id='word_1_625' title='bbox 1297 5040 1410 5080; x_wconf 68' lang='lat' dir='ltr'><strong>suae</strong></span> <span class='ocrx_word' id='word_1_626' title='bbox 1454 5041 1647 5082; x_wconf 78' lang='lat' dir='ltr'><strong>secure</strong></span> <span class='ocrx_word' id='word_1_627' title='bbox 1685 5028 1997 5098; x_wconf 80' lang='lat' dir='ltr'><strong>possideat;</strong></span> <span class='ocrx_word' id='word_1_628' title='bbox 2049 5038 2106 5085; x_wconf 89' lang='lat' dir='ltr'><strong>et</strong></span> 
     </span>
    </p>
   </div>
   <div class='ocr_carea' id='block_1_100' title="bbox 509 5093 2105 5186">
    <p class='ocr_par' dir='ltr' id='par_1_100' title="bbox 509 5093 2105 5186">
     <span class='ocr_line' id='line_1_100' title="bbox 509 5093 2105 5186; baseline 0.006 -24"><span class='ocrx_word' id='word_1_629' title='bbox 509 5102 693 5162; x_wconf 85' lang='lat' dir='ltr'><strong>nullus</strong></span> <span class='ocrx_word' id='word_1_630' title='bbox 723 5093 933 5164; x_wconf 56' lang='lat' dir='ltr'><strong>Exinde</strong></span> <span class='ocrx_word' id='word_1_631' title='bbox 975 5109 1293 5178; x_wconf 87' lang='lat' dir='ltr'><strong>pontiﬁcum</strong></span> <span class='ocrx_word' id='word_1_632' title='bbox 1339 5113 1396 5167; x_wconf 90' lang='lat' dir='ltr'><strong>in</strong></span> <span class='ocrx_word' id='word_1_633' title='bbox 1446 5093 1775 5186; x_wconf 82' lang='lat' dir='ltr'><strong>quibuslibet</strong></span> <span class='ocrx_word' id='word_1_634' title='bbox 1822 5093 1990 5174; x_wconf 82' lang='lat' dir='ltr'><strong>rebus</strong></span> <span class='ocrx_word' id='word_1_635' title='bbox 2017 5118 2105 5173; x_wconf 89' lang='lat' dir='ltr'><strong>vel</strong></span> 
     </span>
    </p>
   </div>
   <div class='ocr_carea' id='block_1_101' title="bbox 509 5195 2103 5283">
    <p class='ocr_par' dir='ltr' id='par_1_101' title="bbox 509 5195 2103 5283">
     <span class='ocr_line' id='line_1_101' title="bbox 509 5195 2103 5283; baseline 0.007 -32"><span class='ocrx_word' id='word_1_636' title='bbox 509 5195 832 5265; x_wconf 87' lang='lat' dir='ltr'><strong>corporibus</strong></span> <span class='ocrx_word' id='word_1_637' title='bbox 859 5197 1062 5269; x_wconf 88' lang='lat' dir='ltr'><strong>aliquid</strong></span> <span class='ocrx_word' id='word_1_638' title='bbox 1112 5201 1388 5259; x_wconf 90' lang='lat' dir='ltr'><strong>minuendi</strong></span> <span class='ocrx_word' id='word_1_639' title='bbox 1408 5202 1500 5272; x_wconf 88' lang='lat' dir='ltr'><strong>jus</strong></span> <span class='ocrx_word' id='word_1_640' title='bbox 1529 5205 1769 5272; x_wconf 86' lang='lat' dir='ltr'><strong>habeat;</strong></span> <span class='ocrx_word' id='word_1_641' title='bbox 1817 5207 1915 5283; x_wconf 77' lang='lat' dir='ltr'><strong>sed</strong></span> <span class='ocrx_word' id='word_1_642' title='bbox 1942 5207 2103 5278; x_wconf 83' lang='lat' dir='ltr'><strong>quid-</strong></span> 
     </span>
    </p>
   </div>
   <div class='ocr_carea' id='block_1_102' title="bbox 511 5283 2105 5358">
    <p class='ocr_par' dir='ltr' id='par_1_102' title="bbox 511 5283 2105 5358">
     <span class='ocr_line' id='line_1_102' title="bbox 511 5283 2105 5358; baseline 0.008 -18"><span class='ocrx_word' id='word_1_643' title='bbox 511 5283 645 5357; x_wconf 88' lang='lat' dir='ltr'><strong>quid</strong></span> <span class='ocrx_word' id='word_1_644' title='bbox 670 5287 870 5343; x_wconf 88' lang='lat' dir='ltr'><strong>ibidem</strong></span> <span class='ocrx_word' id='word_1_645' title='bbox 903 5305 1252 5358; x_wconf 84' lang='lat' dir='ltr'><strong>accrescere,</strong></span> <span class='ocrx_word' id='word_1_646' title='bbox 1295 5293 1657 5351; x_wconf 86' lang='lat' dir='ltr'><strong>immeliorare</strong></span> <span class='ocrx_word' id='word_1_647' title='bbox 1695 5296 1782 5351; x_wconf 90' lang='lat' dir='ltr'><strong>vel</strong></span> <span class='ocrx_word' id='word_1_648' title='bbox 1821 5297 2105 5354; x_wconf 88' lang='lat' dir='ltr'><strong>attrahere</strong></span> 
     </span>
    </p>
   </div>
   <div class='ocr_carea' id='block_1_103' title="bbox 506 5375 2102 5452">
    <p class='ocr_par' dir='ltr' id='par_1_103' title="bbox 506 5375 2102 5452">
     <span class='ocr_line' id='line_1_103' title="bbox 506 5375 2102 5452; baseline 0.008 -22"><span class='ocrx_word' id='word_1_649' title='bbox 506 5375 762 5445; x_wconf 87' lang='lat' dir='ltr'><strong>voluerit,</strong></span> <span class='ocrx_word' id='word_1_650' title='bbox 801 5395 866 5435; x_wconf 88' lang='lat' dir='ltr'><strong>ac</strong></span> <span class='ocrx_word' id='word_1_651' title='bbox 892 5380 938 5435; x_wconf 82' lang='lat' dir='ltr'><strong>si</strong></span> <span class='ocrx_word' id='word_1_652' title='bbox 967 5380 1168 5437; x_wconf 89' lang='lat' dir='ltr'><strong>liberos</strong></span> <span class='ocrx_word' id='word_1_653' title='bbox 1200 5384 1451 5452; x_wconf 90' lang='lat' dir='ltr'><strong>proprios</strong></span> <span class='ocrx_word' id='word_1_654' title='bbox 1475 5399 1541 5440; x_wconf 82' lang='lat' dir='ltr'><strong>ex</strong></span> <span class='ocrx_word' id='word_1_655' title='bbox 1581 5385 1745 5440; x_wconf 91' lang='lat' dir='ltr'><strong>rebus</strong></span> <span class='ocrx_word' id='word_1_656' title='bbox 1784 5387 2102 5443; x_wconf 89' lang='lat' dir='ltr'><strong>memoratis</strong></span> 
     </span>
    </p>
   </div>
   <div class='ocr_carea' id='block_1_104' title="bbox 511 5467 2102 5546">
    <p class='ocr_par' dir='ltr' id='par_1_104' title="bbox 511 5467 2102 5546">
     <span class='ocr_line' id='line_1_104' title="bbox 511 5467 2102 5546; baseline 0.004 -23"><span class='ocrx_word' id='word_1_657' title='bbox 511 5467 769 5534; x_wconf 82' lang='lat' dir='ltr'><strong>haberet,</strong></span> <span class='ocrx_word' id='word_1_658' title='bbox 819 5470 1028 5527; x_wconf 90' lang='lat' dir='ltr'><strong>eoﬁcri</strong></span> <span class='ocrx_word' id='word_1_659' title='bbox 1073 5473 1369 5529; x_wconf 91' lang='lat' dir='ltr'><strong>decernere</strong></span> <span class='ocrx_word' id='word_1_660' title='bbox 1413 5482 1660 5546; x_wconf 89' lang='lat' dir='ltr'><strong>satagat;</strong></span> <span class='ocrx_word' id='word_1_661' title='bbox 1700 5475 1776 5530; x_wconf 90' lang='lat' dir='ltr'><strong>ita</strong></span> <span class='ocrx_word' id='word_1_662' title='bbox 1826 5483 2102 5532; x_wconf 88' lang='lat' dir='ltr'><strong>tamenut</strong></span> 
     </span>
    </p>
   </div>
   <div class='ocr_carea' id='block_1_105' title="bbox 511 5561 2096 5637">
    <p class='ocr_par' dir='ltr' id='par_1_105' title="bbox 511 5561 2096 5637">
     <span class='ocr_line' id='line_1_105' title="bbox 511 5561 2096 5637; baseline 0.007 -22"><span class='ocrx_word' id='word_1_663' title='bbox 511 5576 610 5637; x_wconf 88' lang='lat' dir='ltr'><strong>per</strong></span> <span class='ocrx_word' id='word_1_664' title='bbox 645 5561 882 5633; x_wconf 83' lang='lat' dir='ltr'><strong>singulos</strong></span> <span class='ocrx_word' id='word_1_665' title='bbox 911 5578 1179 5619; x_wconf 89' lang='lat' dir='ltr'><strong>annorum</strong></span> <span class='ocrx_word' id='word_1_666' title='bbox 1204 5581 1457 5622; x_wconf 89' lang='lat' dir='ltr'><strong>recursus</strong></span> <span class='ocrx_word' id='word_1_667' title='bbox 1483 5566 1754 5636; x_wconf 90' lang='lat' dir='ltr'><strong>persolvat</strong></span> <span class='ocrx_word' id='word_1_668' title='bbox 1775 5566 1829 5622; x_wconf 92' lang='lat' dir='ltr'><strong>in</strong></span> <span class='ocrx_word' id='word_1_669' title='bbox 1852 5582 2096 5634; x_wconf 90' lang='lat' dir='ltr'><strong>censum,</strong></span> 
     </span>
    </p>
   </div>
   <div class='ocr_carea' id='block_1_106' title="bbox 589 5737 2028 5813">
    <p class='ocr_par' dir='ltr' id='par_1_106' title="bbox 589 5737 2028 5813">
     <span class='ocr_line' id='line_1_106' title="bbox 589 5737 2028 5813; baseline 0 -19"><span class='ocrx_word' id='word_1_670' title='bbox 589 5744 611 5776; x_wconf 81' lang='grc'><strong><em>⁸</em></strong></span> <span class='ocrx_word' id='word_1_671' title='bbox 642 5737 778 5795; x_wconf 79' lang='lat' dir='ltr'><strong>Male</strong></span> <span class='ocrx_word' id='word_1_672' title='bbox 805 5737 859 5800; x_wconf 87' lang='lat' dir='ltr'><strong>iu</strong></span> <span class='ocrx_word' id='word_1_673' title='bbox 891 5738 1073 5798; x_wconf 83' lang='lat' dir='ltr'><strong>editis.</strong></span> <span class='ocrx_word' id='word_1_674' title='bbox 1103 5740 1292 5798; x_wconf 68' lang='lat' dir='ltr'><strong>divina</strong></span> <span class='ocrx_word' id='word_1_675' title='bbox 1315 5742 1645 5798; x_wconf 83' lang='lat' dir='ltr'><strong>ordinatione</strong></span> <span class='ocrx_word' id='word_1_676' title='bbox 1664 5738 2028 5813; x_wconf 73' lang='lat' dir='ltr'><strong>providentiw.</strong></span> 
     </span>
    </p>
   </div>
   <div class='ocr_carea' id='block_1_107' title="bbox 2209 4555 3793 4640">
    <p class='ocr_par' dir='ltr' id='par_1_107' title="bbox 2209 4555 3793 4640">
     <span class='ocr_line' id='line_1_107' title="bbox 2209 4555 3793 4640; baseline -0.009 -18"><span class='ocrx_word' id='word_1_677' title='bbox 2209 4582 2277 4640; x_wconf 91' lang='lat' dir='ltr'><strong>go</strong></span> <span class='ocrx_word' id='word_1_678' title='bbox 2304 4563 2561 4632; x_wconf 80' lang='lat' dir='ltr'><strong>iubemus</strong></span> <span class='ocrx_word' id='word_1_679' title='bbox 2583 4566 2642 4612; x_wconf 88' lang='lat' dir='ltr'><strong>ut</strong></span> <span class='ocrx_word' id='word_1_680' title='bbox 2661 4557 2841 4612; x_wconf 91' lang='lat' dir='ltr'><strong>nullus</strong></span> <span class='ocrx_word' id='word_1_681' title='bbox 2851 4556 3016 4625; x_wconf 86' lang='lat' dir='ltr'><strong>juch</strong></span> <span class='ocrx_word' id='word_1_682' title='bbox 3040 4555 3310 4625; x_wconf 88' lang='lat' dir='ltr'><strong>publicus,</strong></span> <span class='ocrx_word' id='word_1_683' title='bbox 3339 4569 3520 4624; x_wconf 90' lang='lat' dir='ltr'><strong>neque</strong></span> <span class='ocrx_word' id='word_1_684' title='bbox 3543 4555 3793 4625; x_wconf 82' lang='lat' dir='ltr'><strong>quislibet</strong></span> 
     </span>
    </p>
   </div>
   <div class='ocr_carea' id='block_1_108' title="bbox 2206 4645 3792 4724">
    <p class='ocr_par' dir='ltr' id='par_1_108' title="bbox 2206 4645 3792 4724">
     <span class='ocr_line' id='line_1_108' title="bbox 2206 4645 3792 4724; baseline -0.008 -13"><span class='ocrx_word' id='word_1_685' title='bbox 2206 4673 2276 4711; x_wconf 75' lang='lat' dir='ltr'><strong>ex</strong></span> <span class='ocrx_word' id='word_1_686' title='bbox 2292 4651 2576 4724; x_wconf 73' lang='lat' dir='ltr'><strong>iudiciaria</strong></span> <span class='ocrx_word' id='word_1_687' title='bbox 2601 4656 2872 4720; x_wconf 87' lang='lat' dir='ltr'><strong>potestate</strong></span> <span class='ocrx_word' id='word_1_688' title='bbox 2901 4662 2994 4703; x_wconf 91' lang='lat' dir='ltr'><strong>seu</strong></span> <span class='ocrx_word' id='word_1_689' title='bbox 3017 4646 3215 4718; x_wconf 90' lang='lat' dir='ltr'><strong>aliquis</strong></span> <span class='ocrx_word' id='word_1_690' title='bbox 3239 4661 3307 4701; x_wconf 80' lang='lat' dir='ltr'><strong>ex</strong></span> <span class='ocrx_word' id='word_1_691' title='bbox 3327 4645 3582 4701; x_wconf 85' lang='lat' dir='ltr'><strong>ﬁdelibus</strong></span> <span class='ocrx_word' id='word_1_692' title='bbox 3603 4655 3792 4700; x_wconf 72' lang='lat' dir='ltr'><strong>sancta:</strong></span> 
     </span>
    </p>
   </div>
   <div class='ocr_carea' id='block_1_109' title="bbox 2207 4734 3790 4807">
    <p class='ocr_par' dir='ltr' id='par_1_109' title="bbox 2207 4734 3790 4807">
     <span class='ocr_line' id='line_1_109' title="bbox 2207 4734 3790 4807; baseline -0.009 -4"><span class='ocrx_word' id='word_1_693' title='bbox 2207 4749 2306 4803; x_wconf 89' lang='lat' dir='ltr'><strong>Dei</strong></span> <span class='ocrx_word' id='word_1_694' title='bbox 2333 4745 2591 4803; x_wconf 78' lang='lat' dir='ltr'><strong>Ecclesia:</strong></span> <span class='ocrx_word' id='word_1_695' title='bbox 2621 4757 2684 4799; x_wconf 89' lang='lat' dir='ltr'><strong>ac</strong></span> <span class='ocrx_word' id='word_1_696' title='bbox 2719 4741 2944 4807; x_wconf 87' lang='lat' dir='ltr'><strong>nostris,</strong></span> <span class='ocrx_word' id='word_1_697' title='bbox 2998 4740 3053 4795; x_wconf 91' lang='lat' dir='ltr'><strong>in</strong></span> <span class='ocrx_word' id='word_1_698' title='bbox 3083 4738 3366 4804; x_wconf 88' lang='lat' dir='ltr'><strong>ecclesias,</strong></span> <span class='ocrx_word' id='word_1_699' title='bbox 3400 4745 3496 4792; x_wconf 91' lang='lat' dir='ltr'><strong>aut</strong></span> <span class='ocrx_word' id='word_1_700' title='bbox 3540 4737 3681 4799; x_wconf 88' lang='lat' dir='ltr'><strong>loca,</strong></span> <span class='ocrx_word' id='word_1_701' title='bbox 3717 4734 3790 4789; x_wconf 78' lang='lat' dir='ltr'><strong>vel</strong></span> 
     </span>
    </p>
   </div>
   <div class='ocr_carea' id='block_1_110' title="bbox 2207 4817 3792 4910">
    <p class='ocr_par' dir='ltr' id='par_1_110' title="bbox 2207 4817 3792 4910">
     <span class='ocr_line' id='line_1_110' title="bbox 2207 4817 3792 4910; baseline -0.008 -17"><span class='ocrx_word' id='word_1_702' title='bbox 2207 4853 2388 4910; x_wconf 88' lang='lat' dir='ltr'><strong>agros,</strong></span> <span class='ocrx_word' id='word_1_703' title='bbox 2447 4851 2545 4890; x_wconf 89' lang='lat' dir='ltr'><strong>seu</strong></span> <span class='ocrx_word' id='word_1_704' title='bbox 2605 4833 2843 4905; x_wconf 88' lang='lat' dir='ltr'><strong>reliquas</strong></span> <span class='ocrx_word' id='word_1_705' title='bbox 2899 4830 3296 4902; x_wconf 88' lang='lat' dir='ltr'><strong>possessiones,</strong></span> <span class='ocrx_word' id='word_1_706' title='bbox 3343 4817 3484 4900; x_wconf 80' lang='lat' dir='ltr'><strong>quas</strong></span> <span class='ocrx_word' id='word_1_707' title='bbox 3539 4827 3792 4882; x_wconf 87' lang='lat' dir='ltr'><strong>moderno</strong></span> 
     </span>
    </p>
   </div>
   <div class='ocr_carea' id='block_1_111' title="bbox 2207 4919 3789 4998">
    <p class='ocr_par' dir='ltr' id='par_1_111' title="bbox 2207 4919 3789 4998">
     <span class='ocr_line' id='line_1_111' title="bbox 2207 4919 3789 4998; baseline -0.008 -14"><span class='ocrx_word' id='word_1_708' title='bbox 2207 4940 2452 4998; x_wconf 84' lang='lat' dir='ltr'><strong>tempore</strong></span> <span class='ocrx_word' id='word_1_709' title='bbox 2471 4926 2616 4996; x_wconf 77' lang='lat' dir='ltr'><strong>iuste</strong></span> <span class='ocrx_word' id='word_1_710' title='bbox 2640 4934 2696 4981; x_wconf 92' lang='lat' dir='ltr'><strong>et</strong></span> <span class='ocrx_word' id='word_1_711' title='bbox 2717 4924 3118 4981; x_wconf 86' lang='lat' dir='ltr'><strong>rationabiliter</strong></span> <span class='ocrx_word' id='word_1_712' title='bbox 3153 4923 3437 4993; x_wconf 86' lang='lat' dir='ltr'><strong>possidere</strong></span> <span class='ocrx_word' id='word_1_713' title='bbox 3478 4921 3698 4976; x_wconf 84' lang='lat' dir='ltr'><strong>videtur</strong></span> <span class='ocrx_word' id='word_1_714' title='bbox 3738 4919 3789 4973; x_wconf 90' lang='lat' dir='ltr'><strong>in</strong></span> 
     </span>
    </p>
   </div>
   <div class='ocr_carea' id='block_1_112' title="bbox 2206 5008 3785 5090">
    <p class='ocr_par' dir='ltr' id='par_1_112' title="bbox 2206 5008 3785 5090">
     <span class='ocr_line' id='line_1_112' title="bbox 2206 5008 3785 5090; baseline -0.009 -16"><span class='ocrx_word' id='word_1_715' title='bbox 2206 5017 2536 5090; x_wconf 88' lang='lat' dir='ltr'><strong>quibuslibet</strong></span> <span class='ocrx_word' id='word_1_716' title='bbox 2582 5016 2735 5087; x_wconf 84' lang='lat' dir='ltr'><strong>pagis</strong></span> <span class='ocrx_word' id='word_1_717' title='bbox 2763 5023 2818 5069; x_wconf 89' lang='lat' dir='ltr'><strong>et</strong></span> <span class='ocrx_word' id='word_1_718' title='bbox 2843 5012 3152 5076; x_wconf 87' lang='lat' dir='ltr'><strong>territoriis,</strong></span> <span class='ocrx_word' id='word_1_719' title='bbox 3181 5011 3270 5066; x_wconf 80' lang='lat' dir='ltr'><strong>vel</strong></span> <span class='ocrx_word' id='word_1_720' title='bbox 3313 5010 3580 5081; x_wconf 88' lang='lat' dir='ltr'><strong>quidquid</strong></span> <span class='ocrx_word' id='word_1_721' title='bbox 3630 5008 3785 5062; x_wconf 87' lang='lat' dir='ltr'><strong>etiam</strong></span> 
     </span>
    </p>
   </div>
   <div class='ocr_carea' id='block_1_113' title="bbox 2207 5099 3784 5181">
    <p class='ocr_par' dir='ltr' id='par_1_113' title="bbox 2207 5099 3784 5181">
     <span class='ocr_line' id='line_1_113' title="bbox 2207 5099 3784 5181; baseline -0.01 -15"><span class='ocrx_word' id='word_1_722' title='bbox 2207 5111 2465 5181; x_wconf 88' lang='lat' dir='ltr'><strong>deinceps</strong></span> <span class='ocrx_word' id='word_1_723' title='bbox 2509 5116 2734 5181; x_wconf 88' lang='lat' dir='ltr'><strong>propter</strong></span> <span class='ocrx_word' id='word_1_724' title='bbox 2757 5107 3004 5163; x_wconf 86' lang='lat' dir='ltr'><strong>divinum</strong></span> <span class='ocrx_word' id='word_1_725' title='bbox 3030 5118 3274 5159; x_wconf 90' lang='lat' dir='ltr'><strong>amorem</strong></span> <span class='ocrx_word' id='word_1_726' title='bbox 3307 5099 3784 5168; x_wconf 82' lang='lat' dir='ltr'><strong>ibidemcollatum</strong></span> 
     </span>
    </p>
   </div>
   <div class='ocr_carea' id='block_1_114' title="bbox 2208 5193 3784 5268">
    <p class='ocr_par' dir='ltr' id='par_1_114' title="bbox 2208 5193 3784 5268">
     <span class='ocr_line' id='line_1_114' title="bbox 2208 5193 3784 5268; baseline -0.01 -12"><span class='ocrx_word' id='word_1_727' title='bbox 2208 5199 2392 5268; x_wconf 85' lang='lat' dir='ltr'><strong>fuerit,</strong></span> <span class='ocrx_word' id='word_1_728' title='bbox 2423 5202 2492 5256; x_wconf 91' lang='lat' dir='ltr'><strong>ad</strong></span> <span class='ocrx_word' id='word_1_729' title='bbox 2511 5214 2706 5257; x_wconf 83' lang='lat' dir='ltr'><strong>causas</strong></span> <span class='ocrx_word' id='word_1_730' title='bbox 2726 5197 3044 5264; x_wconf 87' lang='lat' dir='ltr'><strong>audiendas,</strong></span> <span class='ocrx_word' id='word_1_731' title='bbox 3083 5196 3172 5252; x_wconf 84' lang='lat' dir='ltr'><strong>vel</strong></span> <span class='ocrx_word' id='word_1_732' title='bbox 3207 5194 3360 5250; x_wconf 90' lang='lat' dir='ltr'><strong>freda</strong></span> <span class='ocrx_word' id='word_1_733' title='bbox 3387 5193 3652 5265; x_wconf 59' lang='lat' dir='ltr'><strong>exigenda</strong></span> <span class='ocrx_word' id='word_1_734' title='bbox 3700 5197 3784 5244; x_wconf 84' lang='lat' dir='ltr'><strong>aut</strong></span> 
     </span>
    </p>
   </div>
   <div class='ocr_carea' id='block_1_115' title="bbox 2208 5282 3784 5359">
    <p class='ocr_par' dir='ltr' id='par_1_115' title="bbox 2208 5282 3784 5359">
     <span class='ocr_line' id='line_1_115' title="bbox 2208 5282 3784 5359; baseline -0.01 -12"><span class='ocrx_word' id='word_1_735' title='bbox 2208 5293 2537 5357; x_wconf 88' lang='lat' dir='ltr'><strong>mansiones,</strong></span> <span class='ocrx_word' id='word_1_736' title='bbox 2567 5298 2662 5345; x_wconf 90' lang='lat' dir='ltr'><strong>aut</strong></span> <span class='ocrx_word' id='word_1_737' title='bbox 2700 5297 2924 5359; x_wconf 88' lang='lat' dir='ltr'><strong>paratas</strong></span> <span class='ocrx_word' id='word_1_738' title='bbox 2976 5285 3406 5353; x_wconf 89' lang='lat' dir='ltr'><strong>faciendas,_aut</strong></span> <span class='ocrx_word' id='word_1_739' title='bbox 3447 5282 3784 5352; x_wconf 75' lang='lat' dir='ltr'><strong>ﬁdeiussores</strong></span> 
     </span>
    </p>
   </div>
   <div class='ocr_carea' id='block_1_116' title="bbox 2209 5371 3782 5446">
    <p class='ocr_par' dir='ltr' id='par_1_116' title="bbox 2209 5371 3782 5446">
     <span class='ocr_line' id='line_1_116' title="bbox 2209 5371 3782 5446; baseline -0.013 -9"><span class='ocrx_word' id='word_1_740' title='bbox 2209 5379 2492 5446; x_wconf 89' lang='lat' dir='ltr'><strong>tollendos,</strong></span> <span class='ocrx_word' id='word_1_741' title='bbox 2526 5387 2620 5434; x_wconf 89' lang='lat' dir='ltr'><strong>aut</strong></span> <span class='ocrx_word' id='word_1_742' title='bbox 2645 5379 2895 5434; x_wconf 83' lang='lat' dir='ltr'><strong>homines</strong></span> <span class='ocrx_word' id='word_1_743' title='bbox 2917 5372 3364 5446; x_wconf 68' lang='lat' dir='ltr'><strong>ipsiusecclesiaa,</strong></span> <span class='ocrx_word' id='word_1_744' title='bbox 3389 5380 3502 5426; x_wconf 89' lang='lat' dir='ltr'><strong>tam</strong></span> <span class='ocrx_word' id='word_1_745' title='bbox 3532 5371 3782 5439; x_wconf 88' lang='lat' dir='ltr'><strong>ingenuos</strong></span> 
     </span>
    </p>
   </div>
   <div class='ocr_carea' id='block_1_117' title="bbox 2208 5455 3778 5545">
    <p class='ocr_par' dir='ltr' id='par_1_117' title="bbox 2208 5455 3778 5545">
     <span class='ocr_line' id='line_1_117' title="bbox 2208 5455 3778 5545; baseline -0.012 -16"><span class='ocrx_word' id='word_1_746' title='bbox 2208 5462 2370 5545; x_wconf 88' lang='lat' dir='ltr'><strong>quam</strong></span> <span class='ocrx_word' id='word_1_747' title='bbox 2394 5487 2601 5539; x_wconf 89' lang='lat' dir='ltr'><strong>servos,</strong></span> <span class='ocrx_word' id='word_1_748' title='bbox 2636 5470 2837 5540; x_wconf 86' lang='lat' dir='ltr'><strong>injuste</strong></span> <span class='ocrx_word' id='word_1_749' title='bbox 2876 5466 3307 5538; x_wconf 86' lang='lat' dir='ltr'><strong>distringendos,</strong></span> <span class='ocrx_word' id='word_1_750' title='bbox 3338 5464 3455 5520; x_wconf 80' lang='lat' dir='ltr'><strong>sive</strong></span> <span class='ocrx_word' id='word_1_751' title='bbox 3502 5460 3634 5515; x_wconf 87' lang='lat' dir='ltr'><strong>ullas</strong></span> <span class='ocrx_word' id='word_1_752' title='bbox 3658 5455 3778 5511; x_wconf 85' lang='lat' dir='ltr'><strong>red-</strong></span> 
     </span>
    </p>
   </div>
   <div class='ocr_carea' id='block_1_118' title="bbox 2209 5547 3778 5628">
    <p class='ocr_par' dir='ltr' id='par_1_118' title="bbox 2209 5547 3778 5628">
     <span class='ocr_line' id='line_1_118' title="bbox 2209 5547 3778 5628; baseline -0.011 -7"><span class='ocrx_word' id='word_1_753' title='bbox 2209 5566 2500 5622; x_wconf 87' lang='lat' dir='ltr'><strong>hibitiones</strong></span> <span class='ocrx_word' id='word_1_754' title='bbox 2534 5564 2618 5621; x_wconf 90' lang='lat' dir='ltr'><strong>vel</strong></span> <span class='ocrx_word' id='word_1_755' title='bbox 2649 5549 2866 5621; x_wconf 89' lang='lat' dir='ltr'><strong>illicitas</strong></span> <span class='ocrx_word' id='word_1_756' title='bbox 2915 5561 3232 5618; x_wconf 89' lang='lat' dir='ltr'><strong>occasiones</strong></span> <span class='ocrx_word' id='word_1_757' title='bbox 3279 5553 3649 5628; x_wconf 86' lang='lat' dir='ltr'><strong>requirendas,</strong></span> <span class='ocrx_word' id='word_1_758' title='bbox 3677 5547 3778 5606; x_wconf 87' lang='lat' dir='ltr'><strong>ullo</strong></span> 
     </span>
    </p>
   </div>
  </div>
