3936 6342
243 322 382 381 ﬁcii

1346 333 1737 390 DlPLOMATA
1775 333 2330 402 ECCLESIASTICA.

3361 365 3501 420 10'2‘2

239 453 480 508 unquam
514 446 752 508 tempore
779 439 987 511 ingredi
1035 444 1249 510 audeat,
1290 445 1374 501 vel
1408 462 1470 501 ea
1525 463 1644 517 qua:
1696 456 1822 501 sunt
1847 450 1899 510 Α
1925 454 2265 521 supradictus
2285 456 2454 512 abbas
2489 460 2556 513 de
2575 460 2678 517 hac
2727 449 2848 520 luce
2885 465 3219 538 migraverit,
3264 479 3497 542 quandiu

236 543 404 598 supra
436 537 733 582 memorata
766 540 1018 588 exactare
1040 545 1351 603 praesumat,
1379 537 1472 592 sed
1503 537 1664 593 liceat
1707 553 1817 594 ser-

233 619 324 672 vis
363 617 573 673 Domini
601 617 795 675 ibidem
821 624 1242 680 consistentibus
1271 627 1370 681 sub
1399 637 1583 683 nostra
1628 629 1815 684 defen-

234 707 390 762 sione
410 716 462 762 et
487 709 842 767 immunitatis
862 713 1090 768 tuitione
1104 725 1363 784 perpetuo
1381 723 1622 787 tempore
1636 720 1818 789 quiete

231 800 497 866 residere,
528 810 583 855 et
603 817 704 871 pro
745 805 905 860 nobis
931 821 997 860 ac
1033 807 1261 879 conjuge
1306 810 1566 880 proleque
1605 821 1812 878 nostra,

228 906 331 947 seu
359 908 458 974 pro
497 895 793 952 stabilitate
831 898 995 956 totius
1043 899 1254 970 imperii
1304 902 1477 956 nostri
1507 917 1540 979 a
1588 903 1816 959 Domino

227 971 390 1036 nobis
413 982 616 1050 collati,
667 995 723 1039 et
751 984 865 1054 ejus
889 988 1315 1046 clementissima
1357 974 1712 1049 miseratione
1732 992 1815 1065 ju-

225 1072 373 1141 giter
427 1075 783 1130 conservandi
819 1075 1031 1135 Domini
1079 1079 1514 1135 misericordiam
1561 1094 1808 1138 exorare.

225 1161 299 1215 Et
328 1171 386 1217 ut
433 1164 549 1219 haec
599 1167 895 1221 auctoritas
942 1168 1125 1224 verius
1173 1170 1484 1240 certiusque
1536 1171 1809 1238 credatur,

221 1265 392 1307 manu
420 1253 640 1322 propria
686 1254 1106 1326 subscripsimus
1151 1265 1207 1312 et
1254 1258 1440 1312 annuli
1489 1259 1661 1315 nostri
1709 1260 1810 1314 im.-

219 1342 506 1411 pressione
532 1344 733 1413 signari
755 1343 1041 1412 jussimus.

297 1429 520 1499 Signum
549 1433 734 1487 domni
780 1434 1036 1490 Ludovici
1067 1437 1403 1492 serenissimi
1435 1439 1800 1509 imperatoris.

292 1518 484 1574 Datum
535 1537 645 1575 xvu
686 1521 805 1575 Kal.
849 1522 998 1589 Julii,
1053 1539 1196 1580 anno
1240 1527 1302 1586 11
1354 1528 1567 1599 imperii
1620 1529 1806 1584 domni

213 1606 480 1667 Ludovici
503 1609 756 1682 Augusti,
789 1613 976 1671 indict.
1008 1617 1061 1671 8.
1101 1616 1295 1672 Actum
1333 1619 1659 1691 Aquisgrani
1712 1637 1808 1692 pa-

211 1696 349 1755 latio
374 1702 525 1773 regio
564 1703 617 1756 in
635 1703 727 1762 Dei
754 1706 973 1766 nomine
1001 1707 1250 1768 feliciter.
1273 1710 1470 1772 Amen.

894 1817 1130 1875 XXXIII.

495 1919 596 1963 Ριιο
623 1920 962 1966 κοΝΑδτειιιο
999 1923 1187 1965 SANCTI
1227 1927 1508 1972 IAXENTII.

761 2013 775 2022 ’
823 1996 996 2067 (Anno
1041 1999 1192 2072 815.)

207 2078 390 2141 [Apud
414 2085 477 2140 D.
519 2087 784 2210 Bouquet.
827 2089 980 2170 ibid.,
1012 2106 1065 2160 p.
1099 2093 1228 2159 480,
1270 2109 1335 2176 ex
1359 2095 1530 2152 veteri
1567 2096 1795 2153 chartu-

670 2173 785 2210 ano
806 2158 968 2210 hurus
996 2164 1363 2210 monasternJ

670 2159 785 2213 ario
806 2158 968 2229 hujus
996 2158 1363 2236 monasterii.]

277 2273 336 2326 ln
361 2273 578 2331 nomine
612 2272 827 2327 Domini
851 2273 947 2329 Dei
1001 2284 1056 2334 et
1108 2277 1406 2334 Salvatoris
1448 2280 1621 2335 nostri
1668 2280 1796 2336 Jesu

203 2359 432 2428 Christi,
468 2362 776 2420 Ludovicus
803 2365 984 2422 divina
1020 2369 1305 2424 ordinante
1323 2371 1798 2443 clementiaimpe-

204 2463 358 2508 rator
380 2454 676 2524 Augustus.

279 2543 336 2599 Si
363 2561 490 2615 erga
522 2547 638 2601 loca
680 2548 880 2604 divinis
925 2551 1160 2607 cultibus
1188 2554 1527 2622 mancipata,
1571 2564 1795 2625 propter

201 2648 450 2694 amorem
482 2638 576 2690 Dei
604 2636 830 2708 ejusque
863 2641 918 2695 in
948 2642 1151 2698 eisdem
1173 2642 1277 2697 sibi
1304 2642 1648 2710 famulantes,
1694 2647 1790 2700 be-

198 2724 402 2780 neficia
445 2736 749 2796 opportuna
796 2730 1079 2802 largimur,
1124 2734 1406 2802 praemium
1450 2735 1605 2790 nobis
1654 2735 1795 2804 apud

198 2810 494 2869 Dominum
518 2825 737 2872 aeternae
787 2823 1242 2878 remunerationis
1267 2825 1488 2894 rependi
1518 2839 1626 2882 non
1657 2824 1793 2878 diffi-

199 2903 402 2968 dimus,
434 2906 640 2962 idcirco
678 2911 891 2964 noverit
918 2913 1162 2967 omnium
1190 2913 1430 2972 fidelium
1475 2924 1790 2970 nostrorum

198 3003 313 3047 tam
343 2999 692 3065 praesentium
719 3016 881 3068 quam
903 3001 1208 3058 futurorum
1233 3005 1478 3072 solertia,
1519 3007 1648 3074 quia
1692 3022 1790 3061 nos

199 3085 524 3141 Tetbertum
595 3092 960 3146 venerabilem
1019 3095 1272 3152 abbatem
1330 3111 1396 3150 ex
1455 3097 1788 3151 monasterio

197 3175 260 3232 S.
287 3177 544 3234 Maxentii
595 3181 945 3250 confessoris,
994 3187 1084 3240 ubi
1133 3188 1248 3256 ipse
1297 3196 1517 3243 sanctus
1558 3203 1787 3258 corpore

194 3268 518 3338 requiescit,
547 3271 692 3338 quod
719 3281 802 3326 est
826 3273 988 3327 situm
1038 3275 1091 3328 in
1117 3291 1256 3348 pago
1280 3277 1632 3344 Pictaviensi,
1678 3293 1786 3333 una

193 3373 324 3412 cum
362 3361 776 3428 congregatione
806 3363 1007 3418 ibidem
1039 3365 1151 3422 Deo
1182 3367 1650 3434 famulante,cum
1672 3383 1788 3423 om-

192 3450 360 3505 nibus
389 3453 551 3507 rebus
585 3461 641 3508 et
694 3454 1027 3523 hominibus,
1077 3474 1197 3530 quae
1236 3460 1496 3514 moderno
1546 3468 1789 3530 tempore

193 3539 316 3610 ipsa
347 3542 695 3611 congregatio
723 3545 930 3600 habere
954 3547 1187 3612 videtur,
1219 3549 1319 3604 sub
1358 3558 1546 3603 nostra
1597 3565 1785 3604 susce-

191 3628 376 3702 pimus
399 3630 712 3688 defensione
739 3641 796 3688 et
825 3635 1184 3690 immunitatis
1223 3638 1469 3693 tuitione.
1506 3638 1787 3709 Quaprop—

193 3729 282 3779 ter
312 3731 366 3776 et
389 3737 484 3791 per
516 3724 620 3782 hoc
649 3733 849 3782 nostrae
871 3728 1213 3783 auctoritatis
1243 3738 1573 3800 praeceptum
1599 3733 1786 3786 decerv

196 3814 382 3870 nimus
409 3817 845 3887 atquejubemus
870 3827 930 3872 ut
972 3819 1153 3875 nullus
1193 3819 1360 3889 judex
1405 3822 1673 3891 publicus,
1730 3830 1785 3877 et

192 3907 424 3975 quilibet
455 3923 520 3961 ex
563 3907 852 3975 judiciaria
882 3918 1150 3980 potestate
1167 3911 1219 3964 in
1234 3911 1514 3976 ecclesias,
1535 3911 1781 3978 autloca,

192 3995 280 4048 vel
314 4010 495 4065 agros,
526 4011 618 4051 seu
647 3997 888 4068 reliquas
925 4001 1298 4071 possessiones
1335 4004 1624 4057 memorati
1670 4019 1785 4058 mo-

190 4086 446 4149 nasterii,
474 4102 609 4156 quas
635 4089 898 4145 moderno
922 4098 1164 4166 tempore
1199 4091 1340 4146 infra
1374 4093 1633 4148 ditionem
1683 4095 1782 4148 im-

191 4177 338 4250 perii
369 4178 538 4233 nostri
558 4178 703 4248 juste
734 4189 789 4234 et
829 4182 1228 4237 rationabiliter
1277 4184 1541 4252 possidet,
1577 4192 1631 4238 et
1661 4198 1781 4252 qua:

191 4266 453 4336 deinceps
483 4268 538 4321 in
567 4267 693 4336 jure
725 4269 895 4338 ipsius
939 4272 1256 4325 monasterii
1308 4271 1542 4325 voluerit
1595 4272 1779 4326 divina

187 4360 369 4427 pietas
400 4361 608 4429 augeri,
634 4361 700 4413 ad
721 4375 913 4413 causas
934 4361 1230 4417 audiendas
1261 4369 1316 4416 et
1343 4361 1495 4417 freda
1540 4370 1635 4416 aut
1682 4364 1779 4417 tri-

1920 540 2022 609 ipsi
2049 545 2296 600 monachi
2338 547 2479 602 inter
2518 563 2578 604 se
2610 551 2742 608 tales
2783 555 3026 611 invenire
3065 540 3361 628 potuerint,
3405 568 3497 634 qui

1919 633 2211 688 secundum
2239 645 2485 692 sanctum
2509 640 2755 696 ordinem
2788 653 2842 700 et
2893 648 3196 716 regularem
3249 633 3497 711 normam

1916 734 2104 792 regere
2141 725 2426 794 valuerint,
2450 743 2548 798 per
2569 741 2810 788 nostram
2842 739 3255 806 permissionem
3279 754 3333 800 et
3366 761 3499 803 con-

1915 826 2132 869 sensum
2156 816 2430 876 licentiam
2443 822 2675 893 eligendi
2704 826 2942 882 habeant
2969 833 3217 888 abbatem
3249 855 3261 890 :
3294 848 3490 907 quate-

1913 921 2017 961 nus
2031 921 2215 964 servos
2237 911 2354 979 Dei,
2390 915 2483 984 qui
2507 916 2706 973 ibidem
2737 920 2965 978 Domino
3008 925 3359 998 famulantur,
3388 949 3490 1002 pro

1915 997 2070 1052 nobis
2111 1008 2166 1054 et
2209 1003 2434 1076 conjuge
2471 1007 2732 1085 proleque
2764 1021 2969 1080 ucstra,
3008 1025 3166 1087 atque
3198 997 3492 1080 stabilitate

1912 1089 2077 1144 totius
2107 1091 2317 1162 imperii
2347 1099 2517 1153 nostri
2557 1103 2713 1160 nobis
2761 1120 2791 1158 a
2821 1105 3048 1164 Domino
3097 1112 3276 1168 collati
3329 1124 3491 1186 atque

1911 1184 2287 1250 conservandi,
2303 1186 2504 1258 jugiter
2522 1190 2808 1248 Dominum
2837 1212 3068 1254 exorare
3094 1200 3342 1258 delectet.
3364 1184 3491 1262 llam

1909 1286 2040 1326 vero
2068 1277 2364 1332 auctoritas
2394 1279 2751 1338 immunitatis
2780 1296 3007 1354 nostrae,
3037 1299 3097 1343 ut
3125 1293 3488 1360 perdiuturna

1914 1368 2153 1430 tempora
2204 1364 2566 1426 inviolabilem
2624 1381 2785 1441 atque
2834 1377 3209 1434 ineonvulsam
3252 1383 3493 1438 obtineat

1911 1447 2253 1520 firmitatem,
2286 1465 2342 1510 et
2375 1467 2434 1511 ut
2481 1475 2512 1513 a
2544 1461 2792 1518 fidelibus
2842 1475 3042 1521 sancta:
3092 1468 3188 1523 Dei
3234 1471 3491 1526 Ecclesia:

1911 1548 1966 1595 et
1990 1545 2194 1598 nostris
2233 1549 2415 1603 verius
2441 1553 2752 1622 certiusque
2787 1559 3044 1612 credatur
3079 1570 3135 1613 et
3182 1561 3491 1630 diligentius

1911 1643 2282 1699 conservetur,
2312 1653 2473 1694 manu
2510 1645 2726 1711 propria
2757 1648 2942 1700 subter
2966 1664 3085 1702 eam
3130 1650 3486 1718 ﬁrmavimus,

1911 1728 1967 1778 et
2015 1723 2200 1776 annuli
2245 1729 2415 1783 nostri
2445 1730 2795 1799 impressione
2841 1735 3344 1806 signarijussimus.

1830 1793 1878 1854 Β
1977 1811 2202 1883 Signum
2230 1815 2488 1877 Ludovici
2507 1793 2874 1892 imperatoris.

1974 1900 2107 1956 Data
2131 1919 2222 1957 xxv
2245 1904 2362 1958 Kal.
2393 1899 2539 1974 Julii,
2570 1925 2712 1965 anno
2737 1913 2823 1978 ll,
2854 1905 3071 1969 Christo
3097 1918 3354 1986 propitio,
3380 1918 3482 1974 im-

1900 1993 2038 2065 perii
2085 1995 2266 2049 domni
2313 1997 2572 2056 Ludovici
2614 2005 2948 2061 serenissimi
2989 2007 3142 2077 imp.,
3194 2010 3380 2065 indict.
3428 2010 3483 2067 8.

1899 2084 2095 2140 Actum
2123 2085 2450 2161 Aquisgrani
2479 2092 2678 2167 palatio
2704 2097 2851 2168 regio
2882 2097 2936 2155 in
2969 2097 3064 2152 Dei
3094 2101 3316 2155 nomine
3364 2101 3485 2158 feli~

1901 2174 2056 2235 citer.
2082 2175 2275 2236 Amen.

2571 2271 2812 2328 XXXIV.

2294 2399 2396 2441 PRO
2435 2400 2772 2444 MONLSTERIO
2810 2406 3085 2448 FARPENSI.

2513 2497 2686 2566 (Anno
2720 2500 2867 2572 815.)

1899 2577 2075 2652 [Apud
2113 2581 2437 2651 Chesnium,
2483 2584 2897 2728 Scriptésliei'um
2928 2588 3176 2646 Francia.
3221 2602 3354 2651 tom.
3379 2593 3485 2668 Ill,

2563 2671 2616 2723 p.
2757 2698 2769 2710 .

2563 2671 2616 2723 p.
2648 2671 2769 2710 om.

1969 2739 2275 2798 Ludovicus
2302 2742 2479 2796 divina
2510 2745 2797 2808 ordinante
2822 2748 3161 2816 providentia
3187 2751 3488 2824 imperator
3545 2779 3551 2792 ·

1895 2832 2189 2904 Augustus.

1980 2923 2323 2994 lmperialem
2378 2927 2753 2984 celsitudinem
2810 2929 2968 2985 decet
3019 2934 3479 3001 pmdecessorum

1895 3031 2117 3070 suorum
2154 3015 2297 3071 facta
2340 3031 2446 3071 non
2488 3017 2662 3072 solum
2705 3019 3092 3076 inviolabiliter
3117 3037 3476 3092 conservare,

1815 3139 1859 3200 ρ
1893 3108 1988 3162 sed
2015 3108 2180 3161 etiam
2209 3122 2452 3162 censura:
2489 3123 2599 3162 sua:
2637 3111 2962 3165 auctoritate
2989 3111 3245 3170 alacriter
3273 3114 3472 3169 conﬁr-

1890 3212 2062 3255 mare.
2120 3198 2352 3252 Perinde
2390 3199 2604 3253 noverit
2635 3200 2906 3269 sagacitas
2938 3216 3033 3255 seu
3065 3201 3331 3256 industria
3357 3219 3476 3258 om-

1887 3289 2041 3345 nium
2067 3287 2306 3342 fidelium
2337 3295 2677 3353 nostrorum,
2716 3297 2822 3342 tam
2850 3291 3196 3358 praesentium
3227 3305 3389 3359 quam
3421 3301 3478 3346 et

1889 3376 2212 3442 futurorum,
2246 3378 2373 3446 quia
2401 3377 2485 3431 vir
2509 3378 2837 3437 venerabilis
2861 3378 3187 3434 Benedictus
3214 3382 3383 3436 abbas
3407 3397 3475 3437 ex

1890 3469 2219 3524 monasterio
2242 3468 2512 3525 Acutiano
2541 3469 2645 3522 sito
2675 3469 2729 3525 in
2760 3469 3036 3527 territorio
3067 3470 3352 3525 Sabinensi
3371 3512 3384 3536 ,
3420 3480 3475 3526 et

1890 3568 2205 3617 constructo
2236 3559 2289 3613 in
2320 3560 2526 3613 honore
2554 3567 2758 3614 sancta:
2786 3560 2879 3614 Dei
2921 3561 3199 3629 genitricis
3229 3577 3474 3632 semper-

1888 3665 1994 3720 que
2026 3651 2250 3719 virginis
2280 3650 2493 3716 Mariae,
2535 3651 2732 3706 obtulit
2758 3652 3039 3706 obtutibus
3071 3653 3273 3706 nostris
3303 3668 3471 3722 quas-

1887 3741 2012 3797 dam
2058 3742 2410 3796 auctoritates
2459 3741 2888 3797 conﬁrmationis
2941 3741 3153 3797 Domini
3207 3745 3469 3814 genitoris

1886 3832 2061 3889 nostri
2091 3833 2246 3886 bonae
2270 3833 2548 3888 memoriae
2572 3832 2749 3887 Caroli
2781 3834 3112 3888 serenissimi
3140 3834 3390 3904 Augusti,
3417 3838 3470 3891 in

1887 3922 2084 3993 quibus
2118 3923 2497 3980 continebatur
2534 3923 2799 3978 insertum
2840 3924 3073 3993 qualiter
3105 3925 3246 3979 idem
3278 3941 3467 3980 mona-

1886 4012 2113 4067 sterium
2153 4013 2256 4072 sub
2283 4013 2376 4070 tali
2415 4013 2697 4084 privilegio
2724 4016 3024 4070 consistere
3053 4015 3290 4083 fecerat,
3330 4019 3471 4073 sicut

1884 4107 2082 4153 caetera
2115 4101 2443 4156 monasteria
2476 4117 2597 4170 quae
2621 4103 2674 4156 in
2704 4102 2937 4160 Francia
2967 4104 3067 4159 sub
3097 4106 3272 4159 sancti
3298 4105 3471 4162 Bene-

1882 4189 2010 4242 dicti
2059 4188 2237 4246 Patris
2282 4205 2473 4243 norma
2525 4193 2848 4246 eonsistunt.
2911 4194 3134 4248 Scilicet
3177 4203 3237 4248 ut
3277 4196 3458 4250 nullus

1881 4279 2168 4348 episcopus
2205 4280 2270 4335 de
2308 4280 2580 4339 thesauris
2621 4281 2794 4350 ipsius
2832 4284 3148 4338 monasterii
3179 4294 3271 4338 aut
3299 4287 3462 4340 rebus

1882 4367 2089 4436 aliquid
2124 4367 2360 4433 auferre,
2391 4384 2490 4425 nec
2529 4371 2628 4424 sub
2654 4371 2834 4440 aliquo
2859 4373 3065 4430 tributo
3094 4389 3327 4442 ponere,
3375 4386 3468 4430 aut

189 4449 322 4503 buta
344 4449 626 4517 exigenda,
659 4457 753 4506 aut
788 4451 1099 4510 mansiones
1129 4459 1184 4506 et
1220 4461 1438 4522 paratas
1477 4453 1775 4521 faciendas,
1804 4475 1858 4534 D
1885 4458 2119 4526 aliquem
2145 4473 2366 4529 censum
2396 4459 2592 4512 exinde
2616 4461 2833 4529 exigere
2862 4469 2955 4518 aut
2980 4470 3233 4515 exactare
3263 4478 3469 4532 praesu-

190 4548 290 4595 aut
317 4539 662 4607 fideiussores
689 4540 982 4606 tollendos,
1008 4550 1102 4595 aut
1126 4542 1373 4598 homines
1397 4544 1640 4614 ejusdem
1663 4561 1779 4601 mo-

190 4630 446 4694 nasterii,
474 4639 585 4684 tam
623 4630 884 4700 ingenuos
912 4647 1076 4700 quam
1118 4648 1326 4699 servos,
1382 4650 1546 4704 super
1575 4645 1776 4690 terram

190 4721 365 4790 ipsius
390 4727 799 4774 commanentes
831 4721 1255 4792 distringendos,
1284 4740 1386 4779 nec
1429 4725 1569 4782 ullas
1599 4728 1778 4782 redhi-

188 4809 429 4863 bitiones
453 4817 546 4861 aut
564 4808 782 4864 illicitas
810 4811 1126 4867 occasiones
1154 4814 1531 4882 requirendas,
1576 4818 1777 4877 nostris

186 4907 248 4955 et
271 4898 467 4953 futuris
498 4901 834 4969 temporibus
855 4901 1062 4972 ingredi
1094 4903 1311 4970 audeat,
1347 4914 1404 4960 et
1437 4921 1500 4960 ea
1529 4923 1649 4977 quae
1686 4923 1775 4963 su-

187 5002 291 5060 pra
320 4996 611 5042 memorata
637 4997 781 5056 sunt,
806 4993 1021 5061 penitus
1057 4993 1273 5062 exigere
1310 5006 1620 5065 praesumat.
1667 4998 1775 5056 Sed

188 5080 354 5135 liceat
376 5088 674 5134 memorato
700 5081 880 5138 abbati
913 5081 1170 5140 Tetberto
1196 5086 1415 5154 suisque
1447 5090 1773 5144 successorio

189 5172 296 5227 bus
326 5185 412 5224 res
433 5171 678 5240 praedicti
709 5175 1027 5234 monasterii
1053 5176 1153 5232 sub
1191 5177 1548 5233 immunitatis
1574 5189 1772 5254 nostra:

187 5258 507 5317 defensione
553 5261 737 5330 quieto
780 5263 971 5318 ordine
1029 5265 1327 5335 possidere.
1381 5267 1450 5321 Et
1508 5268 1770 5339 quidquid

189 5347 319 5408 inde
364 5347 530 5403 fiscus
550 5353 1048 5421 sperarepotuerit,
1100 5362 1271 5410 totum
1314 5371 1413 5413 nos
1435 5370 1532 5427 pro
1572 5366 1774 5415 aeterna

187 5430 632 5496 remuneratiOne
657 5442 884 5513 praefato
935 5447 1273 5503 monasterio
1300 5449 1668 5516 concedimus,
1712 5460 1775 5506 ut

186 5529 245 5587 in
291 5530 550 5586 alimonia
603 5548 905 5603 pauperum
965 5543 1020 5590 et
1067 5538 1335 5608 stipendia
1382 5542 1772 5596 monachorum

187 5619 390 5678 ibidem
438 5621 668 5679 Domino
719 5625 1098 5681 famulantium
1147 5630 1398 5699 proficiat
1441 5633 1770 5701 perennibus

191 5715 248 5776 in
304 5717 627 5788 augmentis.
680 5720 742 5774 Et
778 5721 1213 5790 quandoquidem
1262 5725 1445 5781 divina
1488 5729 1768 5784 vocatione

1883 4557 2074 4604 meret.
2115 4549 2210 4603 Vel
2249 4550 2482 4620 qualiter
2508 4549 2903 4625 Hildeprandus
2940 4554 3044 4609 dux
3088 4555 3340 4625 gauldum
3373 4559 3467 4627 qui

1882 4645 2223 4706 nuncupatur
2251 4637 2504 4703 Tancies,
2533 4647 2590 4696 et
2618 4649 2826 4696 curtem
2855 4658 2976 4710 quae
3002 4653 3228 4698 vocatur
3251 4644 3467 4701 Vallan-

1881 4727 1972 4791 tis,
1997 4742 2120 4781 cum
2143 4728 2289 4782 omni
2316 4728 2629 4798 integritate
2656 4738 2711 4784 et
2736 4731 3068 4802 appendiciis
3093 4734 3227 4797 suis,
3251 4749 3348 4802 per
3369 4749 3469 4790 sua

1880 4824 2150 4884 praecepta
2179 4815 2552 4884 confirmavit,
2591 4828 2647 4874 et
2674 4830 2886 4875 curtem
2912 4821 3208 4878 Tacianum
3227 4864 3241 4887 ,
3281 4837 3466 4883 mom-

1884 4909 2109 4966 sterium
2159 4910 2334 4964 sancti
2383 4909 2548 4965 Marci
2597 4911 2940 4981 evangelista:
2984 4913 3126 4981 quod
3172 4922 3258 4967 est
3300 4914 3464 4998 situm

1876 4997 2031 5071 juxta
2062 5015 2248 5056 muros
2275 4999 2580 5070 Spoletana:
2610 5002 2877 5067 civitatis,
2917 5004 3060 5072 quod
3092 5003 3206 5072 ipse
3235 4997 3472 5061 domnus,

1883 5097 1940 5147 et
1981 5089 2195 5156 genitor
2224 5098 2407 5143 noster
2447 5091 2514 5144 ad
2557 5090 2700 5144 idem
2743 5093 3134 5146 monasterium
3178 5107 3276 5160 per
3304 5106 3472 5151 suum

1881 5180 2226 5236 confirmavit
2249 5190 2576 5249 prmceptum
2605 5200 2616 5234 :
2650 5189 2704 5236 et
2726 5183 3118 5239 monasterium
3145 5182 3315 5236 sancti
3344 5181 3462 5236 Sal-

1879 5271 2112 5335 vatoris,
2149 5271 2312 5326 situm
2343 5286 2452 5325 non
2481 5273 2671 5341 procul
2700 5274 2768 5328 ab
2797 5274 2982 5329 eadem
3017 5274 3235 5331 civitate
3267 5271 3457 5345 Spole~

1878 5373 2044 5426 tana;
2101 5371 2155 5417 et
2201 5365 2592 5418 monasterium
2640 5366 2985 5434 puellarum,
3041 5365 3184 5434 quod
3237 5374 3460 5427 vocatur

1878 5452 2062 5508 Sancti
2092 5451 2308 5524 Georgii
2335 5495 2348 5519 ,
2388 5455 2487 5508 sub
2526 5470 2681 5509 muro
2711 5457 2946 5510 civitatis
2975 5456 3249 5522 Reatinze;
3288 5465 3341 5510 et
3370 5469 3465 5510 eos

1877 5542 2096 5599 clesiam
2127 5541 2314 5596 Sancti
2348 5542 2628 5599 Michaelis
2666 5545 2976 5614 archangeli
3018 5546 3251 5614 positam
3293 5557 3460 5613 super

1878 5635 2096 5690 fluvium
2126 5633 2432 5700 Mellinum,
2457 5635 2611 5704 juxta
2644 5635 2816 5705 ipsam
2844 5637 3117 5691 civitatem
3148 5635 3454 5695 Reatinam.

1880 5744 1998 5782 cum
2030 5725 2172 5778 omni
2207 5725 2512 5781 integritas!n
2549 5741 2636 5770 ’λ’τλι
2711 5727 2768 5769 ν’
2807 5726 2854 5778 is
2892 5725 3168 5780 tcz'ri'min
3195 5726 3468 5779 Firmana
