3936 6318
209 368 354 423 ibi?)

1340 372 1729 430 DlPLOMATA
1774 369 2320 429 ECCLESIASTICA.

3312 383 3453 437 {0‘26

200 494 302 556 aut
336 483 676 551 tidejussores
709 485 1005 548 tollendos,
1055 494 1147 537 aut
1187 486 1433 540 lmmines
1463 487 1632 555 ipsius
1664 501 1780 540 mo-
1809 495 1856 552 Α
1885 483 2052 536 dcrno
2091 494 2332 555 tempore
2363 484 2502 539 infra
2540 486 2798 542 ditionem
2855 487 3065 558 imperii
3103 491 3270 545 nostri
3303 491 3452 560 justo

200 573 433 628 nasterii
482 573 880 642 distringendos
927 589 1025 628 nec
1071 573 1205 627 ullas
1253 574 1642 630 redhibitiones
1688 584 1782 628 aut

202 664 425 718 illicitas
473 666 781 719 occasiones
835 664 1186 732 requirendus
1244 664 1443 718 nostris
1487 675 1538 719 et
1587 664 1782 718 futuris

203 755 542 824 temporibus
569 755 772 825 ingredi
801 755 1016 817 audeat,
1045 755 1128 808 vel
1158 759 1224 810 ea
1247 770 1366 824 qua:
1394 770 1557 822 supra
1583 770 1781 809 mento-

202 858 327 900 rata
356 855 479 899 sunt
506 846 718 914 penitus
743 846 961 913 exigere
987 855 1302 913 praesumat.
1350 842 1457 898 Sed
1484 844 1643 898 liceat
1671 857 1782 898 me-

201 946 418 990 morato
462 935 642 989 abbati
691 935 911 1002 suisque
956 933 1362 988 successoribus
1412 949 1499 988 res
1537 935 1780 1003 praedicti

202 1028 522 1082 monasterii
547 1029 728 1096 quieto
751 1027 938 1081 ordine
961 1027 1255 1095 possidere,
1273 1035 1324 1080 et
1348 1025 1779 1094 quandoquidem

199 1119 388 1172 divina
417 1117 1013 1190 vocatioucpratdictus
1041 1117 1208 1171 abbas
1229 1117 1310 1171 vel
1333 1117 1644 1170 decessoses
1666 1114 1780 1182 ejus

199 1213 274 1265 de
301 1211 400 1263 hac
423 1209 540 1264 luce
568 1209 920 1279 migraverint
943 1210 1179 1279 quandiu
1209 1209 1354 1263 inter
1381 1223 1438 1261 se
1471 1207 1603 1262 tales
1631 1208 1780 1260 inve-

199 1305 326 1357 nire
355 1304 628 1373 potuerint
657 1305 745 1372 qui
787 1304 954 1372 ipsam
983 1304 1457 1374 congregationem
1486 1304 1777 1358 secundum

201 1397 446 1466 regulam
487 1398 657 1452 sancti
688 1397 960 1451 Benedicti
998 1411 1187 1466 regere
1214 1394 1464 1460 valeant,
1505 1395 1777 1450 licentiam

185 1490 440 1544 habeant
468 1489 696 1559 eligendi
727 1489 971 1553 abbales,
1005 1487 1236 1556 qualiter
1261 1485 1556 1540 monachos
1585 1485 1656 1540 ibi
1687 1487 1780 1540 de-

198 1590 392 1648 gentes
431 1595 528 1648 pro
555 1579 734 1642 nobis,
765 1580 991 1648 conjuge
1032 1578 1289 1646 proleque
1331 1583 1514 1631 nostra
1556 1575 1639 1629 vel
1681 1591 1778 1646 pro

199 1670 498 1724 stabilitate
525 1669 690 1724 totius
718 1668 930 1738 imperii
959 1668 1127 1723 nostri
1150 1668 1356 1738 jngiter
1377 1666 1589 1720 Domini
1617 1667 1780 1720 mise-

197 1761 492 1816 ricordiam
533 1774 760 1814 exorare
802 1759 1052 1814 delectet.
1109 1759 1175 1812 Et
1219 1765 1278 1810 ut
1326 1758 1442 1811 hrec
1483 1757 1778 1812 auctoritas

195 1853 404 1907 nostris
449 1851 752 1920 futurisque
799 1851 1131 1920 temporibus
1179 1849 1410 1903 Domino
1461 1859 1776 1920 protegente
1806 1866 1852 1924 Β

193 1943 379 1996 valeat
414 1941 726 1997 ineonvulsa
762 1955 1010 2004 manere,
1055 1941 1122 1995 de
1151 1938 1348 1994 annulo
1379 1948 1562 1994 nostro
1587 1941 1777 1995 subtus

186 2031 455 2101 iussimus
483 2031 730 2102 sigillari.
986 2063 993 2070 -
1796 2023 1802 2029 ’

269 2123 554 2176 Durandus
597 2122 854 2176 diaconus
899 2120 969 2175 ad
1011 2120 1185 2176 vicem
1228 2119 1519 2190 Fibrugisii
1564 2120 1776 2176 abbatis

191 2210 508 2281 recognovi.

267 2299 405 2352 Data
423 2299 581 2352 tertia
597 2297 719 2352 ldus
734 2297 1088 2366 Septembris,
1111 2311 1272 2364 anno,
1287 2296 1504 2353 Cbristo
1518 2299 1771 2370 propitio,

191 2406 344 2446 nono
379 2391 591 2460 imperii
620 2375 1103 2446 domini'Ludovici
1141 2392 1368 2461 piissimi
1399 2394 1660 2465 Augusti,
1694 2395 1775 2448 in-

188 2482 431 2536 dictione
459 2482 654 2552 prima.
688 2483 880 2537 Actum
905 2481 1174 2538 Attiniaco
1201 2482 1403 2550 palatio
1431 2485 1574 2556 regis
1596 2485 1650 2539 in
1674 2485 1770 2539 Dei

189 2572 416 2626 nomine
453 2571 700 2626 feliciter.
750 2572 940 2626 Amen.
985 2603 1055 2611 —
1097 2572 1354 2641 Exempla
1397 2572 1463 2628 de
1506 2585 1774 2644 praecepto

188 2661 401 2716 domini
435 2660 800 2731 imperatoris.

867 2774 1104 2829 XXXVI.

502 2879 606 2919 PRO
643 2879 977 2920 HONASTERIO
1012 2880 1439 2923 FONTANELLENSI
1447 2907 1459 2922 .

802 2953 976 3024 (Anno
1018 2953 1166 3027 815.)

263 3043 543 3118 [Marten.,
572 3043 743 3115 Ampi.
763 3041 1163 3118 gallect.,_tom.
1193 3045 1235 3118 ι,
1262 3061 1384 3118 pag.
1417 3048 1505 3116 6t,
1535 3064 1602 3105 ex
1633 3065 1736 3106 ms.

762 3114 1214 3187 Fontanellensi.]

1884 581 1939 626 et
1981 575 2369 629 rationabiliter
2411 577 2666 645 possidet,
2718 578 2800 632 vel
2843 593 2907 633 ea
2954 595 3074 649 qua}
3112 580 3368 651 deinceps
3395 585 3450 637 in

1877 661 2000 730 jure
2049 665 2216 733 ipsius
2264 665 2365 719 loci
2418 666 2644 720 voluerit
2688 667 2868 722 divina
2916 670 3092 739 pietas
3139 673 3346 739 augeri,
3384 676 3454 730 ad

1881 767 2073 806 causas
2111 753 2422 820 audiendas,
2465 754 2548 808 vel
2590 754 2764 822 freda,
2809 767 2901 811 aut
2940 758 3141 814 tributa
3165 762 3452 832 exigenda,

1883 840 1964 893 vel
1993 844 2319 908 mansiones,
2349 851 2441 896 aut
2488 844 2720 913 paradas
2761 844 3056 914 faciendas,
3087 858 3181 904 aut
3238 852 3454 921 tidejus-

1881 941 2032 983 seres
2077 930 2359 997 tollendos,
2410 942 2503 986 aut
2550 934 2798 988 homines
2842 934 3082 1002 ejusdem
3132 941 3454 995 monasterii

1883 1025 1991 1068 tam
2037 1017 2298 1086 ingenuos
2345 1033 2507 1087 quam
2554 1036 2767 1087 servos,
2822 1038 2986 1093 super
3036 1033 3235 1082 terram
3282 1029 3455 1099 ipsius

1881 1117 2306 1175 commanentes,
2331 1109 2526 1178 injuste
2570 1111 2989 1184 distringendos,
3023 1130 3121 1171 nec
3149 1117 3285 1172 ullas
3335 1121 3454 1174 red—

1883 1197 2171 1252 bibitiones
2212 1207 2304 1253 aut
2343 1200 2558 1255 illicitas
2602 1205 2916 1259 occasiones
2953 1206 3327 1274 requirendas,
3362 1217 3455 1262 aut

1879 1288 2182 1356 pontatieos
2229 1291 2547 1362 exigendos,
2597 1300 2691 1345 aut
2737 1291 2945 1348 telonea
2987 1297 3320 1366 accipienda,
3357 1307 3454 1353 aut

1880 1378 2164 1445 rotaticos,
2213 1379 2268 1434 in
2298 1380 2627 1449 quibuslibet
2673 1381 2830 1446 locis,
2857 1384 3170 1441 civitatibus
3204 1402 3268 1442 ac
3296 1387 3454 1454 foris,

1881 1469 2079 1523 nostris
2110 1478 2164 1523 et
2189 1469 2384 1526 futuris
2415 1471 2748 1540 temporibus
2788 1473 2997 1540 ingredi
3033 1476 3245 1542 audeat,
3276 1477 3360 1531 vel
3387 1492 3455 1532 ea

1880 1573 1999 1627 qua:
2038 1573 2200 1628 supra
2242 1571 2539 1614 memorata
2568 1570 2695 1615 sunt
2735 1563 2952 1630 penitus
2989 1566 3204 1636 exigere
3243 1583 3450 1636 praesu-

1882 1656 2023 1713 mat;
2057 1650 2153 1703 sed
2192 1649 2354 1704 liceat
2404 1660 2703 1706 memorato
2741 1653 2924 1706 abbati
2971 1655 3190 1724 suisque
3238 1673 3453 1713 succes-

1880 1740 2116 1804 soribus,
2160 1754 2248 1794 res
2295 1741 2540 1809 przedieti
2588 1743 2901 1796 monasterii
2951 1745 3050 1797 sub
3094 1745 3454 1803 immunitatis

1881 1841 2078 1886 nostra:
2106 1831 2438 1898 defensione,
2467 1833 2650 1902 quieto
2680 1835 2868 1888 ordine
2892 1837 3188 1904 possidere,
3217 1847 3272 1891 et
3297 1841 3454 1908 quid-

1877 1923 2008 1991 quid
2033 1923 2228 1976 exinde
2257 1922 2415 1977 fiscus
2439 1924 2655 1993 exigere
2678 1926 2896 1994 poterit,
2929 1927 3094 1980 etiam
3121 1945 3221 1997 pro
3249 1939 3451 1985 interna

1877 2015 2312 2069 remuneratione
2369 2013 2627 2084 prtedicto
2684 2019 3014 2072 monasterio
3062 2021 3449 2087 concessimus,

1873 2112 1935 2156 ut
1963 2102 2017 2155 in
2047 2102 2301 2156 alimonia
2335 2116 2630 2172 pauperum
2667 2112 2723 2156 et
2748 2105 3016 2172 stipendia
3057 2109 3446 2163 monachorum

1875 2191 2077 2247 ibidem
2097 2194 2208 2248 Deo
2243 2193 2640 2259 famulantium,
2665 2197 2939 2264 perpetuis
2967 2199 3297 2266 temporibus
3316 2216 3439 2269 pro-

1873 2281 2022 2335 ﬁciat
2068 2283 2123 2336 in
2170 2283 2492 2354 augmentis.
2527 2284 2802 2350 Quatenus
2846 2286 2990 2356 ipsos
3017 2303 3202 2344 servos
3235 2291 3326 2346 Dei
3352 2293 3447 2361 qui

1873 2371 2073 2427 ibidem
2112 2371 2462 2438 famulantur,
2494 2389 2594 2444 pro
2630 2375 2789 2429 nobis
2827 2385 2883 2429 et
2916 2375 3161 2446 conjuge,
3190 2378 3450 2450 proleque

1875 2476 2060 2520 nostra
2099 2477 2260 2537 atque
2298 2468 2592 2524 stabilitate
2635 2472 2800 2526 totius
2835 2473 3048 2542 imperii
3086 2491 3116 2527 a
3146 2474 3258 2528 Deo
3286 2476 3444 2530 nobis

1873 2559 2114 2612 concessi
2160 2566 2322 2628 atque
2369 2561 2742 2626 conservandi,
2766 2562 2970 2632 jugtter
2995 2562 3234 2616 divinam
3275 2564 3446 2617 mise-

1875 2646 2163 2700 ricordiam
2207 2662 2435 2703 exorare
2479 2649 2731 2703 delectet.
2780 2651 2850 2703 lit
2894 2661 2953 2704 ut
2995 2653 3111 2705 haec
3153 2653 3452 2708 auctoritas

1875 2745 2060 2788 nostra
2109 2734 2294 2807 [Forte
2335 2737 2556 2809 nostris]
2605 2739 2910 2809 futurisque
2945 2741 3303 2810 temporibus,
3345 2743 3451 2797 Do-

1876 2826 2022 2880 mino
2057 2835 2391 2899 protegente,
2428 2829 2604 2884 valeat
2633 2829 2950 2885 inconvulsa
2996 2847 3236 2896 manere,
3285 2847 3449 2886 manu

1872 2907 2092 2986 propria
2118 2919 2306 2972 subter
2328 2919 2681 2986 firmavimus,
2710 2929 2766 2975 et
2792 2921 2976 2975 annuli
3011 2923 3179 2978 nostri
3216 2924 3445 2992 impres-

1873 3007 2025 3060 sione
2053 3007 2254 3076 signari
2274 3007 2556 3076 jussimus.

1947 3099 2170 3171 Signum
2200 3100 2458 3156 Ludovici
2485 3102 2814 3157 serenissimi
2844 3101 3210 3173 imperatoris.

259 3202 322 3258 In
351 3203 567 3257 nomine
597 3201 692 3257 Dei
737 3210 793 3256 et
821 3201 1116 3259 Salvatoris
1165 3207 1336 3260 nostri
1382 3205 1510 3264 Jesu
1545 3208 1765 3276 Christi,
1798 3204 1840 3266 C
1943 3191 2227 3246 Durandus
2268 3191 2528 3246 diaconus
2577 3193 2645 3246 ad
2695 3192 2866 3246 "icem
2916 3192 3240 3249 “elisam”
3291 3208 3445 3249 τεθο·

181 3295 518 3360 Ludovicus,
544 3294 722 3348 divina
767 3293 1052 3348 ordinante
1073 3295 1436 3364 providentia,
1474 3298 1770 3370 imperator

183 3388 270 3440 Au
279 3395 487 3457 gustus.

260 3475 398 3528 Cum
434 3474 782 3544 petitionibus
823 3489 1106 3529 servorum
1129 3476 1223 3531 Dei
1247 3475 1410 3546 justis
1441 3487 1497 3533 et
1529 3480 1770 3535 rationa-

185 3567 391 3620 bilibus
439 3566 606 3620 divini
645 3564 821 3619 cultus
865 3579 1048 3620 amore
1093 3565 1357 3632 favemus,
1391 3582 1624 3636 superna
1671 3586 1770 3625 nos

183 3659 364 3729 gratia
411 3657 607 3712 muniri
654 3671 758 3710 non
783 3656 1090 3710 dillidimus.
1140 3657 1263 3711 ldeo
1309 3658 1451 3712 istud
1483 3659 1556 3712 sit
1585 3667 1768 3716 notum

183 3749 441 3803 omnibus
492 3747 736 3802 fidelibus
786 3747 1008 3812 nostris,
1054 3755 1160 3800 tam
1204 3748 1564 3816 praesentibus
1605 3765 1768 3817 quam

185 3842 412 3906 futuris,
462 3857 557 3895 seu
605 3840 768 3894 etiam
817 3839 1220 3894 successoribus
1267 3839 1485 3903 nostris,
1524 3838 1770 3895 fidelibus

185 3940 396 3988 sancta:
423 3931 516 3984 Dei
543 3929 817 3994 Ecclesia},
845 3929 988 3996 quod
1014 3929 1096 3982 vir
1128 3927 1454 3983 venerabilis
1482 3929 1767 3984 Trasarius

182 4024 332 4077 abba
376 4036 442 4074 ex
474 4019 798 4073 monasterio
825 4019 966 4087 quod
995 4027 1218 4073 vocatur
1251 4019 1589 4085 Fontanella,
1626 4023 1768 4091 quod

181 4122 274 4169 est
320 4118 685 4164 constructum
735 4109 788 4162 in
827 4110 1031 4165 honore
1076 4110 1360 4164 beatorum
1404 4113 1768 4180 apostolorum

181 4201 337 4256 Petri
359 4199 598 4264 etPauli,
618 4197 700 4253 vel
718 4207 1040 4254 caaterorum
1057 4208 1390 4266 sanctorum,
1409 4202 1599 4255 detulit
1619 4204 1770 4258 obtu-

183 4293 338 4347 tibus
363 4291 564 4345 nostris
587 4291 979 4345 immunitatem
1011 4291 1190 4346 domni
1224 4301 1278 4346 et
1307 4293 1567 4361 genitoris
1597 4297 1769 4350 nostri

181 4383 371 4441 Caroli
399 4386 552 4439 bonas
578 4384 849 4437 memoriae
875 4383 1103 4452 piissimi
1133 4383 1382 4453 Augusti,
1411 4385 1464 4438 in
1495 4401 1604 4454 qua
1649 4399 1769 4444 erat

183 4476 457 4530 insertum
495 4473 730 4542 qualiter
762 4473 876 4540 ipse
919 4480 975 4526 et
1014 4481 1386 4529 antecessores
1423 4474 1562 4544 ejus,
1613 4493 1767 4550 reges

1875 3297 2058 3352 gnovn

1943 3375 2075 3428 Data
2108 3391 2180 3428 vn
2216 3374 2332 3428 Kal.
2362 3373 2700 3439 Novembris,
2727 3390 2889 3438 anno,
2919 3373 3135 3428 Christo
3183 3374 3448 3447 propitio,

1873 3463 2106 3519 secundo
2157 3465 2366 3533 imperii
2411 3465 2591 3518 domui
2641 3465 2896 3538 Ludovici
2942 3464 3167 3532 piissimi
3194 3464 3446 3540 Augusti,

1873 3557 2165 3610 indictione
2206 3572 2370 3610 nona.
2420 3556 2610 3609 Actum
2641 3554 2919 3625 Niumaga,
2952 3555 3152 3625 palatio
3185 3563 3352 3631 regio,
3387 3563 3441 3616 in

1873 3645 1966 3702 Dei
2001 3647 2217 3700 nomine
2242 3645 2490 3699 feliciter.
2521 3647 2716 3698 Amen.

2152 3911 2251 3951 PRO
2283 3910 2619 3950 HONASTERIO
2642 3912 2844 3951 INSULA'I
2872 3914 3150 3952 BARBARE.

2505 4010 2676 4080 (Anno
2699 4010 2847 4080 815.)

1875 4124 2152 4196 [ApudD.
2194 4125 2503 4196 Bouquet.,_
2537 4125 2730 4193 Script.
2773 4126 2896 4179 Rcr.
2924 4126 3143 4191 Franz,
3179 4136 3311 4182 tom.
3356 4131 3440 4195 Vl,

1903 4211 2024 4266 pag.
2049 4195 2171 4259 485,
2197 4213 2264 4248 ex
2291 4194 2580 4248 ﬂuderibus
2605 4196 3100 4261 [nstitit-Barbarie,
3132 4213 3256 4269 pag,
3287 4198 3404 4271 ιδ’]

1940 4286 1998 4340 In
2029 4285 2268 4350 nomine,
2298 4293 2430 4349 etc.,
2451 4284 2751 4340 Ludovicus
2779 4286 2872 4340 Dei
2907 4289 3246 4355 providentia
3285 4301 3310 4330 ι
3345 4291 3443 4344 im-

1870 4386 2087 4447 perator
2122 4377 2416 4448 Augustus.

1942 4471 2241 4541 Episcopis,
2288 4471 2592 4536 abbatibus,
2619 4471 2864 4537 ducibus,
2891 4472 3199 4538 comitibus,
3233 4472 3447 4528 viccdo-

183 4565 441 4620 videlicet
469 4563 828 4628 Francorum,
877 4562 1158 4632 praefatum
1207 4568 1598 4622 monasterium
1642 4585 1768 4638 pro.
1793 4553 1846 4612 D
1872 4563 2056 4628 minis,
2085 4563 2321 4627 vicariis,
2353 4563 2702 4627 eentenariis,
2735 4563 3064 4627 teloneariis,
3113 4571 3169 4616 et
3191 4564 3445 4618 omnibus

181 4661 311 4726 pter
359 4653 598 4708 divinum
645 4667 885 4707 amorem
936 4655 1491 4726 tranquillitatemque
1540 4658 1767 4714 fratrum

133 4803 145 4814 ,
185 4747 391 4800 ibidem
440 4744 874 4809 eonsistentium,
924 4760 1139 4814 semper
1177 4750 1278 4804 sub
1321 4750 1632 4819 plenissima
1680 4754 1772 4809 de-

183 4836 437 4890 fensione
463 4849 527 4888 ac
554 4834 914 4888 immanitatis
944 4835 1170 4890 tuitione
1204 4837 1539 4894 habuissent.
1569 4840 1649 4896 0b
1678 4843 1771 4896 fir-

185 4928 435 4982 mitatem
464 4932 646 4977 tamen
679 4924 759 4977 rei
795 4923 1087 4992 postulavit
1135 4927 1292 4981 nobis
1321 4928 1604 4986 Trasarius
1630 4933 1769 4988 abba

183 5026 246 5071 ut
273 5016 517 5070 eamdem
546 5013 922 5068 auctoritatem
944 5013 1013 5068 ob
1034 5029 1273 5069 amorem
1305 5016 1400 5072 Dei
1423 5027 1478 5073 et
1507 5035 1763 5077 reveren-

186 5108 324 5161 tiam
355 5105 524 5173 ipsius
545 5103 717 5158 sancti
755 5103 858 5159 loci
889 5111 1075 5159 nostra
1099 5106 1546 5165 confirmaremus
1574 5120 1764 5168 aucto-

185 5197 372 5251 ritate.
389 5193 553 5265 Cujus
577 5194 825 5263 petitioni
851 5194 1082 5250 libenter
1107 5197 1498 5266 acquievimus,
1525 5210 1580 5256 et
1606 5203 1681 5256 ita
1710 5205 1766 5258 in

185 5284 443 5339 omnibus
495 5284 897 5350 concessimus,
945 5292 1104 5356 atque
1152 5301 1251 5356 per
1292 5288 1396 5343 hoc
1439 5302 1767 5362 praeceptum

187 5382 437 5430 nostrum
467 5373 926 5430 confirmavimus.
952 5375 1336 5446 Praecipientes
1360 5394 1490 5451 ergo
1512 5382 1766 5451 jubemus

187 5473 250 5517 ut
286 5463 466 5517 nullus
488 5462 656 5530 judex
685 5465 948 5533 publicus,
981 5481 1081 5520 nec
1107 5467 1361 5536 quislibet
1385 5483 1451 5523 ex
1474 5469 1762 5538 judiciaria

185 5561 480 5625 potestate,
509 5560 600 5605 aut
637 5553 772 5619 loca,
807 5554 890 5608 vel
925 5570 1101 5626 agros,
1139 5555 1191 5610 in
1221 5558 1478 5614 ecclesias
1508 5576 1603 5616 seu
1636 5563 1762 5618 reli-

188 5660 331 5710 quas
359 5644 727 5715 possessiones
771 5648 1052 5702 memorati
1097 5650 1432 5715 monasterii,
1464 5654 1604 5719 quod
1650 5670 1764 5710 mo-

267 5792 288 5819 3
333 5777 720 5849 Corrigendum
756 5782 926 5835 divine
954 5782 1224 5835 ordinante
1242 5779 1583 5850 providentia.

1872 4652 2253 4722 rempublicam
2284 4653 2719 4721 procurantibus,
2770 4653 3126 4721 przesentibus
3153 4652 3361 4707 scilicet
3389 4662 3446 4708 et

1873 4743 2089 4809 futuris,
2134 4750 2321 4796 notum
2358 4743 2426 4796 sit
2457 4743 2584 4812 quia
2606 4743 2829 4812 Campio
2853 4743 3021 4798 abbas
3049 4758 3118 4805 ex
3166 4752 3443 4801 monaste-

1874 4838 1954 4891 rio
1979 4836 2152 4891 sancti
2181 4836 2418 4902 Martini,
2459 4838 2602 4908 quod
2635 4837 2833 4891 dicitur
2861 4837 3034 4892 insula
3059 4838 3319 4900 Barbara,
3363 4837 3440 4891 si-

1873 4938 1988 4982 tum
2013 4943 2176 4998 super
2211 4926 2409 4982 ﬂumen
2436 4926 2684 5000 Sagonae,
2709 4942 2815 4982 non
2850 4928 3035 4996 procul
3057 4929 3123 4982 ab
3155 4929 3288 4982 urbe
3302 4927 3443 4997 Lug-

1871 5019 2019 5082 duni,
2035 5026 2089 5073 et
2110 5010 2286 5072 omnis
2296 5016 2411 5086 ejus
2430 5018 2769 5088 congregatio
2781 5019 3051 5087 petierunt
3070 5017 3442 5090 celsitudinem

1870 5119 2113 5164 nostram
2159 5117 2217 5162 ut
2241 5108 2518 5165 licentiam
2548 5109 2813 5165 haberent
2861 5110 2927 5164 ad
2956 5123 3143 5164 eorum
3189 5108 3441 5178 supplen-

1873 5202 1970 5256 das
2013 5201 2368 5256 necessitates
2397 5201 2542 5256 omni
2586 5209 2828 5270 tempore
2875 5209 2985 5255 tres
3017 5215 3183 5254 naves
3201 5215 3299 5269 per
3341 5198 3441 5252 Sa-

1873 5306 2087 5361 gonam,
2129 5290 2451 5345 Rhodanum
2477 5299 2532 5346 et
2559 5291 2755 5345 Dubim
2807 5290 3116 5361 negotiandi
3153 5290 3327 5360 gratia
3357 5287 3442 5342 di-

1874 5383 2073 5454 rigere.
2109 5380 2349 5448 Quorum
2390 5382 2705 5452 petitionem
2748 5380 2978 5435 libenter
3015 5381 3352 5449 suscepimus
3384 5388 3440 5434 et

1872 5488 1971 5546 pro
2005 5473 2268 5529 mercedis
2304 5481 2502 5527 nostrae
2531 5481 2818 5542 augmento
2845 5472 2984 5526 sicut
3012 5471 3303 5541 petierunt,
3340 5481 3438 5537 per

1872 5568 2012 5621 banc
2040 5573 2278 5620 nostram
2305 5566 2678 5621 auctoritatem
2700 5563 3080 5618 concessimus.
3107 5561 3310 5615 Idcirco
3333 5559 3437 5612 hoc

1871 5665 2197 5728 praeceptum
2248 5665 2487 5714 nostrum
2537 5656 2616 5709 eis
2665 5654 2780 5708 fieri
2814 5654 3092 5726 jussimus,
3148 5665 3244 5720 per
3292 5645 3436 5717 quod
