3936 6312
458 353 596 413 1027

1574 355 1898 423 LUDOVICI
1938 357 1959 417 Ι
1995 354 2466 422 COGNOMENTO
2502 358 2587 422 Pii

3605 372 3742 430 109.3

458 473 673 529 cunctis
709 471 969 541 iubemus
1016 481 1077 528 ut
1114 473 1423 545 ubicunque
1461 474 1750 544 praedictus
1785 491 2042 531 numerus
2071 499 2119 558 Α
2156 477 2411 549 Pippinus
2453 479 2725 548 quondam
2770 480 3037 551 gloriosus
3076 497 3192 546 rex,
3232 498 3340 537 una
3375 498 3500 538 cum
3536 501 3747 540 memo-

456 565 675 618 navium
726 564 781 617 in
830 571 1016 617 nostra
1049 564 1352 619 ministeria
1376 564 1459 619 vel
1490 574 1787 635 potestates
1816 567 2045 620 advene-

456 654 553 718 rit,
598 652 807 707 nullum
848 652 1145 718 teloneum,
1192 668 1386 723 neque,
1436 656 1580 724 quod
1619 654 1779 725 vulgo
1823 656 2040 721 dicitur,

454 755 551 802 aut
589 745 964 816 cespitaticum
993 752 1088 799 aut
1135 745 1505 811 salutaticum,
1553 757 1646 801 aut
1690 747 2039 809 omnaticum,

454 844 549 892 aut
569 836 739 891 ullum
766 851 1010 900 censum,
1052 836 1134 890 vel
1161 837 1324 890 ullam
1349 838 1771 893 redhibitionem
1803 852 1870 893 ex
1911 838 2045 908 ipsis

454 942 736 984 assumere
777 928 1123 996 praesumatis
1162 935 1257 982 aut
1305 937 1562 984 exactare
1588 927 1831 994 faciatis;
1867 929 1962 984 sed
1983 928 2047 983 li-

453 1028 578 1074 ceat
603 1018 822 1073 easdem
842 1032 1008 1073 naves
1064 1019 1211 1073 omni
1244 1026 1487 1089 tempore
1525 1034 1623 1089 per
1651 1020 1907 1089 pradicta
1948 1018 2048 1072 ﬁu-

452 1114 623 1178 mina,
677 1113 818 1168 sicut
867 1113 1121 1182 superius
1175 1112 1478 1179 intulimus,
1528 1112 1694 1168 libere
1740 1122 1796 1168 et
1844 1113 2049 1182 absque

454 1202 561 1258 ulla
617 1202 1006 1258 contrarietate
1049 1202 1379 1266 discurrere,
1430 1210 1485 1255 et
1511 1202 1729 1273 negetia
1761 1216 1858 1256 sua
1888 1216 2050 1271 pera-

454 1312 582 1367 gere
609 1303 664 1348 et
721 1295 788 1349 ad
831 1308 1188 1365 quascunque
1228 1294 1478 1349 civitates
1504 1293 1589 1348 vel
1632 1302 1822 1363 portus
1863 1308 2050 1348 acces-

454 1399 577 1440 sum
603 1384 915 1449 habuerint,
946 1384 1040 1454 qui
1064 1383 1285 1439 easdem
1311 1397 1477 1438 naves
1505 1384 1794 1452 providere
1825 1383 2046 1447 debent,

454 1474 660 1529 nullam
702 1474 1136 1543 inquietudinem
1190 1481 1286 1527 aut
1337 1460 1716 1527 detentionem’
1758 1471 1851 1542 ab}
1869 1470 2050 1540 aliquo

455 1563 693 1618 ﬁdelium
730 1572 1040 1619 nostrorum
1080 1562 1393 1631 patiantur;
1416 1562 1535 1616 .sed
1564 1575 1661 1629 per
1687 1561 2050 1630 quodcunque

452 1654 523 1710 de
545 1656 822 1724 praedictis
859 1652 1175 1709 ﬁuminibus
1218 1652 1662 1721 remigraverint,
1692 1652 1865 1721 quieti
1886 1658 1943 1706 et
1960 1664 2049 1705 se-

453 1748 571 1802 curi
598 1762 722 1801 cum
753 1746 885 1815 ipsis
911 1744 1140 1799 navibus
1165 1753 1219 1798 et
1241 1743 1309 1798 iis
1332 1758 1453 1812 qua:
1474 1741 1746 1807 deferunt,
1792 1756 1891 1810 per
1912 1754 2051 1809 pra.»

2148 578 2267 625 rato
2290 570 2519 640 prtesule
2544 573 2858 626 monasterii
2890 572 2945 626 8.
2985 573 3218 628 Zenonis
3238 575 3570 631 confessoris
3590 577 3747 632 Chri-

2146 661 2236 723 sti,
2276 660 2421 730 quod
2450 668 2534 714 est
2574 661 2931 715 constitutum
2969 662 3021 715 in
3046 663 3310 717 suburbio
3346 667 3618 734 praedicta:
3662 666 3743 720 ci-

2146 751 2349 816 vitatis,
2376 752 2627 821 [propter
2676 750 2918 805 divinum
2968 766 3235 817 amorem,
3287 762 3342 807 et
3374 756 3744 809 reverentiam

2145 840 2353 912 praefati
2396 840 2611 910 patroni
2662 841 3088 896 remdiﬁcassent
3137 852 3302 911 atque
3360 853 3746 908 rcnovassent,

2146 942 2202 989 et
2229 933 2373 1003 quod
2395 932 2524 986 olim
2558 932 2627 987 ab
2656 931 2966 987 inﬁdelibus
2989 934 3299 989 hominibus
3328 945 3581 990 exustum
3607 936 3748 989 fuis-

2147 1035 2249 1090 set,
2277 1032 2333 1080 et
2348 1023 2434 1102 .ab
2465 1024 2718 1079 omnibus
2746 1024 2909 1079 rebus
2932 1025 3034 1079 sibi
3055 1025 3186 1079 olim
3227 1026 3439 1081 collatis
3463 1043 3600 1096 pene
3626 1028 3748 1097 pri-

2147 1108 2371 1181 vatum;
2417 1129 2543 1169 nam
2568 1128 2744 1183 neque
2769 1115 3019 1169 monachi
3050 1114 3248 1169 ibidem
3291 1116 3593 1170 consistere
3620 1116 3748 1185 qni-

2147 1208 2300 1272 bant,
2336 1205 2429 1275 qui
2476 1206 2641 1261 horas
2686 1206 2976 1260 canonicas
3021 1214 3076 1260 et
3112 1205 3326 1260 divinas
3367 1208 3750 1277 persolverent

2148 1295 2358 1361 laudes,
2395 1296 2500 1351 nisi
2544 1296 2829 1365 episcopus
2856 1296 2923 1350 de
2945 1296 3197 1367 przedicta
3226 1296 3449 1351 civitate
3487 1298 3750 1351 sacerdo-

2148 1397 2232 1445 tes
2259 1387 2388 1442 illuc
2438 1387 2695 1452 mitteret,
2724 1402 2829 1442 non
2850 1394 2987 1451 erat,
3031 1387 3122 1455 qui
3156 1388 3378 1451 ibidem,
3429 1396 3487 1441 ut
3514 1389 3747 1457 dignum

2151 1486 2291 1543 erat,
2326 1476 2568 1531 divinum
2588 1476 2889 1532 celebraret
2913 1474 3153 1530 ofﬁcium
3180 1495 3194 1529 :
3224 1476 3366 1530 unde
3395 1476 3470 1529 illi
3498 1492 3598 1545 pro
3626 1478 3751 1531 ani-

2138 1583 2362 1624 marum
2402 1582 2625 1624 suarum
2671 1568 3037 1623 emolumento
3071 1569 3331 1637 quasdam
3377 1585 3487 1633 res,
3546 1571 3751 1638 quibus

2149 1660 2403 1716 monachi
2452 1668 2509 1715 et
2554 1673 2821 1729 pauperes
2877 1658 3082 1714 Christi
3128 1660 3369 1713 subsidia
3434 1662 3748 1715 necessaria

2154 1750 2353 1811 futuris
2394 1754 2729 1825 temporibus
2758 1752 2961 1807 habere
2999 1752 3321 1821 quivissent,
3371 1752 3439 1805 ad
3479 1766 3751 1806 memora-

454 1846 667 1895 sentcm
694 1837 1094 1891 ordinationem
1121 1842 1365 1889 nostram
1406 1834 1487 1889 ire
1519 1841 1575 1889 et
1600 1834 1781 1888 redire
1807 1832 2047 1886 valeant.
2080 1844 2128 1903 B
2160 1850 2270 1899 tum
2312 1845 2492 1900 locum
2547 1842 2817 1913 delegare,
2866 1850 3031 1911 atque
3059 1839 3386 1895 conﬁrmare
3416 1840 3531 1894 fore
3553 1857 3749 1910 perpe-

455 1927 525 1983 Et
552 1928 600 1983 si
630 1928 845 1997 aliquas
880 1942 1063 1981 moras
1103 1926 1157 1979 in
1199 1925 1443 1996 quolibet
1491 1925 1610 1981 loco
1662 1924 1913 1988 fecerint,
1957 1932 2053 1978 aut

456 2017 664 2089 aliquid
690 2018 923 2073 mercati
948 2016 1153 2071 fuerint
1176 2017 1262 2071 vel
1286 2016 1653 2081 vendiderint,
1694 2015 1827 2071 nihil
1856 2015 1925 2069 ab
1948 2014 2049 2080 eis,

455 2111 601 2167 sicut
654 2112 914 2175 diximus,
963 2110 1276 2179 requiratur
1321 2116 1415 2163 aut
1462 2116 1761 2164 exactetur.
1815 2106 1874 2162 Si
1900 2120 2051 2169 vero,

453 2203 602 2274 quod
649 2202 812 2267 absit,
863 2196 1143 2256 accidente
1167 2200 1409 2270 quolibet
1439 2216 1569 2256 casu
1599 2209 1694 2254 aut
1726 2198 2054 2269 negligentia

455 2291 852 2361 navigatorum,
874 2296 969 2343 aut
996 2297 1160 2343 Vento
1183 2288 1514 2358 impellente,
1557 2288 1698 2343 sicut
1723 2288 2056 2343 creberrime

455 2384 771 2454 contingere
798 2381 956 2445 solet,
1003 2381 1185 2450 aliqua
1214 2395 1283 2435 ex
1320 2378 1597 2451 praedictis
1626 2380 1859 2434 navibus
1908 2393 2057 2434 mer-

455 2476 593 2531 serit
629 2482 723 2527 aut
780 2471 1026 2543 fregerit,
1082 2478 1178 2525 aut
1227 2486 1366 2527 cassa
1413 2472 1480 2525 ad
1524 2471 1677 2525 littus
1719 2472 2052 2540 pervenerit,

455 2581 617 2621 nemo
644 2578 765 2620 eam
795 2564 1102 2627 deatruere,
1137 2570 1230 2616 aut
1253 2578 1316 2617 ea
1344 2577 1465 2632 quae
1491 2562 1636 2647 intra
1656 2570 1781 2617 sunt
1807 2570 2049 2628 vastare,

457 2664 552 2711 aut
577 2654 779 2726 aliquid
806 2655 857 2709 vi
890 2654 1136 2723 arripere
1166 2662 1491 2723 praesumat;
1556 2653 1662 2708 nisi
1692 2652 1831 2709 forte
1862 2654 1917 2708 hi
1960 2656 2054 2724 qui

458 2750 606 2817 ipsas
629 2761 795 2801 naves
822 2744 1111 2815 providere
1138 2742 1356 2810 debent,
1383 2744 1604 2813 propria
1631 2730 1913 2805 voluntate
1957 2744 2056 2797 ali-

458 2839 591 2909 quid
640 2838 771 2892 dare
812 2834 1086 2889 voluerint
1122 2832 1305 2888 alieni.
1358 2831 1513 2900 Quod
1567 2832 1613 2888 si
1660 2831 1818 2888 aliter
1856 2832 2053 2888 alicubi

460 2930 667 2985 factum
713 2927 898 2992 fuerit,
946 2924 1196 2996 magistri
1242 2924 1487 2979 locorum
1528 2923 1871 2995 illorum,qui
1912 2938 2055 2978 rem-

459 3021 737 3093 publicam
787 3030 1083 3089 procurare
1106 3022 1435 3080 noscuntur,
1465 3014 1669 3084 absque
1696 3012 1876 3083 aliqua
1918 3011 2054 3067 dila‘

460 3114 610 3166 tione
648 3109 897 3181 legaliter
918 3107 1022 3161 hoc
1046 3105 1339 3161 emendare
1369 3105 1643 3161 studeant.
1699 3104 1826 3159 Haec
1854 3104 2054 3174 quippe

460 3200 761 3257 auctoritas
784 3206 844 3254 ut
872 3196 1078 3251 nostris
1098 3194 1192 3250 vel
1214 3194 1413 3250 futuris
1445 3195 1801 3264 temporibus,
1828 3193 2058 3248 Domino
2085 3184 2130 3246 C

460 3303 801 3365 protegente,
847 3291 1026 3346 valeat
1062 3292 1387 3346 inconcussa
1425 3305 1670 3356 manere,
1712 3290 1913 3346 annulo
1959 3305 2054 3345 no‘

462 3396 580 3441 stro
607 3385 797 3439 subter
819 3380 1083 3449 iussimus
1121 3380 1368 3451 sigillari.

533 3476 730 3530 Datum
754 3492 814 3530 ιιι
844 3475 971 3529 ldus
1014 3471 1339 3527 Novembris
1368 3484 1394 3512 ι
1424 3470 1718 3527 indictione
1746 3471 1801 3537 9,
1826 3486 1967 3527 anno
1998 3474 2054 3535 5,

462 3568 683 3625 Christo
703 3566 961 3637 propitio,
987 3564 1203 3635 imperii
1226 3563 1701 3619 dominiLudovici
1725 3563 2057 3619 serenissimi

462 3659 713 3731 Augusti.
752 3661 947 3712 Actum
994 3654 1326 3726 Aquisgrani
1355 3656 1408 3709 in
1440 3654 1638 3725 palatio
1668 3654 1817 3725 regio
1860 3654 1917 3709 in
1960 3654 2056 3709 Dei

466 3751 686 3807 nomine
706 3746 960 3803 feliciter.

1114 3827 1398 3887 XXXVIII.

633 3944 733 3984 Ριιο
758 3940 1098 3984 ΙΟΝΔΒΤΕΚΙΟ
1119 3939 1307 3979 ΒΑΝΟΤΙ
1342 3938 1561 3979 ZENONIS
1588 3938 1902 3979 VERONENSI.

1083 4017 1257 4088 (Anno
1284 4016 1435 4089 815.)

615 4112 874 4185 [UghellL
908 4110 1073 4165 Italia
1118 4126 1297 4175 sacra,
1338 4118 1472 4163 tom.
1505 4110 1569 4175 V,
1601 4124 1720 4179 pag.
1767 4106 1916 4181 705.]

537 4206 598 4261 ln
626 4206 847 4261 nomine
876 4204 1088 4258 Domini
1113 4203 1208 4257 Dei
1231 4202 1441 4265 aeterni,
1474 4212 1529 4255 et
1559 4201 1854 4257 Salvatoris
1889 4201 2059 4257 nostri

469 4294 596 4354 Jcsu
627 4296 852 4360 Christi,
876 4294 1203 4359 Ludovicus,
1228 4293 1410 4347 divina
1449 4294 1732 4349 ordinante
1775 4294 2064 4363 providen-

473 4387 569 4453 tia,
602 4388 900 4457 imperator
925 4385 1221 4454 Augustus.

543 4478 883 4550 lmperialem
912 4476 1174 4532 condecet
1209 4476 1669 4545 praedecessorum
1715 4487 1937 4529 suorum
1978 4473 2067 4542 pie

474 4566 619 4623 facta
642 4583 749 4623 non
779 4566 951 4621 solum
980 4566 1362 4622 inviolabiliter
1384 4580 1732 4631 conservare,
1772 4565 1866 4619 sed
1896 4564 2061 4618 etiam

475 4674 721 4716 censura:
753 4676 865 4714 sua:
894 4644 1218 4713 auctoritate
1246 4658 1503 4713 alacriter
1527 4657 1872 4712 conﬁrmare.
1897 4655 2065 4710 Idcird-

476 4767 540 4805 co
566 4751 863 4820 comperiat
890 4750 1133 4804 omnium
1164 4749 1401 4804 fidelium
1426 4756 1738 4803 nostrorum
1769 4746 2061 4810 industria,

476 4844 822 4912 praesentium
852 4842 1082 4907 scilicet,
1126 4850 1287 4911 atque
1331 4840 1660 4904 futurorum,
1703 4839 1846 4909 quod
1874 4838 2065 4893 Rotal-

477 4934 579 4988 dus
609 4933 936 4987 venerabilis
963 4940 1164 4987 sancta:
1204 4931 1450 4987 ecclesiae
1478 4930 1810 4986 Veronensis
1858 4929 2069 4999 episco-

479 5036 579 5095 pus
601 5040 705 5078 una
726 5039 850 5077 cum
870 5023 1224 5079 Austerberto
1248 5022 1442 5077 abbate
1464 5020 1779 5077 monasterii
1808 5019 1866 5075 S.
1899 5020 2071 5073 Zeno-

481 5114 565 5168 nis
600 5113 794 5167 detulit
843 5114 996 5168 nobis
1028 5114 1167 5167 inter
1207 5120 1433 5167 crateras
1467 5112 1821 5167 auctoritates
1864 5108 2068 5164 domini

482 5214 535 5261 ct
573 5204 835 5275 genitoris
863 5203 1037 5259 nostri
1073 5202 1250 5258 Caroli
1277 5204 1505 5273 piissimi
1538 5204 1676 5271 Aug.
1740 5202 1825 5255 vel
1865 5200 2071 5271 praede-

482 5310 762 5351 cessorum
808 5302 1114 5348 nostrorum
1160 5308 1377 5362 regum,
1420 5294 1689 5363 quoddam
1737 5298 2067 5362 praeceptum

484 5390 551 5444 de
584 5388 827 5459 genitore
873 5394 1058 5440 nostro
1102 5383 1503 5448 conﬁrmatum,
1552 5383 1606 5437 in
1645 5396 1752 5451 quo
1788 5388 2069 5434 exaratum

486 5479 791 5549 reperimus
828 5476 1061 5547 qualiter
1112 5473 1496 5529 dilectissimus
1550 5485 1837 5542 germanus
1884 5476 2072 5523 noster

1115 5600 1401 5657 perperam
1422 5582 1635 5657 additus
1666 5590 1749 5635 est
1782 5595 1956 5657 annus
1988 5580 2070 5633 in-

1248 5655 1506 5708 udovicus
1535 5653 1637 5705 hoc
1673 5666 1815 5705 anno
1850 5650 2070 5702 die‘un-

558 5604 583 5631 ι
622 5592 827 5644 Praeter
849 5604 1003 5643 usum
1034 5596 1086 5641 et

486 5660 818 5716 carnationis
852 5659 976 5714 816.
1019 5658 1153 5710 Nam

489 5732 699 5787 decimo
739 5729 1057 5784 Novembris
1096 5725 1419 5795 Aquisgrani
1464 5722 1651 5795 adesse
1698 5736 1801 5773 non
1852 5719 2063 5795 potuit:

489 5811 751 5874 praetcrea
794 5800 1019 5854 indictio
1047 5788 1428 5853 non'suo'loco
1460 5793 1707 5861 ponitur;
1750 5788 1877 5858 poni
1908 5788 2069 5844 debes

2091 4524 2143 4583 D

2157 1933 2394 1999 tualiter,
2450 1946 2514 1987 ac
2540 1945 2879 2001 permanere.
2904 1929 2983 1983 lta
3017 1929 3279 1982 duntaxat
3305 1936 3366 1981 ut
3405 1944 3749 1999 quascunque

2156 2038 2245 2079 res
2284 2025 2339 2078 in
2379 2022 2638 2078 comitatu
2676 2020 2975 2076 Veronensi
3016 2034 3112 2089 per
3150 2019 3361 2089 singula
3400 2019 3541 2083 loca,
3584 2020 3635 2073 id
3663 2029 3750 2075 est

2157 2114 2210 2168 in
2241 2113 2430 2184 primis
2457 2109 2901 2166 monasteriolum
2930 2110 2984 2162 in
3007 2109 3212 2163 honore
3244 2106 3302 2162 8.
3330 2107 3479 2162 Petri
3502 2117 3750 2162 constru.

2157 2212 2339 2268 ctum,
2387 2202 2532 2271 quod
2579 2207 2925 2268 nuncupatur
2978 2197 3277 2251 Mauratica
3316 2213 3440 2252 cum
3491 2198 3745 2252 omnibus

2157 2290 2484 2363 appenditiis
2526 2276 2663 2355 suis,
2713 2298 2767 2344 et
2814 2288 3041 2343 decimis
3074 2306 3085 2341 :
3115 2286 3365 2341 similiter
3396 2289 3448 2341 in
3476 2289 3587 2342 alio
3626 2288 3745 2342 loco

2156 2384 2377 2455 quidem
2424 2380 2629 2438 Ostelia
2674 2383 2729 2433 in
2762 2378 2878 2447 iam
2929 2378 3074 2433 dicto
3116 2376 3389 2431 comitatu"
3422 2378 3740 2439 Veronensi,

2155 2489 2253 2530 seu
2281 2472 2509 2529 ecclesia
2546 2470 2605 2526 8.
2636 2469 2913 2525 Laurentii
2949 2485 3073 2524 cum
3119 2469 3375 2523 omnibus
3399 2471 3744 2538 pcrtinentiis

2155 2567 2268 2622 suis
2303 2575 2361 2621 et
2400 2564 2646 2621 decimis.
2688 2563 2748 2617 In
2792 2563 2956 2617 tertio
2997 2562 3117 2616 loco
3145 2561 3199 2614 in
3245 2560 3437 2615 eodem
3485 2560 3741 2614 comitatu

2157 2656 2457 2715 Veronensi
2504 2652 2790 2710 ecclesiam
2834 2653 3086 2709 videlicet
3133 2654 3186 2706 in
3221 2655 3429 2709 honore
3471 2652 3572 2708 SS.
3605 2670 3745 2707 mar-

2157 2759 2339 2821 tyrum
2390 2744 2563 2801 Firmi
2610 2751 2668 2798 et
2703 2742 2912 2798 Rustici
2944 2749 3311 2797 constructam
3344 2760 3469 2799 cum
3495 2746 3744 2797 omnibus

2154 2836 2500 2911 pertinentiis
2540 2836 2678 2899 suis,
2726 2842 2889 2903 atque
2944 2835 3192 2898 decimis,
3236 2850 3330 2889 seu
3384 2844 3441 2889 et
3490 2836 3742 2888 horreum

2156 2929 2299 2985 infra
2333 2928 2607 2983 civitatem
2646 2926 2919 2981 Veronam
2944 2940 3067 2979 cum
3091 2925 3233 2980 areis
3263 2925 3378 2980 suis
3407 2926 3463 2979 in
3488 2925 3740 2989 circuitu,

2156 3019 2381 3089 aliaeque
2410 3032 2500 3073 res
2551 3024 2665 3072 tum
2701 3016 2756 3070 in
2780 3016 3001 3070 civitate
3028 3016 3263 3081 Verona,
3310 3031 3477 3085 quam
3508 3024 3660 3070 extra
3691 3017 3743 3068 in

2155 3110 2381 3183 singulis
2410 3109 2544 3165 locis
2579 3110 2647 3163 ab
2694 3092 2952 3162 Anselmo
2984 3107 3182 3161 comite
3222 3107 3497 3175 quondam
3526 3108 3746 3176 prcefato

2163 3201 2411 3258 ctenobio
2441 3199 2699 3270 delegata
2746 3205 2892 3262 sunt,
2940 3212 3035 3252 seu
3069 3204 3125 3252 et
3163 3212 3252 3251 res
3295 3198 3349 3252 in
3383 3196 3600 3260 Runco,
3633 3213 3746 3266 qua

2162 3296 2359 3352 oblatze
2380 3302 2506 3349 sunt
2534 3294 2603 3349 ab
2626 3291 2885 3362 Oniperto
2913 3292 3323 3363 presbytero....
3356 3308 3520 3361 quam
3549 3293 3604 3347 in
3630 3293 3745 3346 aliis

2164 3386 2298 3441 locis
2322 3386 2606 3449 montium,
2633 3384 2748 3438 sive
2771 3380 3141 3452 planitierum,
3166 3382 3366 3437 habere
3388 3398 3451 3437 ac
3474 3383 3746 3452 possidere

2164 3476 2520 3547 dignoscitur.
2555 3473 2622 3529 Et
2650 3471 2704 3528 in
2745 3473 3006 3527 comitatu
3032 3470 3320 3527 Vicentino
3372 3473 3573 3528 montis
3612 3472 3747 3527 scilio

2164 3575 2252 3621 cet
2292 3566 2537 3621 Torcello
2580 3578 2720 3636 pago
2751 3563 3123 3629 Venetiarum,
3186 3580 3281 3618 seu
3311 3572 3365 3619 et
3395 3564 3449 3617 in
3492 3549 3745 3619 comitatu

2166 3654 2505 3722 Tervisiano,
2556 3671 2621 3711 ac
2656 3655 2999 3720 Tridentino,
3050 3655 3351 3719 Brisciano,
3405 3654 3745 3724 Bergomate,

2166 3750 2477 3813 Mantuano,
2502 3747 2838 3813 Placentino,
2862 3746 3236 3809 etParmensi,
3260 3745 3611 3808 Bononiensi,
3634 3745 3749 3799 Clu‘

2165 3844 2381 3909 macho,
2411 3856 2621 3898 necnon
2638 3848 2692 3895 et
2722 3841 2776 3894 in
2796 3839 3047 3894 omnibus
3082 3838 3216 3892 locis
3255 3837 3491 3899 Tuscize,
3528 3837 3613 3891 vel
3660 3836 3747 3891 ubi

2168 3933 2369 4004 aliquid
2392 3932 2459 3986 ad
2482 3932 2623 3985 idem
2643 3929 2919 3999 pertinere
2941 3925 3309 3995 supradictum
3336 3926 3746 3991 monasterium,

2168 4025 2252 4079 vel
2292 4022 2618 4093 pertinuisse
2665 4020 2946 4091 probatur.
2996 4016 3104 4073 Sed
3148 4032 3249 4088 pro
3276 4016 3555 4071 ﬁrmitatis
3583 4016 3746 4086 gratia

2166 4115 2324 4187 petiit
2362 4114 2638 4169 serenitati
2676 4120 2895 4173 nostrae,
2944 4118 3006 4165 ut
3048 4118 3270 4181 paterna
3307 4110 3635 4164 auctoritate
3667 4124 3750 4162 no—

2169 4206 2297 4260 stris
2324 4205 2498 4259 denuo
2536 4202 2639 4273 piis
2681 4199 2917 4255 oraculis
2965 4200 3430 4255 conﬁrmaremus.
3482 4199 3590 4253 Sed
3628 4197 3744 4266 quia

2168 4311 2267 4369 pro
2290 4294 2526 4365 peccatis
2559 4291 2763 4347 nostris
2785 4288 2901 4359 iam
2925 4288 3128 4343 dictum
3156 4288 3551 4342 monasterium
3580 4285 3638 4340 S.
3664 4284 3755 4339 Ze~

2171 4387 2329 4441 nonis
2375 4391 2624 4439 exustum
2676 4382 2854 4435 denuo
2899 4388 3062 4447 atque
3100 4377 3334 4433 deletum
3363 4384 3451 4431 est
3486 4391 3612 4431 cum
3638 4374 3745 4429 aliis

2172 4474 2501 4538 hominibus,
2538 4480 2599 4527 ut
2635 4472 2884 4526 monachi
2928 4468 3124 4525 ibidem
3165 4467 3386 4522 minime
3425 4466 3742 4521 habitarent.

2169 4562 2332 4633 Cuius
2353 4562 2600 4635 petitioni
2616 4559 2729 4629 iam
2771 4559 2899 4614 dicti
2926 4558 3172 4628 praesulis
3194 4557 3463 4625 denegare
3488 4556 3744 4615 nolumus.

2171 4657 2267 4711 sed
2295 4656 2367 4709 ita
2404 4669 2435 4707 a
2463 4652 2640 4717 nobis,
2666 4651 2809 4704 sicut
2840 4663 2869 4701 a
2900 4646 3146 4717 genitore
3184 4652 3374 4698 nostro
3406 4642 3611 4697 factum
3640 4656 3746 4697 esse

2174 4748 2478 4805 declaratur
2510 4762 2522 4797 :
2554 4744 2630 4797 ita
2671 4756 2768 4811 per
2822 4740 2923 4794 hos
2964 4734 3275 4806 imperiales
3316 4735 3501 4803 apices
3552 4742 3749 4787 nostros

2172 4835 2541 4903 concessisse,
2603 4842 2766 4903 atque
2823 4830 3174 4886 conﬁrmasse
3223 4826 3470 4880 Omnium
3526 4824 3745 4878 ﬁdelium

2176 4939 2484 4986 nostrorum
2546 4930 2841 4997 cognoscat
2899 4914 3140 4975 solertia.
3201 4915 3446 4983 Denique
3486 4912 3745 4980 iubemus,

2176 5029 2338 5089 atque
2382 5015 2725 5073 decernimus
2753 5054 2766 5077 ,
2811 5020 2872 5065 ut
2918 5017 3405 5077 quantumcunque
3463 5010 3747 5089 memorata

2175 5080 2401 5167 ecclesia
2430 5108 2487 5162 S.
2519 5105 2751 5161 Zenonis
2780 5116 2876 5173 per
2906 5095 3249 5155 donationem
3276 5096 3544 5153 nostram,
3562 5088 3650 5141 evel
3680 5080 3749 5140 di-

2173 5201 2297 5259 lecti
2325 5199 2566 5274 germani
2594 5196 2786 5259 nostri,
2817 5209 2910 5248 seu
2935 5204 3168 5259 namque
3188 5195 3243 5241 et
3276 5184 3492 5240 Rotaldi
3520 5181 3745 5252 przedicti

2172 5273 2433 5363 episcopi,
2462 5297 2781 5345 cancrorum
2805 5280 3042 5337 ﬁdelium
3066 5277 3381 5339 traditione,
3407 5273 3493 5329 vel
3524 5273 3747 5341 ipsorum

2178 5360 2515 5452 comparatu,
2546 5393 2642 5434 seu
2693 5374 2935 5446 quolibet
2975 5378 3213 5425 attractu
3252 5366 3395 5435 iuste
3440 5372 3496 5417 et
3522 5360 3748 5429 legaliter

2179 5476 2379 5530 habere
2406 5470 2761 5541 dignoscitur,
2796 5473 2890 5519 aut
2910 5465 2963 5518 in
2994 5470 3153 5529 antea
3189 5458 3458 5513 bonorum
3484 5453 3744 5508 hominum

2178 5589 2269 5641 bat
2290 5592 2413 5655 post
2434 5596 2633 5655 annum
2667 5575 2903 5655 imperii.
2941 5572 3186 5655 Deniqryc
3233 5570 3276 5623 si
3310 5580 3506 5655 verum.

2179 5636 2267 5641 '7‘”
2295 5636 2318 5655 Γ
2336 5636 2351 5639 ⁷
2368 5636 2384 5638 ⁷
2402 5636 2407 5637 ⁷
2620 5650 2631 5660 α
2748 5636 2759 5647 ¹
3100 5636 3109 5640 '
3166 5642 3177 5653 .
3336 5638 3367 5648 .ο
3670 5636 3678 5639 -

2179 5657 2430 5725 diploma.
2492 5649 2871 5725 corrigendum
2917 5660 3069 5725 dnuo.
3100 5642 3397 5725 B‘imp'erii,
3427 5636 3741 5725 flatantes

2178 5703 2721 5792 annus-"repetendus
2757 5733 2785 5772 a
2823 5729 3009 5771 mense
3037 5703 3346 5783 Septembri
3378 5707 3502 5761 anni
3528 5703 3645 5761 815.
