3936 6316
141 391 167 445 t
180 383 296 446 029

1291 381 1685 440 DIPLOMATA
1725 377 2275 437 ECCLESIASTICA.

3277 389 3417 447 1030

140 510 408 580 largitate
434 506 687 562 collatum
739 514 898 575 atque
926 503 1228 575 delegatum
1271 503 1465 568 fuerit;
1522 514 1732 557 necnon
1763 499 1815 559 Α
1839 495 2091 567 "Sentius
2127 499 2468 564 observetur,
2521 515 2684 556 manu
2738 500 2959 575 propria
3002 512 3184 561 nostra
3238 508 3422 563 subter

139 599 346 662 etiam,
392 605 442 650 et
490 597 807 661 oblationes,
851 610 970 665 qua:
1006 593 1141 647 ﬁunt
1166 594 1231 648 ad
1261 592 1319 647 S.
1367 593 1640 647 Zenonem
1670 591 1736 645 de

141 689 407 743 omnibus
448 687 855 756 quibuscunque
894 684 1203 749 mobilibus,
1252 682 1335 737 vel
1368 682 1737 737 immobilibus

142 780 361 836 ibidem
384 780 647 845 oblatum,
678 779 762 834 vel
790 777 1042 831 offertum
1072 776 1257 840 fuerit,
1308 776 1560 846 deinceps
1610 790 1735 830 cum

134 872 299 925 omni
326 872 635 941 integritate
659 884 756 939 per
784 869 885 922 hoc
903 874 1233 938 praeceptum
1270 874 1468 920 nostra:
1507 864 1738 920 auctori-

134 963 277 1017 tatis
316 964 430 1032 ipsa
457 972 642 1016 sancta
678 960 1028 1032 congregatio
1063 959 1447 1013 monachorum
1471 957 1737 1012 securiter

139 1061 335 1106 teneat
362 1062 521 1121 atque
549 1052 824 1121 possideat
864 1053 1068 1119 absque
1092 1048 1201 1103 ulla
1242 1048 1613 1118 inquietudine
1637 1047 1736 1101 ali-

136 1144 307 1214 cujus
331 1160 591 1213 personm,
622 1150 849 1210 excepto
880 1142 1021 1196 sicut
1048 1141 1102 1194 in
1134 1138 1302 1211 priori
1341 1147 1613 1209 prmcepto
1641 1153 1738 1193 no-

136 1235 247 1289 stri
288 1234 553 1305 genitoris
598 1224 883 1295 habuerat,
935 1241 995 1284 ut
1036 1245 1137 1301 pro
1181 1231 1389 1284 honore
1440 1228 1735 1283 succeden-

138 1323 281 1376 tium
310 1320 620 1393 pontiﬁcum
654 1322 1048 1385 inslituere,.ut
1074 1321 1127 1373 in
1156 1318 1447 1374 festivitate
1477 1319 1645 1388 ipsius
1675 1317 1731 1373 S.

135 1410 386 1466 Zenonis
415 1410 572 1464 annis
614 1410 865 1478 singulis,
921 1416 1016 1462 aut
1071 1408 1351 1462 manculos
1383 1407 1593 1478 viginti,
1642 1414 1739 1460 aut

135 1500 541 1568 quinquaginta
564 1499 766 1553 solidos
786 1499 994 1568 argenti
1018 1498 1266 1566 accipere
1283 1497 1477 1551 debeat
1494 1496 1735 1566 pontifex

138 1589 322 1659 ipsius
362 1590 599 1663 civitatis
625 1605 745 1643 cum
776 1589 889 1643 suis
929 1588 1143 1643 clericis
1171 1588 1239 1641 ab
1278 1588 1409 1656 ipsis
1454 1585 1736 1641 monachis

136 1678 350 1733 ibidem
392 1678 842 1742 deservientihus,
893 1686 947 1731 et
980 1677 1113 1731 nihil
1149 1676 1381 1746 amplius
1430 1677 1497 1731 ab
1541 1675 1623 1730 eis
1665 1676 1735 1730 ab

136 1768 331 1837 aliquo
366 1770 721 1837 exquiratur;
773 1768 1039 1838 liceatque
1086 1769 1217 1838 ipsis
1246 1768 1532 1824 monachis
1578 1785 1729 1825 sem-

136 1836 340 1927 periex
370 1836 587 1930 propria
634 1836 1053 1930 congregatione
1083 1836 1334 1914 abbatem
1364 1861 1465 1914 sibi
1497 1860 1732 1932 eligere;
1764 1836 1811 1895 Β

136 1952 187 2007 si
235 1965 371 2005 vero
414 1950 701 2021 contigerit
745 1958 805 2004 ut
844 1950 1006 2003 talem
1051 1950 1194 2004 inter
1230 1965 1288 2005 se
1335 1950 1579 2005 invenire
1626 1967 1726 2006 ne-

135 2050 372 2113 queant,
413 2050 541 2095 tunc
568 2056 675 2095 una
712 2056 833 2095 cum
861 2055 1125 2095 consensu
1160 2041 1397 2110 episc0pi
1422 2041 1568 2096 illius
1596 2042 1733 2097 civi-

137 2132 274 2186 tatis
314 2145 555 2200 quzerere
586 2131 687 2184 sibi
729 2132 980 2185 abbatem
1007 2130 1148 2184 infra
1183 2131 1463 2187 dioecesim
1486 2132 1734 2186 eamdem

136 2222 423 2279 licentiam
442 2222 694 2277 habeant.
730 2221 843 2276 Hoc
871 2235 999 2277 vero
1049 2231 1106 2276 et
1131 2236 1232 2275 nos
1268 2222 1337 2277 ob
1361 2230 1624 2297 teternam
1648 2237 1737 2278 re-

136 2315 578 2369 munerationem
615 2313 886 2376 addimus,
918 2319 978 2364 ut
1016 2312 1305 2382 episcopus
1331 2311 1503 2381 ipsius
1543 2312 1736 2367 civita-

138 2405 217 2460 tis
255 2404 459 2459 nullam
494 2418 729 2472 unquam
766 2410 1093 2471 potestatem
1140 2402 1339 2455 habeat
1366 2402 1573 2471 aliquid
1607 2403 1736 2457 inde

136 2484 484 2559 abstrahere,
532 2494 618 2546 vel
649 2506 933 2560 usurpare,
985 2490 1068 2545 vel
1107 2490 1266 2544 alicui
1307 2491 1363 2545 in
1407 2491 1734 2546 beneficium

135 2583 303 2648 dare,
360 2583 455 2637 sed
499 2582 660 2635 liceat
710 2580 885 2635 eidem
924 2580 1352 2649 congregationi,
1403 2580 1505 2634 sub
1549 2589 1735 2634 nostra

139 2672 380 2726 tuitione
412 2672 596 2741 quiete
624 2679 679 2725 et
700 2670 963 2725 securiter
990 2668 1195 2733 vivere,
1231 2677 1287 2723 et
1307 2668 1404 2723 Dei
1426 2669 1737 2723 misericor-

136 2762 292 2816 diam
313 2761 515 2832 jugiter
544 2775 641 2829 pro
687 2760 844 2814 nobis
880 2758 1259 2828 peccatoribus
1300 2774 1550 2814 exorare.
1582 2761 1736 2815 Insu-

137 2867 245 2923 per
280 2854 443 2907 etiam
483 2852 686 2921 placuit
714 2858 911 2903 nostra:
933 2848 1217 2903 serenitati
1248 2848 1314 2902 de
1353 2848 1569 2904 famulis
1595 2849 1737 2918 ejus-

139 2943 269 2999 dem
312 2941 628 2996 monasterii
668 2939 1011 2994 definitiones
1056 2937 1254 3003 facere,
1302 2938 1553 2994 videlicet
1583 2939 1737 2994 femi-

128 3034 232 3088 nis
270 3033 476 3097 liberis,
523 3046 658 3101 quas
695 3030 811 3083 ltali
853 3029 1202 3101 herimannas
1254 3038 1475 3094 vocant,
1525 3044 1646 3098 quas
1676 3044 1735 3084 se

140 3126 367 3181 famulis
396 3126 565 3196 ipsius
591 3125 836 3181 ecclesiae
879 3132 933 3179 et
974 3123 1291 3178 monasterii
1336 3122 1731 3193 c0pulaverint,

134 3216 263 3272 sive
301 3216 464 3270 etiam
486 3224 543 3270 et
580 3214 810 3269 aliarum
839 3213 1228 3277 Ecclesiarum,
1263 3210 1516 3267 videlicet
1536 3214 1603 3268 de
1625 3229 1737 3267 ma-

132 3303 353 3374 joribus
389 3304 579 3368 titulis,
623 3311 714 3357 aut
741 3304 807 3357 de
847 3301 1290 3356 matricularibus
1331 3302 1602 3367 ecclesiis,
1651 3303 1737 3357 vel

140 3395 492 3460 dicecesibus,
534 3409 630 3448 seu
676 3393 1044 3457 monasteriis,
1080 3393 1165 3448 vel
1201 3393 1614 3463 quibuscunque
1641 3408 1734 3449 ec-

140 3486 335 3543 clesiis
374 3487 674 3556 junxerint,
724 3501 784 3544 se
834 3501 956 3541 cum
982 3485 1256 3556 praedictis
1304 3484 1524 3541 famulis
1550 3502 1739 3544 secum

141 3581 277 3635 dum
325 3578 786 3649 prmdecessorum
814 3584 1017 3631 statuta
1067 3576 1481 3646 imperatorum,
1521 3584 1579 3632 et
1630 3592 1731 3647 per

140 3669 312 3739 hujus
339 3669 509 3723 nostri
538 3667 792 3738 praecepti
819 3666 1221 3729 auctoritatem,
1270 3665 1388 3720 sine
1433 3666 1581 3721 omni
1608 3681 1738 3721 oon-

143 3759 474 3814 tradictione
518 3758 799 3812 hominum
850 3755 1220 3825 supradictum
1268 3764 1516 3811 sanctum
1557 3755 1734 3811 locum

143 3848 534 3906 inviolabiliter
561 3847 854 3919 possideat.
892 3846 950 3901 Si
971 3846 1094 3915 quis
1124 3860 1277 3911 vero,
1322 3846 1466 3916 quod
1492 3845 1734 3909 futurum

143 3954 258 3994 non
290 3938 579 4004 credimus,
604 3936 1064 4005 archiepiscopus,
1088 3935 1394 4004 episcopus,
1429 3936 1559 4002 dux,
1589 3952 1735 3991 mar-

141 4030 295 4090 chio,
325 4042 532 4093 comes,
561 4027 882 4089 vicecomes,
908 4040 1001 4079 seu
1018 4024 1216 4094 publici
1244 4024 1732 4091 administratores,

145 4130 247 4177 aut
264 4121 470 4191 privata
496 4133 728 4189 persona
764 4126 952 4171 contra
994 4116 1175 4169 omnia
1215 4130 1379 4185 supra
1420 4116 1623 4187 scripta
1653 4116 1733 4171 in»

145 4225 397 4281 surgere,
428 4216 520 4263 aut
566 4209 619 4262 in
664 4208 845 4277 aliquo
890 4207 1095 4261 violare
1141 4207 1434 4261 tentaverit
1483 4206 1625 4261 infra
1653 4207 1735 4261 di-

147 4304 355 4358 tionem
406 4301 555 4375 regni
582 4300 753 4354 nostri
791 4299 1115 4361 consistens,
1164 4297 1299 4351 sciat
1344 4312 1403 4350 se
1441 4296 1533 4349 lib.
1572 4295 1733 4364 quin-

146 4395 411 4467 quaginta
457 4396 571 4449 auri
611 4393 975 4463 probatissimi
1014 4391 1438 4461 compositurum
1478 4393 1733 4447 medieta-

148 4486 471 4570 tem‘eidem
516 4483 777 4547 ecclesiae,
825 4489 880 4536 et
904 4482 1250 4537 medietatem
1279 4481 1484 4551 palatio
1516 4491 1725 4538 nostro.
1754 4518 1809 4579 Β

148 4576 224 4632 Et
260 4558 318 4630 ut
357 4576 473 4629 haec
499 4574 795 4629 auctoritas
836 4580 1039 4627 nostrae
1068 4574 1436 4628 concessionis
1461 4582 1517 4628 et
1539 4574 1733 4629 conﬁr-

148 4666 409 4723 mationis
444 4665 646 4721 certius
670 4664 944 4730 credatur,
973 4671 1031 4720 et
1047 4679 1158 4736 per
1184 4663 1364 4719 futura
1389 4673 1629 4736 tempora
1650 4668 1730 4723 di-

224 4810 248 4838 ·
288 4796 404 4850 Hoc
430 4803 755 4865 praeceptum
778 4809 845 4848 ex
869 4794 1105 4866 archivis
1134 4793 1376 4865 ecclesiae
1405 4794 1725 4866 Alesiensis,

150 4868 237 4923 cui
267 4866 671 4921 Psalmodiense
692 4865 1073 4919 monasterium
1096 4865 1305 4919 unitum
1332 4874 1436 4927 est,
1457 4868 1599 4920 eruit
1619 4865 1731 4923 cla-

150 4938 404 4994 rissimus
444 4936 611 4990 abbas
647 4934 705 4987 S.
738 4933 1032 4998 Maximini,
1065 4936 1383 5003 praepositus
1411 4946 1467 4991 et
1496 4937 1730 4995 vicarius

152 5004 685 5079 generalisﬂcapituli
727 5003 1035 5079 Alesiensis.
1105 5003 1453 5079 A_liud_c_erte
1505 5019 1733 5079 apqgra-

152 5022 425 5079 generatis
468 5022 685 5074 capitun
727 5022 1035 5059 mesrcnsns.
1105 5022 1263 5059 anno
1307 5022 1453 5061 certe
1505 5022 1731 5129 apogra-

151 5074 485 5148 phum_vidit
520 5076 573 5128 in
607 5073 871 5128 tabulario
904 5073 1288 5148 Psalmodiensi
1317 5075 1546 5148 domnus
1574 5075 1614 5148 C
1637 5094 1731 5132 au-

153 5143 275 5203 ilius
300 5144 598 5218 Estiennot,
637 5153 784 5218 tanta
819 5152 903 5198 est
936 5143 1221 5199 diversitas
1256 5145 1308 5199 in
1342 5146 1529 5200 eodem
1563 5147 1731 5218 diplo-

154 5226 301 5278 uzate
329 5216 473 5283 quod
495 5214 798 5282 exscripsit.

230 5286 256 5325 δ
294 5282 436 5338 Huic
470 5284 829 5338 Theodemiro
866 5282 1118 5354 Claudius
1150 5282 1501 5340 Taurinensis
1529 5286 1735 5354 episco-

154 5368 425 5426 pusanno
455 5353 557 5426 8l5
588 5362 698 5426 t_res
730 5354 898 5426 libros
923 5354 975 5407 in
1004 5353 1287 5426 Genesim;
1318 5370 1457 5408 anno
1487 5353 1611 5419 82L
1643 5371 1736 5409 ex-

228 5425 479 5479 sitiouem
506 5422 560 5476 in
596 5423 869 5488 Exodum;
902 5439 1043 5478 anno
1069 5425 1195 5488 825,
1227 5424 1653 5479 Commentarios
1680 5426 1733 5480 in

186 5494 457 5574 .eviticum
493 5492 823 5574 dicavit,nut
862 5500 1005 5574 patet
1041 5508 1107 5574 ea
1145 5493 1455 5574 praefatione
1494 5494 1734 5574 ejusdem

157 5562 398 5620 auctoris
417 5562 694 5632 praemissa
718 5561 1131 5617 Commentariis
1146 5561 1198 5616 in
1216 5561 1535 5617 Leviticum.
1558 5565 1733 5618 Theo-

158 5634 401 5687 demirus
436 5640 619 5700 postea
650 5632 913 5713 prolivam
944 5642 1130 5713 contra
1170 5633 1459 5686 Taurinum
1493 5634 1584 5713 qui
1620 5634 1733 5713 cul-

162 5714 273 5757 tum
323 5717 602 5755 sacrarum
652 5702 941 5771 imaginum
984 5702 1408 5772 impugnaverat,
1451 5704 1733 5772 episto'am

160 5774 399 5848 scripsit,
438 5786 626 5841 magna
658 5786 721 5826 ex
753 5780 903 5841 parte
928 5771 1151 5827 relatam
1172 5772 1225 5825 in
1247 5771 1381 5827 libro
1407 5773 1561 5827 tertio
1587 5771 1733 5827 Jonae

1838 585 2294 655 conﬁrmavimus,
2318 598 2375 646 et
2394 590 2577 644 annuli
2592 595 2764 649 nostri
2789 595 3145 665 impressione
3159 598 3421 669 jussimus

1837 675 2081 746 sigillari.

1906 764 2134 837 Signum
2171 768 2315 823 dom.
2344 768 2600 827 Ludovici
2624 774 2877 829 sereniss.
2906 776 3270 846 imperatoris.

1906 856 2041 911 Data
2094 872 2191 911 xm
2237 857 2355 912 Kal.
2410 860 2687 927 Decemb.,
2720 878 2883 929 anno,
2912 865 3126 923 Christo
3156 869 3411 938 propitio,

1838 944 2050 1015 imperii
2102 947 2305 1001 domini
2344 948 2601 1005 Ludovici
2648 953 2879 1023 piissimi
2912 954 3115 1027 Aug....
3148 954 3334 1015 indict.
3360 960 3397 1018 8

1834 1035 2034 1091 Actum
2074 1034 2408 1108 Aquisgrani
2438 1039 2637 1109 palatio
2667 1044 2811 1113 regis
2853 1042 3101 1101 feliciter.
3147 1048 3342 1104 Amen.

2507 1150 2753 1206 XXXIX.

1935 1278 1965 1373 ’
2140 1255 2167 1286 ⁸
2206 1260 2309 1301 Ριιο
2344 1260 2683 1303 ηοκλετειιιο
2721 1264 3123 1306 ΡεΑικουιεΝει.

2444 1335 2615 1373 [Δςηιη
2653 1337 2755 1373 ΩΙΚ
2784 1337 2803 1373 \

2444 1335 2615 1409 (Anno
2653 1337 2803 1409 815.)

1908 1419 2089 1495 [Apud
2114 1423 2179 1479 D.
2210 1424 2471 1497 Bouquet.
2502 1426 2657 1497 ἱὺὶά,2
2692 1443 2813 1497 pag.
2845 1429 2971 1495 484,
3006 1445 3074 1485 ex
3111 1434 3351 1488 archivis

2321 1496 2563 1550 ecclesiae
2599 1496 2940 1571 Alesiehsis.)

1907 1582 1964 1636 In
2007 1583 2227 1639 nomine
2262 1584 2477 1639 Domini
2518 1585 2613 1639 Dei
2654 1594 2710 1640 et
2753 1584 3050 1645 Salvatoris
3089 1599 3256 1646 nostri
3296 1590 3423 1647 Iesu

1835 1672 2064 1738 Christi,
2082 1672 2405 1739 Ludovicus,
2424 1675 2602 1730 divina
2631 1676 2919 1732 ordinante
2948 1678 3307 1749 providentia,
3324 1684 3397 1737 im

1840 1771 2064 1833 perator
2094 1762 2387 1835 Augustus.

1916 1852 1973 1909 Si
2012 1870 2141 1925 erga
2184 1855 2301 1909 loca
2338 1855 2533 1910 divinis
2580 1855 2815 1912 cultibus
2861 1859 3165 1928 mancipata
3205 1843 3428 1931 propter

1840 1960 2080 2000 amorem
2126 1946 2220 2001 Dei
2246 1946 2467 2016 ejusque
2489 1948 2544 2001 in
2563 1947 2763 2003 eisdem
2790 1948 2924 2003 locis
2947 1949 3050 2004 sibi
3073 1948 3417 2018 famulantes,

1836 2022 2099 2091 beneficia
2131 2044 2433 2105 opportuna
2471 2037 2748 2107 largimur,
2783 2039 3061 2108 praemium
3094 2041 3249 2096 nobis
3277 2044 3420 2112 apud

1837 2124 2124 2180 Dominum
2152 2134 2370 2181 aeterna}
2398 2128 2853 2182 remunerationis
2880 2130 3101 2197 rependi
3140 2146 3248 2185 non
3286 2130 3425 2185 diﬁi—

1839 2216 2035 2277 dimus.
2078 2216 2302 2272 Noverit
2348 2217 2555 2272 interea
2599 2218 2865 2289 sagacitas
2912 2234 3008 2274 seu
3058 2221 3263 2277 utilitas
3309 2238 3424 2277 om-

1838 2306 1986 2360 nium
2036 2306 2277 2361 ﬁdelium
2318 2314 2649 2373 nostrorum,
2698 2314 2806 2361 tam
2854 2310 3204 2378 prmsentium
3256 2328 3422 2381 quam

1838 2397 2164 2465 futurorum,
2209 2400 2335 2469 quia
2368 2400 2452 2453 vir
2486 2400 2812 2456 venerabilis
2841 2402 2868 2441 δ
2901 2402 3294 2458 Theodemirus
3332 2406 3424 2459 ab-

1835 2488 1936 2543 bas
1960 2503 2027 2543 ex
2064 2490 2396 2543 monasterio
2430 2491 2573 2559 quod
2610 2500 2695 2544 est
2729 2491 2892 2545 situm
2928 2491 2983 2544 in
3024 2507 3163 2563 pago
3192 2491 3422 2547 Nemau-

1836 2578 2003 2642 sensi,
2040 2579 2093 2633 in
2134 2579 2305 2633 insula
2343 2594 2462 2648 quae
2501 2589 2840 2650 nuncupatur
2869 2580 3258 2649 Psalmodium,
3297 2601 3423 2640 con-

1836 2679 2102 2726 structum
2140 2673 2193 2725 in
2230 2674 2488 2727 honorem
2528 2681 2728 2727 sanctis
2774 2675 2870 2728 Dei
2918 2676 3197 2746 genitricis
3241 2678 3424 2735 Mariae

1838 2776 2159 2831 semperque
2186 2762 2432 2831 virginis,
2460 2770 2514 2816 et
2540 2762 2717 2817 sancti
2746 2762 2891 2818 Petri
2928 2765 3185 2835 principis
3208 2778 3425 2837 aposto-

1836 2848 2034 2913 lorum,
2082 2849 2166 2903 vel
2206 2849 2437 2903 aliorum
2477 2859 2809 2917 sanctorum,
2856 2854 3045 2909 adiens
3077 2858 3424 2914 serenitatem

1836 2939 2088 2994 culminis
2118 2941 2286 2994 nostri
2323 2941 2646 3010 deprecatus
2674 2951 2758 2997 est
2791 2951 2851 2997 ut
2884 2947 3204 3014 prmdictum
3237 2965 3426 3004 mona-

1837 3029 2062 3082 sterium
2094 3043 2217 3083 cum
2244 3030 2495 3084 omnibus
2529 3031 2693 3087 rebus
2721 3033 2982 3088 moderno
3011 3043 3254 3106 tempore
3274 3037 3426 3108 juste

1839 3118 1941 3172 sibi
1983 3118 2391 3188 aspicientibus,
2432 3118 2501 3174 ob
2534 3135 2773 3177 amorem
2817 3122 2910 3177 Dei
2952 3129 3427 3197 tranquillitatem-

1839 3222 1943 3276 que
1966 3205 2196 3262 fratrum
2227 3208 2424 3263 ibidem
2451 3211 2885 3280 consistentium,
2914 3216 3015 3269 sub
3038 3229 3224 3273 nostra
3253 3224 3423 3277 susci-

1836 3311 2089 3367 peremus
2128 3297 2445 3353 defensione
2488 3308 2543 3352 et
2578 3301 2679 3355 sub
2714 3301 3024 3369 plenissima
3056 3306 3417 3365 immanitatis

1838 3391 2065 3446 tuitione
2131 3392 2609 3448 constitueremus.
2672 3392 2839 3463 Cujus
2892 3397 3138 3466 petitioni
3166 3398 3426 3457 'libenter

1837 3496 2162 3537 consensum
2206 3482 2565 3552 praebuimus;
2606 3493 2662 3539 et
2698 3485 2804 3540 hoc
2846 3497 3047 3542 nostrae
3086 3493 3425 3550 auctoritatis

1835 3580 2165 3644 praeceptum
2193 3587 2319 3643 erga
2350 3573 2525 3642 ipsum
2558 3576 2944 3631 monasterium
2984 3579 3339 3638 immunitatis
3362 3600 3426 3639 ac

1837 3665 2084 3720 tuitionis
2116 3666 2309 3735 gratia,
2343 3682 2442 3735 pro
2476 3666 2644 3721 divini
2686 3667 2862 3723 cultus
2900 3684 3088 3726 amore
3131 3682 3187 3726 et
3230 3676 3427 3731 animae

1836 3763 2034 3809 nostra:
2064 3755 2320 3819 remedio,
2363 3753 2480 3809 ﬁeri
2517 3754 2875 3823 decrevimus,
2912 3774 3011 3829 per
3051 3762 3194 3830 quod
3232 3766 3424 3833 praci-

1834 3845 2013 3914 pimus
2039 3852 2201 3914 atque
2229 3842 2485 3911 jubemus
2512 3854 2571 3899 ut
2602 3846 2779 3903 nullus
2813 3847 2980 3917 iudex
3024 3856 3295 3924 publicus,
3334 3859 3418 3914 vel

1835 3935 2091 4005 quislibet
2113 3949 2181 3989 ex
2204 3933 2494 4003 judiciaria
2520 3943 2791 4005 potestate
2826 3940 2880 3995 in
2906 3942 3185 4011 ecclesias,
3219 3956 3313 4001 aut
3341 3947 3421 4002 lo—

1835 4042 1923 4093 ca,
1961 4035 2055 4081 aut
2090 4042 2272 4099 agros,
2295 4042 2406 4113 .seu
2442 4028 2678 4099 reliquas
2707 4036 3095 4103 possessiones,
3134 4056 3269 4109 quas
3302 4058 3420 4096 mo-

1836 4118 2003 4174 derno
2054 4127 2296 4188 tempore
2340 4120 2395 4174 in
2432 4122 2763 4189 quibuslibet
2799 4127 2951 4194 pagis
2998 4128 3081 4183 vel
3131 4132 3422 4190 territoriis

1834 4209 1975 4297 infra
2001 4209 2256 4265 ditionem
2284 4211 2495 4281 imperii
2522 4216 2694 4269 nostri
2716 4214 2860 4284 juste
2888 4228 2943 4274 et
2963 4220 3211 4292 legaliter
3242 4229 3417 4297 possi—

1834 4291 1945 4363 det,
1992 4300 2075 4355 vel
2114 4302 2529 4387 qugdeinceps
2568 4314 2661 4359 aut
2698 4321 2798 4375 per
2836 4291 3285 4372 commutationes
3329 4328 3421 4374 aut

1834 4388 2128 4453 cessiones,
2157 4388 2480 4458 emptiones,
2500 4391 2585 4446 vel
2604 4392 2672 4448 de
2700 4396 2939 4464 quolibet
2957 4400 3105 4468 justo
3133 4415 3417 4465 contractu

1836 4478 1890 4531 in
1919 4476 2045 4546 jure
2079 4476 2239 4546 hujus
2274 4479 2446 4533 sancti
2476 4480 2576 4535 loci
2612 4484 2950 4554 advenerim,
2987 4492 3055 4546 ad
3090 4507 3280 4552 causas
3322 4514 3419 4554 au-

1833 4571 2059 4627 diendas
2083 4569 2169 4625 vel
2196 4568 2344 4626 freda
2381 4579 2474 4626 aut
2511 4573 2710 4631 tributa
2745 4580 3029 4649 exigenda,
3064 4596 3157 4641 aut
3185 4588 3420 4648 mansio-

1833 4678 1931 4720 nes
1958 4661 2043 4717 vel
2071 4669 2292 4733 paratas
2316 4660 2612 4731 faciendas,
2643 4675 2738 4721 aut
2766 4668 3110 4738 ﬁdeiussores
3132 4678 3417 4748 tollendos,

1834 4792 2247 4875 .Aul'elianel‘sfis.
2269 4793 2505 4875 er§°°Ri
2532 4798 2789 4875 aqvam”
2816 4805 3063 4861 eumdem
3092 4804 3411 4873 Taurinum.

1835 4864 2696 4955 {9-1139.‘EPifiﬂaIBf’Rai‘F‘il‘E'ﬁ
2707 4886 2776 4955 ,ξθ
2808 4887 2904 4955 ce]!
2912 4882 3022 4955 ιιιιηὶ
3058 4864 3417 4955 (μιμῇ-ᾗῇἦᾶ

1836 4934 2123 5023 manachis
2138 4934 2466 5023 subd-eguit:
2503 4939 2673 5023 sancti
2704 4940 2974 5023 Benedicti
3008 4934 3414 5023 priefuissg'ait‘;

1840 5004 2053 5082 tametsi
2099 5003 2458 5082 cmnobiquAm
2499 5022 2659 5082 suum
2680 5024 2809 5082 pra;
2826 5003 3083 5071 modestia
3123 5003 3295 5077 vocat.
3318 5003 3417 5082 *δέ

1838 5076 1943 5160 hoc
1964 5074 2168 5160 abbate
2186 5074 2484 5160 hornorjﬁce
2517 5074 2754 5160 loquitur
2782 5080 2947 5137 Jonas
2982 5086 3034 5139 in
3056 5074 3418 5160 audisti;

1839 5145 1924 5201 his
1942 5145 2133 5228 _verbis
2157 5158 2171 5197 :
2202 5161 2218 5194 ι
2241 5143 2467 5228 Quidam
2490 5143 2647 5228 sanae
2668 5156 2736 5228 et
2770 5163 2971 5228 sanctas
2996 5143 3421 5228 religionis-pili):

1839 5180 2040 5226 ⁸³⁸⁵,“’⁴¹
2054 5180 2133 5199 ¹¹¹⁶²
2157 5182 2171 5197 ⁸
2202 5180 2218 5194 “
2242 5180 2467 5209 κυ¹υ⁶³¹¹ι
2502 5180 2647 5201 mm“
2681 5180 2736 5202 ει
2770 5180 2971 5208 multus:
2996 5180 3265 5228 rcugwms
3333 5181 3415 5218 η).

1838 5215 2457 5295 ροεηο-νεηθηιηὰυεβι
2490 5216 2729 5295 honesta:
2763 5221 2883 5295 vita
2910 5223 3232 5295 imitandus,
3265 5180 3415 5287 dam-

1839 5283 2002 5357 toque
2023 5284 2228 5338 honore
2253 5283 2610 5357 nominandus
2636 5285 3020 5347 Tlieodemirus
3041 5283 3201 5352 Pater
3221 5283 3414 5357 'mbh‘é-

1838 5355 2085 5433 phorym’
2119 5366 2262 5433 "P‘lc
2293 5353 2418 5433 jam.
2450 5357 2525 5410 re:
2549 5372 2611 5410 ηε
2648 5358 2896 5433 ξιυῐηδηὶε
2944 5376 3246 5433 exemptus.

1831 5423 1944 5491 jam
1978 5422 2133 5495 longe
2156 5422 2369 5495 lateque
2394 5424 2532 5478 fama
2559 5424 2929 5484 crebrescente
2949 5433 3013 5484 ah
3037 5422 3410 5495 enitem'Clau:

1840 5495 1927 5575 djo
1954 5492 2094 5575 .lajja
2132 5493 2339 5575 scrape-1:
2374 5496 2656 5575 Pragdicari
2697 5507 2885 5575 contra
2916 5492 3289 5575 {claritatem
3328 5492 3413 5565 et:-

1838 5562 2192 5642 clcsiasticam
2234 5562 2530 5642 didicisset,
2562 5567 2842 5642 cbaritatis
2868 5568 3061 5642 cilicio
3103 5562 3416 5642 aut-n.5,};

1840 5604 2191 5617 νων-..νην-..η
2235 5604 2507 5617 “meum...
2562 5604 2842 5620 unum.”
2886 5604 3061 5627 uuae...)
3103 5604 3318 5642 uut'uls,
3358 5604 3412 5633 cl

1840 5633 1995 5709 unice
2020 5632 2194 5701 gentis
2223 5647 2406 5709 amore
2429 5604 2769 5709 prdvotxttus,
2796 5638 2967 5692 eidem
2994 5641 3232 5709 Claudio,
3258 5657 3317 5700 ιη
3343 5651 3412 5701 ιιι,

1841 5704 1926 5756 his
1948 5714 2023 5765 se,
2056 5716 2174 5776 qua;
2201 5704 2903 5776 reprelieus‘ibiliteragebat
2938 5721 2989 5763 et
3020 5704 3243 5768 docebat
3271 5734 3411 5771 com-

1840 5781 2105 5843 pesceret,
2138 5771 2327 5827 litteris
2355 5772 2616 5829 cliaritate
2640 5771 2848 5831 refertis
2878 5783 3118 5835 mandari
3148 5788 3407 5841 curavit.)
