3936 6330
508 352 641 413 1051

1616 346 1944 406 LUDOVICI
1979 345 2001 401 l
2039 339 2515 401 COGNOMENTO
2552 340 2640 396 l’ll

3658 342 3793 399 1033

505 474 601 523 aut
628 464 875 521 homines
916 460 1078 531 hujus
1122 460 1458 526 monasterii,
1503 466 1613 513 tam
1649 458 1909 530 ingenuos
1933 468 2095 526 quam
2126 450 2177 513 Α
2203 451 2350 507 tinne
2376 452 2627 516 licuisset,
2652 450 2731 505 eis
2768 464 2889 505 cum
2930 451 3092 505 rebus
3118 457 3194 536 \et
3244 447 3560 504 hominibus
3606 462 3796 503 eorum

504 574 713 623 servos,
742 571 906 628 super
935 543 1137 612 terram
1162 556 1330 624 ipsius
1348 558 1755 609 commanentes
1775 550 2097 619 distringen-

505 653 637 718 dos,
664 665 766 705 nec
814 648 953 703 ullas
994 645 1382 702 redhibitiones
1411 643 1499 698 vel
1529 641 1749 697 illicitas
1783 639 2100 695 occasiones

506 738 863 812 requirendus
887 737 1088 793 nostris
1117 744 1174 790 et
1197 734 1394 791 futuris
1415 732 1750 802 temporibus
1771 729 1983 800 ingredi
2005 744 2101 783 au—

506 832 652 897 deat,
688 829 774 885 vel
799 844 863 884 ea
888 843 1009 898 qum
1036 842 1202 896 supra
1230 831 1531 882 memorata
1561 831 1708 888 sunt,
1739 818 1959 892 penitus
1987 818 2102 873 exi-

507 938 634 995 gere
672 929 987 993 praesumat.
1033 919 1103 975 Et
1141 918 1405 990 quidquid
1440 917 1506 973 de
1543 915 1707 970 rebus
1735 912 1946 983 praefati
1981 925 2100 964 mo-

508 1015 736 1070 nasterii
769 1008 934 1068 ﬁscus
968 1026 1188 1083 sperare
1213 1010 1438 1081 poterit,
1460 1016 1633 1076 totum
1655 1021 1755 1061 nos
1777 1020 1878 1075 pro
1901 1013 2103 1059 aeterna

509 1105 947 1160 remuneratione
976 1102 1235 1174 przedicto
1269 1102 1602 1157 monasterio
1633 1098 2006 1161 concedimus,
2043 1103 2105 1151 ut

505 1195 839 1265 perennibus
876 1193 1215 1262 temporibus
1268 1192 1323 1245 in
1375 1191 1661 1245 alimonias
1710 1202 2007 1258 pauperum
2049 1193 2105 1239 et

508 1285 773 1353 stipendia
796 1270 1189 1339 monachorum
1219 1282 1416 1336 ibidem
1448 1281 1561 1336 Deo
1582 1278 1959 1334 famulantium
1979 1284 2105 1346 pro—

510 1374 657 1428 ficiat
678 1374 732 1427 in
757 1380 1129 1444 augmentum.
1177 1372 1244 1425 Et
1271 1370 1709 1440 quandoquidem
1738 1368 1921 1423 divina
1944 1380 2106 1421 voca-

509 1465 655 1518 tione
683 1463 1026 1533 supradictus
1057 1461 1225 1516 abbas
1254 1460 1339 1515 vel
1378 1473 1725 1535 successores
1759 1456 1875 1526 ejus
1907 1456 1975 1510 de
2002 1455 2106 1509 hac

511 1554 632 1608 luce
667 1552 1041 1625 migraverint,
1078 1551 1317 1621 quandiu
1343 1550 1445 1621 ipsi
1468 1550 1722 1604 monachi
1755 1549 1900 1603 inter
1927 1561 1997 1602 se
2022 1556 2105 1600 ta-

510 1644 590 1700 les
615 1644 860 1698 invenire
889 1642 1183 1712 potuerint,
1207 1641 1299 1711 qui
1323 1641 1497 1711 ipsam
1520 1637 1996 1709 congregationem
2018 1650 2102 1690 se-

511 1733 751 1788 cundum
797 1731 1037 1801 regulam
1087 1731 1262 1786 sancti
1309 1729 1589 1784 Benedicti
1632 1742 1823 1799 regere
1859 1724 2101 1790 valeant,

512 1838 611 1892 per
632 1822 775 1876 hanc
801 1830 1041 1886 nostram
1075 1820 1455 1875 auctoritatem
1484 1826 1540 1873 et
1572 1796 1896 1873 consensum
1936 1814 2103 1868 licen-
2129 1796 2178 1856 B

516 1913 648 1967 tiam
674 1912 909 1967 habeant
944 1910 1175 1981 eligendi
1210 1911 1436 1965 abhates
1470 1928 1482 1963 :
1513 1916 1781 1978 quatenus
1816 1907 1961 1976 ipsos
1990 1920 2106 1959 ser-

512 2018 613 2057 vos
642 2001 739 2057 Dei
770 2002 862 2071 qui
884 2001 1083 2057 ibidem
1116 2001 1227 2055 Deo
1260 1999 1616 2065 famulantur,
1647 2012 1748 2069 pro
1771 1995 1945 2061 nobis,
1976 2010 2107 2050 con-

512 2089 639 2160 juge
676 2089 939 2159 proleqne
969 2098 1178 2154 nostra,
1213 2098 1376 2159 atque
1408 2088 1701 2143 stabilitate
1729 2086 1895 2140 totius
1929 2082 2106 2139 nostri

517 2182 729 2252 imperii
758 2223 773 2248 ,
825 2183 1143 2237 immensam
1188 2182 1532 2239 clementiam
1573 2195 1804 2237 exorare
1853 2178 2102 2234 delectet.

515 2271 670 2326 Hanc
706 2272 889 2340 itaque
922 2273 1324 2337 auctoritatem,
1355 2280 1416 2325 ut
1453 2269 1751 2341 pleniorem
1790 2269 1846 2322 in
1885 2260 1982 2322 Dei
2010 2282 2107 2322 no-

518 2364 664 2418 mine
682 2364 925 2432 vigorem
956 2362 1218 2427 obtineat,
1251 2368 1307 2415 et
1334 2376 1364 2414 a
1394 2360 1646 2415 ﬁdelibus
1668 2365 1868 2413 sancta:
1895 2357 1991 2412 Dei
2012 2356 2109 2411 Ec-

516 2451 696 2506 clesia:
732 2459 787 2505 et
820 2451 1022 2505 nostris
1047 2450 1231 2504 verius
1263 2449 1519 2504 credatur
1543 2458 1599 2503 et
1626 2448 1935 2517 diligentius
1976 2460 2107 2501 con-

516 2550 783 2604 servetur,
813 2556 975 2595 manu
1000 2540 1215 2610 propria
1244 2538 1430 2594 subter
1455 2538 1810 2603 ﬁrmavimus,
1836 2545 1890 2592 et
1918 2535 2105 2591 annuli

518 2631 691 2687 nostri
720 2631 1073 2701 impressione
1098 2630 1300 2705 signari
1325 2629 1607 2699 jussimus.

592 2722 818 2793 Signum
842 2720 1097 2775 Ludovici
1126 2719 1460 2775 serenissimi
1490 2718 1851 2789 imperatoris.

595 2814 882 2869 Durandus
897 2813 1157 2868 diaconus
1170 2812 1237 2867 ad
1250 2814 1423 2868 vicem
1438 2812 1756 2867 Helisachar
1770 2811 2102 2881 recognovit.

591 2903 728 2958 Data
753 2920 815 2958 ιιι
838 2902 1019 2958 Nonas
1054 2902 1390 2967 Decembris,
1422 2916 1581 2963 anno,
1606 2898 1821 2955 Christo
1845 2899 2100 2969 propitio,

520 2992 758 3050 secundo
806 2992 1018 3062 imperii
1063 2991 1267 3045 domini
1302 2990 1569 3045 Ludovici
1591 2989 1820 3061 piissimi
1852 2989 2103 3060 Augusti,

523 3098 546 3127 ⁸
577 3084 872 3140 indictione
900 3082 953 3138 8:
1000 3082 1197 3137 Actum
1231 3082 1572 3155 'Aquisgrani
1616 3082 1818 3154 palatio
1848 3081 1997 3153 regio
2044 3082 2102 3137 in

520 3175 617 3231 Dei
643 3174 863 3231 nomine
891 3172 1139 3229 feliciter.
1179 3173 1374 3229 Amen.

1261 3264 1373 3320 XL.

525 3375 624 3415 PRO
645 3371 980 3414 IONASTERIO
994 3371 1100 3412 11οΝ
1108 3370 1191 3411 τις
1206 3371 1349 3412 οιινι
1368 3373 1420 3411 IN
1437 3372 1664 3412 υιαιοεει
1678 3372 2108 3415 CABCASSONENSI.

1115 3448 1288 3517 (Anno
1332 3450 1482 3520 815.)

528 3539 709 3612 [Apud
741 3540 804 3594 D.
836 3538 1099 3607 Bouquet.
1136 3538 1287 3603 ibid.,
1324 3554 1448 3609 pag.
1474 3539 1604 3604 485,
1635 3555 1702 3595 ex
1734 3540 2113 3613 autographa]

598 3629 656 3684 ln
696 3628 914 3682 nomine
955 3627 1167 3682 Domini
1210 3626 1305 3681 Dei
1328 3635 1382 3681 et
1427 3628 1725 3685 Salvatoris
1770 3632 1943 3686 nostri
1988 3626 2115 3686 Je‘su

525 3721 749 3789 Christi,
766 3720 1290 3787 Ludovicus,divina
1318 3720 1603 3777 ordinante
1623 3723 1982 3793 providentia,
2014 3724 2116 3779 im-

526 3821 748 3882 perator
775 3812 1069 3880 Augustus.

598 3901 732 3957 Cum
764 3902 1115 3972 petitionibus
1146 3916 1428 3956 servorum
1454 3900 1550 3956 Dei
1580 3899 1745 3969 justis
1784 3909 1839 3957 et
1862 3903 2113 3959 rationa-

528 3991 669 4045 libus
698 3990 867 4044 divini
918 3990 1093 4044 cultus
1121 4005 1306 4045 amore
1330 3988 1595 4055 favemus,
1619 4005 1853 4061 superna
1872 4006 1972 4047 nos
1994 4007 2119 4064 gra-

530 4080 602 4136 tia
633 4071 834 4135 muniri
859 4096 967 4135 non
999 4080 1325 4136 dubitamus.
1369 4080 1604 4136 Proinde
1641 4082 1853 4137 noverit
1878 4084 2121 4138 omnium

534 4171 775 4227 ﬁdelium
817 4181 1127 4227 nostrorum
1182 4181 1289 4226 tam
1328 4173 1680 4241 praesentium
1718 4188 1880 4243 quam
1914 4173 2121 4231 futuro—

530 4277 654 4317 rum
676 4262 965 4332 sagacitas,
989 4263 1113 4332 quia
1132 4263 1219 4317 vir
1249 4263 1575 4317 venerabilis
1595 4262 1927 4319 Olomundus
1953 4266 2121 4319 abbas

531 4368 601 4407 ex
643 4353 972 4407 monasterio
1006 4352 1151 4422 quod
1192 4362 1537 4423 nuncupatur
1579 4352 1817 4417 Malasti,
1856 4355 2000 4423 quod
2037 4363 2122 4409 est

532 4439 697 4495 situm
728 4440 781 4493 in
810 4441 1086 4496 territorio
1115 4441 1475 4496 Carcassense
1501 4455 1664 4510 super
1691 4440 1911 4495 ﬂuvium
1944 4442 2118 4497 Dura-

534 4546 685 4596 num,
717 4539 1088 4586 constructum
1126 4534 1181 4587 in
1222 4535 1426 4589 honore
1460 4534 1632 4589 sancti
1670 4533 1893 4588 Joannis
1937 4535 2120 4603 Bapti-

536 4619 654 4685 stac,
694 4622 889 4676 obtulit
924 4622 1200 4677 obtutibus
1241 4625 1445 4678 nostris
1488 4623 1776 4693 quamdam
1825 4625 2122 4678 auctorita-

536 4719 649 4766 tem
678 4711 882 4766 domini
910 4720 966 4767 et
1001 4713 1261 4783 genitoris
1295 4715 1466 4770 nostri
1504 4715 1681 4770 Caroli
1728 4716 1827 4785 pia:
1877 4716 2125 4771 recorda-

538 4800 701 4855 tionis
745 4802 1079 4857 serenissimi
1124 4802 1391 4872 Augusti,
1439 4805 1495 4860 in
1541 4820 1647 4874 qua
1690 4812 1811 4860 erat
1859 4805 2123 4860 insertum

538 4890 768 4957 qualiter
798 4890 941 4945 idem
971 4889 1304 4947 Olomundus
1327 4892 1497 4962 ipsum
1522 4896 1907 4949 monasterium
1930 4911 1961 4948 a
1983 4910 2122 4950 novo

540 4980 939 5035 construxisset
963 4996 1145 5049 opere,
1168 4990 1224 5036 et
1254 4991 1470 5053 propter
1498 4984 1613 5052 ejus
1640 4984 2005 5039 defensionem
2037 4986 2122 5040 vel

537 5079 760 5141 propter
783 5086 1070 5139 pravorum
1100 5073 1376 5127 hominum
1406 5074 1620 5129 illicitas
1657 5075 2029 5132 infestationes
2066 5078 2120 5131 in

541 5175 702 5213 manu
742 5158 982 5227 ejusdem
1018 5163 1219 5217 domini
1260 5164 1599 5232 imperatoris
1635 5181 1740 5219 una
1776 5182 1901 5220 cum
1932 5182 2121 5221 mona-

540 5246 659 5301 chis
689 5248 760 5302 ibi
791 5249 1107 5320 degentibus
1135 5266 1192 5307 se
1214 5255 1630 5318 commendavit,
1663 5263 1722 5309 ut
1743 5254 1844 5310 sub
1868 5254 1985 5325 ejus
2014 5258 2122 5312 tui-

611 5399 639 5428 ι
677 5388 815 5444 Male
853 5390 994 5460 apud
1025 5390 1276 5444 domuum
1310 5390 1615 5455 Estiennor,
1657 5390 1941 5448 indictione
1973 5395 2033 5461 8,
2068 5396 2122 5451 in

543 5472 651 5529 quo
672 5474 813 5529 saepe
837 5460 1032 5529 szepius
1052 5471 1235 5514 errant
1264 5475 1639 5515 amanuenses.

614 5530 642 5568 δ
683 5528 1024 5585 Mubillonius
1052 5541 1107 5584 et
1134 5530 1385 5586 Baluzius
1420 5529 1547 5583 illud
1572 5528 1804 5598 diploma
1829 5547 1950 5586 cum
1982 5546 2123 5587 anno

544 5597 966 5672 815Acopulant;
1006 5601 1220 5672 Pagius,
1256 5602 1347 5670 qui
1382 5608 1566 5654 censet
1597 5597 1653 5672 in
1678 5602 1924 5672 omnibus
1955 5603 2125 5672 diplo—

544 5670 704 5741 rnatis
734 5681 842 5725 tam
873 5688 902 5724 a
938 5670 1129 5725 Carolo
1158 5671 1345 5741 Magno
1376 5684 1535 5738 quam
1556 5684 1596 5741 _a
1634 5670 1904 5741 Ludovico
1938 5670 2032 5725 Pio
2070 5680 2125 5726 et

548 5738 615 5791 ab
646 5741 924 5810 utriusque
960 5742 1083 5796 tiliis
1116 5738 1516 5807 ante'cjusdem
1556 5739 1809 5795 Ludovici
1850 5741 1930 5796 Pii
1974 5757 2122 5797 mor-

2201 540 2385 609 quiete
2408 541 2591 595 vivere
2616 554 2678 592 ac
2712 539 2979 604 residere;
3008 546 3061 593 et
3095 539 3419 607 deprecatus
3448 546 3538 593 est
3559 537 3798 591 clemen-

2204 630 2332 684 tiam
2355 631 2611 685 nostram
2652 638 2712 683 ut
2745 630 3062 699 praedictum
3096 628 3490 682 monasterium
3531 642 3640 681 una
3672 642 3795 683 cum

2201 720 2392 775 cellula
2422 736 2543 791 qum
2573 728 2916 789 nuncupatur
2941 721 3114 775 sancti
3142 719 3360 774 Martini
3389 721 3657 789 praedicto
3680 733 3797 772 ιιιο·

2204 812 2446 867 nasterio
2477 808 2743 879 subjecta,
2781 826 2902 881 quae
2933 819 3019 866 est
3050 810 3164 865 sita
3190 810 3247 864 in
3284 810 3477 865 eodem
3521 825 3664 880 pago
3702 809 3799 863 sub

2206 902 2439 957 rivulum
2464 903 2697 972 Lampii,
2718 918 2839 972 qua:
2859 911 2942 959 est
2965 912 3278 959 constructa
3310 904 3366 957 in
3388 904 3599 958 honore
3628 904 3799 958 sancti

2204 989 2421 1046 Martini
2458 991 2817 1056 confessoris,
2854 1008 2979 1047 cum
3010 994 3192 1061 rebus,
3225 993 3538 1047 hominibus
3566 1001 3626 1047 et
3658 992 3796 1061 adja-

2204 1086 2399 1140 centiis
2424 1085 2539 1140 sive
2572 1086 2820 1141 terminis
2849 1087 2983 1152 suis,
3027 1086 3127 1141 sub
3165 1095 3351 1141 nostra
3393 1087 3795 1156 susciperemns

2205 1176 2517 1233 defensione
2558 1185 2616 1232 et
2648 1177 3008 1232 imm‘unitatis
3046 1178 3294 1233 tuitione.
3343 1176 3515 1245 Cujus
3546 1177 3795 1247 precibus

2205 1270 2275 1325 ob
2295 1284 2533 1324 amorem
2561 1270 2654 1323 Dei
2681 1276 2736 1325 et
2769 1270 3131 1325 reverentiam
3165 1269 3333 1324 divini
3360 1269 3539 1324 cultus
3568 1269 3794 1324 libenter

2206 1375 2393 1415 aurem
2424 1360 2836 1415 accommodare
2864 1360 3088 1435 placuit,
3112 1369 3167 1416 et
3193 1362 3298 1416 hoc
3330 1368 3535 1415 nostrae
3564 1360 3792 1415 auctori-

2207 1452 2335 1506 tatis
2369 1458 2699 1520 praeceptum
2738 1452 3101 1512 immunitatis
3136 1461 3300 1523 atque
3335 1450 3587 1506 tuitionis
3625 1453 3794 1522 gratia

2208 1543 2326 1597 fieri
2351 1540 2720 1607 decrevimus;
2758 1557 2855 1611 per
2890 1543 3038 1612 quod
3070 1543 3415 1612 prmcipimus
3452 1549 3618 1612 atque
3644 1542 3795 1612 jube-

2207 1650 2327 1690 mus
2360 1643 2418 1689 ut
2452 1634 2633 1689 nullus
2654 1633 2824 1702 judex
2851 1634 3119 1704 publicus,
3160 1634 3246 1689 vel
3284 1633 3545 1703 quislibet
3570 1649 3638 1688 ex
3660 1632 3797 1701 judi-

2206 1724 2376 1779 ciaria
2396 1731 2664 1793 potestate
2690 1725 2745 1778 in
2776 1723 3060 1789 ecclesias,
3096 1723 3182 1779 vel
3214 1724 3355 1789 loca,
3388 1733 3484 1778 aut
3513 1738 3675 1793 agros
3708 1736 3796 1777 seu

2206 1814 2442 1883 reliquas
2482 1814 2856 1884 possessiones
2889 1813 3135 1883 praedicti
3165 1813 3503 1877 monasterii,
3529 1828 3669 1881 quas
3689 1826 3798 1865 mo-

2208 1906 2377 1962 derno
2406 1914 2647 1976 tempore
2679 1905 2826 1977 juste
2867 1914 2923 1961 et
2967 1906 3364 1961 rationabiliter
3401 1906 3665 1975 possidet,
3715 1904 3798 1958 vel

2207 2010 2327 2064 qua:
2349 1994 2515 2049 etiam
2542 1994 2800 2063 deinceps
2826 1994 2880 2048 in
2907 1992 3033 2063 jure
3059 1994 3229 2064 ipsius
3255 1994 3433 2049 sancti
3469 1992 3574 2048 loci
3611 1992 3797 2047 value.

2209 2087 2280 2141 rit
2316 2086 2500 2141 divina
2534 2085 2708 2156 pietas
2743 2086 2947 2156 augeri,
3001 2085 3070 2140 ad
3117 2100 3313 2140 causas
3358 2085 3676 2149 audiendas,
3720 2084 3798 2137 vel

2208 2177 2359 2233 freda
2387 2175 2673 2246 exigenda,
2702 2184 2795 2230 aut
2821 2177 3133 2231 mansiones
3153 2177 3239 2232 vel
3260 2177 3481 2247 paratas
3503 2176 3797 2237 faciendas.

2208 2277 2304 2323 aut
2332 2266 2677 2337 fidejussores
2718 2268 3004 2334 tollendos,
3045 2276 3140 2322 aut
3178 2268 3431 2323 homines
3454 2267 3797 2333 monasterii,

2211 2367 2319 2412 tam
2346 2358 2609 2426 ingenuos
2647 2371 2810 2424 quam
2844 2365 2898 2410 et
2932 2370 3141 2422 servos,
3186 2372 3352 2427 super
3393 2367 3595 2413 terram
3634 2358 3799 2428 ipsius

2208 2454 2637 2511 commanentes,
2669 2444 2872 2514 injuste
2894 2446 3320 2517 distringendos,
3338 2463 3440 2503 nec
3463 2447 3601 2502 ullas
3622 2448 3799 2501 redhi-

2207 2535 2441 2589 bitiones
2470 2542 2563 2588 aut
2590 2533 2806 2589 illicitas
2838 2535 3153 2590 occasiones
3186 2537 3565 2606 requirendus,
3598 2537 3798 2591 nostris

2208 2634 2264 2680 et
2296 2624 2491 2681 futuris
2518 2625 2851 2695 temporibus
2880 2625 3086 2696 ingredi
3116 2626 3331 2693 audeat,
3360 2627 3447 2682 vel
3477 2644 3543 2683 ea
3570 2643 3695 2697 qua:
3716 2644 3795 2682 su-

2208 2733 2312 2787 pra
2353 2726 2656 2772 memorata
2697 2725 2823 2772 sunt
2860 2718 3078 2787 penitus
3118 2718 3336 2789 exigere
3376 2729 3693 2789 praesumat.
3734 2720 3792 2774 Et

2208 2807 2472 2877 quidquid
2501 2807 2568 2863 de
2600 2808 2760 2863 rebus
2793 2807 3002 2878 praefati
3033 2809 3349 2863 monasterii
3383 2808 3551 2865 ﬁscus
3583 2825 3795 2880 sperare

2208 2899 2428 2969 poterit,
2462 2907 2634 2954 totum
2672 2915 2772 2955 nos
2807 2915 2908 2970 pro
2944 2907 3147 2955 aeterna
3184 2902 3628 2955 remuneratione
3666 2916 3795 2971 prae-

2213 2991 2327 3047 fato
2358 2990 2693 3047 monasterio
2722 2990 3092 3057 concedimus,
3134 3000 3193 3045 ut
3233 2991 3289 3044 in
3324 2990 3583 3045 alimonia
3616 3005 3799 3060 paupe-

2214 3099 2334 3138 rum
2360 3091 2417 3139 et
2440 3083 2710 3154 stipendia
2737 3083 3127 3138 monachorum
3156 3082 3353 3137 ibidem
3391 3083 3505 3137 Deo
3545 3081 3799 3136 famulan-

2219 3173 2353 3227 tium
2381 3182 2645 3243 perpetuo
2680 3172 2928 3241 proficiat
2963 3171 3017 3226 in
3047 3180 3417 3244 augmentum.
3463 3170 3534 3225 Et
3568 3171 3798 3241 quando-

2217 3261 2437 3331 quidem
2471 3261 2652 3316 divina
2681 3260 2965 3316 vocatione
2999 3259 3341 3333 supradictus
3374 3259 3545 3313 abbas
3572 3258 3661 3314 vel
3688 3274 3799 3313 suc-

2218 3366 2463 3410 cessores
2485 3350 2601 3422 ejus
2630 3353 2696 3409 de
2720 3354 2825 3407 hac
2858 3352 2978 3407 luce
3012 3351 3385 3422 migraverint,
3425 3350 3671 3420 quandiu
3705 3350 3797 3420 ipsi

2216 3444 2468 3500 monachi
2502 3444 2647 3498 inter
2671 3457 2729 3499 se
2758 3442 2895 3497 tales
2918 3440 3162 3496 invenire
3185 3440 3463 3510 potuerint
3499 3441 3594 3511 qui
3638 3442 3797 3511 ipsam

2216 3535 2691 3606 congregationem
2720 3531 3014 3588 secundum
3044 3530 3287 3601 regulam
3316 3531 3494 3586 sancti
3527 3531 3797 3587 Benedicti

2219 3641 2407 3698 regere
2443 3626 2679 3689 valeant,
2721 3638 2819 3693 per
2865 3624 3006 3679 hanc
3047 3630 3291 3677 nostram
3336 3624 3716 3678 auctoritatem
3748 3632 3797 3676 et

2218 3732 2545 3774 consensum
2570 3715 2845 3770 licentiam
2877 3714 3114 3769 habeant
3141 3712 3375 3783 eligendi
3399 3713 3653 3779 abbates,
3676 3728 3797 3784 qua-

2219 3816 2379 3865 tenus
2406 3806 2551 3877 ipsos
2589 3806 2887 3861 monachos
2924 3806 3019 3875 qui
3059 3805 3260 3860 ibidem
3295 3804 3407 3859 Deo
3450 3802 3797 3867 famulantur,

2218 3912 2319 3966 pro
2348 3896 2504 3950 nobis
2531 3903 2585 3949 et
2615 3893 2841 3965 conjuge
2872 3893 3133 3964 proleqne
3163 3903 3367 3959 nostra,
3400 3901 3567 3963 atque
3607 3893 3799 3949 stabili.

2224 3994 2332 4042 tate
2355 3986 2522 4040 totius
2548 3984 2757 4054 imperii
2786 3984 2958 4039 nostri
2990 3999 3020 4037 a
3050 3983 3161 4038 Deo
3191 3983 3349 4038 nobis
3371 3983 3643 4047 concessi,
3666 3983 3798 4053 ejus-

2222 4091 2327 4145 que
2353 4075 2774 4131 clementissima
2805 4075 3155 4130 miseratione
3184 4090 3283 4145 per
3315 4075 3646 4130 immensum
3680 4092 3796 4130 con-

2222 4166 2497 4233 servandi,
2520 4165 2731 4220 Domini
2756 4166 3076 4219 immensam
3097 4165 3443 4220 clementiam
3462 4166 3669 4238 jugiter
3687 4181 3796 4221 exo-

2224 4275 2348 4316 rare
2370 4259 2618 4315 delectet.
2666 4256 2820 4311 Hanc
2850 4256 3035 4326 itaque
3071 4258 3475 4323 auctoritatem,
3506 4267 3567 4312 ut
3605 4258 3794 4328 plenio-

2223 4365 2337 4405 rem
2378 4350 2430 4403 in
2461 4348 2554 4402 Dei
2588 4348 2803 4402 nomine
2842 4348 3084 4403 obtineat
3110 4348 3353 4418 vigorem
3391 4357 3447 4402 et
3490 4363 3523 4403 a
3564 4348 3795 4403 ﬁdelibus

2146 4474 2200 4533 Β
2225 4449 2424 4495 sancta:
2447 4440 2541 4494 Dei
2567 4439 2823 4493 Ecclesiae
2845 4447 2901 4493 et
2922 4441 3120 4494 nostris
3145 4441 3328 4495 verius
3362 4442 3617 4496 credatur
3648 4452 3703 4497 et
3727 4443 3794 4496 di-

2226 4532 2478 4605 ligentius
2516 4538 2889 4595 conservetur,
2912 4545 3074 4583 manu
3112 4532 3331 4600 pr0pria
3380 4532 3793 4589 subterﬁrmavi-

2226 4639 2347 4680 mus
2368 4632 2425 4677 et
2450 4620 2633 4676 annuli
2656 4617 2827 4674 nostri
2860 4618 3209 4687 impressione
3234 4619 3437 4690 signari
3453 4621 3731 4690 jussimus.

2298 4714 2521 4785 Signum
2551 4710 2809 4767 Ludovici
2844 4709 3169 4765 serenissimi
3194 4710 3560 4779 imperatoris;

2297 4803 2584 4859 Durandus
2639 4801 2899 4857 diaconus
2952 4798 3019 4854 ad
3062 4801 3235 4855 vicem
3286 4800 3608 4857 Helisachar
3656 4818 3794 4859 reco-

2226 4896 2430 4966 gnovit.

2301 4986 2435 5040 Data
2460 5000 2512 5038 Vl
2536 4984 2660 5038 Idus
2691 4982 3023 5047 Decembris,
3056 4983 3084 5022 ι)
3115 4996 3278 5047 anno,
3302 4982 3525 5038 Christo
3551 4985 3789 5054 propitio,

2227 5076 2464 5133 secundo
2498 5075 2710 5145 imperii
2750 5074 2952 5129 domini
2992 5073 3248 5128 Ludovici
3286 5074 3517 5142 piissimi
3559 5077 3787 5145 Augusti,

2226 5168 2518 5224 indictione
2544 5166 2597 5221 8.
2632 5164 2825 5219 Actum
2844 5160 3183 5233 ’Aquisgrani
3219 5163 3422 5234 palatio
3457 5165 3602 5236 regio
3631 5165 3682 5218 in
3706 5164 3789 5219 Dei

2227 5260 2445 5315 nomine
2466 5256 2714 5311 feliciter.
2759 5254 2953 5310 Amen.

2228 5404 2338 5450 tem
2376 5392 2589 5463 emissis
2615 5431 2629 5456 ,
2676 5390 2993 5463 indictiones
3019 5405 3067 5463 Aa
3106 5389 3361 5463 Kalendis
3401 5391 3788 5463 Septembribus

2227 5478 2443 5532 semper
2469 5460 2753 5532 inchoatas
2779 5460 2963 5532 fuisse,
2985 5460 3134 5532 illud
3158 5461 3228 5532 ad
3258 5460 3602 5518 annum'su
3637 5462 3787 5517 refert

2228 5543 2283 5588 et
2321 5528 2520 5586 annum
2557 5531 2851 5584 secundum
2885 5528 3140 5584 Ludovici
3177 5530 3523 5600 imperatoris
3560 5534 3625 5587 ab
3657 5547 3785 5586 anno

2227 5604 2349 5666 815,
2385 5617 2491 5669 quo
2512 5601 2557 5654 is
2580 5599 2869 5669 imperialis
2896 5599 3128 5654 nominis
3156 5599 3383 5655 consors
3410 5618 3439 5655 τι
3470 5603 3655 5657 Carolo
3689 5602 3785 5654 ila-

2226 5689 2332 5743 gno
2355 5668 2507 5743 patre
2532 5671 2704 5743 dictus
2731 5668 2847 5743 fuit,
2874 5669 3106 5743 deducit.
3150 5670 3261 5742 Ego
3289 5673 3506 5742 quidem
3533 5673 3784 5743 corrigen-

2230 5739 2369 5797 dum‘
2390 5741 2623 5797 arbitror
2656 5739 2933 5795 indictione
2968 5741 3018 5795 8.
