3936 6318
164 360 306 415 1055

895 468 1024 520 XLI.

599 573 696 611 PRO
731 573 979 611 ECCLESIA
1017 573 1311 610 VIENNENSI.

792 649 965 721 (Anno
995 647 1143 718 815.)

162 738 343 812 [Apud
358 740 724 811 D.Bouquet.,
754 739 923 812 ibid.,_
942 754 1065 808 pag.
1093 738 1307 812 486,7ex
1331 737 1564 812 Coiutio,
1596 750 1632 792 t.
1663 738 1744 793 Vll

595 810 787 864 Annal.
817 810 1023 875 eccles.,
1048 825 1169 879 pag.
1205 808 1359 880 560.]

239 925 294 979 In
328 926 544 981 nomine
577 925 787 979 Domini
830 925 924 979 Dei
955 932 1010 978 et
1057 916 1356 978 Salvatoris
1407 924 1575 978 nostri
1613 919 1747 978 Jcsu

159 1014 388 1081 Christi,
406 1016 725 1081 Ludovicus,
749 1016 929 1070 divina
951 1017 1234 1071 ordinante
1258 1015 1618 1084 providentia,
1654 1015 1750 1068 im-

161 1115 385 1175 perator
412 1106 702 1175 Augustus.

240 1193 297 1248 Si
342 1209 468 1263 erga
511 1195 628 1248 loda
673 1195 866 1248 divinis
904 1195 1138 1249 cultibus
1185 1195 1494 1264 mancipata
1527 1204 1750 1264 propter

161 1289 406 1341 amorem
433 1287 550 1351 Dei,
581 1287 768 1355 eisque
799 1287 853 1340 in
880 1286 1084 1341 eisdem
1129 1286 1262 1361 locis
1298 1287 1400 1340 sibi
1432 1286 1747 1340 famulanti-

161 1381 268 1436 bus
297 1380 559 1436 beneﬁcia
595 1390 894 1450 opportuna
928 1380 1242 1450 largiamur,
1280 1381 1563 1453 praemium
1596 1382 1752 1435 nobis

160 1472 307 1540 apud
357 1472 524 1525 Deum
571 1481 790 1524 aeternae
862 1470 1315 1524 remunerationis
1369 1471 1590 1539 rependi
1643 1486 1749 1522 non

159 1559 477 1615 difﬁdimus.
507 1561 716 1616 Idcirco
741 1560 955 1614 noverit
984 1561 1227 1614 omnium
1261 1559 1498 1614 ﬁdelium
1540 1569 1752 1614 nostro-

159 1650 308 1717 fum,
335 1664 444 1717 tam
463 1651 812 1721 praesentium
832 1653 996 1720 qu‘am
1015 1650 1342 1714 futurorum,
1366 1648 1606 1713 solertia,
1625 1650 1749 1717 quia

154 1740 367 1813 placuit
396 1742 550 1797 nobis
571 1757 673 1812 pro
691 1740 958 1796 mercedis
983 1749 1182 1795 nostra:
1203 1749 1494 1809 augmento
1520 1747 1575 1792 et
1593 1747 1750 1792 aiter-

1311 358 1697 412 DlPl.0;\IA'l‘A
1741 352 2286 412 I‘ICCLliSlAS'I'lCA.

1775 475 1821 528 Α
1850 465 2293 520 consuetudinem
2352 480 2691 530 exercemus,
2734 480 2922 519 verum
2969 465 3131 530 etiam
3181 469 3247 520 ad
3297 469 3427 526 bea-

3295 354 3392 409 ωὖ
3407 355 3433 407 .1

1855 556 2133 610 titudinetn
2165 563 2379 610 teternae
2419 554 2785 608 retributionis
2811 556 2937 608 talia
2975 556 3127 609 nobis
3151 556 3431 626 profutura

1852 647 2190 703 conﬁdimus.
2228 649 2432 704 Idcirco
2459 649 2753 718 eompcriat
2783 647 3021 702 omnium
3063 644 3299 700 ﬁdelium
3331 663 3433 702 no-

1853 746 2111 804 strorum,
2140 747 2246 792 tam
2272 738 2621 808 praesentium
2643 753 2802 805 quam
2826 736 3148 801 futurorum,
3183 737 3424 800 solertia,

1853 832 1980 900 quia
2009 831 2092 883 vir
2114 830 2438 885 venerabilis
2464 829 2797 894 Tancradus,
2829 830 2966 883 abba
3006 843 3072 882 ex
3101 829 3434 883 monasterio

1851 924 1995 992 quod
2035 923 2231 977 dicitur
2271 923 2512 988 Prumia,
2559 923 2702 991 quod
2731 924 2957 976 domnus
2998 929 3053 975 et
3081 937 3214 975 avus
3250 931 3437 976 noster

1854 1011 2113 1081 Pippinus
2135 1011 2399 1081 gloriosus
2430 1027 2544 1076 rex,
2573 1025 2711 1066 novo
2740 1025 2921 1079 opere,
2949 1010 3002 1062 in
3026 1011 3230 1064 honore
3259 1011 3434 1064 sancti

1856 1101 2175 1166 Salvatoris,
2195 1118 2294 1156 ceu
2315 1111 2366 1156 et
2388 1113 2705 1158 cieterorum
2727 1087 3035 1158 sanctorum
3059 1107 3361 1159 construxit
3385 1120 3406 1144 κ
3421 1146 3434 1168 ,

1853 1195 2044 1249 obtulit
2073 1197 2446 1250 auctoritatem
2490 1197 2844 1250 immunitatis
2888 1197 3067 1250 domui
3095 1207 3148 1250 et
3178 1197 3438 1267 genitoris

1854 1288 2025 1341 nostri
2046 1287 2221 1341 Cat-dli
2246 1288 2397 1342 bona:
2420 1289 2693 1342 memori-.e
2714 1287 3045 1342 serenissimi
3068 1289 3432 1356 imperatoris,

1855 1378 1907 1431 in
1962 1394 2067 1447 qua
2111 1389 2226 1434 erat
2272 1380 2533 1434 insertum
2566 1380 2796 1448 qualiter
2838 1379 3013 1447 ipsum
3049 1380 3435 1433 monasterium

1853 1469 1922 1522 ob
1953 1485 2192 1524 amorem
2221 1471 2333 1535 Dei,
2361 1470 2913 1539 tranquillitatemque
2961 1468 3191 1522 fratrum
3235 1469 3433 1523 ibidem

1854 1561 2282 1625 consistentium,
2313 1569 2524 1628 semper
2554 1561 2726 1630 ipsum
2763 1560 3151 1614 monasterium
3199 1561 3297 1614 sub
3328 1559 3436 1630 ple-

1853 1652 2076 1705 nissima
2102 1653 2328 1707 tuitione
2357 1663 2411 1705 et
2433 1652 2787 1705 immunitatis
2810 1651 3120 1706 defensione
3141 1653 3438 1707 habuisset.

1857 1739 1962 1794 Sed
1990 1756 2086 1809 pro
2111 1741 2378 1794 ﬁrmitatis
2403 1741 2580 1794 studio
2608 1739 2764 1809 petiit
2805 1739 3092 1809 praedictus
3131 1742 3268 1794 abba
3301 1740 3442 1794 Tan-

156 1843 248 1888 ηαξ
274 1833 648 1888 retributionis
673 1831 872 1896 fructu,
897 1831 1160 1900 quasdam
1189 1838 1297 1894 res,
1325 1843 1446 1898 quae
1475 1827 1605 1882 olim
1635 1839 1752 1880 ma—
1779 1840 1826 1899 B
1855 1830 2070 1895 eradus,
2097 1838 2156 1884 ut
2184 1830 2328 1885 circa
2351 1831 2526 1899 ipsum
2554 1830 2755 1895 locum,
2779 1831 2848 1884 ob
2874 1845 3114 1885 amorem
3142 1831 3234 1885 Dei
3261 1841 3440 1901 pater—

158 1924 236 1979 tri
262 1921 504 1978 ecclesiae
535 1921 849 1987 Viennensi,
886 1921 980 1980 ubi
1006 1919 1168 1975 modo
1197 1918 1509 1974 Bernardus
1540 1918 1755 1972 archie-

161 2013 422 2083 piscopus
447 2019 662 2083 praeest,
688 2014 808 2082 qua:
829 2019 912 2066 ρει
933 2017 1248 2066 constructa
1272 2008 1328 2063 in
1350 2009 1556 2064 honore
1577 2008 1751 2062 sancti

159 2093 415 2156 Mauricii
464 2102 745 2172 martyris,
766 2102 1055 2156 abstracta:
1086 2103 1261 2162 erant,
1306 2113 1406 2167 pro
1437 2113 1620 2153 amore
1656 2097 1752 2152 Dei

157 2200 220 2246 et
247 2191 552 2246 reverentia
587 2187 757 2260 ipsius
785 2190 957 2244 sancti
986 2189 1089 2242 loci
1122 2188 1367 2253 reddere,
1393 2193 1513 2256 quae
1545 2195 1671 2242 sunt
1698 2188 1752 2242 in

158 2281 303 2354 pago
348 2278 680 2336 Vasionense
731 2281 786 2335 in
835 2280 960 2335 villa
998 2294 1119 2349 qua:
1163 2284 1392 2334 vocatur
1421 2279 1748 2344 Dalforiana,

159 2386 289 2428 cum
318 2373 565 2428 domibus
592 2366 647 2428 et
669 2371 932 2437 aediﬁciis,
974 2372 1278 2440 mancipiis,
1303 2371 1614 2437 accolabus,
1644 2380 1754 2426 ter—

157 2461 259 2529 ris,
305 2462 552 2528 olivetis,
605 2462 796 2528 vineis,
847 2461 1019 2527 silvis,
1050 2461 1254 2530 pratis,
1300 2462 1546 2530 pascuis,
1597 2462 1752 2530 aquis

158 2567 494 2624 aquarumve
539 2552 894 2617 decursibus,
938 2555 1061 2606 cum
1108 2551 1360 2606 omnibus
1417 2552 1750 2621 appendiciis

159 2643 249 2699 vel
280 2644 618 2714 adjacentiis.
665 2642 773 2696 llas
815 2643 1000 2712 itaque
1024 2657 1128 2706 res,
1161 2647 1285 2696 eum
1313 2643 1566 2697 omnibus
1594 2644 1661 2697 ad
1693 2656 1751 2696 se

157 2733 556 2808 pertinentibus
605 2733 688 2788 vel
730 2733 1134 2804 aspicientibus,
1181 2747 1300 2802 qua:
1329 2733 1394 2788 de
1428 2734 1641 2788 ratione
1673 2733 1754 2801 ip-

159 2825 278 2881 sius
307 2825 446 2894 villa:
490 2827 545 2879 in
574 2826 763 2882 eadem
802 2826 1082 2896 provincia
1113 2823 1283 2897 [sunt]
1324 2827 1577 2895 przesenti
1611 2835 1748 2879 tem-

160 2917 316 2988 pore,
351 2926 523 2972 totum
557 2929 611 2973 et
650 2920 716 2973 ad
747 2920 1012 2989 integrum
1053 2918 1138 2973 vel
1168 2918 1572 2988 inexquisitum,
1607 2935 1748 2989 pra:-

159 3007 320 3068 tlictaa
354 3009 641 3063 Viennensi
670 3009 911 3064 ecclesia:
938 3024 1035 3079 per
1062 3009 1203 3062 hanc
1243 3018 1483 3063 nostram
1514 3011 1751 3064 auctori-

161 3105 328 3152 tatem
359 3099 650 3154 reddimus.
680 3099 1019 3170 Quapropter
1047 3100 1294 3154 volumus
1315 3107 1476 3169 atque
1492 3099 1745 3168 jubentus

1855 1935 1939 1974 nae
1965 1921 2272 1974 auctoritati
2305 1930 2543 1975 nostram
2586 1933 2800 1990 quoque
2833 1921 3319 1990 superadderemus
3347 1938 3444 1976 au-

1854 2010 2182 2065 ctoritatem.

1923 2100 2088 2171 Cujus
2131 2103 2376 2172 petitioni
2426 2101 2657 2157 libenter
2692 2113 2975 2156 assensum
3005 2102 3354 2170 praebuimus,
3388 2114 3444 2160 et

1854 2193 1927 2248 ita
1959 2194 2014 2248 in
2050 2195 2300 2249 omnibus
2337 2193 2722 2266 concessimus,
2756 2201 2918 2261 atque
2957 2195 3204 2270 per-hoc
3241 2211 3441 2265 prmcc-

1854 2295 2005 2355 ptum
2036 2294 2281 2340 neStrum
2305 2287 2762 2365 conﬁrmavimus.
2797 2286 3178 2356 Praecipientes
3204 2305 3332 2362 ergo
3352 2291 3440 2361 ju-

1853 2379 2044 2432 bemus
2087 2387 2146 2432 ut
2170 2377 2348 2432 nullus
2373 2379 2539 2450 judex
2569 2375 2835 2449 publicus,
2875 2388 3049 2450 neque
3081 2383 3337 2454 quislibet
3372 2401 3440 2440 ex

1844 2462 2134 2536 judiciaria
2154 2476 2444 2538 potestate,
2471 2468 2526 2522 in
2548 2468 2831 2534 ecclesias,
2859 2477 2952 2523 aut
2987 2461 3123 2536 loca,
3152 2472 3235 2526 vel
3257 2489 3444 2544 agros.

1852 2562 1948 2611 seu
1990 2557 2225 2628 reliquas
2260 2558 2630 2628 possessiones
2655 2558 2897 2628 praedicti
2917 2562 3272 2627 monasterii,
3305 2579 3444 2633 quas

1853 2648 2113 2705 ltoderno
2150 2657 2391 2718 tempore
2414 2649 2469 2702 in
2496 2650 2825 2718 quibuslibet
2852 2649 3006 2721 pagis
3037 2661 3129 2707 aut
3156 2654 3446 2731 territoriis

1854 2739 1995 2793 intra
2021 2740 2281 2794 ditionem
2314 2739 2529 2809 imperii
2551 2741 2723 2795 nostri
2747 2740 2894 2808 juste
2920 2750 2974 2796 et
3004 2742 3250 2814 legaliter
3273 2745 3444 2814 possi-

1855 2828 2036 2893 deant,
2063 2829 2148 2882 vel
2178 2834 2241 2882 ea
2284 2843 2403 2898 quae
2428 2829 2681 2898 deinceps
2709 2831 2761 2884 in
2786 2830 2909 2899 jure
2939 2831 3108 2901 ipsius
3133 2836 3304 2890 sancti
3332 2834 3440 2891 loci

1855 2917 2083 2971 voluerit
2126 2918 2304 2972 divina
2349 2919 2519 2987 pietas
2562 2920 2766 2989 augeri,
2797 2922 2862 2974 ad
2897 2937 3090 2976 causas
3119 2925 3438 2992 audiendas,

1854 3009 1938 3062 vel
1973 3008 2147 3073 freda,
2179 3019 2269 3063 aut
2296 3011 2604 3064 mansiones
2643 3011 2725 3064 vel
2768 3021 2987 3080 paratas
3018 3012 3315 3082 faciendas,
3347 3028 3444 3074 aut

1857 3100 2215 3171 ﬁdejussores
2230 3101 2515 3166 tollendos,
2539 3102 2624 3156 vel
2658 3117 2891 3166 scarras,
2921 3107 3012 3157 aut
3034 3106 3304 3176 cenjectos
3333 3117 3442 3163 tam

159 3201 222 3242 ut
248 3203 348 3259 per
375 3189 514 3244 hanc
559 3199 802 3246 nostram
848 3192 1228 3245 auctoritatem
1269 3193 1469 3246 nostris
1498 3194 1752 3250 videlicet
1781 3202 1823 3262 C
1857 3191 1922 3245 de
1955 3192 2126 3245 carris
2153 3208 2312 3260 quam
2347 3193 2508 3245 etiam
2553 3193 2618 3246 de
2645 3192 2949 3260 parafredis
2971 3198 3307 3263 cxactandis,
3348 3209 3450 3254 aut

159 3288 218 3333 et
245 3279 444 3335 futuris
473 3282 823 3351 temporibus,
873 3283 1143 3351 praedicta:
1186 3296 1293 3348 res,
1330 3284 1469 3337 sicut
1499 3286 1747 3355 superius

159 3369 464 3437 intulimus,
511 3383 773 3441 perpetuo
806 3373 858 3427 in
891 3371 1013 3441 jure
1057 3380 1112 3426 et
1157 3373 1524 3427 dominatione
1579 3375 1748 3444 ipsius

159 3462 405 3517 ecclesia:
436 3464 755 3528 consistant,
798 3472 858 3518 ut
900 3463 1162 3533 quidquid
1207 3464 1272 3518 de
1307 3464 1438 3534 ipsis
1481 3466 1638 3518 rebus
1680 3467 1749 3520 ob

159 3551 450 3607 utilitatem
483 3563 539 3607 et
586 3554 888 3622 profectum
930 3561 1171 3608 rectores
1200 3553 1370 3623 ipsius
1399 3554 1540 3608 seJis
1573 3553 1749 3607 facere

159 3640 449 3707 Voluerint,
507 3643 676 3698 libero
732 3643 785 3696 in
839 3641 1089 3697 omnibus
1134 3643 1484 3713 perfruantur
1522 3645 1749 3698 arbitrio

158 3720 416 3790 faciendi.
453 3733 603 3788 Hane
637 3734 835 3804 quippe
875 3733 1253 3789 auctoritatem
1276 3775 1289 3799 ,
1324 3743 1378 3788 ut
1412 3734 1621 3789 ﬁrmior
1646 3736 1747 3789 Ita-

157 3821 376 3888 beatur,
401 3833 456 3878 et
476 3823 804 3894 perennibus
835 3822 1168 3893 temporibus
1203 3839 1233 3876 a
1276 3821 1522 3878 ﬁdelibus
1549 3833 1750 3878 sancta:

158 3903 259 3970 Dei
304 3913 559 3982 Ecclesigp
586 3923 640 3969 et
668 3913 871 3969 nostris
913 3913 1093 3968 verius
1125 3915 1398 3978 credatur,
1431 3921 1484 3968 et
1527 3912 1754 3981 diligen-

159 4005 271 4061 tius
299 4014 666 4070 conservetur,
693 4001 852 4060 manu
877 4006 1092 4075 propria
1121 4006 1308 4060 subter
1325 4005 1680 4070 ﬁrmavimus,
1699 4012 1753 4059 et

158 4097 348 4152 annuli
379 4097 550 4152 nostri
583 4097 939 4166 impressione
964 4097 1168 4166 signari
1189 4096 1472 4166 jussimus.

232 4187 459 4260 Signum
481 4187 738 4242 Ludovici
774 4188 1105 4242 serenissimi
1131 4187 1380 4258 Augusti.

232 4277 522 4334 Durandus
544 4278 802 4332 diaconus
824 4278 894 4332 ad
908 4278 1078 4331 vicem
1096 4276 1414 4336 Helis’achar
1435 4280 1742 4343 recogito“.

231 4371 368 4431 Data
405 4386 500 4424 xm
531 4368 647 4422 Kal.
673 4367 975 4429 Januarias,
999 4381 1162 4428 anno,
1188 4365 1406 4420 Christo
1434 4364 1686 4434 propitio,
1717 4365 1752 4418 2

159 4459 374 4529 imperii
405 4459 584 4512 domui
623 4454 878 4511 Ludovici
907 4457 1134 4527 piissimi
1160 4455 1407 4525 Augusti,
1455 4454 1749 4510 indictione

1851 3282 2096 3336 homines
2118 3279 2356 3348 ejusdem
2381 3283 2714 3345 monasterii,
2755 3291 2861 3336 tam
2889 3284 3149 3370 ingenuos
3171 3303 3441 3358 quamque

1851 3382 1904 3428 ct
1931 3390 2140 3439 servos,
2172 3390 2333 3443 super
2367 3384 2567 3427 terram
2603 3375 2770 3443 ipsius
2800 3386 3205 3431 commanentes
3241 3378 3441 3447 injuste

1852 3463 2272 3532 distringendos,
2306 3478 2406 3516 nec
2447 3462 2583 3517 ullas
2627 3464 3032 3529 redhibitiones,
3079 3476 3171 3520 aut
3226 3469 3442 3525 illicitas

1850 3554 2163 3608 occasiones
2212 3552 2602 3620 requirendas,
2662 3555 3020 3622 prmsentibus
3081 3570 3196 3610 nec
3244 3556 3442 3613 futuris

1852 3643 2204 3711 temporibus,
2229 3643 2433 3711 ingredi
2461 3643 2674 3709 audeat,
2701 3643 2785 3696 vel
2814 3659 2877 3698 ea
2904 3661 3023 3714 qua:
3045 3661 3206 3714 supra
3236 3664 3443 3704 memo-

1851 3738 1970 3783 rata
2008 3737 2156 3794 sunt,
2189 3738 2372 3798 petere
2409 3738 2503 3782 aut
2532 3738 2786 3784 exactare
2813 3738 3124 3799 praesumat.

1921 3818 1988 3871 Et
2012 3814 2274 3887 quidquid
2299 3818 2493 3872 exinde
2510 3818 2600 3888 jus
2624 3818 2740 3873 ﬁsci
2762 3821 2979 3890 exigere
3009 3833 3239 3890 po:erat,
3266 3835 3436 3883 totum

1851 3924 1951 3964 nos
1994 3924 2092 3978 pro
2121 3917 2324 3963 zeterna
2370 3910 2807 3965 remuneratione
2847 3911 3022 3965 eidem
3069 3916 3441 3972 concessimus

1854 3999 2220 4054 monasterio:
2253 3998 2520 4063 videlicet,
2569 4008 2628 4052 ut
2666 4001 2941 4068 perpetuis
2992 4005 3322 4070 temporibus
3380 4007 3436 4062 in

1855 4090 2160 4152 alimoniam
2207 4104 2504 4159 pauperum
2549 4099 2605 4144 et
2639 4091 2967 4160 stipendium
3020 4097 3438 4162 monachorum,

1853 4180 2049 4234 ibidem
2099 4180 2209 4234 Deo
2251 4180 2623 4244 servientium,
2672 4181 2918 4250 proﬁcnat
2967 4182 3019 4236 in
3061 4197 3435 4256 augmentum,

1851 4281 2116 4342 quatenus
2146 4273 2290 4342 ipsos
2326 4273 2648 4336 monachos,
2680 4274 2771 4344 qui
2805 4272 3004 4329 ibidem
3028 4275 3138 4331 Deo
3167 4276 3434 4334 famulan-

1852 4375 1958 4431 tur,
1990 4380 2088 4434 pro
2119 4365 2273 4419 nobis
2311 4372 2366 4418 et
2394 4363 2621 4434 conjuge
2650 4364 2907 4434 proleque
2936 4375 3139 4432 nostra,
3172 4377 3225 4421 et
3269 4371 3437 4425 stabi—

1852 4457 2196 4511 litate‘totius
2227 4456 2438 4525 imperii
2484 4471 2513 4508 a
2549 4456 2659 4510 Deo
2694 4456 2848 4510 nobis
2875 4457 3073 4524 collati,
3106 4468 3160 4512 et
3194 4459 3309 4527 ejus
3335 4462 3437 4515 im-

157 4550 213 4605 8.
242 4550 438 4604 Actum
462 4549 786 4618 Aquisgrani
818 4548 1016 4618 palatio
1044 4550 1192 4617 regio
1220 4550 1272 4602 in
1301 4548 1394 4603 Dei
1420 4548 1637 4603 nomine
1670 4547 1748 4602 fe-
1774 4532 1826 4591 D
1853 4563 2034 4603 mensa
2065 4547 2433 4600 misericordia
2458 4561 2554 4616 per
2576 4547 2901 4602 immensum
2925 4551 3276 4605 conservandi
3293 4551 3438 4624 jugl—

160 4640 252 4696 lici
261 4644 361 4695 ter.
391 4641 582 4694 Amen.

875 4709 1030 4762 XLII.

539 4815 638 4854 PRO
675 4814 1014 4854 HONAS'FERIO
1052 4815 1353 4854 PRUHIENSI.

773 4890 946 4962 (Anno
985 4891 1134 4962 διδ.)

156 4975 497 5053 [Ηοιιιιιείιιι,
532 4980 674 5034 Hist.
707 4980 908 5035 Eccles.
945 4980 1168 5045 Trevir.,
1197 4990 1330 5034 tom.
1357 4981 1407 5048 ι,
1439 4998 1560 5052 pag.
1597 4981 1746 5053 166.]

231 5090 291 5145 In
321 5093 537 5148 nomine
553 5094 766 5148 Domini
787 5102 842 5147 et
864 5093 1158 5149 Salvatoris
1182 5095 1351 5148 nostri
1375 5093 1500 5148 Jesu
1523 5095 1745 5160 Christi,

161 5177 489 5255 Ludovicus,
513 5187 692 5240 divina
731 5188 1014 5242 ordinante
1062 5188 1417 5258 providentia,
1452 5188 1749 5256 imperator

161 5273 457 5346 Augustus.

236 5366 421 5441 [Dum]
463 5369 804 5423 sacerdotum
852 5381 908 5423 et
955 5385 1235 5426 servorum
1284 5368 1378 5423 Dei
1437 5368 1744 5437 petitiones,

163 5470 285 5524 quae
350 5458 506 5513 nobis
566 5473 663 5527 pro
717 5459 1130 5514 necessitatibus
1191 5459 1305 5514 suis
1360 5459 1746 5523 innotuerunt,

167 5547 234 5600 ad
292 5546 543 5603 eﬂ‘ectum
604 5550 946 5619 perducimus
977 5591 990 5615 ,
1036 5565 1144 5604 non
1193 5549 1367 5604 solum
1417 5546 1748 5618 imperialem

1854 4650 1936 4696 ter
1974 4640 2068 4694 Dei
2118 4638 2543 4693 misericordiam
2585 4653 2814 4694 exorare
2861 4638 3212 4695 delectentur.
3263 4641 3333 4697 Et
3377 4655 3437 4698 ut

1852 4734 1968 4787 ba:c
1992 4733 2288 4788 auctoritas
2313 4731 2516 4785 ﬁrmior
2541 4730 2822 4796 habeatur,
2839 4745 2901 4784 ac
2925 4737 3019 4800 per
3043 4741 3305 4802 tempora,
3325 4736 3432 4790 Do-

1850 4827 1998 4879 mino
2037 4824 2360 4893 opitulante,
2392 4822 2582 4877 melius
2610 4833 2978 4888 consert'etur,
3023 4840 3187 4879 manu
3214 4829 3432 4897 propria

1850 4914 2036 4969 subter
2065 4916 2412 4985 signavimus,
2453 4923 2506 4967 et
2545 4913 2727 4967 annuli
2759 4913 2930 4968 nostri
2977 4915 3328 4983 impressione
3363 4920 3436 4974 si-

1854 5009 2005 5078 gnari
2032 5007 2310 5076 jussimus.

1926 5099 2148 5169 Signum
2184 5098 2439 5152 Ludovici
2469 5113 2644 5152 sereu.
2676 5098 2805 5168 imp.
2839 5098 3083 5154 IIeliosar
3121 5104 3426 5171 recognovi.

1923 5193 2056 5244 Data
2093 5208 2151 5244 ιιι
2177 5189 2312 5245 Non.
2342 5191 2526 5253 Febr.,
2555 5206 2697 5245 anno
2728 5192 2982 5256 secundo,
3009 5189 3226 5247 Christo
3250 5195 3433 5262 propi-

1855 5281 1945 5345 tio,
1971 5281 2181 5348 imperii
2212 5281 2405 5345 nostri,
2437 5281 2619 5334 indict.
2645 5281 2695 5334 8.
2723 5281 2913 5335 Actum
2938 5281 3260 5351 Aquisgrani
3282 5284 3432 5353 pala-

1856 5371 1929 5424 tio
1955 5371 2122 5441 regio,
2150 5371 2203 5424 in
2235 5370 2326 5434 Dei
2354 5371 2568 5425 nomine
2601 5371 2847 5426 feliciter.
2873 5370 3067 5426 Amen.

239 5693 262 5719 ιι
297 5679 670 5733 Auctoritatem
716 5682 1084 5747 immanitatis,
1126 5691 1230 5737 etc.
1276 5682 1408 5738 Vide
1439 5695 1560 5736 eam
1590 5692 1754 5748 supra
1793 5673 1860 5729 ad
1912 5667 2456 5737 annum775,meuse
2476 5667 2764 5726 Novembri
2793 5667 3022 5742 (Patrol.
3050 5674 3430 5749 tom.XCl/.’!,

168 5749 266 5804 col.
304 5749 483 5820 1055).

491 5839 761 5898 I’aTttoL.
810 5840 959 5900 (ΣΝ.

2798 5833 2878 5894 3'3
