3936 6332
465 359 598 417 i055

489 579 590 618 Ριιο
627 579 864 618 HISPANIS
903 579 990 628 QUI
1031 580 1084 619 ιΝ
1126 581 1297 620 REGNO
1335 579 1652 620 FBANCORUI
1692 580 1999 620 ΙΙΛΧΕΒΛΝΤ.

573 674 750 747 [Apud
782 666 1364 765 BaluZium,-Capitul.,
1394 684 1524 730 tom.
1556 676 1597 740 l,
1629 691 1750 746 pag.
1782 673 1932 746 569.]

457 788 569 842 lloc
599 799 675 843 est
706 800 1022 860 praeceptum
1049 788 1395 860 concessionis
1425 789 1575 860 quod,
1595 787 1715 856 fecit
1744 786 2039 860 Ludovicus

523 856 805 928 imperator
843 856 1097 928 Hispanis
1130 861 1226 930 qui
1258 858 1327 912 ad
1360 875 1414 913 se
1436 856 1794 929 perfugerant
1835 856 2040 930 [contra

521 931 876 1000 oppressiones
906 929 1198 1000 comitum].

521 1019 578 1072 ln
607 1019 826 1073 nomine
866 1018 1078 1074 Domini
1123 1019 1220 1073 Dei
1259 1027 1314 1073 et
1349 1017 1646 1073 Salvatoris
1691 1017 1862 1072 nostri
1909 1015 2037 1072 .lesu

447 1110 682 1177 Christi,
731 1110 1064 1175 Ludovicus,
1111 1111 1292 1165 divina
1340 1111 1624 1165 ordinante
1671 1110 2035 1179 providenta,

445 1202 743 1270 imperator
762 1194 1055 1269 Augustus.

516 1290 712 1346 Notum
745 1291 815 1346 sit
848 1291 1100 1345 omnibus
1135 1290 1386 1345 ﬁdelibus
1425 1299 1628 1345 sancta:
1654 1291 1747 1345 Dei
1782 1290 2036 1346 Ecclesiaa

444 1391 499 1437 et
523 1381 744 1448 nostris,
787 1389 896 1436 tam
946 1383 1304 1451 praesentibus
1343 1399 1504 1453 quam
1555 1394 1610 1440 et
1654 1383 1885 1449 futuris,
1939 1399 2034 1439 seu

442 1474 607 1526 etiam
631 1472 1038 1528 successoribus
1069 1473 1293 1538 nostris,
1318 1474 1442 1542 quia
1472 1484 1758 1544 postquam
1786 1475 2031 1544 Hispani,

439 1567 532 1633 qui
566 1567 630 1621 de
664 1573 927 1635 potestate
970 1563 1369 1619 Saracenorum
1417 1581 1474 1620 se
1519 1567 1931 1632 subtraxerunt,
1980 1576 2034 1622 et

440 1656 506 1710 ad
534 1663 775 1710 nostram
798 1671 892 1710 seu
918 1656 1177 1726 genitoris
1206 1657 1378 1710 nostri
1406 1657 1562 1712 tidem
1587 1673 1644 1712 se
1666 1659 2029 1722 contulerunt,

436 1754 492 1800 et
519 1753 849 1816 prxceptum
876 1746 1214 1800 auctoritatis
1240 1755 1461 1812 nostrae,
1492 1748 1726 1816 qualiter
1766 1749 1819 1802 in
1862 1764 2029 1818 regno

1591 359 1917 416 LUDOVICI
1954 359 1975 414 ι
2011 356 2482 416 COGNOMENTO
2523 360 2605 415 Pll

2074 477 2122 535 Α
2153 456 2336 526 nostra
2366 483 2571 543 septem
2608 483 2873 544 praecepta
2901 491 3006 529 uno
3037 484 3223 530 tenore
3249 477 3606 534 conscribere
3625 480 3742 549 jus-

3612 371 3739 422 1033i

2146 563 2356 620 simus:
2389 580 2620 644 quorum
2660 583 2822 644 unum
2860 568 2912 620 in
2948 567 3222 632 Narbona,
3251 569 3486 623 alterum
3521 571 3574 624 in
3615 570 3742 627 Car-

2145 668 2390 720 cassona,
2417 640 2636 710 tertium
2660 640 2713 709 in
2737 656 3064 722 Rosciliona,
3092 667 3346 729 quartum
3373 660 3424 713 in
3449 661 3738 731 Empuriis,

2142 744 2391 815 quintum
2437 747 2492 801 in
2536 746 2898 813 Barchinona,
2932 757 3143 802 sextum
3176 749 3229 803 in
3267 749 3542 814 Gerunda,
3571 751 3743 823 septi;

2143 851 2289 892 mum
2335 839 2388 892 in
2439 838 2666 893 Biterris
2712 839 2900 894 haberi
2952 839 3328 910 praecepimus,
3374 851 3428 895 et
3465 841 3742 912 exemplar

2141 939 2325 981 eorum
2354 929 2407 982 in
2446 929 2667 984 archivo
2691 929 2877 998 palatii
2909 930 3100 994 nostri,
3149 939 3207 984 ut
3233 931 3481 999 pmdicti
3512 931 3736 1001 Hispani

2141 1017 2210 1071 ab
2247 1017 2352 1073 illis
2381 1029 2587 1089 septem
2624 1021 2954 1091 exemplaria
3003 1023 3254 1090 accipere
3298 1030 3353 1074 et
3386 1023 3591 1078 habere
3616 1039 3742 1094 pos-

2140 1109 2266 1173 sint,
2299 1117 2355 1163 et
2379 1125 2475 1180 per
2504 1112 2784 1180 exemplar
2817 1114 2958 1181 quod
3003 1113 3054 1166 in
3081 1111 3287 1181 palatio
3327 1115 3654 1180 retinemus,
3694 1116 3740 1170 si

2144 1215 2358 1254 rursum
2408 1201 2625 1269 querela
2671 1203 2829 1257 nobis
2872 1203 3050 1256 delata
3083 1203 3269 1268 fuerit,
3314 1201 3529 1258 facilius
3565 1205 3739 1273 possit

2139 1277 2373 1347 deﬁniri.
2420 1294 2488 1348 Et
2532 1303 2591 1348 ut
2621 1296 2737 1349 hate
2782 1303 2983 1351 nostrae
3023 1283 3362 1350 auctoritatis
3414 1297 3738 1352 constitutio

2138 1382 2433 1439 ﬁrmiorem
2475 1385 2718 1439 obtineat
2762 1385 3027 1455 vigorem,
3067 1396 3121 1440 et
3161 1403 3192 1440 a
3240 1386 3493 1442 ﬁdelibus
3519 1397 3738 1443 sancta:

2136 1475 2231 1530 Dei
2267 1475 2523 1530 Ecclesiae
2548 1477 2756 1546 plenius
2779 1493 2877 1547 per
2903 1487 3144 1548 tempora
3167 1487 3541 1539 conservetur.
3573 1495 3735 1534 manu

2135 1566 2353 1634 propria
2385 1566 2573 1620 subter
2601 1566 2962 1632 ﬁrmavimus,
2999 1575 3053 1623 et
3086 1568 3270 1622 annuli
3301 1569 3472 1623 nostri
3507 1570 3737 1638 impres-

2135 1657 2284 1711 sione
2305 1657 2507 1726 signari
2533 1657 2815 1727 jnssimus.

2208 1744 2433 1814 Signum
2458 1746 2640 1800 domni
2668 1745 2924 1800 Ludovici
2965 1746 3300 1800 serenissimi
3325 1747 3694 1817 imperatoris.

436 1846 626 1894 nostro
665 1855 787 1894 cum
831 1840 944 1894 suis
988 1839 1278 1895 comitibus
1326 1841 1639 1895 conversari
1685 1852 1738 1897 et
1780 1850 2022 1896 nostrum
2055 1831 2100 1888 Β
2197 1833 2471 1889 Arnaldus
2501 1834 2569 1889 ad
2607 1835 2781 1890 vicem
2822 1833 3143 1889 HeliSachar
3177 1837 3517 1904 recognovit.

435 1928 716 1982 servitium
753 1941 1014 1999 peragere
1058 1927 1340 1994 deberent,
1391 1930 1630 1985 scribere
1677 1941 1744 1988 et:
1778 1930 1858 1986 eis
1901 1931 2030 1985 dare

430 2019 711 2090 iussimus,
755 2020 1148 2089 querimoniam
1185 2019 1348 2089 aliqui
1377 2034 1440 2074 ex
1485 2020 1618 2089 ipsis
1643 2021 1897 2091 Hispanis
1932 2035 2029 2075 no-

433 2110 566 2166 stris
603 2109 823 2165 auribus
861 2109 1170 2174 detulerunt
1209 2109 1314 2164 duo
1345 2110 1580 2178 capitula
1620 2111 2022 2174 continentem;

435 2216 664 2271 quorum
717 2216 881 2254 unum
927 2207 1010 2254 est
1045 2199 1190 2269 quod
1241 2200 1458 2269 quando
1499 2199 1658 2254 iidem
1712 2199 1936 2269 Hispani
1973 2200 2026 2252 in

435 2300 681 2346 nostrum
703 2306 926 2361 regnum
950 2296 1233 2354 venerunt,
1267 2297 1321 2344 et
1339 2288 1515 2343 locum
1541 2288 1836 2355 desertum,
1865 2302 2022 2356 quem

433 2384 501 2437 ad
527 2382 880 2437 habitandum
905 2390 1326 2451 occupaverunt,
1361 2395 1457 2450 per
1480 2389 1812 2450 pratceptum
1843 2378 2023 2433 domni

432 2481 487 2526 et
517 2473 778 2544 genitoris
814 2471 985 2526 nostri
1017 2486 1081 2525 ac
1108 2479 1356 2524 nostrum
1395 2471 1498 2525 sibi
1526 2485 1589 2524 ac
1620 2469 2026 2524 successoribus

431 2562 545 2617 suis
589 2561 657 2616 ad
700 2561 1084 2631 possidendum
1132 2560 1312 2630 adepti
1363 2567 1511 2624 sunt,
1554 2560 1607 2614 hi
1640 2559 1730 2629 qui
1768 2560 1911 2613 inter
1932 2573 2026 2614 eos

433 2651 664 2723 majores
690 2661 745 2708 et
789 2653 1123 2723 potentiores
1153 2658 1309 2706 erant
1341 2651 1408 2706 ad
1435 2651 1694 2721 palatium
1725 2652 2021 2716 venientes,

430 2747 533 2817 ipsi
565 2755 833 2818 przecepta
862 2745 1063 2817 regalia
1091 2753 1466 2814 susceperunt,
1516 2745 1710 2813 quibus
1737 2744 2019 2813 susceptis,

427 2854 525 2893 eos
553 2838 643 2908 qui
675 2838 817 2892 inter
839 2836 958 2891 illos
1002 2837 1239 2890 minores
1274 2843 1328 2888 et
1355 2833 1682 2889 inﬁrmiores
1707 2843 1878 2895 erant,
1906 2834 2024 2888 loca

430 2937 612 2984 tamen
646 2944 747 2984 sua
792 2928 930 2983 bene
960 2926 1263 2981 excoluisse
1299 2926 1642 2991 videbantur,
1673 2939 1772 2994 per
1810 2923 2022 2984 illorum

429 3029 819 3091 praeceptorum
873 3019 1277 3082 auctoritatem,
1328 3025 1422 3071 aut
1464 3019 1684 3086 penitus
1720 3016 1787 3069 ab
1817 3016 2024 3071 eisdem

433 3111 569 3166 locis
596 3109 891 3179 depellere,
921 3118 1013 3163 aut
1037 3107 1138 3163 sibi
1165 3108 1230 3162 ad
1253 3107 1533 3162 servitium
1558 3103 1821 3174 subjicere
1845 3106 2023 3161 conati

2206 1926 2340 1981 Data
2363 1943 2416 1981 iv
2435 1927 2559 1982 ldus
2579 1926 2880 1992 Februarii,
2900 1942 3063 1992 anno,
3090 1926 3310 1981 Christo
3337 1927 3598 1996 propitio,
3625 1934 3732 1981 ter-

2134 2017 2208 2072 tio
2237 2016 2453 2088 imperii
2493 2016 2675 2071 domni
2721 2016 2980 2072 Ludovici
3027 2015 3254 2085 piissimi
3302 2016 3556 2088 Augusti,
3596 2017 3733 2070 indi-

2131 2112 2312 2166 ctione
2360 2113 2412 2167 9.
2458 2110 2651 2166 Actum
2693 2110 3022 2184 Aquisgrani
3059 2106 3265 2182 palatio
3309 2112 3482 2183 regio,
3537 2111 3591 2165 in
3635 2110 3730 2165 Dei

2132 2204 2349 2259 nomine
2379 2203 2632 2258 feliciter.
2663 2203 2856 2257 Amen.

2834 2295 3014 2350 XLIV.

2510 2425 2611 2464 PRO
2649 2424 3032 2464 IATISCONENSI
3071 2425 3322 2465 ECCLESIA

2735 2519 2913 2590 (Anno
2963 2519 3112 2591 816.)

2133 2633 2308 2706 [Apud
2333 2635 2395 2690 D.
2429 2635 2717 2704 Bouquet.,
2748 2633 2902 2698 ibid.,
2932 2648 3056 2705 pag.
3102 2633 3228 2698 487,
3258 2647 3323 2688 ex
3372 2635 3629 2689 instrnm.
3658 2637 3723 2692 ad

2349 2733 2479 2780 tom.
2509 2725 2577 2779 1V
2609 2722 2799 2779 Gallice
2825 2723 3166 2789 Christianw,
3210 2723 3315 2777 col.
3358 2723 3513 2798 265.]

2198 2835 2256 2889 in
2284 2835 2500 2889 nomine
2530 2833 2744 2888 Domini
2786 2831 2881 2887 Dei
2926 2843 2981 2888 et
3026 2832 3328 2889 Salvatoris
3372 2837 3551 2890 nostri
3595 2835 3722 2892 Jesu

2129 2923 2353 2990 Christi,
2371 2925 2702 2990 Ludovicus,
2719 2924 2902 2980 divina
2917 2920 3206 2982 ordinante
3218 2929 3594 2996 providentia,
3625 2932 3722 2986 im—

2128 3028 2345 3089 perator
2381 3017 2674 3089 Angustus.

2198 3107 2419 3164 Noverit
2454 3099 2660 3165 utilitas
2701 3110 2944 3166 ﬁdelium
2974 3122 3309 3181 nostrorum,
3355 3119 3615 3173 comitum
3647 3119 3725 3173 vi-

431 3211 575 3257 sunt.
609 3185 851 3254 Alterum
880 3206 981 3265 est,
1012 3197 1154 3267 quod
1183 3197 1345 3252 simili
1376 3198 1537 3252 modo
1561 3195 1625 3251 de
1646 3195 1901 3267 Hispania
1930 3210 2023 3250 ve-
2052 3177 2096 3239 (εἶ
2128 3202 2326 3258 delieet
2345 3212 2399 3257 et
2421 3203 2757 3259 vassalorum
2781 3215 3120 3273 nostrorum,
3147 3209 3260 3263 sive
3281 3219 3338 3265 et
3365 3212 3717 3274 vicariorum.

430 3297 666 3360 nientes,
699 3305 752 3350 et
788 3295 853 3348 ad
883 3294 1109 3348 comites
1139 3293 1252 3347 sive
1288 3307 1476 3346 vassos
1502 3298 1717 3346 nostros
1745 3291 1828 3346 vel
1855 3291 2019 3345 etiam

428 3386 497 3440 ad
527 3401 712 3441 vassos
737 3385 995 3440 comitum
1025 3400 1083 3440 se
1113 3385 1653 3449 commendaverunt,
1684 3392 1738 3438 et
1769 3384 1837 3438 ad
1865 3383 2021 3438 habi-

429 3477 651 3531 tandum
683 3486 842 3546 atque
868 3472 1226 3532 excolendum
1258 3476 1473 3530 deserta
1503 3475 1620 3528 loca
1660 3483 2018 3543 acceperunt;

428 3585 550 3638 qua:
573 3569 664 3622 ubi
687 3569 753 3623 ab
779 3568 859 3622 eis
887 3566 1101 3621 exculta
1143 3574 1288 3631 sunt,
1321 3581 1386 3621 ex
1419 3564 1749 3635 quibuslibet
1775 3565 2018 3620 occasio-

429 3660 588 3714 nibus
611 3674 704 3714 eos
735 3658 859 3712 inde
884 3656 1176 3727 expellere,
1208 3666 1262 3712 et
1291 3658 1359 3710 ad
1389 3670 1525 3725 opus
1563 3655 1841 3725 proprium
1892 3656 2023 3710 reti-

431 3765 580 3813 nere,
632 3759 724 3803 aut
770 3748 890 3803 aliis
937 3756 1161 3818 propter
1206 3748 1488 3818 praemium
1536 3748 1664 3801 dare
1715 3747 2018 3800 voluerunt.

343 3857 346 3860 '
430 3841 672 3907 Quorum
717 3848 970 3894 neutrum
1008 3838 1216 3906 justum
1250 3847 1342 3891 aut
1373 3836 1691 3891 rationabile
1727 3836 1882 3890 nobis
1903 3851 2024 3890 esse

428 3935 662 3989 videtur.
691 3932 756 3986 Et
786 3932 907 3986 ideo
928 3944 1026 4000 per
1053 3931 1194 3984 hanc
1219 3936 1415 3983 nostra:
1439 3928 1817 3998 praeceptionis
1840 3935 2024 3981 aucto-

432 4025 648 4078 ritatem
699 4022 1041 4079 decernimus
1095 4030 1258 4089 atque
1290 4017 1562 4087 jubemus,
1617 4026 1677 4072 ut
1723 4018 1776 4071 hi
1819 4017 1908 4087 qui
1939 4016 2026 4071 vel

429 4123 676 4170 nostrum
717 4113 803 4167 vel
841 4111 1025 4167 domni
1072 4120 1127 4166 et
1170 4111 1432 4181 genitoris
1470 4110 1643 4165 nostri
1698 4117 2025 4180 praeceptum

429 4207 676 4277 accipere
703 4211 1034 4267 meruerunt,
1076 4201 1180 4256 hoc
1231 4201 1374 4270 quod
1427 4200 1530 4270 ipsi
1581 4215 1703 4254 cum
1765 4199 1878 4254 suis
1928 4199 2026 4254 ho-

430 4297 664 4352 minibus
714 4296 780 4350 de
829 4295 1044 4350 deserto
1095 4291 1470 4358 exeoluerunt,
1501 4308 1598 4362 per
1632 4300 1872 4347 uestram
1898 4306 2025 4346 con-

428 4388 728 4442 cessionem
790 4384 1047 4440 habeant.
1105 4381 1298 4438 Czcteri
1347 4397 1477 4436 vero
1539 4381 1632 4450 qui
1688 4381 1849 4436 simul
1900 4396 2024 4435 cum

427 4480 510 4534 eis
559 4485 821 4535 venerunt
868 4486 924 4531 et
975 4476 1091 4530 loca
1124 4475 1339 4530 deserta
1391 4480 1814 4543 occupaverunt,
1869 4472 2026 4541 quid-

427 4571 559 4640 quid
598 4570 664 4625 de
712 4568 912 4624 inculto
944 4568 1327 4632 excoluerunt,
1373 4567 1577 4636 absque
1621 4566 1782 4620 ullius
1812 4567 2022 4635 inquie—

430 4662 615 4718 tudine
665 4662 997 4732 possideant,
1052 4669 1160 4714 tam
1210 4659 1310 4729 ipsi
1365 4673 1526 4728 quam
1574 4658 1786 4712 illorum
1841 4665 2019 4727 poste-

431 4753 591 4816 ritas;
623 4752 695 4805 ita
728 4752 993 4806 duntaxat
1040 4757 1100 4804 ut
1144 4750 1423 4804 servitium
1471 4759 1717 4803 nostrum
1755 4763 1878 4802 cum
1929 4747 2018 4801 illo

431 4843 524 4911 qui
554 4843 726 4911 ipsum
752 4850 1080 4912 praeceptum
1110 4839 1346 4908 accepit,
1381 4854 1477 4908 pro
1522 4838 1681 4893 modo
1722 4838 2019 4907 possessio-

432 4936 517 4990 nis
547 4950 710 5005 quam
742 4943 905 4999 tenet,
939 4931 1119 4986 iacere
1159 4932 1372 4986 debeat.
1417 4929 1482 4983 Hi
1514 4945 1640 4984 vero
1692 4930 1783 4997 qui
1829 4937 2017 4999 postea

431 5036 717 5091 venerunt,
769 5035 824 5082 et
873 5040 930 5080 se
970 5032 1063 5078 aut
1115 5023 1424 5085 comitibus,
1473 5030 1566 5073 aut
1595 5021 1768 5074 vassis
1799 5018 2018 5084 nostris,

428 5129 525 5172 ant
553 5120 775 5188 paribus
803 5119 914 5172 suis
942 5134 998 5172 se
1021 5116 1558 5177 commendaverunt,
1581 5121 1636 5166 et
1658 5113 1724 5168 ab
1747 5101 1825 5168 eis
1849 5123 2023 5169 terras

434 5209 501 5261 ad
538 5205 893 5261 habitandum
939 5213 1283 5276 acceperunt,
1321 5205 1422 5260 sub
1471 5202 1613 5272 quali
1646 5202 2022 5258 convenientia

436 5308 598 5364 atque
627 5295 935 5350 conditione
974 5303 1318 5365 acceperunt,
1353 5294 1443 5347 tali
1489 5309 1581 5347 eas
1621 5294 1674 5346 in
1705 5291 1945 5347 futurum
1970 5303 2026 5348 et

436 5387 536 5454 ipsi
593 5386 936 5456 possideant,
995 5393 1049 5440 et
1105 5399 1213 5439 sure
1266 5386 1566 5453 posteritati
1626 5385 2019 5452 derelinquant.

437 5478 550 5530 Hoc
580 5485 776 5531 nostra:
811 5476 1147 5532 auctoritatis
1187 5475 1465 5529 decretum
1509 5492 1617 5530 non
1665 5475 1840 5530 solum
1895 5489 2022 5543 erga

434 5567 737 5635 praiteritos
777 5576 830 5621 et
861 5574 1176 5636 praesentes,
1207 5581 1392 5620 verum
1425 5565 1587 5620 etiam
1637 5581 1765 5635 erga
1812 5563 2023 5619 futuros

436 5657 525 5724 qui
549 5657 723 5711 adhuc
747 5670 813 5711 ex
845 5655 950 5709 illis
973 5655 1221 5725 partibus
1260 5656 1328 5709 ad
1357 5665 1601 5710 nostram
1627 5654 1785 5709 ﬁdem
1809 5655 2020 5709 venturi

439 5757 582 5811 sinit,
611 5747 1037 5802 conservandum
1066 5746 1376 5813 statuimus,
1410 5746 1474 5801 de
1504 5745 1603 5800 hac
1635 5745 2021 5801 constitutione

2050 4523 2103 4583 D

2125 3294 2584 3361 centenariorum,
2621 3293 2708 3350 vel
2747 3297 3040 3353 missorum
3071 3314 3171 3368 per
3215 3301 3508 3371 imperium
3548 3319 3578 3356 a
3609 3303 3720 3357 Deo

2125 3387 2282 3441 nobis
2328 3386 2582 3442 collatum
2619 3387 3063 3454 discurrentium,
3109 3391 3236 3461 quia
3267 3392 3353 3446 vir
3386 3394 3720 3448 venerabilis

2125 3475 2476 3533 Hildebaldus‘
2500 3477 2916 3534 Matisconensis
2939 3479 3183 3535 ecclesia:
3204 3482 3492 3551 episcopus
3524 3483 3719 3552 depre-

2129 3577 2284 3623 catus
2319 3576 2404 3623 est
2436 3569 2808 3624 celsitudinem
2837 3570 3090 3625 culminis
3133 3572 3330 3637 nostri,
3363 3581 3424 3625 ut
3451 3573 3718 3634 ecclesiae,

2127 3657 2237 3722 cui,
2262 3655 2373 3712 Deo
2397 3665 2634 3724 auctore,
2665 3658 2951 3727 episcopus
2973 3669 3189 3729 prmest,
3209 3671 3329 3730 quae
3356 3671 3441 3716 est
3472 3672 3722 3717 constru-

2126 3755 2214 3802 cta
2241 3748 2296 3802 in
2333 3748 2535 3802 honore
2567 3749 2742 3802 sancti
2780 3748 3053 3805 Vincentii
3091 3753 3369 3822 martyris,
3406 3769 3602 3808 omnes
3631 3755 3726 3824 qui

2127 3837 2391 3893 beneﬁcia
2421 3853 2488 3892 ex
2519 3838 2706 3893 eadem
2742 3839 2981 3895 ecclesia
3001 3831 3295 3905 habebant,
3331 3857 3503 3896 nonas
3540 3851 3594 3897 et
3630 3845 3726 3898 de-

2129 3928 2300 3982 cimas
2324 3928 2478 3981 annis
2507 3928 2732 3997 singulis
2767 3928 2835 3983 de
2875 3929 3080 3983 eisdem
3109 3928 3391 3986 beneﬁciis
3421 3931 3637 3994 darent,
3668 3941 3726 3986 et

2129 4021 2196 4076 ad
2219 4020 2444 4076 aediﬁcia
2483 4021 2653 4090 ipsius
2698 4021 2941 4078 ecclesia:
2979 4025 3337 4080 restauranda
3365 4027 3527 4096 juxta
3575 4029 3724 4082 vires

2128 4126 2286 4180 opem
2341 4106 2565 4166 terrent.
2623 4111 2778 4178 Quod
2827 4129 2928 4170 nos
2985 4116 3281 4170 secundum
3327 4115 3638 4184 jussion:m
3693 4135 3726 4173 ι

2129 4199 2328 4254 domno
2349 4199 2674 4270 imperatore
2694 4202 2809 4272 jam
2834 4202 3034 4257 dudum
3064 4202 3265 4258 factam
3295 4207 3554 4262 omnibus
3583 4223 3729 4277 praes

2128 4289 2376 4359 cipimus,
2418 4299 2582 4360 atque
2623 4293 2784 4347 modo
2829 4308 2926 4362 per
2976 4295 3075 4349 has
3116 4295 3327 4350 litteras
3359 4296 3624 4364 jubemus
3669 4309 3726 4354 et

2127 4380 2512 4437 conﬁrmantes
2542 4383 3001 4461 commendamus,
3053 4395 3115 4441 ut
3155 4388 3467 4458 quicunque
3496 4405 3565 4445 ex
3615 4392 3730 4445 lar-

2129 4471 2328 4538 gitione
2356 4478 2542 4525 nostra
2571 4474 2636 4528 de
2665 4473 2828 4528 terris
2876 4473 3115 4544 prmfatze
3157 4477 3417 4538 θεοιθεῑω
3450 4479 3727 4535 beneﬁcia

2131 4560 2353 4624 habent,
2403 4576 2575 4615 nonas
2604 4571 2661 4616 et
2703 4563 2943 4619 decimas
2986 4567 3142 4620 annis
3187 4551 3414 4638 singulis
3452 4569 3728 4638 praedicto

2132 4651 2386 4720 episcopo
2411 4651 2727 4706 Hildebaldo
2768 4667 2863 4707 seu
2907 4655 3311 4710 successoribus
3352 4658 3467 4712 suis
3510 4660 3727 4729 absque

2131 4742 2238 4795 ulla
2258 4745 2645 4798 contrarietate
2676 4753 2732 4799 et
2769 4745 3092 4816 negligentia
3120 4748 3249 4802 dare
3271 4763 3378 4802 non
3405 4749 3721 4821 negligant;

2129 4843 2183 4889 et
2221 4835 2288 4889 ad
2317 4836 2506 4890 domos
2531 4836 2699 4906 ipsius
2731 4837 2975 4901 ecclesia:
3004 4840 3388 4894 restaurandas
3418 4844 3725 4912 unusquis-

2129 4941 2232 4995 que
2256 4942 2353 4996 pro
2393 4927 2599 4982 viribus
2628 4928 2740 4982 suis
2772 4925 3102 4996 adiutorium
3141 4928 3433 4984 ferre'non
3461 4931 3719 4998 differat;

2127 5025 2180 5071 et
2209 5016 2387 5070 nullus
2436 5016 2662 5084 quilibet
2710 5017 2776 5072 de
2825 5017 2999 5081 vobis,
3047 5017 3138 5087 qui
3178 5017 3416 5087 praefatae
3465 5021 3725 5078 ecclesia:

2127 5105 2384 5160 beneﬁcia
2409 5105 2622 5184 habetis
2656 5113 2846 5161 contra
2896 5107 2998 5162 hoc
3038 5107 3302 5177 jnssionis
3342 5119 3542 5164 nostra!
3575 5125 3726 5179 prae-

2126 5204 2340 5265 ceptum
2368 5193 2546 5250 facere
2587 5205 2916 5265 praesumat:
2953 5197 3045 5251 sed
3075 5198 3127 5251 in
3180 5200 3433 5253 omnibus
3473 5201 3547 5253 ita
3581 5202 3724 5258 illud

2126 5287 2396 5350 observet,
2428 5285 2567 5340 sicut
2608 5301 2637 5338 a
2665 5286 2820 5340 nobis
2844 5285 3054 5353 jussum
3083 5297 3188 5352 est,
3240 5296 3294 5342 et
3326 5290 3465 5342 sicut
3509 5288 3613 5343 Dei
3665 5305 3726 5346 et

2127 5384 2366 5429 nostram
2397 5375 2627 5445 gratiam
2657 5374 2741 5429 vel
2775 5375 2950 5445 ipsum
2988 5376 3308 5431 beneﬁcium
3347 5378 3547 5432 habere
3572 5381 3720 5435 vult.

2127 5465 2198 5519 Et
2240 5475 2300 5519 ut
2346 5463 2546 5519 certius
2582 5465 2818 5520 credatis
2855 5466 2995 5520 hanc
3034 5475 3287 5521 nostram
3333 5481 3455 5522 esse
3496 5466 3724 5534 jussio-

2128 5573 2270 5623 nem,
2303 5566 2357 5613 et
2390 5574 2420 5612 a
2457 5558 2609 5613 vobis
2652 5557 2844 5612 melius
2872 5567 3245 5624 conservetur,
3292 5560 3358 5614 de
3384 5559 3587 5615 annulo
3621 5577 3723 5618 no-

2127 5660 2240 5706 stro
2265 5649 2524 5720 jussimns
2561 5648 2804 5718 sigillari.

2197 5741 2327 5796 Data
2366 5756 2416 5795 Iv
2441 5740 2564 5796 ldus
2603 5739 2904 5806 Februarii,
2943 5754 3105 5806 anno,
3133 5737 3355 5797 Christo
3382 5739 3644 5812 propitio,
3684 5745 3721 5800 5
