  <div class='ocr_page' id='page_1' title='image "/cluster/home/n/w/nwhite01/storage/ocr_20150623/104/uva.x000827061/526.png"; bbox 0 0 3936 6328; ppageno 0'>
   <div class='ocr_carea' id='block_1_1' title="bbox 168 357 307 426">
    <p class='ocr_par' dir='ltr' id='par_1_1' title="bbox 168 357 307 426">
     <span class='ocr_line' id='line_1_1' title="bbox 168 357 307 426; baseline 0.007 -1"><span class='ocrx_word' id='word_1_1' title='bbox 168 357 307 426; x_wconf 63' lang='grc' dir='ltr'>ιοδῖ</span> 
     </span>
    </p>
   </div>
   <div class='ocr_carea' id='block_1_2' title="bbox 1315 357 2292 416">
    <p class='ocr_par' dir='ltr' id='par_1_2' title="bbox 1315 357 2292 416">
     <span class='ocr_line' id='line_1_2' title="bbox 1315 357 2292 416; baseline -0.004 0"><span class='ocrx_word' id='word_1_2' title='bbox 1315 358 1702 416; x_wconf 73' lang='lat' dir='ltr'>DlPLOMATA</span> <span class='ocrx_word' id='word_1_3' title='bbox 1743 357 2292 415; x_wconf 75' lang='lat' dir='ltr'>ECCLESIAS&#39;IICA.</span> 
     </span>
    </p>
   </div>
   <div class='ocr_carea' id='block_1_3' title="bbox 3292 353 3427 416">
    <p class='ocr_par' dir='ltr' id='par_1_3' title="bbox 3292 353 3427 416">
     <span class='ocr_line' id='line_1_3' title="bbox 3292 353 3427 416; baseline 0.022 -2"><span class='ocrx_word' id='word_1_4' title='bbox 3292 353 3427 416; x_wconf 66' lang='grc' dir='ltr'>ωδε</span> 
     </span>
    </p>
   </div>
   <div class='ocr_carea' id='block_1_4' title="bbox 167 466 3433 552">
    <p class='ocr_par' dir='ltr' id='par_1_4' title="bbox 167 466 3433 552">
     <span class='ocr_line' id='line_1_4' title="bbox 167 466 3433 552; baseline -0.004 -14"><span class='ocrx_word' id='word_1_5' title='bbox 167 477 854 552; x_wconf 82' lang='lat' dir='ltr'>imperiidomniLudovici</span> <span class='ocrx_word' id='word_1_6' title='bbox 877 475 1104 546; x_wconf 85' lang='lat' dir='ltr'>piissimi</span> <span class='ocrx_word' id='word_1_7' title='bbox 1126 469 1684 542; x_wconf 82' lang='lat' dir='ltr'>Augusti,indictionc</span> <span class='ocrx_word' id='word_1_8' title='bbox 1699 469 1751 521; x_wconf 85' lang='lat'>9.</span> <span class='ocrx_word' id='word_1_9' title='bbox 1783 476 1832 531; x_wconf 83' lang='grc' dir='ltr'>Α</span> <span class='ocrx_word' id='word_1_10' title='bbox 1862 466 2006 531; x_wconf 88' lang='lat' dir='ltr'>terit,</span> <span class='ocrx_word' id='word_1_11' title='bbox 2037 475 2205 521; x_wconf 89' lang='lat' dir='ltr'>totum</span> <span class='ocrx_word' id='word_1_12' title='bbox 2250 482 2348 522; x_wconf 87' lang='lat' dir='ltr'>nos</span> <span class='ocrx_word' id='word_1_13' title='bbox 2376 483 2473 537; x_wconf 89' lang='lat' dir='ltr'>pro</span> <span class='ocrx_word' id='word_1_14' title='bbox 2504 476 2703 523; x_wconf 58' lang='lat' dir='ltr'>aeterna</span> <span class='ocrx_word' id='word_1_15' title='bbox 2752 474 3183 522; x_wconf 78' lang='lat' dir='ltr'>t&#39;eniuncratmne</span> <span class='ocrx_word' id='word_1_16' title='bbox 3208 467 3433 538; x_wconf 82' lang='lat' dir='ltr'>praefato</span> 
     </span>
    </p>
   </div>
   <div class='ocr_carea' id='block_1_5' title="bbox 165 560 1604 640">
    <p class='ocr_par' dir='ltr' id='par_1_5' title="bbox 165 560 1604 640">
     <span class='ocr_line' id='line_1_5' title="bbox 165 560 1604 640; baseline -0.011 -12"><span class='ocrx_word' id='word_1_17' title='bbox 165 574 366 627; x_wconf 81' lang='lat' dir='ltr'>Actum</span> <span class='ocrx_word' id='word_1_18' title='bbox 399 569 719 640; x_wconf 82' lang='lat' dir='ltr'>Aquisgrani</span> <span class='ocrx_word' id='word_1_19' title='bbox 749 567 948 637; x_wconf 77' lang='lat' dir='ltr'>palatio</span> <span class='ocrx_word' id='word_1_20' title='bbox 977 565 1124 634; x_wconf 80' lang='lat' dir='ltr'>regio</span> <span class='ocrx_word' id='word_1_21' title='bbox 1151 564 1206 617; x_wconf 92' lang='lat' dir='ltr'>in</span> <span class='ocrx_word' id='word_1_22' title='bbox 1238 562 1330 615; x_wconf 88' lang='lat' dir='ltr'>Dci</span> <span class='ocrx_word' id='word_1_23' title='bbox 1366 560 1604 615; x_wconf 88' lang='lat' dir='ltr'>nomine.</span> 
     </span>
    </p>
   </div>
   <div class='ocr_carea' id='block_1_6' title="bbox 886 665 1046 720">
    <p class='ocr_par' dir='ltr' id='par_1_6' title="bbox 886 665 1046 720">
     <span class='ocr_line' id='line_1_6' title="bbox 886 665 1046 720; baseline -0.019 -1"><span class='ocrx_word' id='word_1_24' title='bbox 886 665 1046 720; x_wconf 76' lang='lat' dir='ltr'>XLV.</span> 
     </span>
    </p>
   </div>
   <div class='ocr_carea' id='block_1_7' title="bbox 168 763 1755 812">
    <p class='ocr_par' dir='ltr' id='par_1_7' title="bbox 168 763 1755 812">
     <span class='ocr_line' id='line_1_7' title="bbox 168 763 1755 812; baseline -0.007 1"><span class='ocrx_word' id='word_1_25' title='bbox 168 774 276 812; x_wconf 66' lang='lat' dir='ltr'>PRO</span> <span class='ocrx_word' id='word_1_26' title='bbox 317 771 650 812; x_wconf 66' lang='lat' dir='ltr'>UONASTERU)</span> <span class='ocrx_word' id='word_1_27' title='bbox 690 771 878 810; x_wconf 59' lang='lat' dir='ltr'>SANCTI</span> <span class='ocrx_word' id='word_1_28' title='bbox 919 769 1123 807; x_wconf 68' lang='lat' dir='ltr'>lllLARll</span> <span class='ocrx_word' id='word_1_29' title='bbox 1162 769 1212 805; x_wconf 62' lang='lat' dir='ltr'>LV</span> <span class='ocrx_word' id='word_1_30' title='bbox 1263 763 1492 805; x_wconf 68' lang='lat' dir='ltr'>DltECESl</span> <span class='ocrx_word' id='word_1_31' title='bbox 1531 763 1755 802; x_wconf 72' lang='lat' dir='ltr'>CABCAS-</span> 
     </span>
    </p>
   </div>
   <div class='ocr_carea' id='block_1_8' title="bbox 848 839 1082 877">
    <p class='ocr_par' dir='ltr' id='par_1_8' title="bbox 848 839 1082 877">
     <span class='ocr_line' id='line_1_8' title="bbox 848 839 1082 877; baseline -0.004 0"><span class='ocrx_word' id='word_1_32' title='bbox 848 839 1082 877; x_wconf 63' lang='lat' dir='ltr'>SO‘IFNSI.</span> 
     </span>
    </p>
   </div>
   <div class='ocr_carea' id='block_1_9' title="bbox 795 911 1153 986">
    <p class='ocr_par' dir='ltr' id='par_1_9' title="bbox 795 911 1153 986">
     <span class='ocr_line' id='line_1_9' title="bbox 795 911 1153 986; baseline -0.006 -20"><span class='ocrx_word' id='word_1_33' title='bbox 795 915 968 986; x_wconf 78' lang='lat' dir='ltr'>(Anno</span> <span class='ocrx_word' id='word_1_34' title='bbox 1005 911 1153 983; x_wconf 67' lang='lat'>816.)</span> 
     </span>
    </p>
   </div>
   <div class='ocr_carea' id='block_1_10' title="bbox 169 995 1752 1142">
    <p class='ocr_par' dir='ltr' id='par_1_10' title="bbox 169 995 1752 1142">
     <span class='ocr_line' id='line_1_10' title="bbox 169 995 1752 1142; baseline -0.007 -82"><span class='ocrx_word' id='word_1_35' title='bbox 169 1005 412 1078; x_wconf 83' lang='lat' dir='ltr'>[Baluz.,</span> <span class='ocrx_word' id='word_1_36' title='bbox 442 1004 698 1077; x_wconf 82' lang='lat' dir='ltr'>Capitul.,</span> <span class='ocrx_word' id='word_1_37' title='bbox 729 1001 1105 1142; x_wconf 48' lang='lat' dir='ltr'>tomiiltrpa&#39;g.</span> <span class='ocrx_word' id='word_1_38' title='bbox 1139 999 1295 1064; x_wconf 72' lang='grc'>1409,</span> <span class='ocrx_word' id='word_1_39' title='bbox 1333 1013 1398 1052; x_wconf 81' lang='lat' dir='ltr'>ex</span> <span class='ocrx_word' id='word_1_40' title='bbox 1430 997 1650 1052; x_wconf 86' lang='lat' dir='ltr'>archivo</span> <span class='ocrx_word' id='word_1_41' title='bbox 1693 995 1752 1051; x_wconf 91' lang='lat' dir='ltr'>S.</span> 
     </span>
     <span class='ocr_line' id='line_1_11' title="bbox 893 1089 1052 1124; baseline -0.013 0"><span class='ocrx_word' id='word_1_42' title='bbox 893 1089 905 1124; x_wconf 88' lang='grc' dir='ltr'>ι</span> <span class='ocrx_word' id='word_1_43' title='bbox 997 1089 1052 1124; x_wconf 83' lang='lat' dir='ltr'>ll.</span> 
     </span>
    </p>
   </div>
   <div class='ocr_carea' id='block_1_11' title="bbox 893 1087 1052 1124">
    <p class='ocr_par' dir='ltr' id='par_1_11' title="bbox 893 1087 1052 1124">
     <span class='ocr_line' id='line_1_12' title="bbox 893 1087 1052 1124; baseline -0.013 0"><span class='ocrx_word' id='word_1_44' title='bbox 893 1087 1052 1124; x_wconf 88' lang='lat' dir='ltr'>uarn.</span> 
     </span>
    </p>
   </div>
   <div class='ocr_carea' id='block_1_12' title="bbox 243 1149 1756 1218">
    <p class='ocr_par' dir='ltr' id='par_1_12' title="bbox 243 1149 1756 1218">
     <span class='ocr_line' id='line_1_13' title="bbox 243 1149 1756 1218; baseline -0.009 0"><span class='ocrx_word' id='word_1_45' title='bbox 243 1165 303 1218; x_wconf 88' lang='lat' dir='ltr'>In</span> <span class='ocrx_word' id='word_1_46' title='bbox 337 1162 555 1217; x_wconf 86' lang='lat' dir='ltr'>nomine</span> <span class='ocrx_word' id='word_1_47' title='bbox 597 1159 810 1214; x_wconf 86' lang='lat' dir='ltr'>Domini</span> <span class='ocrx_word' id='word_1_48' title='bbox 852 1158 948 1212; x_wconf 89' lang='lat' dir='ltr'>Dci</span> <span class='ocrx_word' id='word_1_49' title='bbox 994 1166 1050 1208; x_wconf 91' lang='lat' dir='ltr'>ct</span> <span class='ocrx_word' id='word_1_50' title='bbox 1094 1154 1392 1210; x_wconf 85' lang='lat' dir='ltr'>Salvatoris</span> <span class='ocrx_word' id='word_1_51' title='bbox 1422 1152 1592 1206; x_wconf 93' lang='lat' dir='ltr'>nostri</span> <span class='ocrx_word' id='word_1_52' title='bbox 1628 1149 1756 1205; x_wconf 76' lang='lat' dir='ltr'>Jesu</span> 
     </span>
    </p>
   </div>
   <div class='ocr_carea' id='block_1_13' title="bbox 167 1243 1753 1319">
    <p class='ocr_par' dir='ltr' id='par_1_13' title="bbox 167 1243 1753 1319">
     <span class='ocr_line' id='line_1_14' title="bbox 167 1243 1753 1319; baseline -0.011 -7"><span class='ocrx_word' id='word_1_53' title='bbox 167 1257 404 1319; x_wconf 78' lang='lat' dir='ltr'>Christi,</span> <span class='ocrx_word' id='word_1_54' title='bbox 454 1253 778 1317; x_wconf 80' lang='lat' dir='ltr'>Ludovicus,</span> <span class='ocrx_word' id='word_1_55' title='bbox 835 1250 1017 1304; x_wconf 79' lang='lat' dir='ltr'>divina</span> <span class='ocrx_word' id='word_1_56' title='bbox 1068 1247 1351 1302; x_wconf 80' lang='lat' dir='ltr'>ordinante</span> <span class='ocrx_word' id='word_1_57' title='bbox 1398 1243 1753 1314; x_wconf 78' lang='lat' dir='ltr'>providentia,</span> 
     </span>
    </p>
   </div>
   <div class='ocr_carea' id='block_1_14' title="bbox 169 1342 784 1416">
    <p class='ocr_par' dir='ltr' id='par_1_14' title="bbox 169 1342 784 1416">
     <span class='ocr_line' id='line_1_15' title="bbox 169 1342 784 1416; baseline -0.011 -16"><span class='ocrx_word' id='word_1_58' title='bbox 169 1348 469 1416; x_wconf 84' lang='lat' dir='ltr'>imperator</span> <span class='ocrx_word' id='word_1_59' title='bbox 497 1342 784 1414; x_wconf 84' lang='lat' dir='ltr'>Augustus.</span> 
     </span>
    </p>
   </div>
   <div class='ocr_carea' id='block_1_15' title="bbox 246 1425 1759 1504">
    <p class='ocr_par' dir='ltr' id='par_1_15' title="bbox 246 1425 1759 1504">
     <span class='ocr_line' id='line_1_16' title="bbox 246 1425 1759 1504; baseline -0.009 -15"><span class='ocrx_word' id='word_1_60' title='bbox 246 1435 307 1490; x_wconf 94' lang='lat' dir='ltr'>Si</span> <span class='ocrx_word' id='word_1_61' title='bbox 336 1448 465 1504; x_wconf 88' lang='lat' dir='ltr'>erga</span> <span class='ocrx_word' id='word_1_62' title='bbox 510 1433 626 1487; x_wconf 90' lang='lat' dir='ltr'>loca</span> <span class='ocrx_word' id='word_1_63' title='bbox 667 1430 867 1485; x_wconf 88' lang='lat' dir='ltr'>divinis</span> <span class='ocrx_word' id='word_1_64' title='bbox 913 1428 1148 1483; x_wconf 77' lang='lat' dir='ltr'>cultibus</span> <span class='ocrx_word' id='word_1_65' title='bbox 1185 1425 1490 1493; x_wconf 79' lang='lat' dir='ltr'>mancipata</span> <span class='ocrx_word' id='word_1_66' title='bbox 1538 1430 1759 1492; x_wconf 88' lang='lat' dir='ltr'>propter</span> 
     </span>
    </p>
   </div>
   <div class='ocr_carea' id='block_1_16' title="bbox 167 1516 1759 1590">
    <p class='ocr_par' dir='ltr' id='par_1_16' title="bbox 167 1516 1759 1590">
     <span class='ocr_line' id='line_1_17' title="bbox 167 1516 1759 1590; baseline -0.008 -9"><span class='ocrx_word' id='word_1_67' title='bbox 167 1541 415 1581; x_wconf 81' lang='lat' dir='ltr'>amorem</span> <span class='ocrx_word' id='word_1_68' title='bbox 445 1525 541 1579; x_wconf 88' lang='lat' dir='ltr'>Dei</span> <span class='ocrx_word' id='word_1_69' title='bbox 569 1523 791 1590; x_wconf 88' lang='lat' dir='ltr'>ejusque</span> <span class='ocrx_word' id='word_1_70' title='bbox 818 1522 873 1575; x_wconf 90' lang='lat' dir='ltr'>in</span> <span class='ocrx_word' id='word_1_71' title='bbox 909 1519 1114 1574; x_wconf 84' lang='lat' dir='ltr'>eisdem</span> <span class='ocrx_word' id='word_1_72' title='bbox 1143 1519 1275 1573; x_wconf 84' lang='lat' dir='ltr'>locis</span> <span class='ocrx_word' id='word_1_73' title='bbox 1299 1519 1401 1571; x_wconf 89' lang='lat' dir='ltr'>sibi</span> <span class='ocrx_word' id='word_1_74' title='bbox 1435 1516 1759 1570; x_wconf 74' lang='lat' dir='ltr'>famulantes</span> 
     </span>
    </p>
   </div>
   <div class='ocr_carea' id='block_1_17' title="bbox 169 1607 1758 1683">
    <p class='ocr_par' dir='ltr' id='par_1_17' title="bbox 169 1607 1758 1683">
     <span class='ocr_line' id='line_1_18' title="bbox 169 1607 1758 1683; baseline -0.006 -13"><span class='ocrx_word' id='word_1_75' title='bbox 169 1615 438 1670; x_wconf 83' lang='lat' dir='ltr'>beneﬁcia</span> <span class='ocrx_word' id='word_1_76' title='bbox 469 1621 770 1683; x_wconf 88' lang='lat' dir='ltr'>opportuna</span> <span class='ocrx_word' id='word_1_77' title='bbox 809 1610 1089 1682; x_wconf 82' lang='lat' dir='ltr'>largimur,</span> <span class='ocrx_word' id='word_1_78' title='bbox 1121 1608 1399 1678; x_wconf 66' lang='lat' dir='ltr'>praemium</span> <span class='ocrx_word' id='word_1_79' title='bbox 1435 1608 1590 1662; x_wconf 87' lang='lat' dir='ltr'>nobis</span> <span class='ocrx_word' id='word_1_80' title='bbox 1620 1607 1758 1676; x_wconf 88' lang='lat' dir='ltr'>apud</span> 
     </span>
    </p>
   </div>
   <div class='ocr_carea' id='block_1_18' title="bbox 171 1697 1756 1767">
    <p class='ocr_par' dir='ltr' id='par_1_18' title="bbox 171 1697 1756 1767">
     <span class='ocr_line' id='line_1_19' title="bbox 171 1697 1756 1767; baseline -0.005 -10"><span class='ocrx_word' id='word_1_81' title='bbox 171 1705 464 1758; x_wconf 86' lang='lat' dir='ltr'>Dominum</span> <span class='ocrx_word' id='word_1_82' title='bbox 496 1711 712 1757; x_wconf 64' lang='lat' dir='ltr'>aeternae</span> <span class='ocrx_word' id='word_1_83' title='bbox 746 1699 1198 1756; x_wconf 91' lang='lat' dir='ltr'>remunerationis</span> <span class='ocrx_word' id='word_1_84' title='bbox 1226 1697 1449 1767; x_wconf 87' lang='lat' dir='ltr'>rependi</span> <span class='ocrx_word' id='word_1_85' title='bbox 1479 1713 1584 1750; x_wconf 91' lang='lat' dir='ltr'>non</span> <span class='ocrx_word' id='word_1_86' title='bbox 1617 1697 1756 1750; x_wconf 77' lang='lat' dir='ltr'>ditii-</span> 
     </span>
    </p>
   </div>
   <div class='ocr_carea' id='block_1_19' title="bbox 168 1787 1832 1862">
    <p class='ocr_par' dir='ltr' id='par_1_19' title="bbox 168 1787 1832 1862">
     <span class='ocr_line' id='line_1_20' title="bbox 168 1787 1832 1862; baseline -0.005 -15"><span class='ocrx_word' id='word_1_87' title='bbox 168 1795 373 1848; x_wconf 92' lang='lat' dir='ltr'>dimus.</span> <span class='ocrx_word' id='word_1_88' title='bbox 428 1793 633 1847; x_wconf 84' lang='lat' dir='ltr'>Idcirco</span> <span class='ocrx_word' id='word_1_89' title='bbox 681 1791 891 1845; x_wconf 90' lang='lat' dir='ltr'>noverit</span> <span class='ocrx_word' id='word_1_90' title='bbox 934 1789 1204 1859; x_wconf 84' lang='lat' dir='ltr'>sagacitas</span> <span class='ocrx_word' id='word_1_91' title='bbox 1243 1803 1338 1842; x_wconf 91' lang='lat' dir='ltr'>seu</span> <span class='ocrx_word' id='word_1_92' title='bbox 1394 1787 1599 1841; x_wconf 87' lang='lat' dir='ltr'>utilitas</span> <span class='ocrx_word' id='word_1_93' title='bbox 1636 1801 1754 1840; x_wconf 80' lang='lat' dir='ltr'>om-</span> <span class='ocrx_word' id='word_1_94' title='bbox 1786 1805 1832 1862; x_wconf 76' lang='grc' dir='ltr'><strong><em>Β</em></strong></span> 
     </span>
    </p>
   </div>
   <div class='ocr_carea' id='block_1_20' title="bbox 171 1878 1763 1948">
    <p class='ocr_par' dir='ltr' id='par_1_20' title="bbox 171 1878 1763 1948">
     <span class='ocr_line' id='line_1_21' title="bbox 171 1878 1763 1948; baseline -0.004 -11"><span class='ocrx_word' id='word_1_95' title='bbox 171 1885 328 1937; x_wconf 85' lang='lat' dir='ltr'>nium</span> <span class='ocrx_word' id='word_1_96' title='bbox 362 1883 596 1938; x_wconf 89' lang='lat' dir='ltr'>ﬁdelium</span> <span class='ocrx_word' id='word_1_97' title='bbox 625 1891 956 1945; x_wconf 90' lang='lat' dir='ltr'>nostrorum,</span> <span class='ocrx_word' id='word_1_98' title='bbox 992 1888 1101 1933; x_wconf 90' lang='lat' dir='ltr'>tam‘</span> <span class='ocrx_word' id='word_1_99' title='bbox 1143 1878 1490 1948; x_wconf 73' lang='lat' dir='ltr'>prmsentium</span> <span class='ocrx_word' id='word_1_100' title='bbox 1519 1892 1680 1946; x_wconf 91' lang='lat' dir='ltr'>quam</span> <span class='ocrx_word' id='word_1_101' title='bbox 1707 1885 1763 1930; x_wconf 88' lang='lat' dir='ltr'>et</span> 
     </span>
    </p>
   </div>
   <div class='ocr_carea' id='block_1_21' title="bbox 171 1950 1760 2039">
    <p class='ocr_par' dir='ltr' id='par_1_21' title="bbox 171 1950 1760 2039">
     <span class='ocr_line' id='line_1_22' title="bbox 171 1950 1760 2039; baseline -0.006 -15"><span class='ocrx_word' id='word_1_102' title='bbox 171 1950 500 2033; x_wconf 69' lang='lat' dir='ltr'>futurorum,</span> <span class='ocrx_word' id='word_1_103' title='bbox 533 1969 787 2039; x_wconf 90' lang='lat' dir='ltr'>quoniam</span> <span class='ocrx_word' id='word_1_104' title='bbox 816 1968 900 2021; x_wconf 89' lang='lat' dir='ltr'>vir</span> <span class='ocrx_word' id='word_1_105' title='bbox 925 1959 1253 2021; x_wconf 82' lang='lat' dir='ltr'>venerabilis</span> <span class='ocrx_word' id='word_1_106' title='bbox 1294 1963 1596 2018; x_wconf 78' lang='lat' dir='ltr'>Monachus</span> <span class='ocrx_word' id='word_1_107' title='bbox 1627 1962 1760 2016; x_wconf 86' lang='lat' dir='ltr'>abba</span> 
     </span>
    </p>
   </div>
   <div class='ocr_carea' id='block_1_22' title="bbox 173 2052 1757 2126">
    <p class='ocr_par' dir='ltr' id='par_1_22' title="bbox 173 2052 1757 2126">
     <span class='ocr_line' id='line_1_23' title="bbox 173 2052 1757 2126; baseline -0.006 -10"><span class='ocrx_word' id='word_1_108' title='bbox 173 2078 246 2117; x_wconf 73' lang='lat' dir='ltr'>ex</span> <span class='ocrx_word' id='word_1_109' title='bbox 308 2062 636 2115; x_wconf 84' lang='lat' dir='ltr'>monasterio</span> <span class='ocrx_word' id='word_1_110' title='bbox 684 2059 855 2114; x_wconf 87' lang='lat' dir='ltr'>sancti</span> <span class='ocrx_word' id='word_1_111' title='bbox 915 2057 1127 2120; x_wconf 84' lang='lat' dir='ltr'>Hilarii,</span> <span class='ocrx_word' id='word_1_112' title='bbox 1168 2055 1311 2126; x_wconf 89' lang='lat' dir='ltr'>quod</span> <span class='ocrx_word' id='word_1_113' title='bbox 1359 2065 1443 2109; x_wconf 86' lang='lat' dir='ltr'>est</span> <span class='ocrx_word' id='word_1_114' title='bbox 1494 2055 1656 2122; x_wconf 89' lang='lat' dir='ltr'>situm</span> <span class='ocrx_word' id='word_1_115' title='bbox 1704 2052 1757 2105; x_wconf 90' lang='lat' dir='ltr'>in</span> 
     </span>
    </p>
   </div>
   <div class='ocr_carea' id='block_1_23' title="bbox 173 2143 1759 2224">
    <p class='ocr_par' dir='ltr' id='par_1_23' title="bbox 173 2143 1759 2224">
     <span class='ocr_line' id='line_1_24' title="bbox 173 2143 1759 2224; baseline -0.007 -17"><span class='ocrx_word' id='word_1_116' title='bbox 173 2170 316 2224; x_wconf 87' lang='lat' dir='ltr'>pago</span> <span class='ocrx_word' id='word_1_117' title='bbox 342 2152 778 2207; x_wconf 88' lang='lat' dir='ltr'>Carcassoncnse</span> <span class='ocrx_word' id='word_1_118' title='bbox 818 2163 979 2217; x_wconf 87' lang='lat' dir='ltr'>super</span> <span class='ocrx_word' id='word_1_119' title='bbox 1026 2147 1202 2202; x_wconf 90' lang='lat' dir='ltr'>rivum</span> <span class='ocrx_word' id='word_1_120' title='bbox 1250 2146 1341 2214; x_wconf 88' lang='lat' dir='ltr'>qui</span> <span class='ocrx_word' id='word_1_121' title='bbox 1393 2144 1591 2198; x_wconf 87' lang='lat' dir='ltr'>dicitur</span> <span class='ocrx_word' id='word_1_122' title='bbox 1622 2143 1759 2197; x_wconf 84' lang='lat' dir='ltr'>Leu—</span> 
     </span>
    </p>
   </div>
   <div class='ocr_carea' id='block_1_24' title="bbox 174 2233 1760 2304">
    <p class='ocr_par' dir='ltr' id='par_1_24' title="bbox 174 2233 1760 2304">
     <span class='ocr_line' id='line_1_25' title="bbox 174 2233 1760 2304; baseline -0.007 -9"><span class='ocrx_word' id='word_1_123' title='bbox 174 2243 334 2304; x_wconf 88' lang='lat' dir='ltr'>chus,</span> <span class='ocrx_word' id='word_1_124' title='bbox 365 2249 732 2295; x_wconf 89' lang='lat' dir='ltr'>constructum</span> <span class='ocrx_word' id='word_1_125' title='bbox 764 2239 816 2291; x_wconf 92' lang='lat' dir='ltr'>in</span> <span class='ocrx_word' id='word_1_126' title='bbox 843 2239 1046 2291; x_wconf 90' lang='lat' dir='ltr'>honore</span> <span class='ocrx_word' id='word_1_127' title='bbox 1091 2235 1262 2288; x_wconf 90' lang='lat' dir='ltr'>sancti</span> <span class='ocrx_word' id='word_1_128' title='bbox 1309 2233 1586 2287; x_wconf 89' lang='lat' dir='ltr'>Saturnini</span> <span class='ocrx_word' id='word_1_129' title='bbox 1616 2247 1760 2285; x_wconf 89' lang='lat' dir='ltr'>mar-</span> 
     </span>
    </p>
   </div>
   <div class='ocr_carea' id='block_1_25' title="bbox 174 2322 1758 2403">
    <p class='ocr_par' dir='ltr' id='par_1_25' title="bbox 174 2322 1758 2403">
     <span class='ocr_line' id='line_1_26' title="bbox 174 2322 1758 2403; baseline -0.006 -16"><span class='ocrx_word' id='word_1_130' title='bbox 174 2334 334 2403; x_wconf 76' lang='lat' dir='ltr'>tyris,</span> <span class='ocrx_word' id='word_1_131' title='bbox 367 2334 458 2387; x_wconf 90' lang='lat' dir='ltr'>ubi</span> <span class='ocrx_word' id='word_1_132' title='bbox 485 2334 648 2387; x_wconf 90' lang='lat' dir='ltr'>etiam</span> <span class='ocrx_word' id='word_1_133' title='bbox 692 2330 982 2400; x_wconf 64' lang='lat' dir='ltr'>praedictus</span> <span class='ocrx_word' id='word_1_134' title='bbox 1021 2328 1240 2382; x_wconf 72' lang='lat' dir='ltr'>Sanctus</span> <span class='ocrx_word' id='word_1_135' title='bbox 1277 2325 1512 2379; x_wconf 91' lang='lat' dir='ltr'>llilarius</span> <span class='ocrx_word' id='word_1_136' title='bbox 1544 2322 1758 2378; x_wconf 83' lang='lat' dir='ltr'>confes-</span> 
     </span>
    </p>
   </div>
   <div class='ocr_carea' id='block_1_26' title="bbox 174 2415 1760 2494">
    <p class='ocr_par' dir='ltr' id='par_1_26' title="bbox 174 2415 1760 2494">
     <span class='ocr_line' id='line_1_27' title="bbox 174 2415 1760 2494; baseline -0.007 -14"><span class='ocrx_word' id='word_1_137' title='bbox 174 2442 272 2480; x_wconf 88' lang='lat' dir='ltr'>sor</span> <span class='ocrx_word' id='word_1_138' title='bbox 307 2441 532 2494; x_wconf 89' lang='lat' dir='ltr'>corpore</span> <span class='ocrx_word' id='word_1_139' title='bbox 579 2421 892 2492; x_wconf 82' lang='lat' dir='ltr'>requiescit,</span> <span class='ocrx_word' id='word_1_140' title='bbox 927 2420 994 2474; x_wconf 89' lang='lat' dir='ltr'>ad</span> <span class='ocrx_word' id='word_1_141' title='bbox 1048 2429 1289 2474; x_wconf 85' lang='lat' dir='ltr'>nostram</span> <span class='ocrx_word' id='word_1_142' title='bbox 1344 2417 1607 2472; x_wconf 82' lang='lat' dir='ltr'>accedens</span> <span class='ocrx_word' id='word_1_143' title='bbox 1653 2415 1760 2473; x_wconf 87' lang='lat' dir='ltr'>cle-</span> 
     </span>
    </p>
   </div>
   <div class='ocr_carea' id='block_1_27' title="bbox 176 2507 1759 2579">
    <p class='ocr_par' dir='ltr' id='par_1_27' title="bbox 176 2507 1759 2579">
     <span class='ocr_line' id='line_1_28' title="bbox 176 2507 1759 2579; baseline -0.007 -10"><span class='ocrx_word' id='word_1_144' title='bbox 176 2517 460 2579; x_wconf 68' lang='lat' dir='ltr'>mentiam;</span> <span class='ocrx_word' id='word_1_145' title='bbox 493 2514 682 2568; x_wconf 84' lang='lat' dir='ltr'>detulit</span> <span class='ocrx_word' id='word_1_146' title='bbox 711 2511 988 2566; x_wconf 84' lang='lat' dir='ltr'>obtutibus</span> <span class='ocrx_word' id='word_1_147' title='bbox 1019 2510 1219 2564; x_wconf 90' lang='lat' dir='ltr'>nostris</span> <span class='ocrx_word' id='word_1_148' title='bbox 1259 2507 1546 2576; x_wconf 88' lang='lat' dir='ltr'>quamdam</span> <span class='ocrx_word' id='word_1_149' title='bbox 1578 2513 1759 2560; x_wconf 88' lang='lat' dir='ltr'>aucto-</span> 
     </span>
    </p>
   </div>
   <div class='ocr_carea' id='block_1_28' title="bbox 176 2595 1760 2670">
    <p class='ocr_par' dir='ltr' id='par_1_28' title="bbox 176 2595 1760 2670">
     <span class='ocr_line' id='line_1_29' title="bbox 176 2595 1760 2670; baseline -0.008 -12"><span class='ocrx_word' id='word_1_150' title='bbox 176 2606 399 2658; x_wconf 88' lang='lat' dir='ltr'>ritatem</span> <span class='ocrx_word' id='word_1_151' title='bbox 425 2602 624 2657; x_wconf 92' lang='lat' dir='ltr'>domini</span> <span class='ocrx_word' id='word_1_152' title='bbox 659 2609 713 2655; x_wconf 91' lang='lat' dir='ltr'>et</span> <span class='ocrx_word' id='word_1_153' title='bbox 751 2598 1012 2670; x_wconf 79' lang='lat' dir='ltr'>genitoris</span> <span class='ocrx_word' id='word_1_154' title='bbox 1038 2597 1210 2652; x_wconf 86' lang='lat' dir='ltr'>nostri</span> <span class='ocrx_word' id='word_1_155' title='bbox 1251 2595 1430 2650; x_wconf 87' lang='lat' dir='ltr'>Caroli</span> <span class='ocrx_word' id='word_1_156' title='bbox 1471 2595 1626 2648; x_wconf 71' lang='lat' dir='ltr'>bona:</span> <span class='ocrx_word' id='word_1_157' title='bbox 1653 2607 1760 2646; x_wconf 86' lang='lat' dir='ltr'>me-</span> 
     </span>
    </p>
   </div>
   <div class='ocr_carea' id='block_1_29' title="bbox 176 2684 1752 2762">
    <p class='ocr_par' dir='ltr' id='par_1_29' title="bbox 176 2684 1752 2762">
     <span class='ocr_line' id='line_1_30' title="bbox 176 2684 1752 2762; baseline -0.008 -15"><span class='ocrx_word' id='word_1_158' title='bbox 176 2694 366 2748; x_wconf 68' lang='lat' dir='ltr'>moriae</span> <span class='ocrx_word' id='word_1_159' title='bbox 393 2692 618 2762; x_wconf 88' lang='lat' dir='ltr'>piissimi</span> <span class='ocrx_word' id='word_1_160' title='bbox 655 2691 903 2761; x_wconf 81' lang='lat' dir='ltr'>Augusti,</span> <span class='ocrx_word' id='word_1_161' title='bbox 940 2689 994 2742; x_wconf 91' lang='lat' dir='ltr'>in</span> <span class='ocrx_word' id='word_1_162' title='bbox 1023 2702 1124 2757; x_wconf 90' lang='lat' dir='ltr'>qua</span> <span class='ocrx_word' id='word_1_163' title='bbox 1157 2685 1539 2741; x_wconf 88' lang='lat' dir='ltr'>continebatur</span> <span class='ocrx_word' id='word_1_164' title='bbox 1575 2684 1752 2737; x_wconf 90' lang='lat' dir='ltr'>inser-</span> 
     </span>
    </p>
   </div>
   <div class='ocr_carea' id='block_1_30' title="bbox 174 2775 1758 2852">
    <p class='ocr_par' dir='ltr' id='par_1_30' title="bbox 174 2775 1758 2852">
     <span class='ocr_line' id='line_1_31' title="bbox 174 2775 1758 2852; baseline -0.006 -14"><span class='ocrx_word' id='word_1_165' title='bbox 174 2792 294 2838; x_wconf 77' lang='lat' dir='ltr'>tum</span> <span class='ocrx_word' id='word_1_166' title='bbox 315 2775 545 2852; x_wconf 80' lang='lat' dir='ltr'>qualiter</span> <span class='ocrx_word' id='word_1_167' title='bbox 569 2783 708 2837; x_wconf 90' lang='lat' dir='ltr'>idem</span> <span class='ocrx_word' id='word_1_168' title='bbox 731 2783 942 2852; x_wconf 77' lang='lat' dir='ltr'>genitor</span> <span class='ocrx_word' id='word_1_169' title='bbox 962 2789 1146 2834; x_wconf 90' lang='lat' dir='ltr'>noster</span> <span class='ocrx_word' id='word_1_170' title='bbox 1172 2779 1348 2848; x_wconf 90' lang='lat' dir='ltr'>ipsum</span> <span class='ocrx_word' id='word_1_171' title='bbox 1373 2775 1758 2830; x_wconf 86' lang='lat' dir='ltr'>monasterium</span> 
     </span>
    </p>
   </div>
   <div class='ocr_carea' id='block_1_31' title="bbox 158 2863 1759 2942">
    <p class='ocr_par' dir='ltr' id='par_1_31' title="bbox 158 2863 1759 2942">
     <span class='ocr_line' id='line_1_32' title="bbox 158 2863 1759 2942; baseline -0.005 -17"><span class='ocrx_word' id='word_1_172' title='bbox 158 2873 248 2927; x_wconf 54' lang='lat' dir='ltr'>ad</span> <span class='ocrx_word' id='word_1_173' title='bbox 278 2873 708 2942; x_wconf 87' lang='lat' dir='ltr'>deprecationem</span> <span class='ocrx_word' id='word_1_174' title='bbox 749 2863 1162 2940; x_wconf 75' lang='lat' dir='ltr'>przedecessoris</span> <span class='ocrx_word' id='word_1_175' title='bbox 1192 2868 1274 2922; x_wconf 91' lang='lat' dir='ltr'>sui</span> <span class='ocrx_word' id='word_1_176' title='bbox 1319 2866 1637 2935; x_wconf 85' lang='lat' dir='ltr'>Nampionis</span> <span class='ocrx_word' id='word_1_177' title='bbox 1663 2865 1759 2919; x_wconf 91' lang='lat' dir='ltr'>ab-</span> 
     </span>
    </p>
   </div>
   <div class='ocr_carea' id='block_1_32' title="bbox 175 2957 1754 3031">
    <p class='ocr_par' dir='ltr' id='par_1_32' title="bbox 175 2957 1754 3031">
     <span class='ocr_line' id='line_1_33' title="bbox 175 2957 1754 3031; baseline -0.004 -14"><span class='ocrx_word' id='word_1_178' title='bbox 175 2964 321 3018; x_wconf 88' lang='lat' dir='ltr'>batis</span> <span class='ocrx_word' id='word_1_179' title='bbox 357 2963 456 3018; x_wconf 89' lang='lat' dir='ltr'>sub</span> <span class='ocrx_word' id='word_1_180' title='bbox 510 2978 608 3017; x_wconf 91' lang='lat' dir='ltr'>suo</span> <span class='ocrx_word' id='word_1_181' title='bbox 649 2962 973 3031; x_wconf 86' lang='lat' dir='ltr'>suscepisset</span> <span class='ocrx_word' id='word_1_182' title='bbox 1016 2958 1390 3014; x_wconf 89' lang='lat' dir='ltr'>mundeburdo</span> <span class='ocrx_word' id='word_1_183' title='bbox 1437 2958 1522 3012; x_wconf 91' lang='lat' dir='ltr'>vel</span> <span class='ocrx_word' id='word_1_184' title='bbox 1569 2957 1754 3012; x_wconf 84' lang='lat' dir='ltr'>defen-</span> 
     </span>
    </p>
   </div>
   <div class='ocr_carea' id='block_1_33' title="bbox 175 3049 1758 3120">
    <p class='ocr_par' dir='ltr' id='par_1_33' title="bbox 175 3049 1758 3120">
     <span class='ocr_line' id='line_1_34' title="bbox 175 3049 1758 3120; baseline -0.003 -11"><span class='ocrx_word' id='word_1_185' title='bbox 175 3056 355 3120; x_wconf 73' lang='lat' dir='ltr'>sione,</span> <span class='ocrx_word' id='word_1_186' title='bbox 390 3052 637 3108; x_wconf 85' lang='lat' dir='ltr'>videlicet</span> <span class='ocrx_word' id='word_1_187' title='bbox 679 3061 740 3106; x_wconf 88' lang='lat' dir='ltr'>ut</span> <span class='ocrx_word' id='word_1_188' title='bbox 792 3052 1043 3106; x_wconf 90' lang='lat' dir='ltr'>monachi</span> <span class='ocrx_word' id='word_1_189' title='bbox 1086 3051 1141 3104; x_wconf 91' lang='lat' dir='ltr'>in</span> <span class='ocrx_word' id='word_1_190' title='bbox 1192 3049 1378 3105; x_wconf 85' lang='lat' dir='ltr'>eodem</span> <span class='ocrx_word' id='word_1_191' title='bbox 1432 3050 1758 3104; x_wconf 90' lang='lat' dir='ltr'>monasterio</span> 
     </span>
    </p>
   </div>
   <div class='ocr_carea' id='block_1_34' title="bbox 1852 558 3438 632">
    <p class='ocr_par' dir='ltr' id='par_1_34' title="bbox 1852 558 3438 632">
     <span class='ocr_line' id='line_1_35' title="bbox 1852 558 3438 632; baseline 0.003 -18"><span class='ocrx_word' id='word_1_192' title='bbox 1852 562 2180 615; x_wconf 88' lang='lat' dir='ltr'>monasterio</span> <span class='ocrx_word' id='word_1_193' title='bbox 2205 563 2568 626; x_wconf 89' lang='lat' dir='ltr'>concedimus,</span> <span class='ocrx_word' id='word_1_194' title='bbox 2598 570 2660 616; x_wconf 91' lang='lat' dir='ltr'>ut</span> <span class='ocrx_word' id='word_1_195' title='bbox 2689 562 2743 615; x_wconf 92' lang='lat' dir='ltr'>in</span> <span class='ocrx_word' id='word_1_196' title='bbox 2771 558 3026 615; x_wconf 85' lang='lat' dir='ltr'>alimonia</span> <span class='ocrx_word' id='word_1_197' title='bbox 3055 576 3351 632; x_wconf 88' lang='lat' dir='ltr'>pauperum</span> <span class='ocrx_word' id='word_1_198' title='bbox 3377 573 3438 620; x_wconf 84' lang='lat' dir='ltr'>et</span> 
     </span>
    </p>
   </div>
   <div class='ocr_carea' id='block_1_35' title="bbox 1853 647 3439 720">
    <p class='ocr_par' dir='ltr' id='par_1_35' title="bbox 1853 647 3439 720">
     <span class='ocr_line' id='line_1_36' title="bbox 1853 647 3439 720; baseline 0.002 -17"><span class='ocrx_word' id='word_1_199' title='bbox 1853 650 2115 719; x_wconf 88' lang='lat' dir='ltr'>stipendia</span> <span class='ocrx_word' id='word_1_200' title='bbox 2141 651 2529 720; x_wconf 82' lang='lat' dir='ltr'>monachorum</span> <span class='ocrx_word' id='word_1_201' title='bbox 2552 650 2749 706; x_wconf 82' lang='lat' dir='ltr'>ibidem</span> <span class='ocrx_word' id='word_1_202' title='bbox 2778 647 2888 704; x_wconf 90' lang='lat' dir='ltr'>Deo</span> <span class='ocrx_word' id='word_1_203' title='bbox 2916 648 3292 704; x_wconf 78' lang='lat' dir='ltr'>famulantium</span> <span class='ocrx_word' id='word_1_204' title='bbox 3313 665 3439 720; x_wconf 91' lang='lat' dir='ltr'>per-</span> 
     </span>
    </p>
   </div>
   <div class='ocr_carea' id='block_1_36' title="bbox 1854 744 3441 816">
    <p class='ocr_par' dir='ltr' id='par_1_36' title="bbox 1854 744 3441 816">
     <span class='ocr_line' id='line_1_37' title="bbox 1854 744 3441 816; baseline 0.003 -19"><span class='ocrx_word' id='word_1_205' title='bbox 1854 752 2015 812; x_wconf 88' lang='lat' dir='ltr'>petuo</span> <span class='ocrx_word' id='word_1_206' title='bbox 2042 744 2289 814; x_wconf 88' lang='lat' dir='ltr'>proﬁciat</span> <span class='ocrx_word' id='word_1_207' title='bbox 2313 745 2366 798; x_wconf 90' lang='lat' dir='ltr'>in</span> <span class='ocrx_word' id='word_1_208' title='bbox 2397 753 2763 814; x_wconf 81' lang='lat' dir='ltr'>augmentum.</span> <span class='ocrx_word' id='word_1_209' title='bbox 2791 745 2858 799; x_wconf 87' lang='lat' dir='ltr'>Et</span> <span class='ocrx_word' id='word_1_210' title='bbox 2900 747 3331 816; x_wconf 76' lang='lat' dir='ltr'>quandoquidem</span> <span class='ocrx_word' id='word_1_211' title='bbox 3358 747 3441 802; x_wconf 87' lang='lat' dir='ltr'>di-</span> 
     </span>
    </p>
   </div>
   <div class='ocr_carea' id='block_1_37' title="bbox 1859 834 3440 904">
    <p class='ocr_par' dir='ltr' id='par_1_37' title="bbox 1859 834 3440 904">
     <span class='ocr_line' id='line_1_38' title="bbox 1859 834 3440 904; baseline 0.004 -18"><span class='ocrx_word' id='word_1_212' title='bbox 1859 834 1980 886; x_wconf 81' lang='lat' dir='ltr'>vina</span> <span class='ocrx_word' id='word_1_213' title='bbox 2035 836 2319 890; x_wconf 85' lang='lat' dir='ltr'>vocatione</span> <span class='ocrx_word' id='word_1_214' title='bbox 2384 834 2729 904; x_wconf 83' lang='lat' dir='ltr'>supradictus</span> <span class='ocrx_word' id='word_1_215' title='bbox 2780 834 2918 890; x_wconf 90' lang='lat' dir='ltr'>abba</span> <span class='ocrx_word' id='word_1_216' title='bbox 2967 837 3052 890; x_wconf 88' lang='lat' dir='ltr'>vel</span> <span class='ocrx_word' id='word_1_217' title='bbox 3101 851 3440 900; x_wconf 73' lang='lat' dir='ltr'>successores</span> 
     </span>
    </p>
   </div>
   <div class='ocr_carea' id='block_1_38' title="bbox 1855 924 3438 998">
    <p class='ocr_par' dir='ltr' id='par_1_38' title="bbox 1855 924 3438 998">
     <span class='ocr_line' id='line_1_39' title="bbox 1855 924 3438 998; baseline 0.004 -21"><span class='ocrx_word' id='word_1_218' title='bbox 1855 925 1972 993; x_wconf 77' lang='lat' dir='ltr'>ejus</span> <span class='ocrx_word' id='word_1_219' title='bbox 1995 924 2061 979; x_wconf 91' lang='lat' dir='ltr'>de</span> <span class='ocrx_word' id='word_1_220' title='bbox 2089 926 2189 980; x_wconf 88' lang='lat' dir='ltr'>hac</span> <span class='ocrx_word' id='word_1_221' title='bbox 2227 926 2345 981; x_wconf 86' lang='lat' dir='ltr'>luce</span> <span class='ocrx_word' id='word_1_222' title='bbox 2372 927 2750 998; x_wconf 88' lang='lat' dir='ltr'>migraverint,</span> <span class='ocrx_word' id='word_1_223' title='bbox 2779 927 3012 995; x_wconf 90' lang='lat' dir='ltr'>quandiu</span> <span class='ocrx_word' id='word_1_224' title='bbox 3054 929 3154 997; x_wconf 88' lang='lat' dir='ltr'>ipsi</span> <span class='ocrx_word' id='word_1_225' title='bbox 3182 930 3438 984; x_wconf 85' lang='lat' dir='ltr'>monachi</span> 
     </span>
    </p>
   </div>
   <div class='ocr_carea' id='block_1_39' title="bbox 1858 1009 3444 1088">
    <p class='ocr_par' dir='ltr' id='par_1_39' title="bbox 1858 1009 3444 1088">
     <span class='ocr_line' id='line_1_40' title="bbox 1858 1009 3444 1088; baseline 0.002 -19"><span class='ocrx_word' id='word_1_226' title='bbox 1858 1013 1999 1073; x_wconf 89' lang='lat' dir='ltr'>inter</span> <span class='ocrx_word' id='word_1_227' title='bbox 2027 1031 2085 1070; x_wconf 92' lang='lat' dir='ltr'>se</span> <span class='ocrx_word' id='word_1_228' title='bbox 2114 1009 2250 1070; x_wconf 88' lang='lat' dir='ltr'>tales</span> <span class='ocrx_word' id='word_1_229' title='bbox 2293 1017 2536 1072; x_wconf 91' lang='lat' dir='ltr'>invenire</span> <span class='ocrx_word' id='word_1_230' title='bbox 2580 1017 2855 1088; x_wconf 90' lang='lat' dir='ltr'>potuerint</span> <span class='ocrx_word' id='word_1_231' title='bbox 2885 1018 2977 1086; x_wconf 92' lang='lat' dir='ltr'>qui</span> <span class='ocrx_word' id='word_1_232' title='bbox 3022 1018 3192 1088; x_wconf 87' lang='lat' dir='ltr'>ipsam</span> <span class='ocrx_word' id='word_1_233' title='bbox 3221 1033 3444 1088; x_wconf 82' lang='lat' dir='ltr'>congre-</span> 
     </span>
    </p>
   </div>
   <div class='ocr_carea' id='block_1_40' title="bbox 1857 1105 3442 1177">
    <p class='ocr_par' dir='ltr' id='par_1_40' title="bbox 1857 1105 3442 1177">
     <span class='ocr_line' id='line_1_41' title="bbox 1857 1105 3442 1177; baseline 0.001 -20"><span class='ocrx_word' id='word_1_234' title='bbox 1857 1105 2129 1174; x_wconf 87' lang='lat' dir='ltr'>gationem</span> <span class='ocrx_word' id='word_1_235' title='bbox 2155 1106 2447 1160; x_wconf 87' lang='lat' dir='ltr'>secundum</span> <span class='ocrx_word' id='word_1_236' title='bbox 2475 1105 2716 1176; x_wconf 88' lang='lat' dir='ltr'>regulam</span> <span class='ocrx_word' id='word_1_237' title='bbox 2745 1105 2918 1160; x_wconf 86' lang='lat' dir='ltr'>sancti</span> <span class='ocrx_word' id='word_1_238' title='bbox 2945 1105 3217 1160; x_wconf 80' lang='lat' dir='ltr'>Benedicti</span> <span class='ocrx_word' id='word_1_239' title='bbox 3253 1122 3442 1177; x_wconf 84' lang='lat' dir='ltr'>regere</span> 
     </span>
    </p>
   </div>
   <div class='ocr_carea' id='block_1_41' title="bbox 1859 1194 3443 1264">
    <p class='ocr_par' dir='ltr' id='par_1_41' title="bbox 1859 1194 3443 1264">
     <span class='ocr_line' id='line_1_42' title="bbox 1859 1194 3443 1264; baseline 0.003 -16"><span class='ocrx_word' id='word_1_240' title='bbox 1859 1195 2097 1259; x_wconf 87' lang='lat' dir='ltr'>valeant,</span> <span class='ocrx_word' id='word_1_241' title='bbox 2123 1204 2221 1264; x_wconf 91' lang='lat' dir='ltr'>per</span> <span class='ocrx_word' id='word_1_242' title='bbox 2259 1196 2402 1249; x_wconf 92' lang='lat' dir='ltr'>hanc</span> <span class='ocrx_word' id='word_1_243' title='bbox 2447 1203 2687 1248; x_wconf 88' lang='lat' dir='ltr'>nostram</span> <span class='ocrx_word' id='word_1_244' title='bbox 2731 1194 3109 1250; x_wconf 86' lang='lat' dir='ltr'>auctoritatem</span> <span class='ocrx_word' id='word_1_245' title='bbox 3135 1206 3190 1250; x_wconf 92' lang='lat' dir='ltr'>et</span> <span class='ocrx_word' id='word_1_246' title='bbox 3218 1213 3443 1252; x_wconf 85' lang='lat' dir='ltr'>consen-</span> 
     </span>
    </p>
   </div>
   <div class='ocr_carea' id='block_1_42' title="bbox 1858 1284 3443 1355">
    <p class='ocr_par' dir='ltr' id='par_1_42' title="bbox 1858 1284 3443 1355">
     <span class='ocr_line' id='line_1_43' title="bbox 1858 1284 3443 1355; baseline 0.001 -17"><span class='ocrx_word' id='word_1_247' title='bbox 1858 1299 1976 1338; x_wconf 90' lang='lat' dir='ltr'>sum</span> <span class='ocrx_word' id='word_1_248' title='bbox 2012 1284 2284 1338; x_wconf 90' lang='lat' dir='ltr'>licentiam</span> <span class='ocrx_word' id='word_1_249' title='bbox 2326 1285 2562 1339; x_wconf 88' lang='lat' dir='ltr'>habeant</span> <span class='ocrx_word' id='word_1_250' title='bbox 2609 1285 2837 1354; x_wconf 89' lang='lat' dir='ltr'>eligendi</span> <span class='ocrx_word' id='word_1_251' title='bbox 2877 1285 3130 1350; x_wconf 89' lang='lat' dir='ltr'>abbates;</span> <span class='ocrx_word' id='word_1_252' title='bbox 3177 1294 3443 1355; x_wconf 82' lang='lat' dir='ltr'>quatenus</span> 
     </span>
    </p>
   </div>
   <div class='ocr_carea' id='block_1_43' title="bbox 1859 1375 3443 1444">
    <p class='ocr_par' dir='ltr' id='par_1_43' title="bbox 1859 1375 3443 1444">
     <span class='ocr_line' id='line_1_44' title="bbox 1859 1375 3443 1444; baseline 0 -14"><span class='ocrx_word' id='word_1_253' title='bbox 1859 1377 2005 1444; x_wconf 88' lang='lat' dir='ltr'>ipsos</span> <span class='ocrx_word' id='word_1_254' title='bbox 2041 1377 2355 1441; x_wconf 83' lang='lat' dir='ltr'>monachos,</span> <span class='ocrx_word' id='word_1_255' title='bbox 2406 1376 2499 1444; x_wconf 87' lang='lat' dir='ltr'>qui</span> <span class='ocrx_word' id='word_1_256' title='bbox 2543 1376 2742 1429; x_wconf 88' lang='lat' dir='ltr'>ibidem</span> <span class='ocrx_word' id='word_1_257' title='bbox 2790 1376 2901 1430; x_wconf 90' lang='lat' dir='ltr'>Deo</span> <span class='ocrx_word' id='word_1_258' title='bbox 2946 1375 3300 1436; x_wconf 80' lang='lat' dir='ltr'>famulantur,</span> <span class='ocrx_word' id='word_1_259' title='bbox 3342 1391 3443 1444; x_wconf 84' lang='lat' dir='ltr'>pro</span> 
     </span>
    </p>
   </div>
   <div class='ocr_carea' id='block_1_44' title="bbox 1859 1465 3444 1538">
    <p class='ocr_par' dir='ltr' id='par_1_44' title="bbox 1859 1465 3444 1538">
     <span class='ocr_line' id='line_1_45' title="bbox 1859 1465 3444 1538; baseline -0.001 -18"><span class='ocrx_word' id='word_1_260' title='bbox 1859 1467 2015 1521; x_wconf 92' lang='lat' dir='ltr'>nobis</span> <span class='ocrx_word' id='word_1_261' title='bbox 2053 1475 2107 1520; x_wconf 90' lang='lat' dir='ltr'>et</span> <span class='ocrx_word' id='word_1_262' title='bbox 2136 1465 2363 1538; x_wconf 83' lang='lat' dir='ltr'>conjuge</span> <span class='ocrx_word' id='word_1_263' title='bbox 2406 1467 2669 1536; x_wconf 89' lang='lat' dir='ltr'>proleque</span> <span class='ocrx_word' id='word_1_264' title='bbox 2711 1474 2895 1520; x_wconf 77' lang='lat' dir='ltr'>nostra</span> <span class='ocrx_word' id='word_1_265' title='bbox 2945 1475 3108 1534; x_wconf 89' lang='lat' dir='ltr'>atque</span> <span class='ocrx_word' id='word_1_266' title='bbox 3151 1466 3444 1521; x_wconf 87' lang='lat' dir='ltr'>stabilitate</span> 
     </span>
    </p>
   </div>
   <div class='ocr_carea' id='block_1_45' title="bbox 1861 1559 3444 1632">
    <p class='ocr_par' dir='ltr' id='par_1_45' title="bbox 1861 1559 3444 1632">
     <span class='ocr_line' id='line_1_46' title="bbox 1861 1559 3444 1632; baseline 0.003 -19"><span class='ocrx_word' id='word_1_267' title='bbox 1861 1560 2024 1613; x_wconf 90' lang='lat' dir='ltr'>totius</span> <span class='ocrx_word' id='word_1_268' title='bbox 2056 1559 2268 1627; x_wconf 90' lang='lat' dir='ltr'>imperii</span> <span class='ocrx_word' id='word_1_269' title='bbox 2297 1560 2470 1613; x_wconf 88' lang='lat' dir='ltr'>nostri</span> <span class='ocrx_word' id='word_1_270' title='bbox 2501 1577 2531 1613; x_wconf 89' lang='lat' dir='ltr'>a</span> <span class='ocrx_word' id='word_1_271' title='bbox 2577 1561 2688 1616; x_wconf 92' lang='lat' dir='ltr'>Deo</span> <span class='ocrx_word' id='word_1_272' title='bbox 2734 1563 2889 1616; x_wconf 86' lang='lat' dir='ltr'>nobis</span> <span class='ocrx_word' id='word_1_273' title='bbox 2925 1563 3189 1627; x_wconf 82' lang='lat' dir='ltr'>concessi,</span> <span class='ocrx_word' id='word_1_274' title='bbox 3219 1561 3444 1632; x_wconf 80' lang='lat' dir='ltr'>ejusque</span> 
     </span>
    </p>
   </div>
   <div class='ocr_carea' id='block_1_46' title="bbox 1859 1648 3442 1720">
    <p class='ocr_par' dir='ltr' id='par_1_46' title="bbox 1859 1648 3442 1720">
     <span class='ocr_line' id='line_1_47' title="bbox 1859 1648 3442 1720; baseline -0.001 -12"><span class='ocrx_word' id='word_1_275' title='bbox 1859 1653 2276 1708; x_wconf 85' lang='lat' dir='ltr'>clementissima</span> <span class='ocrx_word' id='word_1_276' title='bbox 2309 1648 2654 1706; x_wconf 89' lang='lat' dir='ltr'>miseratione</span> <span class='ocrx_word' id='word_1_277' title='bbox 2706 1667 2803 1720; x_wconf 91' lang='lat' dir='ltr'>per</span> <span class='ocrx_word' id='word_1_278' title='bbox 2847 1651 3167 1706; x_wconf 92' lang='lat' dir='ltr'>immensum</span> <span class='ocrx_word' id='word_1_279' title='bbox 3219 1669 3442 1708; x_wconf 84' lang='lat' dir='ltr'>conscr-</span> 
     </span>
    </p>
   </div>
   <div class='ocr_carea' id='block_1_47' title="bbox 1860 1738 3443 1813">
    <p class='ocr_par' dir='ltr' id='par_1_47' title="bbox 1860 1738 3443 1813">
     <span class='ocr_line' id='line_1_48' title="bbox 1860 1738 3443 1813; baseline 0 -13"><span class='ocrx_word' id='word_1_280' title='bbox 1860 1746 2041 1811; x_wconf 87' lang='lat' dir='ltr'>vandi,</span> <span class='ocrx_word' id='word_1_281' title='bbox 2071 1744 2284 1798; x_wconf 87' lang='lat' dir='ltr'>Domini</span> <span class='ocrx_word' id='word_1_282' title='bbox 2323 1742 2644 1797; x_wconf 83' lang='lat' dir='ltr'>immensam</span> <span class='ocrx_word' id='word_1_283' title='bbox 2693 1742 3034 1798; x_wconf 89' lang='lat' dir='ltr'>clementiam</span> <span class='ocrx_word' id='word_1_284' title='bbox 3063 1738 3269 1813; x_wconf 84' lang='lat' dir='ltr'>jugitcr</span> <span class='ocrx_word' id='word_1_285' title='bbox 3310 1761 3443 1800; x_wconf 80' lang='lat' dir='ltr'>exo-</span> 
     </span>
    </p>
   </div>
   <div class='ocr_carea' id='block_1_48' title="bbox 1862 1835 3444 1904">
    <p class='ocr_par' dir='ltr' id='par_1_48' title="bbox 1862 1835 3444 1904">
     <span class='ocr_line' id='line_1_49' title="bbox 1862 1835 3444 1904; baseline 0 -14"><span class='ocrx_word' id='word_1_286' title='bbox 1862 1851 1982 1890; x_wconf 90' lang='lat' dir='ltr'>rare</span> <span class='ocrx_word' id='word_1_287' title='bbox 2017 1837 2263 1891; x_wconf 88' lang='lat' dir='ltr'>delectet.</span> <span class='ocrx_word' id='word_1_288' title='bbox 2299 1835 2448 1890; x_wconf 83' lang='lat' dir='ltr'>llanc</span> <span class='ocrx_word' id='word_1_289' title='bbox 2487 1835 2667 1904; x_wconf 86' lang='lat' dir='ltr'>itaque</span> <span class='ocrx_word' id='word_1_290' title='bbox 2707 1835 3109 1901; x_wconf 87' lang='lat' dir='ltr'>auctoritatem,</span> <span class='ocrx_word' id='word_1_291' title='bbox 3140 1848 3200 1888; x_wconf 90' lang='lat' dir='ltr'>ut</span> <span class='ocrx_word' id='word_1_292' title='bbox 3242 1836 3444 1904; x_wconf 84' lang='lat' dir='ltr'>plenio-</span> 
     </span>
    </p>
   </div>
   <div class='ocr_carea' id='block_1_49' title="bbox 1860 1913 3444 1999">
    <p class='ocr_par' dir='ltr' id='par_1_49' title="bbox 1860 1913 3444 1999">
     <span class='ocr_line' id='line_1_50' title="bbox 1860 1913 3444 1999; baseline 0.001 -17"><span class='ocrx_word' id='word_1_293' title='bbox 1860 1945 1973 1983; x_wconf 91' lang='lat' dir='ltr'>rem</span> <span class='ocrx_word' id='word_1_294' title='bbox 2005 1928 2057 1982; x_wconf 93' lang='lat' dir='ltr'>in</span> <span class='ocrx_word' id='word_1_295' title='bbox 2109 1926 2204 1983; x_wconf 91' lang='lat' dir='ltr'>Dei</span> <span class='ocrx_word' id='word_1_296' title='bbox 2243 1929 2461 1981; x_wconf 80' lang='lat' dir='ltr'>nomine</span> <span class='ocrx_word' id='word_1_297' title='bbox 2501 1927 2738 1982; x_wconf 87' lang='lat' dir='ltr'>obtineat</span> <span class='ocrx_word' id='word_1_298' title='bbox 2767 1929 3006 1999; x_wconf 83' lang='lat' dir='ltr'>vigorem</span> <span class='ocrx_word' id='word_1_299' title='bbox 3041 1938 3093 1983; x_wconf 92' lang='lat' dir='ltr'>et</span> <span class='ocrx_word' id='word_1_300' title='bbox 3134 1944 3164 1981; x_wconf 88' lang='lat' dir='ltr'>a</span> <span class='ocrx_word' id='word_1_301' title='bbox 3198 1913 3444 1984; x_wconf 86' lang='lat' dir='ltr'>ﬁdelibus</span> 
     </span>
    </p>
   </div>
   <div class='ocr_carea' id='block_1_50' title="bbox 1858 2017 3445 2073">
    <p class='ocr_par' dir='ltr' id='par_1_50' title="bbox 1858 2017 3445 2073">
     <span class='ocr_line' id='line_1_51' title="bbox 1858 2017 3445 2073; baseline -0.002 0"><span class='ocrx_word' id='word_1_302' title='bbox 1858 2025 2059 2073; x_wconf 73' lang='lat' dir='ltr'>sanctae</span> <span class='ocrx_word' id='word_1_303' title='bbox 2088 2018 2183 2072; x_wconf 91' lang='lat' dir='ltr'>Dei</span> <span class='ocrx_word' id='word_1_304' title='bbox 2228 2017 2484 2072; x_wconf 73' lang='lat' dir='ltr'>Ecclesia:</span> <span class='ocrx_word' id='word_1_305' title='bbox 2521 2025 2575 2070; x_wconf 91' lang='lat' dir='ltr'>et</span> <span class='ocrx_word' id='word_1_306' title='bbox 2618 2017 2817 2072; x_wconf 90' lang='lat' dir='ltr'>nostris</span> <span class='ocrx_word' id='word_1_307' title='bbox 2858 2017 3043 2071; x_wconf 88' lang='lat' dir='ltr'>verius</span> <span class='ocrx_word' id='word_1_308' title='bbox 3093 2019 3349 2072; x_wconf 77' lang='lat' dir='ltr'>credatur</span> <span class='ocrx_word' id='word_1_309' title='bbox 3389 2027 3445 2071; x_wconf 89' lang='lat' dir='ltr'>et</span> 
     </span>
    </p>
   </div>
   <div class='ocr_carea' id='block_1_51' title="bbox 1859 2105 3443 2177">
    <p class='ocr_par' dir='ltr' id='par_1_51' title="bbox 1859 2105 3443 2177">
     <span class='ocr_line' id='line_1_52' title="bbox 1859 2105 3443 2177; baseline -0.001 -16"><span class='ocrx_word' id='word_1_310' title='bbox 1859 2108 2169 2174; x_wconf 84' lang='lat' dir='ltr'>diligentius</span> <span class='ocrx_word' id='word_1_311' title='bbox 2220 2108 2559 2172; x_wconf 80' lang='lat' dir='ltr'>observetur,</span> <span class='ocrx_word' id='word_1_312' title='bbox 2621 2123 2783 2160; x_wconf 90' lang='lat' dir='ltr'>manu</span> <span class='ocrx_word' id='word_1_313' title='bbox 2837 2108 3054 2177; x_wconf 88' lang='lat' dir='ltr'>propria</span> <span class='ocrx_word' id='word_1_314' title='bbox 3118 2105 3304 2162; x_wconf 86' lang='lat' dir='ltr'>subter</span> <span class='ocrx_word' id='word_1_315' title='bbox 3351 2109 3443 2161; x_wconf 89' lang='lat' dir='ltr'>ﬁr-</span> 
     </span>
    </p>
   </div>
   <div class='ocr_carea' id='block_1_52' title="bbox 1859 2191 3444 2269">
    <p class='ocr_par' dir='ltr' id='par_1_52' title="bbox 1859 2191 3444 2269">
     <span class='ocr_line' id='line_1_53' title="bbox 1859 2191 3444 2269; baseline 0.003 -19"><span class='ocrx_word' id='word_1_316' title='bbox 1859 2199 2126 2252; x_wconf 88' lang='lat' dir='ltr'>mavimus</span> <span class='ocrx_word' id='word_1_317' title='bbox 2167 2191 2222 2251; x_wconf 75' lang='lat' dir='ltr'>et</span> <span class='ocrx_word' id='word_1_318' title='bbox 2267 2197 2452 2251; x_wconf 90' lang='lat' dir='ltr'>annuli</span> <span class='ocrx_word' id='word_1_319' title='bbox 2502 2197 2674 2252; x_wconf 88' lang='lat' dir='ltr'>nostri</span> <span class='ocrx_word' id='word_1_320' title='bbox 2711 2199 3069 2267; x_wconf 89' lang='lat' dir='ltr'>impressione</span> <span class='ocrx_word' id='word_1_321' title='bbox 3101 2197 3444 2269; x_wconf 80' lang='lat' dir='ltr'>signari‘jus-</span> 
     </span>
    </p>
   </div>
   <div class='ocr_carea' id='block_1_53' title="bbox 1858 2289 2044 2342">
    <p class='ocr_par' dir='ltr' id='par_1_53' title="bbox 1858 2289 2044 2342">
     <span class='ocr_line' id='line_1_54' title="bbox 1858 2289 2044 2342; baseline -0.011 0"><span class='ocrx_word' id='word_1_322' title='bbox 1858 2289 2044 2342; x_wconf 91' lang='lat' dir='ltr'>simus.</span> 
     </span>
    </p>
   </div>
   <div class='ocr_carea' id='block_1_54' title="bbox 2567 2357 2749 2412">
    <p class='ocr_par' dir='ltr' id='par_1_54' title="bbox 2567 2357 2749 2412">
     <span class='ocr_line' id='line_1_55' title="bbox 2567 2357 2749 2412; baseline 0.005 -1"><span class='ocrx_word' id='word_1_323' title='bbox 2567 2357 2749 2412; x_wconf 79' lang='lat' dir='ltr'><strong>XLVI.</strong></span> 
     </span>
    </p>
   </div>
   <div class='ocr_carea' id='block_1_55' title="bbox 2241 2449 3068 2493">
    <p class='ocr_par' dir='ltr' id='par_1_55' title="bbox 2241 2449 3068 2493">
     <span class='ocr_line' id='line_1_56' title="bbox 2241 2449 3068 2493; baseline -0.001 -1"><span class='ocrx_word' id='word_1_324' title='bbox 2241 2453 2341 2493; x_wconf 73' lang='grc' dir='ltr'>Ριιο</span> <span class='ocrx_word' id='word_1_325' title='bbox 2379 2452 2627 2491; x_wconf 70' lang='grc' dir='ltr'>ΕΟΒΗΞΞΙΑ</span> <span class='ocrx_word' id='word_1_326' title='bbox 2668 2449 3068 2491; x_wconf 62' lang='grc' dir='ltr'>Αωιεωεικεκει.</span> 
     </span>
    </p>
   </div>
   <div class='ocr_carea' id='block_1_56' title="bbox 2467 2529 2820 2602">
    <p class='ocr_par' dir='ltr' id='par_1_56' title="bbox 2467 2529 2820 2602">
     <span class='ocr_line' id='line_1_57' title="bbox 2467 2529 2820 2602; baseline 0 -19"><span class='ocrx_word' id='word_1_327' title='bbox 2467 2530 2637 2602; x_wconf 82' lang='lat' dir='ltr'>(Anno</span> <span class='ocrx_word' id='word_1_328' title='bbox 2672 2529 2820 2600; x_wconf 71' lang='lat'>816.)</span> 
     </span>
    </p>
   </div>
   <div class='ocr_carea' id='block_1_57' title="bbox 1928 2617 3369 2700">
    <p class='ocr_par' dir='ltr' id='par_1_57' title="bbox 1928 2617 3369 2700">
     <span class='ocr_line' id='line_1_58' title="bbox 1928 2617 3369 2700; baseline 0.002 -28"><span class='ocrx_word' id='word_1_329' title='bbox 1928 2617 2160 2690; x_wconf 82' lang='lat' dir='ltr'>[Baluz..</span> <span class='ocrx_word' id='word_1_330' title='bbox 2191 2620 2342 2684; x_wconf 83' lang='lat' dir='ltr'>ibid.,</span> <span class='ocrx_word' id='word_1_331' title='bbox 2372 2636 2435 2674; x_wconf 80' lang='lat' dir='ltr'>ex</span> <span class='ocrx_word' id='word_1_332' title='bbox 2467 2619 2798 2700; x_wconf 75' lang='lat' dir='ltr'>chartulario</span> <span class='ocrx_word' id='word_1_333' title='bbox 2838 2619 3080 2675; x_wconf 69' lang='lat' dir='ltr'>ecclesiae</span> <span class='ocrx_word' id='word_1_334' title='bbox 3122 2619 3369 2676; x_wconf 60' lang='lat' dir='ltr'>Aurelia-3</span> 
     </span>
    </p>
   </div>
   <div class='ocr_carea' id='block_1_58' title="bbox 2535 2699 2764 2759">
    <p class='ocr_par' dir='ltr' id='par_1_58' title="bbox 2535 2699 2764 2759">
     <span class='ocr_line' id='line_1_59' title="bbox 2535 2699 2764 2759; baseline -0.009 -17"><span class='ocrx_word' id='word_1_335' title='bbox 2535 2699 2736 2757; x_wconf 79' lang='lat' dir='ltr'>nenSIs:</span> <span class='ocrx_word' id='word_1_336' title='bbox 2749 2708 2764 2759; x_wconf 61' lang='grc' dir='ltr'>ι</span> 
     </span>
    </p>
   </div>
   <div class='ocr_carea' id='block_1_59' title="bbox 1928 2780 3437 2841">
    <p class='ocr_par' dir='ltr' id='par_1_59' title="bbox 1928 2780 3437 2841">
     <span class='ocr_line' id='line_1_60' title="bbox 1928 2780 3437 2841; baseline 0.003 -7"><span class='ocrx_word' id='word_1_337' title='bbox 1928 2780 1985 2834; x_wconf 90' lang='lat' dir='ltr'>In</span> <span class='ocrx_word' id='word_1_338' title='bbox 2013 2783 2230 2837; x_wconf 90' lang='lat' dir='ltr'>nomine</span> <span class='ocrx_word' id='word_1_339' title='bbox 2267 2783 2479 2836; x_wconf 91' lang='lat' dir='ltr'>Domini</span> <span class='ocrx_word' id='word_1_340' title='bbox 2509 2791 2560 2837; x_wconf 91' lang='lat' dir='ltr'>et</span> <span class='ocrx_word' id='word_1_341' title='bbox 2597 2781 2897 2838; x_wconf 88' lang='lat' dir='ltr'>Salvatoris</span> <span class='ocrx_word' id='word_1_342' title='bbox 2919 2785 3091 2839; x_wconf 86' lang='lat' dir='ltr'>nostri</span> <span class='ocrx_word' id='word_1_343' title='bbox 3120 2782 3248 2840; x_wconf 87' lang='lat' dir='ltr'>Jcsu</span> <span class='ocrx_word' id='word_1_344' title='bbox 3276 2785 3437 2841; x_wconf 80' lang='lat' dir='ltr'>Chri-</span> 
     </span>
    </p>
   </div>
   <div class='ocr_carea' id='block_1_60' title="bbox 1858 2869 3443 2944">
    <p class='ocr_par' dir='ltr' id='par_1_60' title="bbox 1858 2869 3443 2944">
     <span class='ocr_line' id='line_1_61' title="bbox 1858 2869 3443 2944; baseline 0.004 -21"><span class='ocrx_word' id='word_1_345' title='bbox 1858 2870 1944 2933; x_wconf 88' lang='lat' dir='ltr'>sti,</span> <span class='ocrx_word' id='word_1_346' title='bbox 1979 2869 2304 2935; x_wconf 89' lang='lat' dir='ltr'>Ludovicus,</span> <span class='ocrx_word' id='word_1_347' title='bbox 2349 2871 2529 2926; x_wconf 88' lang='lat' dir='ltr'>divina</span> <span class='ocrx_word' id='word_1_348' title='bbox 2560 2871 2845 2926; x_wconf 86' lang='lat' dir='ltr'>ordinante</span> <span class='ocrx_word' id='word_1_349' title='bbox 2881 2874 3238 2942; x_wconf 80' lang='lat' dir='ltr'>providentia,</span> <span class='ocrx_word' id='word_1_350' title='bbox 3278 2875 3443 2944; x_wconf 85' lang='lat' dir='ltr'>impe-</span> 
     </span>
    </p>
   </div>
   <div class='ocr_carea' id='block_1_61' title="bbox 1859 2960 2334 3030">
    <p class='ocr_par' dir='ltr' id='par_1_61' title="bbox 1859 2960 2334 3030">
     <span class='ocr_line' id='line_1_62' title="bbox 1859 2960 2334 3030; baseline 0.002 -17"><span class='ocrx_word' id='word_1_351' title='bbox 1859 2968 2008 3014; x_wconf 90' lang='lat' dir='ltr'>rator</span> <span class='ocrx_word' id='word_1_352' title='bbox 2045 2960 2334 3030; x_wconf 81' lang='lat' dir='ltr'>Augustus.</span> 
     </span>
    </p>
   </div>
   <div class='ocr_carea' id='block_1_62' title="bbox 1937 3047 3442 3110">
    <p class='ocr_par' dir='ltr' id='par_1_62' title="bbox 1937 3047 3442 3110">
     <span class='ocr_line' id='line_1_63' title="bbox 1937 3047 3442 3110; baseline 0.005 -8"><span class='ocrx_word' id='word_1_353' title='bbox 1937 3047 1995 3102; x_wconf 92' lang='lat' dir='ltr'>Si</span> <span class='ocrx_word' id='word_1_354' title='bbox 2039 3047 2385 3104; x_wconf 88' lang='lat' dir='ltr'>liberalitatis</span> <span class='ocrx_word' id='word_1_355' title='bbox 2421 3057 2621 3104; x_wconf 75' lang='lat' dir='ltr'>nostra:</span> <span class='ocrx_word' id='word_1_356' title='bbox 2663 3056 2888 3105; x_wconf 82' lang='lat' dir='ltr'>munere</span> <span class='ocrx_word' id='word_1_357' title='bbox 2917 3051 3050 3106; x_wconf 91' lang='lat' dir='ltr'>locis</span> <span class='ocrx_word' id='word_1_358' title='bbox 3090 3052 3199 3108; x_wconf 88' lang='lat' dir='ltr'>Deo</span> <span class='ocrx_word' id='word_1_359' title='bbox 3246 3053 3442 3110; x_wconf 79' lang='lat' dir='ltr'>dicatis</span> 
     </span>
    </p>
   </div>
   <div class='ocr_carea' id='block_1_63' title="bbox 172 3128 3442 3206">
    <p class='ocr_par' dir='ltr' id='par_1_63' title="bbox 172 3128 3442 3206">
     <span class='ocr_line' id='line_1_64' title="bbox 172 3128 3442 3206; baseline -0.001 -6"><span class='ocrx_word' id='word_1_360' title='bbox 172 3152 577 3200; x_wconf 88' lang='lat' dir='ltr'>commorantes</span> <span class='ocrx_word' id='word_1_361' title='bbox 606 3157 726 3196; x_wconf 91' lang='lat' dir='ltr'>cum</span> <span class='ocrx_word' id='word_1_362' title='bbox 755 3141 1005 3195; x_wconf 91' lang='lat' dir='ltr'>omnibus</span> <span class='ocrx_word' id='word_1_363' title='bbox 1043 3141 1202 3193; x_wconf 90' lang='lat' dir='ltr'>rebus</span> <span class='ocrx_word' id='word_1_364' title='bbox 1245 3153 1431 3191; x_wconf 90' lang='lat' dir='ltr'>eorum</span> <span class='ocrx_word' id='word_1_365' title='bbox 1472 3139 1651 3206; x_wconf 86' lang='lat' dir='ltr'>quiete</span> <span class='ocrx_word' id='word_1_366' title='bbox 1679 3139 1758 3191; x_wconf 89' lang='lat' dir='ltr'>vi-</span> <span class='ocrx_word' id='word_1_367' title='bbox 1785 3128 1828 3190; x_wconf 92' lang='lat' dir='ltr'><strong>C</strong></span> <span class='ocrx_word' id='word_1_368' title='bbox 1861 3136 2118 3205; x_wconf 85' lang='lat' dir='ltr'>quiddam</span> <span class='ocrx_word' id='word_1_369' title='bbox 2142 3135 2469 3192; x_wconf 80' lang='lat' dir='ltr'>conferimus</span> <span class='ocrx_word' id='word_1_370' title='bbox 2490 3136 2759 3203; x_wconf 78' lang='lat' dir='ltr'>beneﬁcii,</span> <span class='ocrx_word' id='word_1_371' title='bbox 2789 3147 2845 3193; x_wconf 92' lang='lat' dir='ltr'>et</span> <span class='ocrx_word' id='word_1_372' title='bbox 2885 3141 3237 3197; x_wconf 88' lang='lat' dir='ltr'>necessitates</span> <span class='ocrx_word' id='word_1_373' title='bbox 3269 3143 3442 3198; x_wconf 84' lang='lat' dir='ltr'>e&#39;ccle—</span> 
     </span>
    </p>
   </div>
   <div class='ocr_carea' id='block_1_64' title="bbox 177 3225 1764 3300">
    <p class='ocr_par' dir='ltr' id='par_1_64' title="bbox 177 3225 1764 3300">
     <span class='ocr_line' id='line_1_65' title="bbox 177 3225 1764 3300; baseline -0.004 -13"><span class='ocrx_word' id='word_1_374' title='bbox 177 3248 308 3287; x_wconf 84' lang='lat' dir='ltr'>vere</span> <span class='ocrx_word' id='word_1_375' title='bbox 333 3232 535 3300; x_wconf 86' lang='lat' dir='ltr'>absque</span> <span class='ocrx_word' id='word_1_376' title='bbox 567 3228 793 3297; x_wconf 88' lang='lat' dir='ltr'>alicujus</span> <span class='ocrx_word' id='word_1_377' title='bbox 815 3227 1158 3282; x_wconf 80' lang='lat' dir='ltr'>infestatione</span> <span class='ocrx_word' id='word_1_378' title='bbox 1181 3227 1440 3281; x_wconf 79' lang='lat' dir='ltr'>licuisset.</span> <span class='ocrx_word' id='word_1_379' title='bbox 1473 3225 1580 3280; x_wconf 88' lang='lat' dir='ltr'>Pro</span> <span class='ocrx_word' id='word_1_380' title='bbox 1603 3225 1764 3280; x_wconf 84' lang='lat' dir='ltr'>ﬁrmi-</span> 
     </span>
    </p>
   </div>
   <div class='ocr_carea' id='block_1_65' title="bbox 176 3315 1762 3390">
    <p class='ocr_par' dir='ltr' id='par_1_65' title="bbox 176 3315 1762 3390">
     <span class='ocr_line' id='line_1_66' title="bbox 176 3315 1762 3390; baseline -0.004 -13"><span class='ocrx_word' id='word_1_381' title='bbox 176 3323 306 3377; x_wconf 84' lang='lat' dir='ltr'>tatis</span> <span class='ocrx_word' id='word_1_382' title='bbox 342 3315 571 3390; x_wconf 85' lang='lat' dir='ltr'>namque</span> <span class='ocrx_word' id='word_1_383' title='bbox 603 3320 780 3374; x_wconf 90' lang='lat' dir='ltr'>studio</span> <span class='ocrx_word' id='word_1_384' title='bbox 820 3318 1112 3388; x_wconf 87' lang='lat' dir='ltr'>postulavit</span> <span class='ocrx_word' id='word_1_385' title='bbox 1141 3317 1296 3372; x_wconf 88' lang='lat' dir='ltr'>nobis</span> <span class='ocrx_word' id='word_1_386' title='bbox 1326 3317 1613 3386; x_wconf 83' lang='lat' dir='ltr'>praedictus</span> <span class='ocrx_word' id='word_1_387' title='bbox 1652 3316 1762 3370; x_wconf 86' lang='lat' dir='ltr'>Mo-</span> 
     </span>
    </p>
   </div>
   <div class='ocr_carea' id='block_1_66' title="bbox 175 3405 1763 3465">
    <p class='ocr_par' dir='ltr' id='par_1_66' title="bbox 175 3405 1763 3465">
     <span class='ocr_line' id='line_1_67' title="bbox 175 3405 1763 3465; baseline -0.003 -1"><span class='ocrx_word' id='word_1_388' title='bbox 175 3410 353 3465; x_wconf 82' lang='lat' dir='ltr'>nclltis</span> <span class='ocrx_word' id='word_1_389' title='bbox 381 3411 517 3464; x_wconf 88' lang='lat' dir='ltr'>abba</span> <span class='ocrx_word' id='word_1_390' title='bbox 553 3416 610 3462; x_wconf 92' lang='lat' dir='ltr'>ut</span> <span class='ocrx_word' id='word_1_391' title='bbox 660 3407 907 3461; x_wconf 83' lang='lat' dir='ltr'>eumdem</span> <span class='ocrx_word' id='word_1_392' title='bbox 951 3406 1338 3460; x_wconf 89' lang='lat' dir='ltr'>monasterium</span> <span class='ocrx_word' id='word_1_393' title='bbox 1386 3421 1505 3459; x_wconf 89' lang='lat' dir='ltr'>cum</span> <span class='ocrx_word' id='word_1_394' title='bbox 1554 3405 1763 3460; x_wconf 89' lang='lat' dir='ltr'>cellulis</span> 
     </span>
    </p>
   </div>
   <div class='ocr_carea' id='block_1_67' title="bbox 175 3495 1761 3568">
    <p class='ocr_par' dir='ltr' id='par_1_67' title="bbox 175 3495 1761 3568">
     <span class='ocr_line' id='line_1_68' title="bbox 175 3495 1761 3568; baseline -0.004 -12"><span class='ocrx_word' id='word_1_395' title='bbox 175 3502 282 3556; x_wconf 89' lang='lat' dir='ltr'>sibi</span> <span class='ocrx_word' id='word_1_396' title='bbox 315 3499 590 3568; x_wconf 86' lang='lat' dir='ltr'>subjectis,</span> <span class='ocrx_word' id='word_1_397' title='bbox 637 3513 756 3568; x_wconf 69' lang='lat' dir='ltr'>qua:</span> <span class='ocrx_word' id='word_1_398' title='bbox 799 3507 1138 3567; x_wconf 84' lang='lat' dir='ltr'>nuncupatur</span> <span class='ocrx_word' id='word_1_399' title='bbox 1175 3495 1517 3561; x_wconf 86' lang='lat' dir='ltr'>Garelianus,</span> <span class='ocrx_word' id='word_1_400' title='bbox 1563 3503 1618 3550; x_wconf 92' lang='lat' dir='ltr'>et</span> <span class='ocrx_word' id='word_1_401' title='bbox 1653 3496 1761 3550; x_wconf 88' lang='lat' dir='ltr'>alia</span> 
     </span>
    </p>
   </div>
   <div class='ocr_carea' id='block_1_68' title="bbox 175 3587 1764 3662">
    <p class='ocr_par' dir='ltr' id='par_1_68' title="bbox 175 3587 1764 3662">
     <span class='ocr_line' id='line_1_69' title="bbox 175 3587 1764 3662; baseline -0.002 -17"><span class='ocrx_word' id='word_1_402' title='bbox 175 3607 300 3662; x_wconf 65' lang='lat' dir='ltr'>quae</span> <span class='ocrx_word' id='word_1_403' title='bbox 329 3600 672 3659; x_wconf 83' lang='lat' dir='ltr'>nuncupatur</span> <span class='ocrx_word' id='word_1_404' title='bbox 709 3591 879 3645; x_wconf 87' lang='lat' dir='ltr'>sancti</span> <span class='ocrx_word' id='word_1_405' title='bbox 922 3588 1161 3654; x_wconf 85' lang='lat' dir='ltr'>Martini,</span> <span class='ocrx_word' id='word_1_406' title='bbox 1191 3597 1246 3644; x_wconf 88' lang='lat' dir='ltr'>et</span> <span class='ocrx_word' id='word_1_407' title='bbox 1277 3587 1458 3642; x_wconf 90' lang='lat' dir='ltr'>villam</span> <span class='ocrx_word' id='word_1_408' title='bbox 1481 3587 1636 3658; x_wconf 80' lang='lat' dir='ltr'>juxta</span> <span class='ocrx_word' id='word_1_409' title='bbox 1684 3589 1764 3658; x_wconf 89' lang='lat' dir='ltr'>ip-</span> 
     </span>
    </p>
   </div>
   <div class='ocr_carea' id='block_1_69' title="bbox 176 3680 1762 3750">
    <p class='ocr_par' dir='ltr' id='par_1_69' title="bbox 176 3680 1762 3750">
     <span class='ocr_line' id='line_1_70' title="bbox 176 3680 1762 3750; baseline -0.001 -13"><span class='ocrx_word' id='word_1_410' title='bbox 176 3699 299 3737; x_wconf 87' lang='lat' dir='ltr'>sum</span> <span class='ocrx_word' id='word_1_411' title='bbox 326 3683 715 3737; x_wconf 89' lang='lat' dir='ltr'>monasterium</span> <span class='ocrx_word' id='word_1_412' title='bbox 754 3696 875 3750; x_wconf 73' lang='lat' dir='ltr'>quae</span> <span class='ocrx_word' id='word_1_413' title='bbox 895 3690 1120 3735; x_wconf 85' lang='lat' dir='ltr'>vocatur</span> <span class='ocrx_word' id='word_1_414' title='bbox 1152 3680 1330 3745; x_wconf 87' lang='lat' dir='ltr'>Salas,</span> <span class='ocrx_word' id='word_1_415' title='bbox 1357 3681 1449 3734; x_wconf 92' lang='lat' dir='ltr'>ubi</span> <span class='ocrx_word' id='word_1_416' title='bbox 1476 3688 1562 3734; x_wconf 89' lang='lat' dir='ltr'>est</span> <span class='ocrx_word' id='word_1_417' title='bbox 1592 3681 1762 3735; x_wconf 88' lang='lat' dir='ltr'>eccle-</span> 
     </span>
    </p>
   </div>
   <div class='ocr_carea' id='block_1_70' title="bbox 175 3769 1758 3837">
    <p class='ocr_par' dir='ltr' id='par_1_70' title="bbox 175 3769 1758 3837">
     <span class='ocr_line' id='line_1_71' title="bbox 175 3769 1758 3837; baseline -0.004 -9"><span class='ocrx_word' id='word_1_418' title='bbox 175 3774 260 3828; x_wconf 86' lang='lat' dir='ltr'>sia</span> <span class='ocrx_word' id='word_1_419' title='bbox 286 3781 594 3828; x_wconf 90' lang='lat' dir='ltr'>constructa</span> <span class='ocrx_word' id='word_1_420' title='bbox 626 3771 680 3825; x_wconf 94' lang='lat' dir='ltr'>in</span> <span class='ocrx_word' id='word_1_421' title='bbox 708 3771 911 3824; x_wconf 88' lang='lat' dir='ltr'>honore</span> <span class='ocrx_word' id='word_1_422' title='bbox 940 3778 1139 3834; x_wconf 70' lang='lat' dir='ltr'>sancta:</span> <span class='ocrx_word' id='word_1_423' title='bbox 1184 3769 1364 3822; x_wconf 69' lang='lat' dir='ltr'>Mariae</span> <span class='ocrx_word' id='word_1_424' title='bbox 1405 3783 1618 3837; x_wconf 85' lang='lat' dir='ltr'>semper</span> <span class='ocrx_word' id='word_1_425' title='bbox 1646 3770 1758 3823; x_wconf 91' lang='lat' dir='ltr'>vir-</span> 
     </span>
    </p>
   </div>
   <div class='ocr_carea' id='block_1_71' title="bbox 177 3850 1757 3933">
    <p class='ocr_par' dir='ltr' id='par_1_71' title="bbox 177 3850 1757 3933">
     <span class='ocr_line' id='line_1_72' title="bbox 177 3850 1757 3933; baseline -0.001 -17"><span class='ocrx_word' id='word_1_426' title='bbox 177 3864 343 3932; x_wconf 75' lang='lat' dir='ltr'>ginis,</span> <span class='ocrx_word' id='word_1_427' title='bbox 384 3879 545 3933; x_wconf 90' lang='lat' dir='ltr'>quam</span> <span class='ocrx_word' id='word_1_428' title='bbox 571 3870 624 3916; x_wconf 90' lang='lat' dir='ltr'>et</span> <span class='ocrx_word' id='word_1_429' title='bbox 668 3863 766 3915; x_wconf 78' lang='lat' dir='ltr'>nes</span> <span class='ocrx_word' id='word_1_430' title='bbox 790 3850 962 3914; x_wconf 81' lang='lat' dir='ltr'>eidem</span> <span class='ocrx_word' id='word_1_431' title='bbox 1005 3860 1335 3914; x_wconf 90' lang='lat' dir='ltr'>monasterio</span> <span class='ocrx_word' id='word_1_432' title='bbox 1370 3860 1757 3922; x_wconf 90' lang='lat' dir='ltr'>concessimus,</span> 
     </span>
    </p>
   </div>
   <div class='ocr_carea' id='block_1_72' title="bbox 175 3947 1758 4020">
    <p class='ocr_par' dir='ltr' id='par_1_72' title="bbox 175 3947 1758 4020">
     <span class='ocr_line' id='line_1_73' title="bbox 175 3947 1758 4020; baseline -0.004 -11"><span class='ocrx_word' id='word_1_433' title='bbox 175 3969 302 4009; x_wconf 87' lang='lat' dir='ltr'>cum</span> <span class='ocrx_word' id='word_1_434' title='bbox 327 3951 642 4020; x_wconf 82' lang='lat' dir='ltr'>adjacentiis</span> <span class='ocrx_word' id='word_1_435' title='bbox 664 3949 746 4004; x_wconf 87' lang='lat' dir='ltr'>vel</span> <span class='ocrx_word' id='word_1_436' title='bbox 777 3949 1041 4007; x_wconf 86' lang='lat' dir='ltr'>terminiis</span> <span class='ocrx_word' id='word_1_437' title='bbox 1069 3949 1452 4017; x_wconf 65' lang='lat' dir='ltr'>praedictorum</span> <span class='ocrx_word' id='word_1_438' title='bbox 1495 3947 1758 4012; x_wconf 89' lang='lat' dir='ltr'>locorum,</span> 
     </span>
    </p>
   </div>
   <div class='ocr_carea' id='block_1_73' title="bbox 175 4032 1762 4114">
    <p class='ocr_par' dir='ltr' id='par_1_73' title="bbox 175 4032 1762 4114">
     <span class='ocr_line' id='line_1_74' title="bbox 175 4032 1762 4114; baseline -0.004 -17"><span class='ocrx_word' id='word_1_439' title='bbox 175 4043 280 4097; x_wconf 70' lang='lat' dir='ltr'>sub</span> <span class='ocrx_word' id='word_1_440' title='bbox 301 4049 488 4096; x_wconf 91' lang='lat' dir='ltr'>nostra</span> <span class='ocrx_word' id='word_1_441' title='bbox 509 4040 970 4114; x_wconf 13' lang='lat' dir='ltr'>constitueremus.</span> <span class='ocrx_word' id='word_1_442' title='bbox 991 4037 1302 4093; x_wconf 83' lang='lat' dir='ltr'>defensione</span> <span class='ocrx_word' id='word_1_443' title='bbox 1329 4043 1383 4091; x_wconf 90' lang='lat' dir='ltr'>ct</span> <span class='ocrx_word' id='word_1_444' title='bbox 1406 4032 1762 4092; x_wconf 77' lang='lat' dir='ltr'>immanitatis</span> 
     </span>
    </p>
   </div>
   <div class='ocr_carea' id='block_1_74' title="bbox 179 4116 1762 4199">
    <p class='ocr_par' dir='ltr' id='par_1_74' title="bbox 179 4116 1762 4199">
     <span class='ocr_line' id='line_1_75' title="bbox 179 4116 1762 4199; baseline -0.004 -14"><span class='ocrx_word' id='word_1_445' title='bbox 179 4117 426 4185; x_wconf 85' lang='lat' dir='ltr'>tuitione.</span> <span class='ocrx_word' id='word_1_446' title='bbox 458 4116 621 4199; x_wconf 84' lang='lat' dir='ltr'>Cujus</span> <span class='ocrx_word' id='word_1_447' title='bbox 645 4129 894 4197; x_wconf 87' lang='lat' dir='ltr'>precibus</span> <span class='ocrx_word' id='word_1_448' title='bbox 926 4129 994 4182; x_wconf 90' lang='lat' dir='ltr'>ob</span> <span class='ocrx_word' id='word_1_449' title='bbox 1025 4142 1286 4188; x_wconf 81' lang='lat' dir='ltr'>amorem</span> <span class='ocrx_word' id='word_1_450' title='bbox 1305 4125 1402 4180; x_wconf 88' lang='lat' dir='ltr'>Dei</span> <span class='ocrx_word' id='word_1_451' title='bbox 1427 4135 1482 4179; x_wconf 85' lang='lat' dir='ltr'>et</span> <span class='ocrx_word' id='word_1_452' title='bbox 1511 4141 1762 4183; x_wconf 88' lang='lat' dir='ltr'>reveren-</span> 
     </span>
    </p>
   </div>
   <div class='ocr_carea' id='block_1_75' title="bbox 179 4215 1760 4284">
    <p class='ocr_par' dir='ltr' id='par_1_75' title="bbox 179 4215 1760 4284">
     <span class='ocr_line' id='line_1_76' title="bbox 179 4215 1760 4284; baseline -0.004 -10"><span class='ocrx_word' id='word_1_453' title='bbox 179 4222 312 4275; x_wconf 84' lang='lat' dir='ltr'>tiam</span> <span class='ocrx_word' id='word_1_454' title='bbox 337 4219 504 4274; x_wconf 84' lang='lat' dir='ltr'>divini</span> <span class='ocrx_word' id='word_1_455' title='bbox 533 4219 707 4273; x_wconf 89' lang='lat' dir='ltr'>cultus</span> <span class='ocrx_word' id='word_1_456' title='bbox 750 4216 980 4273; x_wconf 73' lang='lat' dir='ltr'>libenter</span> <span class='ocrx_word' id='word_1_457' title='bbox 1002 4231 1185 4270; x_wconf 91' lang='lat' dir='ltr'>aurem</span> <span class='ocrx_word' id='word_1_458' title='bbox 1212 4216 1621 4271; x_wconf 77' lang='lat' dir='ltr'>accommodare</span> <span class='ocrx_word' id='word_1_459' title='bbox 1648 4215 1760 4284; x_wconf 91' lang='lat' dir='ltr'>pla-</span> 
     </span>
    </p>
   </div>
   <div class='ocr_carea' id='block_1_76' title="bbox 177 4299 1759 4375">
    <p class='ocr_par' dir='ltr' id='par_1_76' title="bbox 177 4299 1759 4375">
     <span class='ocr_line' id='line_1_77' title="bbox 177 4299 1759 4375; baseline -0.003 -12"><span class='ocrx_word' id='word_1_460' title='bbox 177 4311 317 4374; x_wconf 91' lang='lat' dir='ltr'>cuit,</span> <span class='ocrx_word' id='word_1_461' title='bbox 355 4317 411 4363; x_wconf 90' lang='lat' dir='ltr'>et</span> <span class='ocrx_word' id='word_1_462' title='bbox 450 4299 553 4363; x_wconf 87' lang='lat' dir='ltr'>hoc</span> <span class='ocrx_word' id='word_1_463' title='bbox 581 4317 782 4362; x_wconf 68' lang='lat' dir='ltr'>nostra:</span> <span class='ocrx_word' id='word_1_464' title='bbox 823 4306 1159 4360; x_wconf 88' lang='lat' dir='ltr'>auctoritatis</span> <span class='ocrx_word' id='word_1_465' title='bbox 1189 4313 1515 4375; x_wconf 76' lang='lat' dir='ltr'>prteceptum</span> <span class='ocrx_word' id='word_1_466' title='bbox 1562 4306 1759 4360; x_wconf 89' lang='lat' dir='ltr'>immu-</span> 
     </span>
    </p>
   </div>
   <div class='ocr_carea' id='block_1_77' title="bbox 178 4392 1760 4466">
    <p class='ocr_par' dir='ltr' id='par_1_77' title="bbox 178 4392 1760 4466">
     <span class='ocr_line' id='line_1_78' title="bbox 178 4392 1760 4466; baseline -0.004 -12"><span class='ocrx_word' id='word_1_467' title='bbox 178 4400 367 4454; x_wconf 86' lang='lat' dir='ltr'>nitatis</span> <span class='ocrx_word' id='word_1_468' title='bbox 395 4407 553 4466; x_wconf 90' lang='lat' dir='ltr'>atque</span> <span class='ocrx_word' id='word_1_469' title='bbox 579 4395 841 4453; x_wconf 73' lang='lat' dir='ltr'>,tuitionis</span> <span class='ocrx_word' id='word_1_470' title='bbox 871 4393 1099 4464; x_wconf 88' lang='lat' dir='ltr'>gratiam</span> <span class='ocrx_word' id='word_1_471' title='bbox 1127 4392 1242 4446; x_wconf 88' lang='lat' dir='ltr'>ﬁeri</span> <span class='ocrx_word' id='word_1_472' title='bbox 1268 4394 1631 4458; x_wconf 82' lang='lat' dir='ltr'>decernimus,</span> <span class='ocrx_word' id='word_1_473' title='bbox 1662 4409 1760 4463; x_wconf 87' lang='lat' dir='ltr'>per</span> 
     </span>
    </p>
   </div>
   <div class='ocr_carea' id='block_1_78' title="bbox 1864 3224 3441 3294">
    <p class='ocr_par' dir='ltr' id='par_1_78' title="bbox 1864 3224 3441 3294">
     <span class='ocr_line' id='line_1_79' title="bbox 1864 3224 3441 3294; baseline 0.004 -14"><span class='ocrx_word' id='word_1_474' title='bbox 1864 3225 2112 3280; x_wconf 84' lang='lat' dir='ltr'>siasticas</span> <span class='ocrx_word' id='word_1_475' title='bbox 2136 3224 2202 3278; x_wconf 90' lang='lat' dir='ltr'>ad</span> <span class='ocrx_word' id='word_1_476' title='bbox 2229 3227 2515 3294; x_wconf 75' lang='lat' dir='ltr'>petitiones</span> <span class='ocrx_word' id='word_1_477' title='bbox 2543 3226 2881 3281; x_wconf 89' lang='lat' dir='ltr'>sacerdotum</span> <span class='ocrx_word' id='word_1_478' title='bbox 2925 3236 3113 3283; x_wconf 90' lang='lat' dir='ltr'>nostro</span> <span class='ocrx_word' id='word_1_479' title='bbox 3142 3231 3441 3286; x_wconf 87' lang='lat' dir='ltr'>relevamus</span> 
     </span>
    </p>
   </div>
   <div class='ocr_carea' id='block_1_79' title="bbox 1857 3314 3439 3385">
    <p class='ocr_par' dir='ltr' id='par_1_79' title="bbox 1857 3314 3439 3385">
     <span class='ocr_line' id='line_1_80' title="bbox 1857 3314 3439 3385; baseline 0.005 -18"><span class='ocrx_word' id='word_1_480' title='bbox 1857 3315 2150 3385; x_wconf 87' lang='lat' dir='ltr'>juvamine,</span> <span class='ocrx_word' id='word_1_481' title='bbox 2206 3314 2675 3385; x_wconf 90' lang='lat' dir='ltr'>atqueimperiali</span> <span class='ocrx_word' id='word_1_482' title='bbox 2740 3315 3321 3384; x_wconf 40' lang='lat' dir='ltr'>tucmur’muniniine,</span> <span class='ocrx_word' id='word_1_483' title='bbox 3383 3321 3439 3375; x_wconf 91' lang='lat' dir='ltr'>id</span> 
     </span>
    </p>
   </div>
   <div class='ocr_carea' id='block_1_80' title="bbox 1861 3406 3436 3483">
    <p class='ocr_par' dir='ltr' id='par_1_80' title="bbox 1861 3406 3436 3483">
     <span class='ocr_line' id='line_1_81' title="bbox 1861 3406 3436 3483; baseline 0.007 -25"><span class='ocrx_word' id='word_1_484' title='bbox 1861 3407 2019 3459; x_wconf 82' lang='lat' dir='ltr'>nobis</span> <span class='ocrx_word' id='word_1_485' title='bbox 2045 3414 2100 3459; x_wconf 92' lang='lat' dir='ltr'>et</span> <span class='ocrx_word' id='word_1_486' title='bbox 2124 3406 2192 3460; x_wconf 91' lang='lat' dir='ltr'>ad</span> <span class='ocrx_word' id='word_1_487' title='bbox 2225 3406 2511 3461; x_wconf 86' lang='lat' dir='ltr'>mortalem</span> <span class='ocrx_word' id='word_1_488' title='bbox 2543 3407 2710 3461; x_wconf 87' lang='lat' dir='ltr'>vitam</span> <span class='ocrx_word' id='word_1_489' title='bbox 2737 3410 3104 3477; x_wconf 89' lang='lat' dir='ltr'>temporaliter</span> <span class='ocrx_word' id='word_1_490' title='bbox 3127 3415 3436 3483; x_wconf 82' lang='lat' dir='ltr'>transigen-</span> 
     </span>
    </p>
   </div>
   <div class='ocr_carea' id='block_1_81' title="bbox 1863 3494 3438 3574">
    <p class='ocr_par' dir='ltr' id='par_1_81' title="bbox 1863 3494 3438 3574">
     <span class='ocr_line' id='line_1_82' title="bbox 1863 3494 3438 3574; baseline 0.008 -26"><span class='ocrx_word' id='word_1_491' title='bbox 1863 3494 1986 3548; x_wconf 89' lang='lat' dir='ltr'>dam</span> <span class='ocrx_word' id='word_1_492' title='bbox 2021 3503 2074 3549; x_wconf 87' lang='lat' dir='ltr'>et</span> <span class='ocrx_word' id='word_1_493' title='bbox 2097 3496 2165 3550; x_wconf 90' lang='lat' dir='ltr'>ad</span> <span class='ocrx_word' id='word_1_494' title='bbox 2193 3505 2452 3550; x_wconf 66' lang='lat' dir='ltr'>mternam</span> <span class='ocrx_word' id='word_1_495' title='bbox 2478 3495 2710 3574; x_wconf 81' lang='lat' dir='ltr'>feliciter</span> <span class='ocrx_word' id='word_1_496' title='bbox 2729 3498 3072 3560; x_wconf 83' lang='lat' dir='ltr'>obtinendam</span> <span class='ocrx_word' id='word_1_497' title='bbox 3097 3503 3438 3572; x_wconf 82' lang='lat' dir='ltr'>profuturum</span> 
     </span>
    </p>
   </div>
   <div class='ocr_carea' id='block_1_82' title="bbox 1863 3575 3438 3662">
    <p class='ocr_par' dir='ltr' id='par_1_82' title="bbox 1863 3575 3438 3662">
     <span class='ocr_line' id='line_1_83' title="bbox 1863 3575 3438 3662; baseline 0.011 -25"><span class='ocrx_word' id='word_1_498' title='bbox 1863 3582 2066 3654; x_wconf 88' lang='lat' dir='ltr'>liquido</span> <span class='ocrx_word' id='word_1_499' title='bbox 2096 3588 2385 3642; x_wconf 87' lang='lat' dir='ltr'>credimus.</span> <span class='ocrx_word' id='word_1_500' title='bbox 2417 3575 2638 3642; x_wconf 84' lang='lat' dir='ltr'>Noverit</span> <span class='ocrx_word' id='word_1_501' title='bbox 2666 3589 2870 3643; x_wconf 89' lang='lat' dir='ltr'>interea</span> <span class='ocrx_word' id='word_1_502' title='bbox 2895 3593 3161 3662; x_wconf 83' lang='lat' dir='ltr'>sagacitas</span> <span class='ocrx_word' id='word_1_503' title='bbox 3199 3603 3293 3651; x_wconf 83' lang='lat' dir='ltr'>se‘u</span> <span class='ocrx_word' id='word_1_504' title='bbox 3327 3600 3438 3654; x_wconf 87' lang='lat' dir='ltr'>uti-</span> 
     </span>
    </p>
   </div>
   <div class='ocr_carea' id='block_1_83' title="bbox 1862 3674 3438 3744">
    <p class='ocr_par' dir='ltr' id='par_1_83' title="bbox 1862 3674 3438 3744">
     <span class='ocr_line' id='line_1_84' title="bbox 1862 3674 3438 3744; baseline 0.011 -17"><span class='ocrx_word' id='word_1_505' title='bbox 1862 3674 1985 3730; x_wconf 85' lang='lat' dir='ltr'>litas</span> <span class='ocrx_word' id='word_1_506' title='bbox 2009 3677 2248 3731; x_wconf 91' lang='lat' dir='ltr'>omnium</span> <span class='ocrx_word' id='word_1_507' title='bbox 2294 3676 2531 3732; x_wconf 89' lang='lat' dir='ltr'>ﬁdelium</span> <span class='ocrx_word' id='word_1_508' title='bbox 2561 3687 2761 3734; x_wconf 69' lang='lat' dir='ltr'>sanctae</span> <span class='ocrx_word' id='word_1_509' title='bbox 2792 3679 2887 3735; x_wconf 90' lang='lat' dir='ltr'>Dei</span> <span class='ocrx_word' id='word_1_510' title='bbox 2927 3681 3184 3739; x_wconf 73' lang='lat' dir='ltr'>Ecclesiae</span> <span class='ocrx_word' id='word_1_511' title='bbox 3219 3699 3438 3744; x_wconf 90' lang='lat' dir='ltr'>nostro-</span> 
     </span>
    </p>
   </div>
   <div class='ocr_carea' id='block_1_84' title="bbox 1861 3769 3438 3847">
    <p class='ocr_par' dir='ltr' id='par_1_84' title="bbox 1861 3769 3438 3847">
     <span class='ocr_line' id='line_1_85' title="bbox 1861 3769 3438 3847; baseline 0.008 -25"><span class='ocrx_word' id='word_1_512' title='bbox 1861 3782 2090 3836; x_wconf 89' lang='lat' dir='ltr'>rumque</span> <span class='ocrx_word' id='word_1_513' title='bbox 2125 3776 2234 3822; x_wconf 88' lang='lat' dir='ltr'>tam</span> <span class='ocrx_word' id='word_1_514' title='bbox 2264 3769 2612 3839; x_wconf 69' lang='lat' dir='ltr'>prmsentium</span> <span class='ocrx_word' id='word_1_515' title='bbox 2644 3785 2806 3840; x_wconf 91' lang='lat' dir='ltr'>quam</span> <span class='ocrx_word' id='word_1_516' title='bbox 2854 3779 2909 3826; x_wconf 91' lang='lat' dir='ltr'>et</span> <span class='ocrx_word' id='word_1_517' title='bbox 2959 3772 3287 3841; x_wconf 80' lang='lat' dir='ltr'>futurorum,</span> <span class='ocrx_word' id='word_1_518' title='bbox 3311 3780 3438 3847; x_wconf 87' lang='lat' dir='ltr'>quia</span> 
     </span>
    </p>
   </div>
   <div class='ocr_carea' id='block_1_85' title="bbox 1861 3857 3438 3933">
    <p class='ocr_par' dir='ltr' id='par_1_85' title="bbox 1861 3857 3438 3933">
     <span class='ocr_line' id='line_1_86' title="bbox 1861 3857 3438 3933; baseline 0.008 -23"><span class='ocrx_word' id='word_1_519' title='bbox 1861 3857 1946 3910; x_wconf 90' lang='lat' dir='ltr'>vir</span> <span class='ocrx_word' id='word_1_520' title='bbox 1984 3857 2310 3913; x_wconf 87' lang='lat' dir='ltr'>venerabilis</span> <span class='ocrx_word' id='word_1_521' title='bbox 2351 3858 2704 3925; x_wconf 75' lang='lat' dir='ltr'>Theodull’us,</span> <span class='ocrx_word' id='word_1_522' title='bbox 2735 3861 3142 3933; x_wconf 75' lang='lat' dir='ltr'>Aurelianensis</span> <span class='ocrx_word' id='word_1_523' title='bbox 3184 3865 3438 3923; x_wconf 72' lang='lat' dir='ltr'>Ecclesia:</span> 
     </span>
    </p>
   </div>
   <div class='ocr_carea' id='block_1_86' title="bbox 1863 3947 3433 4018">
    <p class='ocr_par' dir='ltr' id='par_1_86' title="bbox 1863 3947 3433 4018">
     <span class='ocr_line' id='line_1_87' title="bbox 1863 3947 3433 4018; baseline 0.008 -18"><span class='ocrx_word' id='word_1_524' title='bbox 1863 3947 2322 4018; x_wconf 87' lang='lat' dir='ltr'>archiepiscopus,</span> <span class='ocrx_word' id='word_1_525' title='bbox 2351 3950 2546 4005; x_wconf 88' lang='lat' dir='ltr'>obtulit</span> <span class='ocrx_word' id='word_1_526' title='bbox 2578 3949 2854 4006; x_wconf 90' lang='lat' dir='ltr'>obtutibus</span> <span class='ocrx_word' id='word_1_527' title='bbox 2897 3953 3099 4008; x_wconf 87' lang='lat' dir='ltr'>nostris</span> <span class='ocrx_word' id='word_1_528' title='bbox 3141 3957 3433 4012; x_wconf 88' lang='lat' dir='ltr'>auctorita-</span> 
     </span>
    </p>
   </div>
   <div class='ocr_carea' id='block_1_87' title="bbox 1862 4040 3436 4111">
    <p class='ocr_par' dir='ltr' id='par_1_87' title="bbox 1862 4040 3436 4111">
     <span class='ocr_line' id='line_1_88' title="bbox 1862 4040 3436 4111; baseline 0.008 -18"><span class='ocrx_word' id='word_1_529' title='bbox 1862 4047 1970 4093; x_wconf 89' lang='lat' dir='ltr'>tem</span> <span class='ocrx_word' id='word_1_530' title='bbox 1999 4040 2202 4095; x_wconf 89' lang='lat' dir='ltr'>domini</span> <span class='ocrx_word' id='word_1_531' title='bbox 2242 4049 2297 4095; x_wconf 89' lang='lat' dir='ltr'>et</span> <span class='ocrx_word' id='word_1_532' title='bbox 2339 4042 2598 4111; x_wconf 87' lang='lat' dir='ltr'>genitoris</span> <span class='ocrx_word' id='word_1_533' title='bbox 2634 4043 2805 4098; x_wconf 91' lang='lat' dir='ltr'>nostri</span> <span class='ocrx_word' id='word_1_534' title='bbox 2851 4044 3003 4099; x_wconf 81' lang='lat' dir='ltr'>bonae</span> <span class='ocrx_word' id='word_1_535' title='bbox 3031 4049 3305 4104; x_wconf 72' lang='lat' dir='ltr'>memoria:</span> <span class='ocrx_word' id='word_1_536' title='bbox 3337 4051 3436 4105; x_wconf 84' lang='lat' dir='ltr'>Ca-</span> 
     </span>
    </p>
   </div>
   <div class='ocr_carea' id='block_1_88' title="bbox 1862 4127 3436 4209">
    <p class='ocr_par' dir='ltr' id='par_1_88' title="bbox 1862 4127 3436 4209">
     <span class='ocr_line' id='line_1_89' title="bbox 1862 4127 3436 4209; baseline 0.01 -29"><span class='ocrx_word' id='word_1_537' title='bbox 1862 4127 1967 4180; x_wconf 76' lang='lat' dir='ltr'>roli</span> <span class='ocrx_word' id='word_1_538' title='bbox 2009 4128 2240 4196; x_wconf 86' lang='lat' dir='ltr'>piissimi</span> <span class='ocrx_word' id='word_1_539' title='bbox 2295 4128 2548 4199; x_wconf 83' lang='lat' dir='ltr'>Augusti,</span> <span class='ocrx_word' id='word_1_540' title='bbox 2580 4130 2634 4184; x_wconf 91' lang='lat' dir='ltr'>in</span> <span class='ocrx_word' id='word_1_541' title='bbox 2679 4148 2785 4201; x_wconf 91' lang='lat' dir='ltr'>qua</span> <span class='ocrx_word' id='word_1_542' title='bbox 2827 4142 2947 4187; x_wconf 88' lang='lat' dir='ltr'>erat</span> <span class='ocrx_word' id='word_1_543' title='bbox 2988 4135 3254 4192; x_wconf 91' lang='lat' dir='ltr'>insertum</span> <span class='ocrx_word' id='word_1_544' title='bbox 3293 4141 3436 4209; x_wconf 91' lang='lat' dir='ltr'>quod</span> 
     </span>
    </p>
   </div>
   <div class='ocr_carea' id='block_1_89' title="bbox 1862 4212 3436 4299">
    <p class='ocr_par' dir='ltr' id='par_1_89' title="bbox 1862 4212 3436 4299">
     <span class='ocr_line' id='line_1_90' title="bbox 1862 4212 3436 4299; baseline 0.011 -33"><span class='ocrx_word' id='word_1_545' title='bbox 1862 4212 2002 4276; x_wconf 62' lang='lat' dir='ltr'>idem</span> <span class='ocrx_word' id='word_1_546' title='bbox 2048 4214 2260 4285; x_wconf 89' lang='lat' dir='ltr'>genitor</span> <span class='ocrx_word' id='word_1_547' title='bbox 2304 4224 2488 4272; x_wconf 86' lang='lat' dir='ltr'>noster</span> <span class='ocrx_word' id='word_1_548' title='bbox 2533 4225 2588 4271; x_wconf 91' lang='lat' dir='ltr'>et</span> <span class='ocrx_word' id='word_1_549' title='bbox 2631 4220 3054 4287; x_wconf 63' lang='lat' dir='ltr'>prmdecessores</span> <span class='ocrx_word' id='word_1_550' title='bbox 3100 4225 3236 4295; x_wconf 90' lang='lat' dir='ltr'>ejus,</span> <span class='ocrx_word' id='word_1_551' title='bbox 3281 4243 3436 4299; x_wconf 81' lang='lat' dir='ltr'>reges</span> 
     </span>
    </p>
   </div>
   <div class='ocr_carea' id='block_1_90' title="bbox 1861 4303 3434 4384">
    <p class='ocr_par' dir='ltr' id='par_1_90' title="bbox 1861 4303 3434 4384">
     <span class='ocr_line' id='line_1_91' title="bbox 1861 4303 3434 4384; baseline 0.012 -29"><span class='ocrx_word' id='word_1_552' title='bbox 1861 4303 2110 4377; x_wconf 84' lang='lat' dir='ltr'>videlicet</span> <span class='ocrx_word' id='word_1_553' title='bbox 2139 4304 2495 4380; x_wconf 85' lang='lat' dir='ltr'>Francorum,</span> <span class='ocrx_word' id='word_1_554' title='bbox 2541 4309 2826 4366; x_wconf 91' lang='lat' dir='ltr'>ecclesiam</span> <span class='ocrx_word' id='word_1_555' title='bbox 2853 4314 3290 4383; x_wconf 55' lang='lat' dir='ltr'>sanetarCrucis,</span> <span class='ocrx_word' id='word_1_556' title='bbox 3324 4322 3434 4384; x_wconf 91' lang='lat' dir='ltr'>cui,</span> 
     </span>
    </p>
   </div>
   <div class='ocr_carea' id='block_1_91' title="bbox 1863 4395 3430 4472">
    <p class='ocr_par' dir='ltr' id='par_1_91' title="bbox 1863 4395 3430 4472">
     <span class='ocr_line' id='line_1_92' title="bbox 1863 4395 3430 4472; baseline 0.013 -27"><span class='ocrx_word' id='word_1_557' title='bbox 1863 4403 2083 4450; x_wconf 87' lang='lat' dir='ltr'>auctore</span> <span class='ocrx_word' id='word_1_558' title='bbox 2119 4395 2251 4463; x_wconf 91' lang='lat' dir='ltr'>Deo,</span> <span class='ocrx_word' id='word_1_559' title='bbox 2294 4398 2408 4466; x_wconf 89' lang='lat' dir='ltr'>ipse</span> <span class='ocrx_word' id='word_1_560' title='bbox 2439 4398 2766 4455; x_wconf 81' lang='lat' dir='ltr'>Theodult‘us</span> <span class='ocrx_word' id='word_1_561' title='bbox 2792 4403 3050 4472; x_wconf 75' lang='lat' dir='ltr'>praelatus</span> <span class='ocrx_word' id='word_1_562' title='bbox 3074 4416 3178 4472; x_wconf 82' lang='lat' dir='ltr'>est,</span> <span class='ocrx_word' id='word_1_563' title='bbox 3210 4409 3310 4463; x_wconf 88' lang='lat' dir='ltr'>sub</span> <span class='ocrx_word' id='word_1_564' title='bbox 3333 4425 3430 4465; x_wconf 91' lang='lat' dir='ltr'>suo</span> 
     </span>
    </p>
   </div>
   <div class='ocr_carea' id='block_1_92' title="bbox 157 4461 3433 4566">
    <p class='ocr_par' dir='ltr' id='par_1_92' title="bbox 157 4461 3433 4566">
     <span class='ocr_line' id='line_1_93' title="bbox 157 4461 3433 4566; baseline 0.004 -25"><span class='ocrx_word' id='word_1_565' title='bbox 157 4503 341 4566; x_wconf 54' lang='lat' dir='ltr'>quam</span> <span class='ocrx_word' id='word_1_566' title='bbox 383 4486 722 4556; x_wconf 77' lang='lat' dir='ltr'>praecipimus</span> <span class='ocrx_word' id='word_1_567' title='bbox 773 4493 934 4552; x_wconf 90' lang='lat' dir='ltr'>atque</span> <span class='ocrx_word' id='word_1_568' title='bbox 959 4483 1212 4551; x_wconf 89' lang='lat' dir='ltr'>jubemus</span> <span class='ocrx_word' id='word_1_569' title='bbox 1253 4492 1315 4537; x_wconf 91' lang='lat' dir='ltr'>ut</span> <span class='ocrx_word' id='word_1_570' title='bbox 1357 4483 1534 4539; x_wconf 90' lang='lat' dir='ltr'>nullus</span> <span class='ocrx_word' id='word_1_571' title='bbox 1587 4483 1754 4552; x_wconf 72' lang='lat' dir='ltr'>judex</span> <span class='ocrx_word' id='word_1_572' title='bbox 1785 4461 1835 4520; x_wconf 79' lang='grc' dir='ltr'>Ῑ)</span> <span class='ocrx_word' id='word_1_573' title='bbox 1862 4487 2156 4542; x_wconf 89' lang='lat' dir='ltr'>munimine</span> <span class='ocrx_word' id='word_1_574' title='bbox 2180 4497 2234 4543; x_wconf 90' lang='lat' dir='ltr'>et</span> <span class='ocrx_word' id='word_1_575' title='bbox 2262 4489 2573 4545; x_wconf 77' lang='lat' dir='ltr'>defensione</span> <span class='ocrx_word' id='word_1_576' title='bbox 2602 4493 2901 4556; x_wconf 82' lang='lat' dir='ltr'>consistere</span> <span class='ocrx_word' id='word_1_577' title='bbox 2946 4494 3224 4566; x_wconf 79' lang='lat' dir='ltr'>fecissent,</span> <span class='ocrx_word' id='word_1_578' title='bbox 3260 4509 3314 4554; x_wconf 86' lang='lat' dir='ltr'>et</span> <span class='ocrx_word' id='word_1_579' title='bbox 3340 4517 3433 4557; x_wconf 80' lang='lat' dir='ltr'>eo-</span> 
     </span>
    </p>
   </div>
   <div class='ocr_carea' id='block_1_93' title="bbox 179 4563 1756 4648">
    <p class='ocr_par' dir='ltr' id='par_1_93' title="bbox 179 4563 1756 4648">
     <span class='ocr_line' id='line_1_94' title="bbox 179 4563 1756 4648; baseline -0.003 -18"><span class='ocrx_word' id='word_1_580' title='bbox 179 4563 425 4648; x_wconf 83' lang='lat' dir='ltr'>publicus</span> <span class='ocrx_word' id='word_1_581' title='bbox 452 4573 536 4629; x_wconf 90' lang='lat' dir='ltr'>vel</span> <span class='ocrx_word' id='word_1_582' title='bbox 564 4574 786 4648; x_wconf 83' lang='lat' dir='ltr'>quilibet</span> <span class='ocrx_word' id='word_1_583' title='bbox 808 4588 873 4627; x_wconf 81' lang='lat' dir='ltr'>ex</span> <span class='ocrx_word' id='word_1_584' title='bbox 895 4570 1183 4639; x_wconf 89' lang='lat' dir='ltr'>judiciaria</span> <span class='ocrx_word' id='word_1_585' title='bbox 1210 4582 1477 4642; x_wconf 88' lang='lat' dir='ltr'>potestate</span> <span class='ocrx_word' id='word_1_586' title='bbox 1501 4573 1556 4628; x_wconf 90' lang='lat' dir='ltr'>in</span> <span class='ocrx_word' id='word_1_587' title='bbox 1583 4573 1756 4628; x_wconf 89' lang='lat' dir='ltr'>eccle-</span> 
     </span>
    </p>
   </div>
   <div class='ocr_carea' id='block_1_94' title="bbox 180 4646 1755 4732">
    <p class='ocr_par' dir='ltr' id='par_1_94' title="bbox 180 4646 1755 4732">
     <span class='ocr_line' id='line_1_95' title="bbox 180 4646 1755 4732; baseline -0.003 -13"><span class='ocrx_word' id='word_1_588' title='bbox 180 4646 291 4719; x_wconf 76' lang='lat' dir='ltr'>sias</span> <span class='ocrx_word' id='word_1_589' title='bbox 345 4667 438 4717; x_wconf 91' lang='lat' dir='ltr'>aut</span> <span class='ocrx_word' id='word_1_590' title='bbox 475 4663 590 4718; x_wconf 77' lang='lat' dir='ltr'>leca</span> <span class='ocrx_word' id='word_1_591' title='bbox 638 4646 721 4716; x_wconf 85' lang='lat' dir='ltr'>vel</span> <span class='ocrx_word' id='word_1_592' title='bbox 763 4677 923 4732; x_wconf 85' lang='lat' dir='ltr'>agros</span> <span class='ocrx_word' id='word_1_593' title='bbox 963 4677 1056 4716; x_wconf 90' lang='lat' dir='ltr'>seu</span> <span class='ocrx_word' id='word_1_594' title='bbox 1103 4661 1338 4730; x_wconf 88' lang='lat' dir='ltr'>reliquas</span> <span class='ocrx_word' id='word_1_595' title='bbox 1390 4663 1755 4730; x_wconf 81' lang='lat' dir='ltr'>possessiones</span> 
     </span>
    </p>
   </div>
   <div class='ocr_carea' id='block_1_95' title="bbox 178 4750 1767 4821">
    <p class='ocr_par' dir='ltr' id='par_1_95' title="bbox 178 4750 1767 4821">
     <span class='ocr_line' id='line_1_96' title="bbox 178 4750 1767 4821; baseline -0.001 -16"><span class='ocrx_word' id='word_1_596' title='bbox 178 4751 422 4821; x_wconf 73' lang='lat' dir='ltr'>praedicti</span> <span class='ocrx_word' id='word_1_597' title='bbox 459 4751 788 4812; x_wconf 82' lang='lat' dir='ltr'>mOnasterii,</span> <span class='ocrx_word' id='word_1_598' title='bbox 842 4766 977 4819; x_wconf 89' lang='lat' dir='ltr'>quas</span> <span class='ocrx_word' id='word_1_599' title='bbox 1017 4751 1276 4805; x_wconf 91' lang='lat' dir='ltr'>moderno</span> <span class='ocrx_word' id='word_1_600' title='bbox 1323 4759 1564 4820; x_wconf 90' lang='lat' dir='ltr'>tempore</span> <span class='ocrx_word' id='word_1_601' title='bbox 1611 4750 1767 4820; x_wconf 81' lang='lat' dir='ltr'>juste</span> 
     </span>
    </p>
   </div>
   <div class='ocr_carea' id='block_1_96' title="bbox 178 4835 1754 4909">
    <p class='ocr_par' dir='ltr' id='par_1_96' title="bbox 178 4835 1754 4909">
     <span class='ocr_line' id='line_1_97' title="bbox 178 4835 1754 4909; baseline -0.002 -12"><span class='ocrx_word' id='word_1_602' title='bbox 178 4839 235 4897; x_wconf 83' lang='lat' dir='ltr'>et</span> <span class='ocrx_word' id='word_1_603' title='bbox 257 4835 649 4895; x_wconf 80' lang='lat' dir='ltr'>rationabiliter</span> <span class='ocrx_word' id='word_1_604' title='bbox 684 4839 943 4909; x_wconf 87' lang='lat' dir='ltr'>possidet,</span> <span class='ocrx_word' id='word_1_605' title='bbox 988 4835 1072 4893; x_wconf 85' lang='lat' dir='ltr'>vel</span> <span class='ocrx_word' id='word_1_606' title='bbox 1118 4856 1238 4908; x_wconf 76' lang='lat' dir='ltr'>quae</span> <span class='ocrx_word' id='word_1_607' title='bbox 1286 4841 1448 4893; x_wconf 87' lang='lat' dir='ltr'>etiam</span> <span class='ocrx_word' id='word_1_608' title='bbox 1501 4841 1754 4908; x_wconf 89' lang='lat' dir='ltr'>deinceps</span> 
     </span>
    </p>
   </div>
   <div class='ocr_carea' id='block_1_97' title="bbox 180 4916 1759 5002">
    <p class='ocr_par' dir='ltr' id='par_1_97' title="bbox 180 4916 1759 5002">
     <span class='ocr_line' id='line_1_98' title="bbox 180 4916 1759 5002; baseline -0.004 -14"><span class='ocrx_word' id='word_1_609' title='bbox 180 4932 376 5002; x_wconf 86' lang='lat' dir='ltr'>injure</span> <span class='ocrx_word' id='word_1_610' title='bbox 407 4932 574 5002; x_wconf 82' lang='lat' dir='ltr'>ipsius</span> <span class='ocrx_word' id='word_1_611' title='bbox 609 4931 797 4988; x_wconf 76' lang='lat' dir='ltr'>sancti,</span> <span class='ocrx_word' id='word_1_612' title='bbox 826 4927 929 4985; x_wconf 89' lang='lat' dir='ltr'>loci</span> <span class='ocrx_word' id='word_1_613' title='bbox 959 4930 1188 4988; x_wconf 89' lang='lat' dir='ltr'>voluerit</span> <span class='ocrx_word' id='word_1_614' title='bbox 1229 4916 1409 4986; x_wconf 83' lang='lat' dir='ltr'>divina</span> <span class='ocrx_word' id='word_1_615' title='bbox 1456 4930 1630 4998; x_wconf 88' lang='lat' dir='ltr'>pietas</span> <span class='ocrx_word' id='word_1_616' title='bbox 1667 4946 1759 4982; x_wconf 77' lang='lat' dir='ltr'>au-</span> 
     </span>
    </p>
   </div>
   <div class='ocr_carea' id='block_1_98' title="bbox 178 5021 1756 5096">
    <p class='ocr_par' dir='ltr' id='par_1_98' title="bbox 178 5021 1756 5096">
     <span class='ocr_line' id='line_1_99' title="bbox 178 5021 1756 5096; baseline -0.003 -17"><span class='ocrx_word' id='word_1_617' title='bbox 178 5025 320 5096; x_wconf 87' lang='lat' dir='ltr'>geri,</span> <span class='ocrx_word' id='word_1_618' title='bbox 345 5023 411 5076; x_wconf 91' lang='lat' dir='ltr'>ad</span> <span class='ocrx_word' id='word_1_619' title='bbox 453 5038 646 5078; x_wconf 88' lang='lat' dir='ltr'>causas</span> <span class='ocrx_word' id='word_1_620' title='bbox 675 5021 990 5087; x_wconf 87' lang='lat' dir='ltr'>audiendas,</span> <span class='ocrx_word' id='word_1_621' title='bbox 1030 5022 1113 5076; x_wconf 90' lang='lat' dir='ltr'>vel</span> <span class='ocrx_word' id='word_1_622' title='bbox 1148 5022 1299 5077; x_wconf 84' lang='lat' dir='ltr'>freda</span> <span class='ocrx_word' id='word_1_623' title='bbox 1341 5023 1624 5093; x_wconf 82' lang='lat' dir='ltr'>exigenda,</span> <span class='ocrx_word' id='word_1_624' title='bbox 1663 5031 1756 5075; x_wconf 89' lang='lat' dir='ltr'>aut</span> 
     </span>
    </p>
   </div>
   <div class='ocr_carea' id='block_1_99' title="bbox 177 5099 1755 5180">
    <p class='ocr_par' dir='ltr' id='par_1_99' title="bbox 177 5099 1755 5180">
     <span class='ocr_line' id='line_1_100' title="bbox 177 5099 1755 5180; baseline 0 -14"><span class='ocrx_word' id='word_1_625' title='bbox 177 5112 492 5167; x_wconf 86' lang='lat' dir='ltr'>mansiones</span> <span class='ocrx_word' id='word_1_626' title='bbox 545 5111 622 5166; x_wconf 90' lang='lat' dir='ltr'>vel</span> <span class='ocrx_word' id='word_1_627' title='bbox 673 5119 886 5180; x_wconf 89' lang='lat' dir='ltr'>paratas</span> <span class='ocrx_word' id='word_1_628' title='bbox 930 5110 1225 5175; x_wconf 82' lang='lat' dir='ltr'>faciendas,</span> <span class='ocrx_word' id='word_1_629' title='bbox 1271 5124 1363 5165; x_wconf 90' lang='lat' dir='ltr'>aut</span> <span class='ocrx_word' id='word_1_630' title='bbox 1418 5099 1755 5179; x_wconf 85' lang='lat' dir='ltr'>[idejussores</span> 
     </span>
    </p>
   </div>
   <div class='ocr_carea' id='block_1_100' title="bbox 177 5204 1754 5272">
    <p class='ocr_par' dir='ltr' id='par_1_100' title="bbox 177 5204 1754 5272">
     <span class='ocr_line' id='line_1_101' title="bbox 177 5204 1754 5272; baseline -0.001 -14"><span class='ocrx_word' id='word_1_631' title='bbox 177 5205 466 5268; x_wconf 90' lang='lat' dir='ltr'>tollendos,</span> <span class='ocrx_word' id='word_1_632' title='bbox 495 5210 586 5257; x_wconf 90' lang='lat' dir='ltr'>aut</span> <span class='ocrx_word' id='word_1_633' title='bbox 614 5205 859 5259; x_wconf 88' lang='lat' dir='ltr'>homines</span> <span class='ocrx_word' id='word_1_634' title='bbox 895 5204 1063 5272; x_wconf 88' lang='lat' dir='ltr'>ipsius</span> <span class='ocrx_word' id='word_1_635' title='bbox 1106 5205 1416 5257; x_wconf 84' lang='lat' dir='ltr'>monasterii</span> <span class='ocrx_word' id='word_1_636' title='bbox 1450 5213 1561 5257; x_wconf 91' lang='lat' dir='ltr'>tam</span> <span class='ocrx_word' id='word_1_637' title='bbox 1604 5204 1754 5272; x_wconf 89' lang='lat' dir='ltr'>inge-</span> 
     </span>
    </p>
   </div>
   <div class='ocr_carea' id='block_1_101' title="bbox 177 5296 1756 5364">
    <p class='ocr_par' dir='ltr' id='par_1_101' title="bbox 177 5296 1756 5364">
     <span class='ocr_line' id='line_1_102' title="bbox 177 5296 1756 5364; baseline -0.001 -14"><span class='ocrx_word' id='word_1_638' title='bbox 177 5309 318 5350; x_wconf 88' lang='lat' dir='ltr'>nuos</span> <span class='ocrx_word' id='word_1_639' title='bbox 347 5310 509 5364; x_wconf 89' lang='lat' dir='ltr'>quam</span> <span class='ocrx_word' id='word_1_640' title='bbox 550 5303 603 5350; x_wconf 88' lang='lat' dir='ltr'>et</span> <span class='ocrx_word' id='word_1_641' title='bbox 652 5310 834 5350; x_wconf 88' lang='lat' dir='ltr'>servos</span> <span class='ocrx_word' id='word_1_642' title='bbox 866 5310 1026 5364; x_wconf 88' lang='lat' dir='ltr'>super</span> <span class='ocrx_word' id='word_1_643' title='bbox 1057 5296 1222 5364; x_wconf 87' lang='lat' dir='ltr'>ipsius</span> <span class='ocrx_word' id='word_1_644' title='bbox 1279 5303 1478 5348; x_wconf 89' lang='lat' dir='ltr'>terram</span> <span class='ocrx_word' id='word_1_645' title='bbox 1519 5309 1756 5349; x_wconf 90' lang='lat' dir='ltr'>comma-</span> 
     </span>
    </p>
   </div>
   <div class='ocr_carea' id='block_1_102' title="bbox 176 5383 1755 5455">
    <p class='ocr_par' dir='ltr' id='par_1_102' title="bbox 176 5383 1755 5455">
     <span class='ocr_line' id='line_1_103' title="bbox 176 5383 1755 5455; baseline 0.001 -16"><span class='ocrx_word' id='word_1_646' title='bbox 176 5391 373 5439; x_wconf 86' lang='lat' dir='ltr'>nentes</span> <span class='ocrx_word' id='word_1_647' title='bbox 394 5384 590 5453; x_wconf 86' lang='lat' dir='ltr'>injuste</span> <span class='ocrx_word' id='word_1_648' title='bbox 619 5384 1034 5455; x_wconf 86' lang='lat' dir='ltr'>distringendos,</span> <span class='ocrx_word' id='word_1_649' title='bbox 1064 5399 1164 5438; x_wconf 93' lang='lat' dir='ltr'>nec</span> <span class='ocrx_word' id='word_1_650' title='bbox 1208 5383 1344 5438; x_wconf 88' lang='lat' dir='ltr'>ullas</span> <span class='ocrx_word' id='word_1_651' title='bbox 1366 5383 1755 5440; x_wconf 88' lang='lat' dir='ltr'>redhibitiones</span> 
     </span>
    </p>
   </div>
   <div class='ocr_carea' id='block_1_103' title="bbox 175 5462 1757 5543">
    <p class='ocr_par' dir='ltr' id='par_1_103' title="bbox 175 5462 1757 5543">
     <span class='ocr_line' id='line_1_104' title="bbox 175 5462 1757 5543; baseline 0 -15"><span class='ocrx_word' id='word_1_652' title='bbox 175 5481 275 5529; x_wconf 74' lang='lat' dir='ltr'>aut</span> <span class='ocrx_word' id='word_1_653' title='bbox 301 5473 515 5528; x_wconf 88' lang='lat' dir='ltr'>illicitas</span> <span class='ocrx_word' id='word_1_654' title='bbox 557 5474 868 5529; x_wconf 85' lang='lat' dir='ltr'>occasiones</span> <span class='ocrx_word' id='word_1_655' title='bbox 904 5473 1277 5543; x_wconf 87' lang='lat' dir='ltr'>requirendas,</span> <span class='ocrx_word' id='word_1_656' title='bbox 1309 5475 1511 5530; x_wconf 91' lang='lat' dir='ltr'>nostris</span> <span class='ocrx_word' id='word_1_657' title='bbox 1532 5482 1587 5529; x_wconf 91' lang='lat' dir='ltr'>et</span> <span class='ocrx_word' id='word_1_658' title='bbox 1614 5462 1757 5528; x_wconf 74' lang='lat' dir='ltr'>futu-</span> 
     </span>
    </p>
   </div>
   <div class='ocr_carea' id='block_1_104' title="bbox 176 5562 1755 5634">
    <p class='ocr_par' dir='ltr' id='par_1_104' title="bbox 176 5562 1755 5634">
     <span class='ocr_line' id='line_1_105' title="bbox 176 5562 1755 5634; baseline 0.001 -18"><span class='ocrx_word' id='word_1_659' title='bbox 176 5562 258 5616; x_wconf 76' lang='lat' dir='ltr'>ris</span> <span class='ocrx_word' id='word_1_660' title='bbox 309 5562 653 5631; x_wconf 75' lang='lat' dir='ltr'>temporibus.</span> <span class='ocrx_word' id='word_1_661' title='bbox 687 5562 892 5634; x_wconf 86' lang='lat' dir='ltr'>ingredi</span> <span class='ocrx_word' id='word_1_662' title='bbox 946 5563 1159 5628; x_wconf 89' lang='lat' dir='ltr'>audeat,</span> <span class='ocrx_word' id='word_1_663' title='bbox 1196 5563 1280 5618; x_wconf 90' lang='lat' dir='ltr'>vel</span> <span class='ocrx_word' id='word_1_664' title='bbox 1329 5579 1392 5618; x_wconf 91' lang='lat' dir='ltr'>ea</span> <span class='ocrx_word' id='word_1_665' title='bbox 1439 5579 1557 5633; x_wconf 68' lang='lat' dir='ltr'>quae</span> <span class='ocrx_word' id='word_1_666' title='bbox 1592 5579 1755 5634; x_wconf 84' lang='lat' dir='ltr'>supra</span> 
     </span>
    </p>
   </div>
   <div class='ocr_carea' id='block_1_105' title="bbox 178 5641 1757 5724">
    <p class='ocr_par' dir='ltr' id='par_1_105' title="bbox 178 5641 1757 5724">
     <span class='ocr_line' id='line_1_106' title="bbox 178 5641 1757 5724; baseline 0.001 -18"><span class='ocrx_word' id='word_1_667' title='bbox 178 5659 481 5706; x_wconf 86' lang='lat' dir='ltr'>memorata</span> <span class='ocrx_word' id='word_1_668' title='bbox 525 5661 650 5707; x_wconf 90' lang='lat' dir='ltr'>sunt</span> <span class='ocrx_word' id='word_1_669' title='bbox 677 5666 887 5720; x_wconf 77' lang='lat' dir='ltr'>penitus</span> <span class='ocrx_word' id='word_1_670' title='bbox 928 5654 1145 5723; x_wconf 79' lang='lat' dir='ltr'>exigere</span> <span class='ocrx_word' id='word_1_671' title='bbox 1174 5663 1486 5723; x_wconf 69' lang='lat' dir='ltr'>praesumat,</span> <span class='ocrx_word' id='word_1_672' title='bbox 1521 5663 1574 5708; x_wconf 92' lang='lat' dir='ltr'>et</span> <span class='ocrx_word' id='word_1_673' title='bbox 1604 5641 1757 5724; x_wconf 87' lang='lat' dir='ltr'>quid-</span> 
     </span>
    </p>
   </div>
   <div class='ocr_carea' id='block_1_106' title="bbox 181 5737 1757 5813">
    <p class='ocr_par' dir='ltr' id='par_1_106' title="bbox 181 5737 1757 5813">
     <span class='ocr_line' id='line_1_107' title="bbox 181 5737 1757 5813; baseline 0.003 -21"><span class='ocrx_word' id='word_1_674' title='bbox 181 5737 311 5807; x_wconf 83' lang='lat' dir='ltr'>quid</span> <span class='ocrx_word' id='word_1_675' title='bbox 351 5739 418 5793; x_wconf 75' lang='lat' dir='ltr'>dc&#39;</span> <span class='ocrx_word' id='word_1_676' title='bbox 442 5739 604 5792; x_wconf 78' lang='lat' dir='ltr'>rebUS</span> <span class='ocrx_word' id='word_1_677' title='bbox 632 5739 838 5808; x_wconf 74' lang='lat' dir='ltr'>p‘rzefati</span> <span class='ocrx_word' id='word_1_678' title='bbox 879 5742 1189 5797; x_wconf 84' lang='lat' dir='ltr'>monasterii</span> <span class='ocrx_word' id='word_1_679' title='bbox 1232 5743 1392 5797; x_wconf 83' lang='lat' dir='ltr'>ﬁscus</span> <span class='ocrx_word' id='word_1_680' title='bbox 1419 5758 1633 5813; x_wconf 86' lang='lat' dir='ltr'>sperare</span> <span class='ocrx_word' id='word_1_681' title='bbox 1663 5759 1757 5812; x_wconf 83' lang='lat' dir='ltr'>po-</span> 
     </span>
    </p>
   </div>
   <div class='ocr_carea' id='block_1_107' title="bbox 1859 4569 3435 4648">
    <p class='ocr_par' dir='ltr' id='par_1_107' title="bbox 1859 4569 3435 4648">
     <span class='ocr_line' id='line_1_108' title="bbox 1859 4569 3435 4648; baseline 0.011 -18"><span class='ocrx_word' id='word_1_682' title='bbox 1859 4593 1978 4631; x_wconf 89' lang='lat' dir='ltr'>rum</span> <span class='ocrx_word' id='word_1_683' title='bbox 2027 4569 2426 4636; x_wconf 88' lang='lat' dir='ltr'>immunitatum</span> <span class='ocrx_word' id='word_1_684' title='bbox 2477 4585 2889 4641; x_wconf 88' lang='lat' dir='ltr'>auctoritatibus</span> <span class='ocrx_word' id='word_1_685' title='bbox 2933 4587 3197 4645; x_wconf 89' lang='lat' dir='ltr'>hactenus</span> <span class='ocrx_word' id='word_1_686' title='bbox 3242 4591 3311 4648; x_wconf 89' lang='lat' dir='ltr'>ab</span> <span class='ocrx_word' id='word_1_687' title='bbox 3352 4593 3435 4648; x_wconf 88' lang='lat' dir='ltr'>in-</span> 
     </span>
    </p>
   </div>
   <div class='ocr_carea' id='block_1_108' title="bbox 1857 4668 3431 4753">
    <p class='ocr_par' dir='ltr' id='par_1_108' title="bbox 1857 4668 3431 4753">
     <span class='ocr_line' id='line_1_109' title="bbox 1857 4668 3431 4753; baseline 0.013 -35"><span class='ocrx_word' id='word_1_688' title='bbox 1857 4668 2484 4738; x_wconf 74' lang='lat' dir='ltr'>quietudinejudiciarize</span> <span class='ocrx_word' id='word_1_689' title='bbox 2512 4676 2795 4742; x_wconf 85' lang='lat' dir='ltr'>potestatis</span> <span class='ocrx_word' id='word_1_690' title='bbox 2823 4677 3008 4732; x_wconf 87' lang='lat' dir='ltr'>eadem</span> <span class='ocrx_word' id='word_1_691' title='bbox 3038 4683 3245 4738; x_wconf 90' lang='lat' dir='ltr'>munita</span> <span class='ocrx_word' id='word_1_692' title='bbox 3268 4693 3431 4753; x_wconf 89' lang='lat' dir='ltr'>atque</span> 
     </span>
    </p>
   </div>
   <div class='ocr_carea' id='block_1_109' title="bbox 1856 4757 3429 4839">
    <p class='ocr_par' dir='ltr' id='par_1_109' title="bbox 1856 4757 3429 4839">
     <span class='ocr_line' id='line_1_110' title="bbox 1856 4757 3429 4839; baseline 0.011 -29"><span class='ocrx_word' id='word_1_693' title='bbox 1856 4757 2077 4814; x_wconf 80' lang='lat' dir='ltr'>defensa</span> <span class='ocrx_word' id='word_1_694' title='bbox 2127 4759 2320 4815; x_wconf 78' lang='lat' dir='ltr'>fuisset</span> <span class='ocrx_word' id='word_1_695' title='bbox 2368 4763 2612 4817; x_wconf 87' lang='lat' dir='ltr'>ecclesia.</span> <span class='ocrx_word' id='word_1_696' title='bbox 2655 4763 2735 4820; x_wconf 91' lang='lat' dir='ltr'>Ob</span> <span class='ocrx_word' id='word_1_697' title='bbox 2765 4767 2843 4839; x_wconf 73' lang='lat' dir='ltr'>rei</span> <span class='ocrx_word' id='word_1_698' title='bbox 2892 4771 3071 4823; x_wconf 78' lang='lat' dir='ltr'>tamen</span> <span class='ocrx_word' id='word_1_699' title='bbox 3115 4770 3429 4829; x_wconf 86' lang='lat' dir='ltr'>ﬁrmitatem</span> 
     </span>
    </p>
   </div>
   <div class='ocr_carea' id='block_1_110' title="bbox 1855 4845 3430 4930">
    <p class='ocr_par' dir='ltr' id='par_1_110' title="bbox 1855 4845 3430 4930">
     <span class='ocr_line' id='line_1_111' title="bbox 1855 4845 3430 4930; baseline 0.01 -28"><span class='ocrx_word' id='word_1_700' title='bbox 1855 4849 2148 4917; x_wconf 85' lang='lat' dir='ltr'>postulavit</span> <span class='ocrx_word' id='word_1_701' title='bbox 2182 4850 2339 4905; x_wconf 88' lang='lat' dir='ltr'>nobis</span> <span class='ocrx_word' id='word_1_702' title='bbox 2372 4851 2514 4905; x_wconf 88' lang='lat' dir='ltr'>idem</span> <span class='ocrx_word' id='word_1_703' title='bbox 2548 4845 2878 4910; x_wconf 84' lang='lat' dir='ltr'>Theodull&#39;us</span> <span class='ocrx_word' id='word_1_704' title='bbox 2905 4859 3190 4928; x_wconf 83' lang='lat' dir='ltr'>cpiscopus</span> <span class='ocrx_word' id='word_1_705' title='bbox 3237 4870 3294 4915; x_wconf 92' lang='lat' dir='ltr'>ut</span> <span class='ocrx_word' id='word_1_706' title='bbox 3336 4877 3430 4930; x_wconf 88' lang='lat' dir='ltr'>pa-</span> 
     </span>
    </p>
   </div>
   <div class='ocr_carea' id='block_1_111' title="bbox 1857 4935 3429 5022">
    <p class='ocr_par' dir='ltr' id='par_1_111' title="bbox 1857 4935 3429 5022">
     <span class='ocr_line' id='line_1_112' title="bbox 1857 4935 3429 5022; baseline 0.009 -28"><span class='ocrx_word' id='word_1_707' title='bbox 1857 4950 2069 4995; x_wconf 88' lang='lat' dir='ltr'>ternum</span> <span class='ocrx_word' id='word_1_708' title='bbox 2095 4957 2300 4997; x_wconf 87' lang='lat' dir='ltr'>morem</span> <span class='ocrx_word' id='word_1_709' title='bbox 2339 4935 2646 5013; x_wconf 88' lang='lat' dir='ltr'>sequentes,</span> <span class='ocrx_word' id='word_1_710' title='bbox 2680 4955 2878 5002; x_wconf 69' lang='lat' dir='ltr'>nostrae</span> <span class='ocrx_word' id='word_1_711' title='bbox 2919 4948 3275 5007; x_wconf 82' lang='lat' dir='ltr'>immanitatis</span> <span class='ocrx_word' id='word_1_712' title='bbox 3296 4968 3429 5022; x_wconf 65' lang='lat' dir='ltr'>prm-</span> 
     </span>
    </p>
   </div>
   <div class='ocr_carea' id='block_1_112' title="bbox 1857 5032 3429 5110">
    <p class='ocr_par' dir='ltr' id='par_1_112' title="bbox 1857 5032 3429 5110">
     <span class='ocr_line' id='line_1_113' title="bbox 1857 5032 3429 5110; baseline 0.006 -26"><span class='ocrx_word' id='word_1_713' title='bbox 1857 5038 2070 5099; x_wconf 88' lang='lat' dir='ltr'>ceptum</span> <span class='ocrx_word' id='word_1_714' title='bbox 2097 5032 2271 5087; x_wconf 88' lang='lat' dir='ltr'>eidem</span> <span class='ocrx_word' id='word_1_715' title='bbox 2299 5033 2414 5088; x_wconf 85' lang='lat' dir='ltr'>ﬁeri</span> <span class='ocrx_word' id='word_1_716' title='bbox 2445 5049 2788 5090; x_wconf 87' lang='lat' dir='ltr'>censeremus</span> <span class='ocrx_word' id='word_1_717' title='bbox 2807 5037 3068 5093; x_wconf 83' lang='lat' dir='ltr'>ecclesiae.</span> <span class='ocrx_word' id='word_1_718' title='bbox 3096 5038 3259 5107; x_wconf 76' lang='lat' dir='ltr'>Cujus</span> <span class='ocrx_word' id='word_1_719' title='bbox 3292 5042 3429 5110; x_wconf 34' lang='lat' dir='ltr'>peti;</span> 
     </span>
    </p>
   </div>
   <div class='ocr_carea' id='block_1_113' title="bbox 1857 5121 3430 5190">
    <p class='ocr_par' dir='ltr' id='par_1_113' title="bbox 1857 5121 3430 5190">
     <span class='ocr_line' id='line_1_114' title="bbox 1857 5121 3430 5190; baseline 0.008 -17"><span class='ocrx_word' id='word_1_720' title='bbox 1857 5121 1987 5174; x_wconf 91' lang='lat' dir='ltr'>tioni</span> <span class='ocrx_word' id='word_1_721' title='bbox 2025 5122 2254 5177; x_wconf 90' lang='lat' dir='ltr'>libenter</span> <span class='ocrx_word' id='word_1_722' title='bbox 2297 5125 2606 5190; x_wconf 90' lang='lat' dir='ltr'>annuimus,</span> <span class='ocrx_word' id='word_1_723' title='bbox 2635 5127 2818 5181; x_wconf 87' lang='lat' dir='ltr'>ethoc</span> <span class='ocrx_word' id='word_1_724' title='bbox 2838 5137 3037 5183; x_wconf 70' lang='lat' dir='ltr'>nostra:</span> <span class='ocrx_word' id='word_1_725' title='bbox 3070 5131 3430 5186; x_wconf 89' lang='lat' dir='ltr'>immunitatis</span> 
     </span>
    </p>
   </div>
   <div class='ocr_carea' id='block_1_114' title="bbox 1856 5211 3429 5282">
    <p class='ocr_par' dir='ltr' id='par_1_114' title="bbox 1856 5211 3429 5282">
     <span class='ocr_line' id='line_1_115' title="bbox 1856 5211 3429 5282; baseline 0.008 -21"><span class='ocrx_word' id='word_1_726' title='bbox 1856 5220 2182 5282; x_wconf 65' lang='lat' dir='ltr'>praeceptum</span> <span class='ocrx_word' id='word_1_727' title='bbox 2211 5227 2310 5281; x_wconf 89' lang='lat' dir='ltr'>pro</span> <span class='ocrx_word' id='word_1_728' title='bbox 2331 5211 2499 5266; x_wconf 87' lang='lat' dir='ltr'>divini</span> <span class='ocrx_word' id='word_1_729' title='bbox 2531 5213 2707 5268; x_wconf 88' lang='lat' dir='ltr'>cultus</span> <span class='ocrx_word' id='word_1_730' title='bbox 2729 5211 2913 5270; x_wconf 88' lang='lat' dir='ltr'>amore</span> <span class='ocrx_word' id='word_1_731' title='bbox 2934 5224 2988 5271; x_wconf 89' lang='lat' dir='ltr'>et</span> <span class='ocrx_word' id='word_1_732' title='bbox 3011 5218 3204 5272; x_wconf 73' lang='lat' dir='ltr'>anima:</span> <span class='ocrx_word' id='word_1_733' title='bbox 3229 5227 3429 5274; x_wconf 71' lang='lat' dir='ltr'>nostrae</span> 
     </span>
    </p>
   </div>
   <div class='ocr_carea' id='block_1_115' title="bbox 1858 5299 3424 5375">
    <p class='ocr_par' dir='ltr' id='par_1_115' title="bbox 1858 5299 3424 5375">
     <span class='ocr_line' id='line_1_116' title="bbox 1858 5299 3424 5375; baseline 0.008 -25"><span class='ocrx_word' id='word_1_734' title='bbox 1858 5299 2094 5353; x_wconf 89' lang='lat' dir='ltr'>remedio</span> <span class='ocrx_word' id='word_1_735' title='bbox 2123 5314 2249 5369; x_wconf 86' lang='lat' dir='ltr'>erga</span> <span class='ocrx_word' id='word_1_736' title='bbox 2266 5300 2435 5369; x_wconf 89' lang='lat' dir='ltr'>ipsam</span> <span class='ocrx_word' id='word_1_737' title='bbox 2453 5307 2694 5357; x_wconf 86' lang='lat' dir='ltr'>sanctam</span> <span class='ocrx_word' id='word_1_738' title='bbox 2715 5303 2896 5358; x_wconf 85' lang='lat' dir='ltr'>sedem</span> <span class='ocrx_word' id='word_1_739' title='bbox 2917 5303 3035 5358; x_wconf 87' lang='lat' dir='ltr'>ﬁeri</span> <span class='ocrx_word' id='word_1_740' title='bbox 3057 5306 3424 5375; x_wconf 79' lang='lat' dir='ltr'>decrevimus;</span> 
     </span>
    </p>
   </div>
   <div class='ocr_carea' id='block_1_116' title="bbox 1856 5390 3426 5468">
    <p class='ocr_par' dir='ltr' id='par_1_116' title="bbox 1856 5390 3426 5468">
     <span class='ocr_line' id='line_1_117' title="bbox 1856 5390 3426 5468; baseline 0.008 -26"><span class='ocrx_word' id='word_1_741' title='bbox 1856 5404 1952 5456; x_wconf 88' lang='lat' dir='ltr'>per</span> <span class='ocrx_word' id='word_1_742' title='bbox 1985 5390 2127 5458; x_wconf 92' lang='lat' dir='ltr'>quod</span> <span class='ocrx_word' id='word_1_743' title='bbox 2156 5391 2496 5460; x_wconf 72' lang='lat' dir='ltr'>praecipimus</span> <span class='ocrx_word' id='word_1_744' title='bbox 2523 5402 2685 5462; x_wconf 86' lang='lat' dir='ltr'>atque</span> <span class='ocrx_word' id='word_1_745' title='bbox 2704 5392 2956 5463; x_wconf 87' lang='lat' dir='ltr'>jubemus</span> <span class='ocrx_word' id='word_1_746' title='bbox 2975 5404 3035 5449; x_wconf 91' lang='lat' dir='ltr'>ut</span> <span class='ocrx_word' id='word_1_747' title='bbox 3059 5397 3237 5453; x_wconf 89' lang='lat' dir='ltr'>nullus</span> <span class='ocrx_word' id='word_1_748' title='bbox 3259 5398 3426 5468; x_wconf 80' lang='lat' dir='ltr'>judex</span> 
     </span>
    </p>
   </div>
   <div class='ocr_carea' id='block_1_117' title="bbox 1856 5479 3427 5557">
    <p class='ocr_par' dir='ltr' id='par_1_117' title="bbox 1856 5479 3427 5557">
     <span class='ocr_line' id='line_1_118' title="bbox 1856 5479 3427 5557; baseline 0.008 -25"><span class='ocrx_word' id='word_1_749' title='bbox 1856 5479 2123 5547; x_wconf 89' lang='lat' dir='ltr'>publicus,</span> <span class='ocrx_word' id='word_1_750' title='bbox 2165 5481 2249 5536; x_wconf 90' lang='lat' dir='ltr'>vel</span> <span class='ocrx_word' id='word_1_751' title='bbox 2294 5483 2522 5551; x_wconf 83' lang='lat' dir='ltr'>quilibet</span> <span class='ocrx_word' id='word_1_752' title='bbox 2572 5499 2640 5538; x_wconf 82' lang='lat' dir='ltr'>ex</span> <span class='ocrx_word' id='word_1_753' title='bbox 2667 5482 2956 5552; x_wconf 20' lang='lat' dir='ltr'>judiciaria,</span> <span class='ocrx_word' id='word_1_754' title='bbox 2989 5495 3280 5557; x_wconf 83' lang='lat' dir='ltr'>potestate,</span> <span class='ocrx_word' id='word_1_755' title='bbox 3333 5501 3427 5545; x_wconf 85' lang='lat' dir='ltr'>aut</span> 
     </span>
    </p>
   </div>
   <div class='ocr_carea' id='block_1_118' title="bbox 1856 5568 3430 5644">
    <p class='ocr_par' dir='ltr' id='par_1_118' title="bbox 1856 5568 3430 5644">
     <span class='ocr_line' id='line_1_119' title="bbox 1856 5568 3430 5644; baseline 0.008 -23"><span class='ocrx_word' id='word_1_756' title='bbox 1856 5568 1996 5623; x_wconf 90' lang='lat' dir='ltr'>ullus</span> <span class='ocrx_word' id='word_1_757' title='bbox 2030 5584 2099 5623; x_wconf 77' lang='lat' dir='ltr'>ex</span> <span class='ocrx_word' id='word_1_758' title='bbox 2129 5569 2375 5626; x_wconf 84' lang='lat' dir='ltr'>ﬁdelibus</span> <span class='ocrx_word' id='word_1_759' title='bbox 2402 5572 2602 5626; x_wconf 86' lang='lat' dir='ltr'>nostris</span> <span class='ocrx_word' id='word_1_760' title='bbox 2646 5579 2753 5626; x_wconf 87' lang='lat' dir='ltr'>tam</span> <span class='ocrx_word' id='word_1_761' title='bbox 2800 5575 3157 5643; x_wconf 64' lang='lat' dir='ltr'>prasentibus</span> <span class='ocrx_word' id='word_1_762' title='bbox 3184 5591 3344 5644; x_wconf 88' lang='lat' dir='ltr'>quam</span> <span class='ocrx_word' id='word_1_763' title='bbox 3373 5588 3430 5634; x_wconf 89' lang='lat' dir='ltr'>et</span> 
     </span>
    </p>
   </div>
   <div class='ocr_carea' id='block_1_119' title="bbox 1860 5655 3426 5733">
    <p class='ocr_par' dir='ltr' id='par_1_119' title="bbox 1860 5655 3426 5733">
     <span class='ocr_line' id='line_1_120' title="bbox 1860 5655 3426 5733; baseline 0.007 -24"><span class='ocrx_word' id='word_1_764' title='bbox 1860 5655 2053 5712; x_wconf 78' lang='lat' dir='ltr'>futuris</span> <span class='ocrx_word' id='word_1_765' title='bbox 2094 5659 2148 5712; x_wconf 89' lang='lat' dir='ltr'>in</span> <span class='ocrx_word' id='word_1_766' title='bbox 2177 5659 2436 5716; x_wconf 84' lang='lat' dir='ltr'>ecclesias</span> <span class='ocrx_word' id='word_1_767' title='bbox 2463 5668 2555 5712; x_wconf 88' lang='lat' dir='ltr'>aut</span> <span class='ocrx_word' id='word_1_768' title='bbox 2597 5659 2712 5714; x_wconf 89' lang='lat' dir='ltr'>loca</span> <span class='ocrx_word' id='word_1_769' title='bbox 2750 5669 2845 5715; x_wconf 84' lang='lat' dir='ltr'>aut</span> <span class='ocrx_word' id='word_1_770' title='bbox 2885 5676 3042 5729; x_wconf 88' lang='lat' dir='ltr'>agros</span> <span class='ocrx_word' id='word_1_771' title='bbox 3069 5678 3164 5717; x_wconf 87' lang='lat' dir='ltr'>seu</span> <span class='ocrx_word' id='word_1_772' title='bbox 3192 5664 3426 5733; x_wconf 85' lang='lat' dir='ltr'>reliquas</span> 
     </span>
    </p>
   </div>
   <div class='ocr_carea' id='block_1_120' title="bbox 1856 5747 3426 5821">
    <p class='ocr_par' dir='ltr' id='par_1_120' title="bbox 1856 5747 3426 5821">
     <span class='ocr_line' id='line_1_121' title="bbox 1856 5747 3426 5821; baseline 0.005 -21"><span class='ocrx_word' id='word_1_773' title='bbox 1856 5747 2227 5813; x_wconf 87' lang='lat' dir='ltr'>possessiones</span> <span class='ocrx_word' id='word_1_774' title='bbox 2263 5763 2398 5818; x_wconf 86' lang='lat' dir='ltr'>quas</span> <span class='ocrx_word' id='word_1_775' title='bbox 2435 5747 2694 5804; x_wconf 84' lang='lat' dir='ltr'>moderno</span> <span class='ocrx_word' id='word_1_776' title='bbox 2741 5758 2980 5820; x_wconf 87' lang='lat' dir='ltr'>tempore</span> <span class='ocrx_word' id='word_1_777' title='bbox 3010 5751 3063 5804; x_wconf 91' lang='lat' dir='ltr'>in</span> <span class='ocrx_word' id='word_1_778' title='bbox 3098 5752 3426 5821; x_wconf 79' lang='lat' dir='ltr'>quibuslibet</span> 
     </span>
    </p>
   </div>
  </div>
