3936 6314
453 330 590 388 (059

1606 327 1926 384 LUDOVICI
1967 326 1985 381 Ι
2029 326 2503 386 (ᾸΟΕΝΟΜΕΝἹὈ
2545 331 2627 385 l’ll

3618 338 3757 390 i031)

450 450 603 523 pagis
629 446 712 502 vel
742 445 1032 501 territoriis
1067 443 1208 498 infra
1244 442 1506 499 ditionem
1535 443 1749 513 imperii
1776 442 1945 496 nostri
1968 456 2051 508 ιιι-
2081 445 2127 498 Α
2159 441 2497 495 auctoritatis
2531 453 2730 498 nostrae
2772 444 3092 499 beneﬁcium
3122 448 3298 502 eidem
3324 449 3757 503 ('uncedet'emns

450 550 613 610 stect
632 539 882 612 legaliter
916 545 1217 594 memorata
1242 546 1389 596 tenet
1412 538 1497 593 vel
1528 538 1769 609 possidet
1800 538 2046 599 ecele’sia,

452 649 554 691 nec
581 634 636 688 in
675 647 770 687 eas
806 646 893 687 res
919 645 1040 701 quae
1067 630 1322 701 deinceps
1348 646 1378 684 a
1408 630 1693 687 catholicis
1718 631 1853 686 viris
1874 631 2051 686 eidem

451 722 663 779 collata:
707 720 911 775 fuerint
950 718 1228 786 ecclesim,
1265 720 1332 774 ad
1368 735 1563 775 causas
1602 720 1919 785 audiendas,
1967 719 2051 773 vel

450 812 604 875 freda
633 821 727 871 aut
754 812 958 867 tributa
990 810 1275 882 exigenda,
1306 820 1400 866 aut
1434 813 1748 868 mansiones
1773 813 1858 867 vel
1886 827 2051 882 para-

451 910 536 958 tas
560 901 857 967 faciendas,
886 910 980 955 aut
1001 899 1346 969 ﬁdejussores
1368 902 1654 967 tollendos,
1684 910 1781 957 aut
1802 902 2052 958 homines

451 999 624 1071 ipsius
676 995 922 1053 eeclesiae
962 1004 1075 1051 tam
1126 996 1389 1067 ingenuos
1443 1013 1606 1067 quam
1652 1013 1840 1053 servos
1890 1011 2053 1068 super

453 1098 630 1144 terras
657 1088 826 1159 ipsius
867 1096 1278 1143 commanentes
1320 1087 1740 1160 distringendos,
1778 1104 1881 1143 nec
1912 1089 2052 1144 ullas

451 1181 845 1238 redhibitiones
891 1189 985 1234 aut
1027 1178 1244 1235 illicitas
1298 1181 1616 1236 occ‘asioues
1666 1183 2051 1251 requirendos,

451 1271 655 1328 nostris
680 1278 734 1325 et
768 1268 965 1324 futuris
997 1270 1331 1340 temporibus
1357 1271 1567 1342 ingredi
1602 1272 1823 1338 audeat,
1852 1289 1953 1328 nec
1987 1290 2052 1329 ca

451 1378 575 1433 quae
605 1378 769 1434 supra
814 1370 1120 1416 memorata
1152 1372 1277 1417 sunt
1323 1364 1540 1434 exigere
1586 1365 1803 1433 penitus
1849 1381 2055 1435 przesu-

453 1464 587 1510 mat.
621 1453 729 1510 Sed
756 1454 917 1509 liceat
951 1452 1178 1525 prznfato
1202 1456 1420 1525 praesuli
1461 1457 1682 1526 suisque
1725 1460 2054 1514 successori.

452 1542 555 1599 bus
576 1559 665 1599 res
692 1542 967 1613 praedicta:
1010 1542 1280 1609 ecclesiae,
1323 1559 1447 1599 eum
1490 1546 1700 1601 cellulis
1730 1548 1837 1602 sibi
1877 1547 2055 1617 sul-je-

451 1634 557 1689 ctis
581 1643 636 1688 et
664 1634 827 1689 rebus
854 1634 939 1688 vel
984 1633 1295 1689 hominibus
1326 1636 1394 1691 ad
1434 1652 1492 1693 se
1535 1639 1928 1707 cepicientibus
1969 1642 2054 1696 vel

451 1724 874 1795 pertinentibus,
909 1725 1009 1779 sub
1061 1725 1499 1800 tuitionis‘atque
1545 1729 1908 1786 immunitatis
1958 1748 2053 1787 no-

451 1820 577 1868 strae
603 1812 938 1877 defensione,
981 1822 1190 1869 remota
1218 1816 1381 1871 totius
1422 1816 1725 1887 iudiciariae
1767 1822 2050 1889 potestatis

448 1905 848 1981 inquietudine,
886 1904 1071 1975 quieto
1118 1921 1182 1961 ac
1225 1906 1399 1963 libero
1438 1909 1628 1966 ordine
1665 1913 1971 1981 possidere,
1995 1922 2051 1967 et

450 2004 639 2053 nostro
663 1980 894 2052 ﬁdeliter
918 2012 1113 2066 parcre
1156 1999 1405 2071 imperio,
1433 2010 1599 2072 atque
1638 2019 1738 2073 pro
1769 2004 2052 2059 incolumi-

453 2096 563 2143 tate
602 2096 809 2155 nostra,
840 2089 1086 2161 conjugis
1110 2106 1175 2145 ac
1214 2091 1406 2160 prolis,
1435 2108 1529 2148 seu
1560 2096 1724 2149 etiam
1753 2095 1921 2149 totius
1950 2096 2052 2150 im-

448 2179 587 2251 perii
614 2195 645 2233 a
684 2178 794 2234 Deo
823 2180 980 2234 nobis
1013 2179 1194 2235 collati
1227 2180 1452 2252 ejusque
1489 2183 1913 2261 clementissima
1946 2184 2051 2239 mi-

449 2272 723 2327 seratione
744 2286 841 2341 per
878 2271 1203 2326 immensum
1233 2274 1590 2328 conservandi
1615 2274 1913 2329 stabilitate
1942 2289 2048 2328 una

452 2376 575 2416 cum
611 2361 758 2417 clero
810 2369 867 2416 et
894 2360 1091 2431 populo
1130 2361 1230 2415 sibi
1275 2359 1520 2429 subjecto
1570 2362 1681 2417 Dei‘
1728 2363 2046 2418 immensam

449 2453 791 2509 clementiam
812 2450 1018 2524 jugiter
1041 2468 1291 2507 exorare.
1323 2455 1389 2506 Et
1419 2454 1683 2523 quidquid
1711 2456 1777 2509 de
1808 2454 2048 2539 pra-fata:

448 2546 612 2601 rebus
648 2544 889 2600 ecclesia:
909 2543 1001 2613 jus
1030 2544 1146 2599 fisci
1170 2545 1389 2614 exigere
1423 2552 1673 2613 poterat,
1692 2545 1746 2599 in
1775 2544 2047 2617 integrum

449 2637 625 2692 eidem
679 2635 1053 2691 concessimus
1104 2633 1374 2699 ecclesite,
1426 2634 1634 2689 scilicet
1679 2644 1737 2689 ut
1788 2644 2048 2705 perpetuo

451 2736 693 2797 tempore
723 2725 779 2779 in
807 2723 998 2779 eodem
1046 2723 1166 2779 loco
1195 2724 1306 2779 Deo
1350 2722 1743 2779 famulantibus
1790 2724 1857 2777 ad
1884 2738 2045 2795 pera—

447 2818 679 2891 gendum
712 2816 807 2870 Dei
834 2814 1116 2871 servitium
1145 2820 1500 2885 augmentum
1527 2821 1584 2869 et
1610 2813 2047 2884 supplementum

449 2909 540 2964 sit.
576 2906 727 2961 lianc
766 2921 897 2961 vero
927 2904 1335 2970 auctoritatem,
1390 2913 1452 2960 ut
1499 2904 1800 2973 pleniorem
1852 2905 1905 2959 in
1952 2906 2047 2961 Dei

450 2999 671 3055 nomine
699 2998 945 3053 obtineat
970 2996 1240 3066 vigorem,
1273 3004 1332 3050 et
1355 3011 1386 3049 a
1425 2994 1677 3051 ﬁdelibus
1721 3004 1923 3051 sanctae
1952 2996 2045 3052 Dei

451 3089 706 3146 Ecclesiae
738 3098 793 3144 et
829 3088 1033 3143 nostris
1054 3102 1152 3157 per
1176 3087 1436 3169 diuturna
1459 3094 1717 3157 tempora
1733 3086 2060 3158 diligentius

2160 532 2239 586 vel
2272 532 2718 588 conlirmaremus
2742 539 3092 591 monasterio.
3116 530 3283 611 cujus
3314 541 3574 610 precibus
3602 543 3757 594 nobis

2155 627 2223 679 ob
2276 640 2515 680 amorem
2559 628 2650 681 Dei
2694 636 2748 681 et
2804 626 3213 685 venerationem
3261 634 3438 687 sancti
3495 632 3757 687 Germani

2156 714 2426 783 pontiﬁcis
2480 724 2531 769 et
2581 716 2681 771 hoc
2728 729 3055 787 praeceptum
3110 721 3497 778 rnuuiﬁcentim
3553 732 3760 779 nostra

2156 804 2433 861 ﬁrmitatis
2463 808 2637 876 gratia
2691 808 2838 863 circa
2882 810 3059 879 ipsum
3107 814 3503 868 monasterium
3540 815 3662 869 ﬁeri
3700 816 3761 869 li-

2154 895 2304 959 buit;
2336 911 2433 964 per
2462 898 2605 965 quod
2626 896 2879 966 juLenxus
2912 909 3077 970 atque
3115 904 3461 973 praecipimus
3489 916 3549 958 ut
3576 906 3759 962 nullus

2149 984 2315 1055 iudex
2342 987 2592 1057 publicus
2632 980 2733 1044 vel,
2762 991 2987 1060 quilibet
3031 1008 3098 1046 ex
3141 994 3433 1064 iudiciaria
3483 1007 3760 1067 potestate

2155 1078 2441 1146 praedictas
2472 1088 2707 1149 quatuor
2732 1096 2919 1147 naves,
2961 1099 3083 1152 qua:
3118 1100 3217 1154 per
3260 1085 3487 1142 ﬂuvium
3544 1089 3761 1158 Ligeris

2156 1166 2238 1220 vel
2274 1183 2372 1237 per
2398 1178 2593 1224 cetera
2621 1162 2842 1231 ﬁumina
2870 1170 3014 1225 infra
3042 1170 3303 1229 ditionem
3332 1176 3553 1246 imperii
3580 1179 3757 1233 uestri

2156 1256 2226 1311 ob
2258 1257 2550 1313 utilitatem
2577 1268 2633 1313 ct
2668 1262 3049 1317 necessitatem
3098 1263 3267 1334 ipsius
3288 1269 3611 1323 monasterii
3646 1269 3759 1323 dis-

2158 1357 2406 1413 currunt,
2426 1350 2494 1404 ad
2514 1366 2864 1422 quascunque
2879 1355 3129 1411 civitates
3165 1357 3410 1422 castella,
3426 1368 3517 1412 aut
3541 1368 3753 1429 portus,

2157 1439 2241 1493 vel
2287 1450 2482 1495 caetera
2527 1440 2645 1496 loca
2692 1433 2977 1499 accessum
3007 1446 3329 1513 habuerint,
3365 1448 3547 1504 nullus
3576 1465 3651 1504 er
3678 1451 3757 1505 eis

2158 1539 2253 1583 aut
2280 1530 2588 1586 hominibus
2617 1533 2710 1602 qui
2757 1548 2851 1589 eas
2879 1532 3181 1605 praevident
3226 1539 3431 1593 nullum
3478 1540 3755 1595 teloneum

2158 1627 2251 1673 aut
2285 1620 2576 1691 ripaticum
2604 1640 2669 1677 au
2698 1626 3027 1693 portaticum
3066 1636 3157 1682 aut
3186 1632 3523 1698 pontaticum
3552 1640 3649 1686 aut
3675 1648 3756 1687 sa-

2159 1701 2441 1766 lu'taticum
2462 1721 2556 1767 aut
2580 1715 2944 1784 cispitaticum
2971 1727 3064 1772 aut
3091 1722 3414 1776 ctenaticum
3441 1734 3535 1777 aut
3556 1724 3755 1793 pastio-

2082 1795 2128 1854 B
2157 1816 2279 1855 nem
2298 1809 2393 1855 aut
2421 1801 2753 1860 laudaticum
2782 1816 2876 1861 aut
2902 1811 3230 1865 trauaticum
3248 1812 3753 1883 autpulveraticunt

2154 1900 2247 1946 aut
2268 1891 2435 1947 ullum
2460 1910 2751 1951 occursum
2771 1898 2857 1953 vel
2882 1899 3051 1954 ullum
3075 1918 3298 1957 censum
3325 1914 3419 1959 aut
3439 1905 3607 1959 ullam
3632 1907 3755 1961 red-

2152 1979 2471 2036 bibitioncm
2515 1985 2766 2054 accipere
2788 1987 3116 2059 velexigere
3142 1993 3371 2059 audeat;
3419 1995 3515 2050 sed
3546 1996 3759 2051 licitum

2154 2070 2245 2136 sit,
2276 2072 2479 2142 absque
2507 2074 2737 2144 alicujus
2780 2078 2968 2133 illicita
3003 2083 3393 2139 contrarietate
3436 2086 3519 2140 vel
3564 2086 3752 2142 deten-

2155 2160 2321 2225 tione,
2352 2177 2451 2230 per
2490 2164 2633 2219 hanc
2657 2175 2906 2222 nostram
2932 2172 3313 2227 auctoritatem
3351 2190 3519 2231 naves
3557 2186 3611 2231 et
3650 2178 3751 2231 bo.

2153 2249 2328 2306 mines
2356 2253 2447 2321 qui
2476 2269 2569 2309 eas
2597 2257 2897 2325 praevidere
2937 2246 3159 2327 debent,
3186 2280 3309 2318 cum
3352 2266 3422 2321 iis
3458 2284 3581 2337 quae
3604 2271 3655 2323 (ξι
3674 2269 3752 2325 fe-

2155 2350 2303 2407 runt,
2350 2344 2520 2399 libere
2545 2358 2708 2414 atque
2739 2363 2931 2403 secure
2956 2350 3035 2405 ire
3060 2361 3113 2406 et
3146 2355 3342 2408 redire.
3374 2356 3509 2411 Etsi
3541 2358 3751 2427 aliquas

2154 2445 2337 2486 moras
2382 2434 2435 2488 in
2476 2435 2719 2503 quolibet
2748 2438 2864 2495 loco
2889 2438 3142 2511 fecerint,
3168 2454 3261 2498 aut
3290 2447 3498 2516 aliquid
3524 2453 3749 2505 mercati

2154 2521 2355 2575 fuerint
2382 2531 2474 2578 aut
2504 2528 2847 2584 vcudiicrint
2870 2574 2884 2597 ,
2914 2520 3049 2588 nihil
3078 2536 3148 2591 ab
3177 2537 3259 2592 eis
3292 2553 3561 2608 prorsus,
3590 2551 3649 2594 ut
3678 2543 3751 2597 di—

2152 2619 2298 2667 ctum
2324 2625 2427 2681 est,
2461 2618 2725 2689 exigatur.
2743 2621 2867 2678 HiBC
2889 2640 3018 2680 vero
3037 2630 3334 2684 auctoritas
3358 2638 3416 2684 ut
3448 2631 3747 2700 pleniorem

2153 2705 2207 2758 in
2234 2704 2328 2761 Dei
2358 2710 2578 2769 nomine
2599 2713 2844 2771 obtineat
2870 2719 3109 2790 vigorem
3133 2733 3188 2778 et
3216 2740 3247 2778 a
3276 2725 3527 2792 ﬁdelibus
3550 2738 3748 2785 sancta

2152 2793 2248 2847 Dei
2278 2794 2535 2854 Ecclesia:
2565 2812 2618 2855 ct
2648 2807 2851 2861 nostris
2874 2809 3056 2866 verius
3078 2814 3337 2869 credatur
3358 2827 3411 2871 et
3435 2817 3749 2889 diligentius

2152 2898 2524 2954 conservetur,
2560 2906 2725 2947 manu
2750 2898 2967 2968 propria
2996 2903 3185 2958 subter
3218 2904 3557 2963 ﬁrmavimus
3586 2919 3639 2965 et
3659 2925 3748 2973 an-

2155 2975 2266 3030 nuli
2296 2981 2469 3035 nostri
2514 2983 2874 3054 impressione
2899 2973 3101 3062 signari
3118 2994 3403 3063 jussimns.

2223 3068 2417 3124 Datum
2446 3088 2494 3127 vi
2520 3072 2644 3130 Idus
2668 3076 2867 3146 Martii,
2884 3096 3049 3148 anno,
3084 3084 3302 3142 Christo
3326 3090 3566 3160 propitio
3593 3092 3746 3147 tertio

448 3191 822 3246 conservetur,
876 3155 1307 3249 mauu'propria
1355 3180 1542 3235 subter
1574 3155 1944 3247 'ﬁnnavinius,
1996 3188 2050 3236 ει
2077 3155 2120 3217 C
2155 3160 2361 3230 imperii
2390 3163 2591 3220 domini
2621 3166 2878 3226 Ludovici
2907 3174 3136 3243 piissimi
3164 3177 3414 3249 Augusti,
3452 3181 3744 3238 indictione

448 3273 633 3329 annuli
659 3272 831 3327 nostri
861 3271 1221 3340 impressione
1248 3271 1453 3341 signari
1476 3270 1744 3341 iussimus

1148 3381 1353 3435 XLVII.

558 3485 656 3529 PRO
696 3486 1034 3529 κυκλεῖ-εειιο
1065 3486 1111 3525 5'.
1147 3487 1383 3525 GERMANI
1426 3486 1942 3534 A-XTISSIODOBENSIS.

1067 3558 1242 3631 (Anno
1290 3558 1414 3615 816.

450 3654 630 3729 [Apud
648 3654 850 3715 Kaluz.,
876 3651 1031 3716 ibid.,
1058 3664 1183 3733 pag.
1202 3650 1362 3733 iiii,
1384 3653 1809 3733 excitartulario
1828 3654 1885 3709 S.
1910 3652 2043 3710 Ger-

1001 3722 1148 3775 mani
1183 3722 1515 3795 Antissiod.]

520 3821 577 3874 In
604 3819 823 3875 nomine
850 3815 946 3871 Dei
978 3823 1033 3869 et
1080 3813 1383 3870 Salvatoris
1432 3817 1605 3871 nostri
1637 3815 1764 3873 Jesu
1805 3818 2005 3873 Christi
2032 3859 2045 3884 ,

448 3902 779 3975 Ludovicus,
811 3909 994 3965 divina
1029 3907 1318 3962 ordinante
1348 3908 1717 3977 providentia,
1753 3910 2049 3981 imperator

449 4004 747 4075 Augustus,
775 4001 1027 4056 omnibus
1065 3998 1337 4069 episc0pis
1363 4039 1377 4065 ,
1414 4000 1701 4056 abbatibus
1728 4042 1741 4066 ,
1774 4002 2000 4058 ducibus
2031 4045 2046 4067 ,

450 4096 761 4162 comitibus,
793 4092 1032 4156 vicariis,
1064 4090 1418 4156 centenariis,
1442 4091 1774 4157 teloneariis,
1801 4094 2049 4148 actiona-

453 4188 571 4252 riis,
603 4186 684 4241 vel
710 4185 962 4242 omnibus
992 4181 1382 4252 rempublicam
1412 4183 1919 4238 administrantibus
1950 4201 2045 4240 seu

450 4279 662 4334 caeteris
686 4277 933 4333 ﬁdelibus
960 4284 1162 4330 sanctae
1191 4273 1286 4327 Dei
1332 4272 1588 4328 Ecclesia:
1618 4282 1673 4328 et
1702 4275 1905 4330 nostris
1938 4284 2048 4328 tam

451 4365 809 4435 praesentibus
840 4378 1001 4435 quam
1030 4361 1246 4416 futuris.

525 4453 723 4509 Notum
773 4455 844 4509 sit
874 4454 1000 4524 quia
1036 4451 1364 4506 venerabilis
1400 4447 1711 4521 Alcgrci'us,
1762 4454 1933 4509 abbas
1978 4471 2045 4510 ex

453 4543 783 4599 monasterio
805 4542 990 4606 ,sancti
1022 4541 1280 4595 Germani
1317 4581 1330 4605 ,
1379 4542 1522 4610 quod
1552 4550 1638 4596 est
1666 4552 2043 4599 constructum

451 4634 507 4689 in
535 4633 795 4689 suburbio
834 4631 1326 4686 Antissiodorensis
1363 4631 1630 4696 civitatis,
1659 4632 1747 4686 ubi
1777 4634 1892 4703 ipse
1921 4652 2045 4690 san-

451 4734 573 4781 ctus
608 4740 835 4796 corpore
884 4724 1434 4795 requiescit,,detulit
1476 4727 1634 4781 nobis
1661 4728 2042 4782 auctoritatem

453 4816 538 4870 avi
584 4815 757 4871 nostri
808 4814 1022 4884 Pippiui
1072 4815 1217 4884 regis
1261 4822 1315 4868 et
1357 4814 1536 4870 Caroli
1572 4816 1729 4870 bona:
1767 4818 2044 4872 memoriae

451 4905 714 4976 genitoris
745 4903 1157 4972 nostripiissimi
1187 4904 1415 4975 Augusti
1444 4920 1537 4959 seu
1560 4914 1614 4960 et
1636 4915 2041 4963 antecesserunt

453 5003 788 5059 nostrorum,
833 5009 1022 5064 regum
1072 4993 1326 5048 videlicet
1378 4995 1734 5061 Francorum,
1765 4998 1819 5051 in
1850 4999 2042 5066 quibus

453 5086 828 5141 continebatur
862 5084 1098 5155 qualiter
1142 5085 1243 5154 ipsi
1288 5086 1358 5140 ob
1405 5094 1621 5141 natet-um
1675 5088 2043 5144 retributionis

447 5177 690 5230 {metum
729 5176 1127 5229 θοηοιξεδὶδεοηῑ
1162 5174 1338 5229 eidem
1384 5177 1713 5231 monasterio
1774 5178 2042 5233 teloneum

453 5266 520 5322 de
543 5275 775 5336 quatuor
800 5265 1030 5319 navibus
1061 5281 1181 5335 qum
1209 5281 1306 5333 per
1332 5266 1540 5336 Ligeris
1568 5266 1765 5323 ﬁumen
1806 5269 1900 5324 seu
1942 5286 2045 5325 ccc—

459 5367 572 5413 tera
600 5356 819 5411 ﬂumina
843 5367 1064 5427 propter
1088 5356 1168 5411 sal
1188 5366 1242 5411 et
1270 5366 1465 5412 caetera
1487 5362 1813 5415 commercia
1838 5363 2046 5417 discur-

454 5447 663 5509 rebant,
693 5449 1051 5518 undecunque
1081 5447 1243 5504 ﬁscus
1272 5450 1540 5504 teloneum
1564 5451 1780 5522 exigere
1806 5462 2037 5521 poterat.

454 5537 562 5594 Pro
591 5537 861 5592 ﬁrmitatis
891 5553 1124 5608 namque
1153 5540 1331 5593 studio
1358 5539 1653 5609 postulavit
1695 5542 1851 5595 nobis
1900 5558 2039 5611 prse-

456 5628 598 5684 fatus
637 5630 929 5701 Alegrerus
960 5630 1125 5685 abbas
1154 5639 1211 5683 ut
1237 5641 1522 5699 paternum
1555 5646 1652 5685 seu
1682 5632 2043 5700 prmdecesso-

452 5733 574 5775 rum
606 5733 912 5776 nostrorum
945 5737 1126 5791 regum
1160 5737 1363 5777 morem
1391 5732 1696 5792 sequentes,
1732 5723 2039 5794 bujusmodi

2072 4506 2125 4565 D

2153 3251 2207 3305 9.
2240 3253 2437 3309 Actum
2466 3256 2791 3330 Aquisgrani
2829 3264 3030 3333 palatio
3082 3270 3231 3338 regio
3280 3271 3335 3323 in
3386 3271 3484 3328 Dei
3534 3276 3745 3332 nomini

2156 3338 2403 3397 feliciter.
2426 3345 2621 3401 Amen.

2840 3445 3068 3501 XLVIII.

2495 3551 2594 3589 ιιιιο
2622 3551 2964 3597 MONASTERIO
2994 3558 3410 3603 CORNARICENSI.

2771 3629 2943 3700 (Anno
2970 3634 3117 3706 816.)

2156 3734 2351 3805 [Apud
2412 3739 2620 3807 Baluz.,
2660 3745 2811 3809 ibid.,
2872 3761 2938 3801 ex
3005 3749 3339 3809 cbartulario
3406 3754 3466 3811 S.
3531 3756 3747 3815 Martini

2830 3816 3069 3890 Turon.]

2223 3894 2282 3949 in
2317 3897 2536 3953 nomine
2581 3900 2791 3958 Domini
2821 3904 2916 3959 Dei
2952 3916 3007 3962 et
3057 3907 3356 3967 Salvatoris
3398 3918 3574 3972 nostri
3618 3914 3743 3975 Iesu

2153 3984 2374 4052 Christi,
2404 3986 2727 4056 Ludovicus,
2763 3994 2943 4049 divina
2983 4000 3272 4056 ordinante
3302 4002 3621 4074 clementia,
3652 4009 3742 4064 im-

2153 4087 2371 4146 perator
2394 4080 2691 4152 Augustus.

2227 4167 2283 4223 Si
2316 4172 2669 4239 petitionibus
2701 4192 2982 4235 servorum
3015 4183 3108 4238 Dei
3155 4199 3250 4252 pro
3279 4188 3620 4255 quibuslibet
3659 4207 3743 4248 ec-

2152 4257 2474 4316 clesiasticis
2503 4266 2923 4325 necessitatibus
2951 4286 3110 4325 aures
3148 4284 3364 4330 nostras
3411 4278 3739 4346 pulsantium

2155 4348 2384 4404 libenter
2412 4354 2699 4411 annuimus
2726 4366 2780 4411 et
2816 4360 2883 4415 ad
2914 4362 3104 4416 divinae
3135 4368 3390 4432 potentia:
3416 4370 3472 4422 in
3514 4370 3740 4427 Domino

2155 4438 2349 4496 dicatis
2397 4442 2529 4498 locis
2572 4446 2791 4501 uberius
2836 4449 3203 4509 famulandum
3256 4461 3520 4515 auxilium
3569 4467 3743 4534 porri-

2152 4532 2348 4601 gimus,
2383 4533 2437 4587 id
2462 4536 2620 4591 nobis
2644 4540 2832 4607 procul
2875 4542 3123 4599 dultioeet
3149 4548 3216 4601 ad
3258 4554 3545 4619 mortalem
3571 4532 3736 4611 vitam

2152 4625 2503 4695 temporalem
2525 4629 2892 4687 deducendam
2917 4644 2971 4688 et
2992 4636 3059 4690 ad
3092 4638 3322 4695 futuram
3348 4642 3583 4701 feliciter
3603 4650 3738 4703 obti-

2152 4716 2383 4771 nendam
2428 4722 2769 4776 commodum
2814 4729 3100 4793 pervenire
3146 4732 3488 4789 confidimus.
3540 4738 3734 4795 Notum

2150 4810 2317 4881 igitur
2342 4828 2462 4868 esse
2491 4815 2735 4871 volumus
2765 4821 2973 4875 cunctis
3011 4821 3256 4879 ﬁdelibus
3282 4830 3505 4894 nostris,
3529 4834 3735 4901 episco-

2152 4902 2234 4971 pis
2262 4904 2533 4970 videlicet,
2563 4906 2869 4974 abbatibus,
2896 4911 3133 4982 virisque
3165 4901 3463 4972 illustribus
3488 4921 3731 4989 ducibus,

2148 4996 2454 5061 comitibus,
2500 4999 2832 5066 domesticis,
2885 5002 3235 5071 graﬁonibus,
3267 5007 3509 5075 vicariis,
3554 5022 3735 5069 cente-

2148 5087 2336 5154 nariis,
2368 5104 2665 5160 eorumque
2696 5093 3027 5162 junioribus,
3076 5112 3284 5151 necnon
3317 5101 3503 5154 missis
3531 5105 3729 5157 nostris

2147 5194 2243 5248 per
2288 5182 2599 5236 universum
2659 5184 2943 5254 imperium
2981 5196 3229 5242 nostrum
3279 5190 3727 5255 discurrentibus,

2148 5285 2242 5324 seu
2268 5273 2433 5326 etiam
2481 5276 2707 5329 caeteris
2737 5275 2980 5331 ﬁdelibus
3030 5289 3231 5333 sancte
3269 5279 3365 5334 Dei
3399 5282 3651 5338 Ecclesim
3680 5292 3729 5339 et

2149 5363 2349 5417 nostris
2372 5366 2728 5433 praesentibus
2755 5367 2960 5423 scilicet
2989 5378 3043 5423 et
3085 5364 3460 5441 futuris,‘quia
3490 5374 3621 5428 adiit
3648 5388 3728 5429 se-

2148 5454 2430 5508 renitatem
2458 5455 2709 5511 culminis
2734 5459 2904 5512 nostri
2931 5458 3255 5515 venerabilis
3282 5462 3367 5515 vir
3395 5462 3722 5531 Fredegisus,

2146 5543 2314 5596 abbas
2343 5558 2407 5597 ex
2436 5548 2766 5601 monasteria
2794 5550 3085 5616 peculiaris
3107 5553 3321 5620 patroni
3362 5554 3532 5607 nostri
3562 5552 3723 5607 sancti

2147 5630 2384 5697 Martini,
2432 5635 2521 5686 ubi
2563 5636 2803 5704 ejusdem
2838 5638 3241 5707 pneclarissimi
3286 5642 3389 5695 viri
3432 5642 3723 5697 venerabile

2147 5738 2342 5792 corpus
2360 5724 2678 5793 requiescit,
2726 5726 2905 5784 ferens
2933 5730 3183 5795 mauigus
3215 5732 3591 5787 immunitates
3619 5728 3719 5803 pri-
