3936 6328
219 384 353 441 17?“

1364 376 1760 436 DlPLOMATA
1797 374 2350 432 ECCLESIASTICA.

3357 378 3497 435 1042

214 515 439 557 scarum
469 513 657 567 regum
688 497 1043 562 Francorum,
1090 512 1301 552 necnon
1349 496 1437 552 avi
1466 497 1634 552 nostri
1684 494 1807 566 Pip—
1832 494 2095 564 Aptione
2138 494 2340 550 domini
2384 505 2435 549 et
2484 494 2754 563 genitoris
2792 497 2959 552 nostri
3010 497 3334 564 continetur,
3386 515 3493 557 non

212 591 335 661 pini
363 589 635 659 quondam
666 589 827 659 regis,
862 603 956 643 seu
988 588 1150 643 etiam
1176 589 1278 658 pia:
1302 588 1693 644 recordationis
1717 588 1809 644 do-

215 681 356 737 mini
397 689 453 737 et
478 680 737 751 genitoris
776 680 949 735 nostri
986 678 1175 735 Caroli
1215 679 1546 735 serenissimi
1575 680 1809 750 impera-

216 775 380 839 toris,
408 774 604 843 quibus
655 774 796 828 idem
828 773 1221 830 monasterium
1252 773 1433 842 quiete
1462 772 1515 827 in
1564 773 1659 827 Dei
1694 785 1809 828 ser-

218 864 354 919 vitio
384 865 579 936 degere
608 872 927 928 sanxerunt,
955 871 1010 917 et
1038 876 1227 918 omnes
1257 878 1345 918 res
1370 863 1579 933 praefati
1621 878 1805 919 mona-

215 957 375 1013 sterii
406 958 458 1012 in
488 958 741 1013 universo
770 956 987 1011 Christo
1008 956 1269 1026 largiente
1297 971 1465 1027 regno
1510 965 1719 1021 nostro,
1751 957 1806 1011 in

216 1052 442 1106 Austria
461 1052 727 1128 (scilicet,
784 1049 1062 1112 Niustria,
1113 1046 1444 1121 Burgundia,
1495 1046 1803 1116 Aquitania,

218 1139 527 1205 [’rovincia,
550 1139 724 1205 Italia,
761 1148 817 1194 et
845 1138 897 1193 in
927 1138 1139 1193 caiteris
1166 1139 1313 1208 regni
1355 1138 1526 1193 nostri
1560 1137 1805 1206 partibus

215 1229 598 1299 consistentes,
627 1242 747 1299 quae
776 1242 881 1282 non
905 1227 1073 1282 solum
1102 1225 1513 1301 ab‘orthodoxis‘
1551 1225 1807 1295 principi-

215 1320 346 1387 bus,
369 1334 558 1373 verum
586 1319 748 1373 etiam
775 1333 805 1371 a
827 1318 1039 1371 caeteris
1070 1315 1318 1387 fidelibus
1340 1316 1570 1382 collataz,
1602 1314 1686 1369 vel
1708 1330 1806 1385 per

215 1409 493 1480 quoslibet
513 1416 823 1464 contractus
852 1416 907 1461 et
930 1406 1226 1478 munimina
1250 1406 1585 1472 chartarum,
1618 1406 1805 1461 usibus

213 1502 460 1573 ejusdem
505 1500 750 1571 lcgaliter
776 1498 987 1553 tradita:
1032 1507 1159 1554 sunt
1191 1498 1527 1565 monasterii,
1560 1498 1670 1553 sub
1699 1498 1803 1551 im—

170 1615 189 1631 κ
214 1591 501 1647 inunitatis
531 1605 643 1645 suae
673 1587 984 1644 defensione
1011 1589 1310 1653 consistere
1348 1596 1404 1644 et
1438 1589 1508 1644 ab
1535 1588 1683 1643 omni
1714 1602 1808 1656 pu-

214 1679 359 1735 blica
385 1678 663 1734 functione
689 1685 743 1733 et
757 1676 1042 1745 judiciaria
1065 1678 1347 1733 exactione
1388 1677 1656 1731 immunes
1684 1676 1807 1732 red-

214 1771 502 1855 didissent.
551 1768 705 1837 Quod
751 1786 948 1825 munus
983 1769 1171 1825 eidem
1206 1770 1560 1848 monasterio,
1595 1783 1803 1824 necnon

1909 584 2083 639 solum
2115 585 2171 639 in
2199 568 2457 640 offensam
2487 594 2729 641 nostram
2766 588 3060 658 lapsurum,
3107 603 3295 643 verum
3326 591 3489 646 etiam

1910 684 2289 731 sexcentorum
2336 677 2633 733 solidorum
2681 679 2797 733 auri
2832 679 2899 735 ad
2942 696 3136 751 purum
3182 683 3393 738 excocti
3434 698 3493 740 se

1910 766 2121 821 noverit
2163 781 2326 836 pmna
2370 767 2740 823 mulctandum
2768 786 2782 835 ;
2813 784 3014 846 quua
3040 773 3175 828 duas
3207 781 3390 843 partes
3416 789 3495 829 re-

1910 864 2089 912 ctores
2132 859 2415 913 memorati
2445 859 2781 924 monasterii,
2826 862 3039 915 tertiam
3063 861 3154 931 jus
3198 863 3315 920 ﬁsci
3355 867 3494 920 reci-

1906 947 2039 1017 piat.
2090 946 2319 1018 Diguum
2366 963 2602 1018 namque
2643 958 2699 1005 et
2738 948 2945 1019 justum
2971 952 3055 1007 est
3087 962 3145 1007 ut
3174 962 3255 1009 tot
3273 954 3493 1024 piorum

1909 1050 2094 1104 regum
2149 1037 2494 1093 decessorum
2543 1047 2855 1095 nostrorum
2909 1042 3188 1112 nostrique
3238 1045 3494 1114 praecepti

1907 1128 2138 1183 violator
2164 1130 2538 1201 hujuscemodi
2568 1133 2764 1188 habeat
2801 1146 3040 1203 poenam,
3069 1142 3130 1189 ut
3154 1143 3208 1190 et
3246 1151 3305 1191 se
3330 1143 3495 1190 tanta:

1909 1222 2235 1277 temeritatis
2256 1224 2454 1279 merito
2476 1226 2627 1297 argui
2658 1236 2969 1298 cognoscat,
3000 1236 3054 1284 et
3092 1230 3320 1295 caeteris,
3350 1245 3419 1285 ne
3440 1230 3493 1284 id

1908 1326 2068 1381 agere
2089 1313 2326 1394 quolibet
2354 1330 2488 1370 ausu
2518 1326 2845 1386 pertentent,
2892 1318 3143 1374 timorem
3178 1320 3408 1392 injiciat,
3436 1328 3496 1374 ut

1906 1406 2086 1461 nullus
2115 1407 2325 1462 scilicet
2346 1408 2609 1464 beneficia
2642 1410 2844 1480 regalia
2872 1410 3005 1465 locis
3047 1411 3159 1466 Deo
3184 1400 3378 1469 dicatis
3407 1411 3524 1470 ve?

1907 1508 2160 1552 nerantcr
2184 1497 2425 1558 exhibita
2459 1506 2725 1554 temerare
2752 1510 2997 1556 conetur.
3027 1500 3286 1559 Volumus
3309 1504 3494 1574 itaque

1906 1596 2067 1657 atque
2094 1602 2395 1654 censemus,
2430 1597 2637 1645 remota
2681 1591 2844 1647 totius
2866 1591 3167 1661 iudiciaria:
3209 1595 3496 1663 potestatis

1906 1677 2301 1748 inquietudine,
2326 1680 2513 1749 quieto
2536 1678 2729 1736 ordine
2753 1691 3088 1739 memoratus
3109 1685 3276 1740 abbas
3302 1686 3495 1755 suique

1907 1780 2252 1823 successores
2297 1770 2539 1839 praedicti
2586 1773 2927 1839 monasterii,
2956 1789 3079 1828 cum
3114 1776 3364 1838 omnibus
3392 1778 3493 1833 sibi

213 1872 273 1924 et
312 1839 704 1920 Cormaricensi
752 1861 1002 1917 coenobio
1047 1862 1114 1917 ab
1160 1861 1323 1916 reb'us
1368 1839 1560 1916 sancti.
1590 1859 1804 1915 Martini
1834 1856 1881 1914 B
1909 1857 2167 1929 subjectis
2199 1858 2281 1913 vel
2328 1860 2395 1914 ad
2444 1875 2501 1917 se
2529 1862 2918 1930 aspicientibus
2958 1878 3054 1918 seu
3098 1867 3497 1935 pertinentibus

212 1960 555 2018 constructo,
584 1951 910 2016 exhibitum,
946 1952 1057 2007 Deo
1084 1944 1379 2015 annuente,
1423 1949 1807 2005 inviolabiliter

214 2040 484 2096 hactenus
527 2048 738 2095 constat
761 2051 891 2096 'esse
933 2050 1333 2095 conservatum.
1386 2039 1490 2093 Pro
1531 2038 1805 2093 ﬁrmitatis

212 2145 453 2199 namque
494 2130 673 2185 studio
717 2128 1087 2198 hujuscemodi
1130 2128 1473 2184 beneficium
1500 2144 1625 2200 erga
1667 2144 1806 2199 pra:-

214 2222 392 2277 fatum
445 2211 753 2278 venerabile
801 2222 1190 2276 monasterium
1244 2229 1432 2275 nostra
1484 2221 1806 2275 auctoritate

213 2311 500 2367 humiliter
521 2312 774 2382 precibus
802 2312 997 2381 quibus
1022 2312 1192 2366 valuit
1213 2310 1329 2366 ﬁeri
1357 2311 1667 2383 postulavit.
1697 2310 1804 2368 Cu-

212 2401 307 2473 jus
346 2403 592 2473 petitioni
621 2405 691 2459 ob
716 2417 956 2457 amorem
1001 2401 1098 2456 Dei
1134 2410 1192 2456 et
1233 2403 1636 2457 venerationem
1659 2403 1804 2458 beati

215 2492 439 2548 Martini
492 2492 728 2548 libenter
789 2506 1072 2547 assensum
1123 2492 1367 2562 praebere
1421 2506 1804 2563 usquequaque

465 2582 639 2639 libuit.
692 2583 1029 2653 Quapropter
1072 2581 1320 2637 volumus
1354 2590 1516 2652 atqne
1560 2583 1806 2637 decerni-

215 2690 344 2737 mus
372 2683 433 2730 ut
457 2689 643 2729 omnes
685 2689 774 2730 res
812 2672 1052 2743 ejusdem
1082 2672 1416 2737 monasterii,
1462 2687 1584 2726 cum
1630 2672 1807 2728 homi-

215 2766 381 2821 nibus
426 2764 529 2819 sibi
569 2763 851 2835 subjectis,
900 2763 1000 2818 sub
1043 2770 1243 2817 nostrae
1275 2760 1605 2817 defensionis
1629 2762 1806 2817 muni-

213 2857 368 2914 mine
412 2855 589 2913 modis
635 2855 886 2910 omnibus
916 2855 1234 2915 consistant.
1271 2852 1623 2921 Przecipimus
1651 2867 1801 2924 ergo,

213 2949 465 3021 iubemus
493 2955 654 3017 atque
688 2945 1033 3017 praecipimus
1074 2954 1133 3000 ut
1155 2943 1338 2999 nullus
1365 2942 1529 3011 judex
1559 2942 1805 3013 publicus

214 3047 318 3102 aut
346 3038 601 3109 quislibet
626 3037 922 3107 superioris
964 3044 1061 3091 aut
1086 3034 1363 3091 inferioris
1388 3034 1594 3091 ordinis
1625 3033 1805 3103 reipu-

213 3128 374 3184 blicae
396 3137 719 3200 procurator
747 3128 815 3183 ad
840 3142 1036 3182 causas
1077 3126 1366 3197 judiciario
1395 3139 1546 3179 more
1586 3123 1806 3179 audien-

1916 1949 2252 2015 hominibus,
2297 1950 2397 2004 sub
2441 1950 2800 2006 immunitatis
2823 1960 2983 2021 atque
3007 1954 3365 2023 protectionis
3394 1948 3497 2010 ηοέ

1906 2048 2032 2095 strae
2075 2038 2390 2096 defensione
2435 2042 2755 2109 consistant,
2788 2051 3084 2115 nostroque
3130 2044 3361 2100 ﬁdeliter
3400 2061 3498 2117 pa-

1906 2132 2370 2202 rentes'imperio,
2412 2147 2511 2202 pro
2556 2132 2927 2188 incolumitate
2968 2140 3152 2189 nostra
3186 2143 3497 2204 nostraeque

1906 2219 2151 2291 conjugis
2192 2228 2247 2276 et
2287 2220 2477 2291 prolis,
2523 2236 2617 2277 seu
2653 2222 2816 2277 etiam
2860 2222 3281 2293 totiusimperii
3309 2238 3339 2276 a
3383 2223 3496 2278 Deo

1905 2311 2061 2367 nobis
2081 2311 2260 2367 collati
2282 2313 2507 2384 ejusque
2526 2314 2834 2384 gratissima
2862 2313 3211 2369 miseratione
3234 2322 3495 2384 perpetuo

1906 2404 2285 2473 conservandi,
2310 2421 2417 2461 una
2459 2421 2582 2461 cum
2606 2405 2754 2461 clero
2777 2406 2882 2462 sibi
2906 2407 3220 2473 commisso,
3262 2408 3497 2462 immen—

1905 2511 2020 2551 sam
2066 2496 2407 2552 clementiam
2439 2496 2643 2568 jugiter
2676 2508 2921 2553 exorent.
2976 2498 3032 2553 Si
3083 2498 3213 2567 quid
3252 2514 3387 2555 vero
3426 2501 3496 2556 de

1903 2583 2114 2655 praefati
2148 2587 2472 2651 monasterii
2516 2588 2681 2641 rebus
2725 2588 2825 2656 per
2846 2588 3192 2657 tepiditatem
3234 2596 3293 2644 et
3326 2590 3496 2660 negli—

1906 2678 2143 2747 gentiam
2175 2679 2432 2734 abbatum
2459 2674 2988 2750 aut~prazceptionem
3012 2681 3250 2751 judicum
3284 2685 3493 2739 abstra-

1905 2772 2051 2820 ctum
2081 2773 2183 2832 est,
2217 2767 2269 2822 id
2304 2782 2403 2836 per
2442 2779 2682 2823 nostram
2724 2772 3101 2847 auctoritatem
3145 2787 3371 2841 prorsus
3412 2788 3493 2828 re-

1896 2858 2255 2913 staurandum
2279 2860 2641 2929 praecipimus.
2681 2859 2749 2914 Et
2770 2868 2829 2915 ut
2854 2862 2969 2916 haec
2998 2863 3296 2925 auctoritas
3323 2863 3495 2917 invio-

1905 2950 2119 3013 labilem
2166 2953 2410 3008 obtineat
2453 2951 2702 3009 ell'cctum
2728 2958 2783 3008 e‘t
2811 2969 2841 3007 a
2871 2952 3118 3009 fidelibus
3154 2963 3355 3010 sancta;
3398 2955 3492 3010 Dei

1900 3041 2160 3106 Ecclesia:
2189 3051 2244 3097 et
2264 3042 2471 3106 nostris
2521 3043 2703 3098 verius
2748 3043 3019 3108 credatur,
3066 3058 3229 3097 manu
3274 3045 3492 3114 propria

1906 3132 2095 3187 subter
2118 3131 2452 3186 firmavimus
2501 3140 2556 3187 et
2594 3133 2775 3187 annuli
2826 3134 2994 3188 nostri
3043 3133 3396 3203 impressione
3422 3135 3496 3188 si—

212 3222 318 3277 das
349 3221 403 3276 in
424 3220 683 3276 ecclesias
716 3228 809 3274 aut
848 3219 1002 3274 villas
1032 3233 1125 3275 seu
1157 3217 1394 3287 reliquas
1432 3215 1800 3285 possessiones
1822 3206 1874 3268 C
1907 3222 2059 3290 gnari
2075 3221 2354 3291 jussimus.

213 3326 357 3382 quas
378 3310 639 3366 moderno
663 3318 904 3380 tempore
929 3310 983 3364 in
1014 3310 1334 3379 quibusdam
1369 3306 1669 3377 provinciis
1710 3315 1801 3367 aut

213 3400 512 3457 territoriis
554 3400 768 3469 imperii
804 3398 977 3454 nostri
998 3397 1147 3466 juste
1188 3406 1241 3453 et
1266 3396 1512 3470 legaliter
1536 3394 1797 3471 possidet,

214 3492 307 3547 vel
348 3506 470 3563 qua:
518 3491 772 3562 deinceps
818 3491 872 3545 in
910 3472 1034 3559 jure
1074 3490 1244 3561 ipsius
1270 3489 1589 3553 monasterii
1618 3487 1801 3541 divina

215 3583 396 3657 pietas
422 3581 655 3637 voluerit
690 3580 896 3652 augeri,
927 3580 1135 3651 ingredi
1163 3587 1477 3651 praesumat,
1523 3564 1623 3633 nec
1650 3576 1801 3632 freda

217 3680 317 3727 aut
358 3671 570 3742 telonea
611 3678 705 3725 aut
746 3671 1056 3725 mansiones
1094 3679 1189 3723 aut
1228 3677 1414 3743 pastus
1458 3676 1553 3723 aut
1577 3666 1798 3729 tributa,

215 3761 365 3815 sicut
402 3766 672 3835 praecepto
716 3758 917 3813 domini
963 3766 1015 3813 et
1047 3758 1307 3829 genitoris
1336 3757 1509 3813 nostri
1554 3756 1800 3811 contine-

220 3865 335 3922 tur,
380 3855 615 3925 exigere,
652 3860 746 3907 aut
788 3852 1134 3923 ﬁdejussores
1168 3850 1372 3916 tollere,
1419 3859 1513 3904 aut
1553 3849 1802 3904 homines

219 3957 336 4002 tam
363 3947 623 4016 ingenuos
651 3961 812 4016 quam
844 3960 1028 4000 servos
1063 3959 1225 4014 super
1247 3952 1445 3999 terram
1485 3941 1653 4011 ipsius
1688 3954 1801 3994 mo-

217 4034 445 4093 nasterii
475 4042 877 4090 commanentes
923 4033 1267 4104 distringere,
1316 4046 1418 4087 nec
1458 4030 1595 4085 ullas
1622 4028 1797 4100 publi-

218 4142 314 4185 cas
337 4110 642 4181 functiones
669 4135 760 4179 aut
783 4124 1172 4180 redhibitiones
1197 4123 1282 4177 vel
1314 4122 1527 4177 illicitas
1554 4120 1797 4175 occasio-

217 4232 321 4273 nes
363 4216 663 4285 requirere,
722 4215 1105 4284 quibusvidem
1157 4213 1546 4279 monasterium
1592 4209 1803 4278 sibique

218 4309 447 4380 subjecti
471 4308 688 4378 aliquod
716 4306 914 4375 injuste
947 4307 1223 4376 patiantur
1253 4301 1673 4364 incommOdum,
1705 4313 1802 4353 no-

217 4400 350 4456 stris
392 4398 692 4468 futurisque
749 4398 1082 4466 temporibus
1131 4396 1420 4466 quisquam
1477 4392 1801 4449 temerarius

217 4490 421 4545 existat
445 4489 587 4559 quod
609 4487 838 4543 faciendi
865 4487 1108 4541 illirium
1137 4485 1239 4550 sibi
1278 4492 1600 4556 potestatem
1643 4482 1800 4537 attri-

195 4582 389 4637 buere
430 4580 643 4634 audeat.
676 4578 944 4648 Quidquid
985 4574 1151 4649 igitur
1176 4578 1241 4633 de
1282 4576 1523 4648 prmfatis
1554 4573 1794 4644 ejusdem

220 4671 536 4729 monasterii
567 4671 728 4725 rebus
760 4667 884 4737 jure
910 4669 1028 4724 fisci
1057 4670 1353 4725 cedendum
1396 4668 1521 4733 fuit,
1568 4675 1623 4721 et
1649 4681 1680 4721 a
1712 4666 1802 4721 de-

220 4761 533 4819 cessoribus
579 4760 779 4814 nostris
822 4760 1185 4828 comperimus
1226 4758 1502 4823 collatum,
1544 4765 1601 4812 et
1642 4756 1803 4826 largi-

221 4830 388 4911 tionis
438 4860 638 4908 nostrac
688 4867 913 4907 munere
956 4851 1187 4907 libenter
1238 4850 1488 4905 volumus
1538 4864 1660 4904 esse
1704 4862 1805 4916 per

220 4946 534 5001 universum
578 4941 755 4998 eidem
797 4942 1125 4997 monasterio
1158 4956 1505 5005 concessum,
1545 4947 1605 4994 ut
1633 4938 1685 4993 id
1712 4952 1801 4990 rc-

219 5041 370 5089 moto
409 5032 523 5087 fisci
571 5032 864 5097 dominatu,
916 5032 983 5086 ad
1032 5030 1317 5091 luminaria
1371 5031 1610 5085 basilica:
1659 5026 1803 5083 beati

220 5121 440 5177 Martini
465 5121 836 5176 concinnanda
863 5129 919 5175 et
940 5120 1006 5175 ad
1026 5119 1473 5187 sustentationem
1499 5134 1793 5189 pauperum

222 5228 318 5270 seu
348 5213 666 5267 clericorum
719 5216 771 5265 in
811 5212 998 5266 eodem
1028 5210 1146 5264 loco
1196 5210 1421 5263 Domino
1447 5210 1795 5265 servientium

219 5302 839 5375 supplementum........
889 5302 945 5357 Si
971 5302 1091 5371 quis
1144 5310 1320 5356 autem
1354 5301 1406 5354 in
1424 5308 1640 5355 tantam
1670 5318 1795 5371 pro—

222 5406 475 5463 rumpere
504 5406 667 5445 ausus
712 5391 875 5447 fuerit
918 5392 1221 5456 audaciam,
1252 5398 1309 5445 ut
1356 5389 1514 5459 hujus
1544 5394 1795 5463 praecepti

220 5484 393 5539 nostri
419 5483 649 5539 violator
694 5482 987 5549 exstiterit,
1017 5482 1464 5550 quemadmodum
1501 5482 1552 5536 in
1600 5500 1797 5553 praece-

294 5628 318 5656 ι
346 5615 460 5670 Hoc
483 5608 806 5684 praeceptum
834 5625 894 5684 se
922 5610 1118 5684 vidisse
1150 5619 1375 5684 testatur
1396 5612 1662 5684 Robertus
1686 5614 1795 5667 Ma-

222 5680 510 5743 clovicnsis
528 5680 820 5754 episcopus
842 5680 927 5754 his
949 5682 1124 5754 verbis
1149 5701 1209 5754 εν(
1240 5682 1430 5737 Datum
1459 5681 1617 5754 hujus
1640 5684 1795 5737 visio-

224 5758 307 5813 nis
332 5758 486 5811 factm
524 5750 748 5809 a'nobis
790 5750 1023 5805 llobcrto
1052 5752 1393 5809 Maeloviensi
1421 5752 1673 5830 episcopo
1707 5755 1793 5808 die

1978 3312 2203 3383 Signum
2252 3314 2507 3368 Ludovici
2556 3314 2889 3370 serenissimi
2939 3315 3488 3384 impcratoris.....ad

1904 3402 2077 3457 vicem
2108 3402 2422 3457 lielisachar
2452 3404 2739 3474 recognovi
2768 3412 2823 3458 et
2850 3403 3166 3474 subscripsi.

1979 3491 2114 3545 Data
2145 3508 2204 3545 tu
2254 3491 2478 3547 Kalend.
2514 3491 2869 3562 Septembris,
2909 3510 3071 3559 anno,
3111 3493 3330 3550 Christo
3376 3509 3496 3563 pro-

1895 3581 2117 3652 pitio,3
2164 3583 2373 3651 imperii
2402 3570 2603 3639 'domni
2651 3583 2909 3639 Ludovici
2960 3585 3187 3653 piissimi
3241 3584 3491 3653 Augusti,

1906 3672 2198 3726 indictione
2231 3672 2315 3724 10.
2339 3670 2533 3726 Actum
2559 3672 2885 3743 Aquisgrani
2910 3672 3110 3744 palatio
3142 3673 3289 3749 regio
3317 3674 3371 3727 in
3395 3674 3491 3729 Dei

1904 3760 2122 3815 nomine
2151 3759 2399 3815 feliciter.
2441 3760 2633 3816 Amen.

1977 3850 2161 3921 (Bulld
2185 3861 2258 3905 est
2288 3852 2496 3921 aurea.)

2601 3943 2783 3998 XLIX.

2173 4046 2196 4073 ⁸
2236 4049 2335 4088 PRO
2368 4048 2705 4088 HONASTERIO
2739 4049 2925 4088 SANC'H
2966 4050 3217 4096 liEVENNI.

2513 4120 2687 4196 (Anno
2734 4121 2883 4194 816.)

1906 4209 2081 4281 [Apud
2120 4211 2183 4281 D.
2224 4210 2487 4280 Bouquet.
2528 4209 2717 4281 Sci-int.
2762 4206 2887 4265 Rei.
2934 4211 3158 4277 Pratum,
3212 4220 3344 4268 tom.
3400 4214 3486 4281 Vl,

1973 4296 2099 4350 pag.
2139 4280 2267 4345 489,
2299 4282 2353 4335 in
2381 4282 2595 4351 probat.
2630 4280 2772 4335 Hist.
2811 4281 3083 4347 Britamt.,
3113 4299 3236 4354 pag.
3266 4283 3382 4357 20.]

1964 4392 2033 4446 'ln
2063 4393 2279 4447 nomine
2320 4392 2532 4447 Domini
2580 4392 2672 4446 Dei
2727 4401 2780 4446 et
2830 4391 3127 4453 Salvatoris
3159 4395 3327 4448 nostri
3360 4393 3485 4451 Jesu

1905 4480 2128 4547 Christi,
2180 4482 2505 4546 Ludovicus,
2557 4481 2735 4535 divina
2788 4482 3073 4536 ordinante
3127 4484 3483 4551 providentia,

1902 4574 2195 4643 imperatOr
2226 4573 2518 4644 Augustus.

1975 4663 2109 4719 Cum
2136 4662 2489 4733 petitionibus
2517 4677 2797 4717 servorum
2830 4662 2931 4719 'Dei
2952 4662 3116 4731 justis
3158 4674 3212 4719 et
3241 4666 3485 4722 rationa-

1900 4753 2098 4818 bilibus
2143 4752 2325 4811 divino
2373 4752 2602 4808 interius
2644 4768 2829 4808 amore
2876 4755 2904 4793 δ
2931 4742 3222 4822 Τεινωιυε,
3267 4762 3482 4827 superni

1901 4845 2144 4900 muneris
2156 4844 2357 4899 donum
2381 4860 2412 4899 a
2425 4844 2654 4907 Domino
2676 4845 2943 4914 impartiri
2964 4845 3252 4901 credimus.
3276 4845 3383 4901 Idci
3394 4864 3484 4903 rcu

1903 4940 2088 4997 notum
2118 4933 2188 4987 sit
2207 4933 2457 4988 omnibus
2481 4932 2726 4988 fidelibus
2747 4933 2964 4995 nostris,
2988 4916 3104 4988 tam
3126 4937 3486 5004 praesentibus

1901 5039 2063 5094 quam
2092 5022 2308 5090 futuris,
2339 5025 2479 5092 quod
2527 5024 2745 5093 quidam
2794 5024 2874 5078 vir
2917 5024 3148 5095 Helogar
3177 5025 3484 5082 Alethensis

1906 5114 2191 5181 episcopus
2224 5112 2416 5167 detulit
2439 5113 2716 5168 obtutibus
2751 5114 2951 5173 nostris
2978 5116 3264 5183 quamdam
3289 5126 3479 5172 aucto-

1906 5206 2143 5269 ritatem,
2183 5219 2346 5273 quam
2388 5204 2638 5260 dominus
2684 5213 2739 5258 et
2786 5206 2998 5275 genitor
3032 5215 3216 5261 noster
3254 5206 3480 5265 Carolus

1904 5297 2059 5351 bona:
2084 5294 2357 5349 memoria:
2379 5294 2758 5365 serenissimus
2776 5296 3047 5367 Augustus
3076 5297 3142 5351 ad
3164 5298 3476 5365 petitionem

1905 5389 2073 5459 ipsius
2100 5384 2358 5448 ecclesia,
2396 5385 2480 5439 cui
2527 5386 2640 5455 ipse
2685 5387 2795 5442 Deo
2840 5394 3058 5443 auctore
3105 5399 3321 5459 praeest,
3360 5390 3475 5447 fieri

1898 5480 2078 5553 jussit,
2110 5481 2163 5534 in
2200 5493 2305 5550 qua
2340 5479 2717 5533 continebatur
2749 5480 3010 5533 insertum
3057 5482 3197 5549 quod
3236 5489 3477 5552 tempore

1904 5616 2042 5669 luna:
2062 5623 2187 5668 ante
2205 5613 2401 5667 festum
2422 5609 2818 5665 Purificatiouis
2832 5611 3003 5666 beata:
3027 5610 3206 5669 Mariae
3220 5616 3472 5688 Virginis,

1903 5700 2046 5739 θηηο
2069 5699 2313 5737 Μίκκαν.
2351 5701 2367 5732 ι

1973 5756 1997 5794 θ’
2024 5754 2183 5809 Forte
2202 5752 2481 5823 legendum
2510 5749 2669 5804 divini
2693 5747 2860 5801 cultus
2894 5765 3088 5805 amore.
