3936 6334
534 330 677 387 ιθιδ

1681 342 2005 405 LUDOVICI
2043 347 2065 403 Ι
2102 348 2574 412 COGNOMENTO
2606 353 2694 410 Pfl

3690 363 3826 419 10M

533 445 844 503 rebellionis
884 448 1077 505 domus
1122 448 1364 506 ecclesia:
1405 450 1461 506 S.
1495 451 1741 509 Μενεηηί
1777 465 1832 512 et
1877 457 1936 512 S.
1965 458 2120 514 Judi-
2149 463 2198 524 Α
2226 464 2498 535 mancipia
2520 464 2836 530 defendant,
2865 459 3023 520 sicuti
3065 480 3163 536 per
3200 466 3396 521 eadem
3436 467 3825 535 instrumenta,

530 538 722 605 caelis,
759 554 886 609 quas
908 549 993 595 est
1032 542 1088 596 in
1117 540 1236 597 loco
1271 553 1580 613 nuncupato
1609 544 1801 601 Wadel
1828 563 2037 604 necnon
2066 550 2122 605 in

2227 555 2273 610 si
2318 556 2529 625 perdita
2558 572 2665 612 non
2719 555 2969 623 fuissent,
3017 558 3226 629 legibus
3273 557 3491 613 defendi
3541 569 3824 630 poterant.

523 631 638 723 alio
666 630 786 723 loco
809 632 865 687 in
900 632 1075 688 insula
1109 648 1230 703 qua:
1266 642 1495 691 vocatur
1526 634 1764 691 Machuti
1795 638 2123 709 depopulan-
2223 644 2353 702 Haec
2385 647 2583 718 quippe
2610 648 2907 703 auctoritas
2948 657 3011 703 ut
3039 649 3335 704 firmiorem
3358 650 3827 723 habeatvigorem

527 722 674 777 tibus
703 722 953 779 hostibus
997 724 1779 795 ignemque‘submittentihus,
1806 744 1915 785 non
1946 731 2117 787 solum

527 816 817 871 thesaurus
843 816 1093 872 ecclesia:
1119 824 1175 873 et
1204 817 1506 872 ministeria
1540 818 1608 873 ad
1653 818 1827 875 ofﬁcia
1856 820 2118 875 ecclesia-

522 906 660 961 stica
704 907 1013 978 peragenda
1062 908 1375 979 perierunt,
1422 924 1611 963 verum
1660 909 1823 965 etiam
1872 919 1929 966 et
1972 919 2118 965 stru—

522 1003 823 1051 menta.....
880 999 1025 1055 unde
1059 991 1301 1071 praefatae
1346 999 1590 1056 ecclesia
1639 1001 1824 1057 ditata:
1878 1001 2113 1069 fuerant,

518 1094 713 1142 exusta
738 1095 794 1143 et
813 1098 1160 1145 concremata
1190 1090 1423 1147 finissent
1448 1110 1460 1145 :
1491 1100 1547 1147 et
1566 1093 1710 1163 quod
1733 1094 1883 1149 idem
1904 1095 2117 1164 genitor

517 1185 707 1249 noster
734 1179 804 1235 ad
847 1181 965 1251 ejus
990 1181 1431 1252 deprecationem
1459 1198 1560 1254 per
1604 1183 1850 1240 eamdem
1879 1186 2116 1241 auctori-

516 1278 689 1342 tatem
715 1264 1093 1339 constituisset
1120 1281 1181 1329 ut
1208 1275 1414 1345 absque
1437 1275 1664 1346 alicujus
1689 1278 2114 1335 contradictione

517 1361 603 1416 vel
625 1361 1021 1431 impedimento
1047 1364 1161 1433 ipse
1192 1363 1427 1434 Helogar
1464 1366 1842 1437 episcOpus....
1875 1366 1992 1436 ejus
2019 1369 2112 1438 qui

513 1451 734 1509 fuerunt
764 1470 818 1508 in
843 1448 981 1510 focis
1006 1454 1064 1527 S.
1097 1452 1344 1510 Μενεηηὶ
1375 1464 1431 1510 et
1459 1453 1517 1510 S.
1549 1455 1862 1518 Judicaelis.
1894 1473 2106 1515 necnon

512 1551 571 1599 et
605 1543 666 1599 S.
711 1543 976 1613 Machuti,
1013 1552 1076 1599 ut
1117 1560 1309 1600 omnes
1336 1561 1426 1602 res
1463 1548 1821 1619 undecunque
1860 1564 1926 1603 eo
1973 1558 2111 1605 tem-

510 1650 647 1706 pore
692 1637 967 1707 praedictae
994 1636 1241 1692 ecclesia:
1280 1634 1430 1705 juste
1474 1645 1531 1694 et
1576 1639 1970 1696 rationabiliter
2013 1657 2110 1711 per

2212 744 2278 791 et
2318 737 2386 791 ah
2423 738 2678 793 omnibus
2729 739 2906 793 verius
2952 740 3263 809 certiusque
3318 741 3601 804 credatur,
3656 758 3823 797 manu

2220 826 2439 896 prepria
2467 827 2653 882 subter
2684 826 3040 895 firmavimus,
3069 838 3127 907 et
3154 829 3339 884 annuli
3368 831 3547 887 nostri
3588 832 3823 901 impres-

2221 914 2373 969 sione
2398 914 2603 986 signari
2622 914 2901 984 iussimus.

2292 1006 2518 1077 Signum
2542 1008 2799 1064 Ludovici
2832 1010 3195 1080 imperatoris.

2288 1097 2422 1152 Data
2452 1115 2529 1153 vn
2562 1099 2679 1153 Kal.
2704 1100 2924 1170 Aprilis,
2940 1117 3107 1167 anno,
3138 1102 3359 1158 Christo
3390 1104 3655 1174 propitio,
3682 1102 3821 1176 [ter-

2216 1188 2317 1261 tio]
2347 1190 2557 1261 imperii
2601 1192 2803 1247 domini
2854 1189 3111 1248 Ludovici
3156 1194 3386 1263 piissimi
3434 1195 3695 1268 Augusti,
3738 1197 3817 1251 in-

2215 1279 2452 1335 dictione
2482 1280 2534 1336 9.
2562 1280 2754 1336 Actum
2802 1282 3129 1359 Aquisgrani
3169 1283 3375 1364 palatio
3418 1286 3575 1356 regio
3627 1287 3686 1341 in
3718 1286 3812 1349 Dei

2214 1369 2433 1425 nomine
2456 1368 2706 1425 felicitér.
2735 1370 2927 1427 Amen.
2978 1442 3019 1496 ι

2604 1546 2703 1586 PRO
2739 1546 2989 1587 ECCLESIA
3027 1546 3392 1591 CAIERACENH

2832 1624 3005 1695 (Anno
3034 1624 3187 1697 816.)

510 1725 727 1782 diversa
780 1726 900 1782 loca
941 1726 1157 1781 vestita:
1203 1734 1379 1792 erant,
1438 1727 1522 1783 vel
1567 1728 1620 1782 in
1659 1737 1935 1798 posterum
1982 1746 2094 1785 eum

2212 1711 2387 1835 [Apud
2414 1713 2479 1767 D.
2509 1713 2794 1785 Bouquet.,
2824 1714 3039 1799 Recueil
3072 1716 3163 1799 de:
3192 1715 3358 1781 Hist,
3389 1724 3528 1799 tom.
3557 1718 3804 1800 VL-pag.

2315 1782 2403 1835 90.
2426 1800 2493 1835 ex
2524 1783 2678 1835 Joan.
2705 1784 3059 1835 Carnenterm
3085 1803 3150 1835 in.
3168 1788 3381 1835 nrohat.
3412 1785 3679 1835 Ηιιεοηιε
3702 1786 3804 1835 Ca-

511 1817 901 1889 equitatis..."
933 1817 1135 1873 ibidem
1165 1819 1485 1875 attributum
1512 1820 1728 1888 fuisset,
1764 1830 1826 1877 ut
1864 1838 1971 1878 non
2020 1839 2107 1880 so-
2132 1815 2182 1873 B

512 1894 625 1963 lum
652 1908 708 1963 in
736 1907 1001 1964 ditionem
1028 1910 1412 1980 praedictarum
1447 1911 1804 1968 ecclesiarum
1846 1922 2110 1984 perpetuo

511 1997 909 2066 consisterent;
943 2016 1134 2056 verum
1173 2002 1353 2059 etiam
1398 2012 1454 2059 et
1503 2003 1685 2058 nullus
1724 2003 1977 2073 quislibet
2011 2004 2110 2059 ali-

476 2150 485 2161 ,
510 2091 642 2161 quid
667 2092 867 2148 exinde
896 2095 1217 2150 abstrahere
1244 2102 1337 2150 aut
1358 2095 1602 2150 minuere
1624 2102 1811 2150 contra
1839 2094 2108 2164 justitiam

510 2181 622 2238 ullo
650 2193 889 2255 unquam
917 2193 1160 2257 tempore
1180 2191 1551 2255 praesumeret,
1578 2194 1671 2241 aut
1692 2184 1910 2255 aliquod
1939 2186 2109 2257 impe—

508 2274 812 2346 dimentum
835 2282 929 2330 aut
952 2276 1279 2331 calumniam
1308 2290 1568 2347 generare
1602 2276 1845 2341 auderet,
1883 2276 1977 2331 sed
2006 2292 2107 2347 pro

508 2364 739 2434 hujusce
765 2366 843 2421 rei
871 2364 1128 2420 firmitate
1154 2373 1395 2420 nostram
1423 2366 1729 2421 obsecravit
1760 2365 2104 2420 clementiam

505 2462 569 2508 ut
588 2461 831 2524 paterna:
867 2453 1178 2509 auctoritati
1219 2461 1462 2509 nostram
1490 2454 1979 2527 superadderemus
2007 2470 2104 2511 au-

506 2543 839 2600 ctoritatem.
872 2543 1002 2613 Ejus
1030 2542 1280 2612 petitioni
1316 2542 1548 2598 libenter
1580 2559 1767 2599 aurem
1798 2558 2103 2600 accommo-

507 2633 642 2689 dare
671 2633 898 2705 placuit,
928 2647 994 2689 ac
1024 2640 1226 2688 nostrai
1265 2632 1606 2688 auctoritatis
1648 2641 1703 2688 et
1731 2632 2101 2690 confirmatio-

503 2725 593 2797 iiis
643 2732 976 2796 praeceptum
1040 2724 1110 2779 ob
1159 2738 1400 2778 amorem
1454 2722 1552 2778 Dei
1615 2732 1671 2779 et
1734 2725 2098 2780 reverentiam

500 2816 890 2888 prmdictorum
944 2823 1259 2872 sanctorum
1306 2815 1551 2871 locorum
1602 2814 1719 2871 fieri
1772 2815 1951 2881 libuit,
1999 2830 2099 2885 per

503 2909 648 2981 quod
674 2911 1023 2982 praecipimus
1052 2918 1216 2981 atque
1237 2908 1492 2979 iubemus
1516 2919 1595 2975 ut,
1633 2910 1773 2965 sicut
1801 2925 1831 2964 a
1862 2908 2096 2965 Domino

500 3011 564 3060 et
595 3003 842 3077 genitore
881 3013 1071 3060 nostro
1112 3004 1387 3075 prmdietis
1422 3002 1669 3058 ecclesiis
1716 3002 2091 3057 confirmatum

502 3102 667 3165 atque
695 3109 1012 3155 concessum
1036 3103 1141 3160 est,
1168 3094 1243 3149 ita
1267 3108 1365 3164 per
1408 3094 1549 3147 hanc
1592 3101 1830 3147 nostram
1857 3090 2094 3146 auctori-

2315 1782 2403 1847 ΕΜ),
2426 1800 2493 1838 cx
2524 1782 2678 1858 Joati.
2705 1784 3059 1858 Carpenterio
3084 1788 3381 1858 inprobat.
3412 1782 3807 1843 Ηὲεεοτὶωέἇ-

2282 1856 2621 1920 meracensis,
2643 1871 2766 1926 pag.
2792 1854 2870 1927 ll]

2280 1941 2338 1995 In
2366 1942 2581 1998 nomine
2611 1943 2822 1997 Domini
2864 1943 2956 1997 Dei
3002 1953 3059 1999 et
3103 1943 3405 2000 Salvatoris
3450 1948 3630 2001 nostri
3678 1945 3803 2002 Jesu

2209 2029 2432 2097 Christi,
2451 2032 2776 2099 Ludovicus,
2791 2032 2974 2087 divina
3000 2034 3288 2089 ordinante
3306 2036 3679 2106 providentia,
3704 2037 3803 2090 im-

2208 2132 2429 2192 perator
2451 2124 2743 2193 Augustus.

2278 2212 2411 2268 Cum
2447 2214 2797 2284 petitionibus
2836 2228 3119 2270 servorum
3142 2215 3254 2271 ~Dei
3292 2214 3478 2285 justis,
3511 2224 3624 2271 etc.
3673 2214 3801 2272 Pro-

2207 2304 2329 2360 inde
2359 2306 2747 2371 immunitates,
2778 2306 2863 2359 avi
2893 2305 3145 2361 videlicet
3175 2307 3369 2373 nostri,
3401 2308 3551 2378 regis
3584 2306 3821 2378 Pippini.

2204 2402 2258 2448 et
2287 2394 2546 2465 genitoris
2571 2395 2741 2449 nostri
2767 2394 2947 2449 Caroli
2968 2392 3125 2447 home
3152 2395 3432 2449 memoria
3456 2397 3790 2465 praestantis-

2203 2485 2325 2540 simi
2358 2486 2724 2556 imperatoris,
2768 2486 2824 2540 in
2872 2476 3067 2555 quibus
3108 2485 3493 2540 continebatur
3533 2487 3791 2541 insertum

2202 2575 2439 2644 qualiter
2467 2576 2609 2631 idem
2638 2575 2850 2647 genitor
2896 2584 3082 2630 noster
3120 2584 3177 2631 et
3218 2585 3602 2631 antecessores
3643 2590 3788 2648 reges

2198 2662 2515 2732 prtedictam
2545 2663 2751 2729 sedem,
2782 2679 2903 2733 qua:
2935 2664 2986 2718 in
3016 2663 3224 2719 honore
3264 2672 3349 2719 est
3386 2664 3484 2721 Dei
3515 2666 3786 2735 genitricis

2198 2755 2381 2810 Maria:
2412 2770 2731 2826 semperque
2754 2756 2999 2827 virginis,
3033 2756 3102 2811 ob
3125 2771 3366 2811 amorem
3391 2756 3490 2813 Dei
3526 2757 3781 2827 tranquil-

2198 2847 2513 2916 litatemque
2559 2847 2969 2901 consistentium
3024 2846 3275 2913 fratrum,
3330 2847 3433 2911 sub
3476 2846 3784 2918 plenissima

2197 2938 2424 2994 tuitione
2472 2946 2528 2991 et
2577 2936 2936 2995 immunitatis
2967 2935 3279 2992 defensione
3314 2936 3659 3001 habuissent,
3684 2947 3782 2992 etc.

2192 3027 2298 3083 Per
2348 3030 2451 3083 hoc
2503 3036 2832 3098 prmceptum
2882 3036 3084 3083 nostra:
3122 3028 3467 3084 aucturitatis
3497 3029 3779 3085 conﬁrma-

2192 3135 2333 3183 mus,
2373 3128 2478 3174 etc.

728 3185 987 3280 quidquid
1031 3184 1193 3280 modo
1230 3186 1504 3280 praedicta:
1536 3184 1796 3280 ecclesia:
1840 3184 1985 3280 just?
2016 3192 2089 3280 _0‘
2116 3166 2160 3228 Ο
2270 3166 2494 3280 Signum
2521 3208 2778 3264 Ludovici
2810 3209 3145 3264 serenissimi
3173 3208 3542 3280 imperatoris.

500 3274 748 3349 legaliter
768 3277 1071 3346 possident,
1113 3278 1367 3347 deinceps
1408 3276 1639 3331 firmiter
1670 3284 1832 3347 atque
1868 3276 2093 3330 inviola-

497 3365 688 3422 biliter
732 3374 956 3422 teneant
1002 3375 1168 3437 atque
1217 3368 1563 3437 possideant;
1606 3376 1660 3421 et
1709 3366 1885 3420 nullus
1927 3366 2091 3435 judex

500 3454 793 3527 publicusg
806 3455 891 3525 vel
921 3455 1177 3525 quislibet
1208 3468 1268 3511 ex
1296 3456 1581 3525 judiciaria
1620 3464 1883 3526 potestate
1910 3456 1962 3509 in
2004 3470 2093 3509 ec-

504 3547 702 3621 clesias
731 3553 825 3601 aut
852 3547 967 3603 loca
1012 3548 1095 3602 vel
1124 3563 1283 3617 agros
1322 3564 1415 3603 seu
1460 3550 1695 3618 reliquas
1720 3550 2092 3619 possessiones

503 3652 640 3707 quas
678 3637 938 3692 moderno
982 3645 1224 3708 tempore
1250 3636 1392 3706 juste
1426 3648 1479 3694 et
1517 3640 1909 3695 rationabiliter
1950 3640 2089 3693 intra

502 3730 761 3786 ditionem
803 3729 1016 3799 imperii
1057 3730 1229 3783 nostri
1262 3730 1559 3798 possident,
1587 3731 1671 3784 vel
1700 3746 1762 3784 ea
1793 3746 1909 3798 quae
1939 3729 2091 3785 dein-

500 3832 631 3887 ceps
657 3816 712 3870 in
733 3816 856 3887 jure
900 3817 1141 3885 ipsarum
1188 3815 1545 3872 ecclesiarum
1575 3816 1756 3869 divina
1787 3817 1960 3884 pietas
1993 3832 2086 3870 vo-

499 3908 664 3981 luerit
704 3923 903 3977 augere
945 3908 1013 3961 ad
1057 3922 1253 3962 causas
1285 3909 1601 3973 audiendas,
1654 3908 1734 3963 vel
1765 3907 1913 3962 frezla
1969 3910 2085 3963 exi-

500 4000 695 4071 genda,
728 4007 819 4052 aut
846 3998 1157 4053 mansiones
1211 3996 1338 4069 [vel]
1380 4009 1598 4067 paratas
1638 3998 1941 4064 faciendas,
1990 4008 2086 4053 aut

498 4087 847 4158 fidejussores
871 4088 1149 4158 ponendos
1177 4086 1510 4161 [tollendos],
1549 4096 1640 4141 aut
1685 4088 1929 4144 homines
1974 4098 2084 4142 tam

498 4182 765 4251 iagenuos
807 4195 970 4249 quam
1014 4188 1070 4235 et
1128 4195 1351 4245 servos,
1400 4194 1561 4249 super
1606 4189 1804 4233 terram
1847 4182 2083 4252 ipsarum

498 4273 851 4327 ecclesiarum
882 4280 1288 4331 commanentes
1320 4271 1514 4341 injuste
1540 4273 1954 4343 distringendos,
1984 4290 2086 4328 nec

497 4362 635 4418 ullas
662 4362 1051 4417 redhibitiones
1084 4370 1177 4416 aut
1204 4362 1419 4416 illicitas
1460 4362 1775 4416 occasiones
1806 4362 2085 4431 requiren-

497 4452 617 4517 das,
656 4452 859 4506 nostris
892 4461 946 4506 et
972 4450 1169 4506 futuris
1201 4452 1531 4521 temporibus
1572 4451 1781 4520 ingredi
1824 4451 2079 4515 audeant,

494 4543 579 4598 vel
607 4558 670 4597 ea
697 4558 817 4612 qua:
854 4558 1015 4612 supra
1060 4552 1359 4598 memorata
1404 4552 1547 4605 sunt,
1595 4543 1812 4614 penitus
1862 4545 2080 4616 exigere

493 4642 790 4704 prazsumat
812 4649 826 4687 :
852 4634 945 4689 sed
974 4634 1136 4689 liceat
1166 4634 1431 4704 praedicto
1459 4635 1687 4689 antistiti
1716 4635 1934 4703 suisque
1958 4651 2079 4691 suc-

494 4727 803 4783 cessoribus
831 4741 917 4781 res
941 4707 1319 4795 praedictarum
1359 4725 1710 4780 ecclesiarum
1746 4741 1867 4783 cum
1908 4728 2078 4780 omni-

494 4822 595 4876 bus
622 4820 785 4875 rebus
811 4826 865 4872 et
890 4816 1197 4873 hominibus
1233 4816 1334 4881 sibi
1380 4814 1656 4883 subjectis,
1694 4817 1792 4869 sub
1822 4810 2077 4869 immuni-

494 4900 625 4967 tatis
651 4918 850 4965 nostrae
880 4908 1191 4965 defensione
1228 4907 1411 4976 quieto
1458 4906 1647 4960 ordine
1677 4907 1973 4975 possidere,
2015 4922 2079 4961 ac

497 5012 682 5057 nostro
716 4998 945 5054 fideliter
971 5012 1161 5067 parere
1184 4996 1432 5066 imperio,
1458 5006 1620 5063 atque
1653 5012 1751 5065 pro
1782 4996 2076 5050 stabilitate

489 5100 700 5161 nostra,
734 5088 976 5160 conjugis
1027 5105 1091 5163 ac
1132 5087 1319 5157 prolis,
1357 5088 1441 5141 vel
1483 5089 1646 5142 totius
1677 5088 1887 5157 imperii
1912 5103 1941 5141 a
1979 5088 2076 5141 Do—

490 5185 641 5238 mino
669 5182 825 5237 nobis
855 5180 1032 5251 collati
1070 5179 1153 5234 vel
1183 5180 1570 5246 conservandi,
1615 5195 1721 5233 una
1761 5195 1881 5233 cum
1927 5172 2073 5234 clero

489 5280 544 5326 et
574 5269 771 5341 populo
802 5269 903 5322 sibi
933 5265 1175 5333 subjecto
1198 5266 1367 5322 libere
1391 5265 1602 5319 Domini
1644 5267 2070 5322 misericordiam

490 5373 717 5415 exorare
743 5357 989 5411 delectet.
1039 5354 1192 5423 Quod
1236 5356 1280 5409 si
1328 5353 1467 5409 forte
1494 5370 1655 5424 super
1682 5356 1883 5409 eisdem
1912 5357 2071 5413 rebus
2128 5427 2131 5430 ν

490 5459 615 5505 ante
637 5449 951 5519 pmdictam
995 5432 1331 5502 exustionem
1372 5460 1403 5499 a
1450 5447 1688 5514 prmlatis
1726 5447 2068 5515 praefatarum

490 5539 839 5605 ecclesiarum
878 5538 999 5607 jure
1046 5536 1315 5605 possessis
1359 5537 1584 5605 quaestio
1634 5544 1752 5591 orta
1798 5536 1977 5602 fuerit,
2010 5546 2068 5591 ut

489 5646 590 5709 pro
611 5631 690 5685 eis
713 5628 954 5699 legaliter
981 5629 1034 5682 in
1074 5627 1314 5697 quolibet
1346 5627 1473 5684 loco
1499 5630 1797 5699 disceptare
1845 5645 2065 5686 necesse

491 5722 584 5799 sit,
612 5720 683 5775 ita
730 5734 826 5789 per
862 5718 1001 5774 hanc
1049 5724 1289 5773 nostram
1334 5720 1709 5773 auctoritatem
1754 5719 1968 5775 easdem
2010 5730 2063 5774 et

2218 3370 2226 3379 ι
2268 3299 2553 3354 Durandus
2605 3300 2864 3354 diaconus
2912 3298 2980 3351 ad
3034 3300 3209 3355 vicem
3254 3298 3577 3353 lielisachar
3630 3316 3780 3355 reco-

2196 3392 2378 3463 gnovL

2266 3482 2405 3537 Data
2450 3497 2583 3539 xvm
2624 3483 2743 3537 Kal.
2775 3482 2961 3549 Maias,
2992 3496 3157 3547 anno,
3191 3480 3410 3536 Christo
3446 3481 3701 3553 propitio,
3745 3482 3775 3536 3

2194 3573 2397 3629 domini
2446 3573 2699 3627 Ludovici
2738 3573 2966 3643 piissimi
2994 3572 3243 3643 Augusti,
3283 3571 3473 3629 indict.
3502 3562 3563 3626 9.
3592 3572 3776 3626 Actum

2192 3663 2518 3733 Aquisgrani
2551 3664 2700 3735 regio
2724 3663 2927 3734 palatio
2954 3664 3007 3723 in
3036 3662 3131 3717 Dei
3169 3662 3406 3718 nomine.
3431 3660 3627 3716 Amen.

2944 3751 3029 3806 LI.

2560 3856 2658 3896 PRO
2698 3856 3037 3897 HONASTEBIO
3075 3855 3412 3897 FOSSATENSI.

2798 3932 2972 4005 (Anno
3002 3928 3151 4002 8l6.)

2190 4020 2370 4093 [Apud
2395 4022 2617 4093 Mabill.,
2650 4022 2857 4093 Αιιηαιἱ
2877 4020 2991 4093 0rd.
3031 4020 3345 4093 S._Bened.,
3384 4028 3526 4093 19m.
3552 4018 3615 4085 Π,
3650 4035 3769 4091 pag.

2505 4092 2626 4155 72f,
2655 4107 2721 4145 ex
2749 4090 3060 4144 authentico
3088 4088 3444 4161 Fossatensi.]

2260 4181 2316 4235 ln
2356 4182 2573 4236 nomine
2613 4180 2824 4235 Domini
2857 4180 2950 4233 Dei
2996 4186 3051 4233 et
3098 4178 3399 4235 Salvatoris
3448 4180 3619 4234 nostri
3645 4179 3767 4234 Iesu

2190 4269 2411 4336 Christi,
2464 4271 2791 4337 Ludovicus,
2837 4269 3019 4323 divina
3070 4268 3361 4323 ordinante
3407 4269 3764 4337 providentia,

2190 4362 2488 4432 imperator
2516 4364 2807 4428 Augustus.

2260 4454 2394 4508 Cum
2420 4454 2771 4523 petitionibus
2809 4468 3089 4509 servorum
3118 4454 3213 4507 Dei
3258 4454 3423 4523 justis
3457 4463 3514 4509 et
3541 4455 3765 4510 rationa-

2185 4544 2382 4599 bilibus
2422 4545 2588 4600 divini
2627 4544 2805 4599 cultus
2844 4558 3026 4599 amore
3065 4530 3329 4607 favemus,
3389 4548 3622 4613 superna
3672 4561 3763 4601 nos

2184 4634 2353 4703 gratia
2381 4635 2575 4688 muniri
2604 4649 2711 4690 non
2739 4633 3045 4698 diffidimus.
3071 4634 3279 4689 Idcirco
3305 4644 3499 4690 notum
3542 4638 3613 4691 sit
3648 4652 3761 4691 omo,

2184 4725 2341 4779 nibus
2369 4724 2614 4778 fidelibus
2648 4724 2868 4789 nostris,
2901 4723 3259 4793 prmsentibus
3291 4722 3502 4778 scilicet
3538 4735 3594 4778 et
3620 4725 3760 4779 futu-

2184 4816 2280 4878 ris,
2304 4817 2427 4885 quia
2460 4815 2601 4885 Bego
2630 4814 2802 4869 fidelis
2831 4822 3015 4870 noster
3043 4814 3225 4869 retth
3257 4816 3539 4871 serenitati
3565 4826 3757 4871 nostrae

2182 4906 2415 4975 qualiter
2436 4905 2703 4974 quoddam
2734 4904 3091 4960 emnobiolum
3131 4904 3187 4959 in
3214 4920 3353 4975 pago
3375 4905 3671 4971 Parisiaoo,
3705 4906 3755 4960 in

2181 4996 2301 5050 loco
2332 4996 2423 5065 qui
2467 4995 2667 5049 dicitur
2704 4995 2982 5061 Fossatus,
3009 4996 3061 5049 in
3086 4996 3292 5051 honore
3313 4996 3594 5052 beatorum
3624 5013 3751 5068 apo-

2182 5087 2439 5141 stolorum
2469 5085 2617 5140 Petri
2656 5094 2713 5141 et
2735 5085 2911 5150 Pauli,
2954 5086 3039 5140 vel
3077 5096 3279 5140 sancta:
3325 5086 3508 5141 Maria:
3546 5102 3751 5158 semper

2178 5178 2402 5248 virginis
2422 5184 2811 5241 constructum,
2832 5176 2992 5231 situm
3016 5190 3176 5247 super
3193 5175 3414 5231 fluvium
3437 5178 3745 5241 Materinam,

2180 5270 2267 5321 ubi
2291 5268 2415 5321 olim
2444 5266 2694 5321 monachi
2718 5266 2817 5319 sub
2846 5273 3031 5320 saneta
3058 5264 3239 5335 regula
3267 5265 3588 5336 deguerunt,
3615 5282 3746 5337 pene

2177 5358 2509 5411 destructum
2535 5356 2837 5420 inveniens,
2863 5356 2931 5410 ob
2953 5355 3375 5411 emolumentum
3413 5358 3605 5413 animas
3641 5374 3743 5413 sua:

2174 5448 2422 5501 eumdem
2468 5446 2646 5501 locum
2686 5456 2962 5517 assumpto
3006 5446 3191 5501 labore
3220 5456 3549 5514 restaurare,
3593 5457 3646 5503 et
3676 5450 3739 5503 ad

2172 5537 2457 5605 pristinum
2488 5544 2688 5589 statum
2711 5550 2970 5591 revocare
3008 5536 3236 5590 curavit.
3272 5535 3379 5592 Sed
3407 5538 3494 5594 his
3517 5538 3735 5609 peractis

2173 5627 2393 5682 veniens
2419 5636 2544 5682 ante
2580 5627 2925 5697 prmsentiam
2951 5633 3193 5681 nostram
3223 5629 3617 5684 commendavit
3640 5642 3729 5682 no-

2169 5719 2249 5774 bis
2278 5720 2417 5775 idem
2447 5717 2854 5784 monasterium,
2896 5732 3020 5773 cum
3062 5718 3282 5789 abbate,
3321 5720 3537 5778 nomine
3572 5718 3725 5773 Bene-
