3936 6406
326 383 469 438 ιοίὅ

1472 388 1859 447 ῡῐΡΙιΟΜΑΤΑ
1896 386 2442 445 ECCLESIASTICA.

3424 350 3574 446 una

318 495 494 562 dicto,
520 513 623 551 una
648 513 769 553 cum
796 500 1073 555 monachis
1096 500 1271 556 eidem
1297 502 1477 557 abbati
1521 503 1588 558 ad
1608 501 1902 575 regendum
1927 502 1978 563 Α
1997 498 2201 569 jugiter
2241 498 2453 555 Domini
2491 497 2913 555 misericordiam
2950 513 3180 555 exorate
3220 500 3465 555 delectet.
3510 503 3568 556 Et

316 591 651 656 commissis,
692 592 981 647 obsecrans
1022 601 1084 646 ut
1115 592 1366 666 deinceps
1385 595 1483 650 sub
1506 604 1690 651 nostra
1715 593 1901 649 defen-

317 680 479 735 sione
501 688 557 736 et
587 682 939 737 immunitatis
974 682 1218 749 tuitione,
1262 685 1711 753 quemadmodum
1738 692 1903 740 eane-

318 786 419 826 ros
443 770 665 827 abbates
690 775 1074 828 monachorum
1096 789 1195 843 per
1217 775 1502 845 imperium
1525 790 1556 829 a
1580 776 1737 830 nobis
1769 775 1903 830 divi-

316 863 474 918 nitus
496 878 752 919 concesso
781 862 1146 938 [concessum]
1190 866 1514 932 consistunt,
1546 866 1622 920 ita
1658 874 1713 921 et
1754 866 1901 921 illum

317 970 430 1009 una
454 971 575 1010 cum
599 957 928 1023 monasterio
948 957 1033 1012 vel
1075 959 1375 1025 monachis,
1410 968 1465 1014 et
1486 958 1646 1014 rebus
1680 958 1766 1014 vel
1805 959 1902 1013 ho-

316 1045 564 1100 minibus
588 1046 761 1100 eidem
790 1047 1116 1102 monasterio
1142 1048 1289 1119 juste
1323 1048 1579 1117 subjectis
1605 1050 1901 1105 consistere

317 1134 643 1191 faceremus.
678 1135 843 1205 Cujus
871 1139 1137 1208 petitioni,
1184 1139 1312 1210 quia
1355 1140 1750 1206 rationabilem,
1792 1140 1901 1196 imo

314 1221 436 1281 Deo
457 1225 739 1282 amabilem
759 1243 879 1299 esse
900 1229 1269 1300 cognovimus,
1295 1230 1526 1286 libenter
1546 1231 1898 1300 suscepimus,

312 1326 492 1389 etper
511 1320 612 1375 hos
632 1329 845 1378 nostros
874 1322 1182 1391 imperiales
1214 1322 1417 1393 apices,
1460 1324 1599 1378 sicut
1628 1323 1800 1393 petiit,
1826 1324 1899 1378 ita

314 1416 379 1463 et
401 1410 785 1466 concessimus.
811 1410 1043 1466 Proinde
1065 1410 1313 1466 volumus
1342 1419 1401 1465 ut
1434 1412 1723 1482 praedictus
1763 1412 1899 1467 abba

313 1504 379 1552 et
404 1500 653 1554 monachi
694 1498 749 1553 in
789 1500 1045 1567 prmdicto
1085 1500 1415 1556 monasterio
1460 1501 1735 1570 degentes,
1775 1514 1900 1555 cum

312 1590 482 1643 rebus
526 1602 664 1666 quas
710 1603 853 1643 nunc
895 1588 1097 1644 habere
1146 1598 1476 1657 noscuntur,
1520 1590 1607 1644 vel
1647 1590 1900 1663 @inccps

302 1675 457 1746 juste
486 1676 766 1746 acquirere
808 1686 1080 1746 poterunt,
1120 1679 1220 1734 sub
1266 1688 1451 1735 nostra
1495 1679 1805 1736 defensione
1846 1690 1901 1736 et

309 1769 675 1825 immunitatis
716 1770 943 1826 tuitione
986 1771 1297 1841 persistant.
1341 1772 1408 1826 Et
1438 1770 1694 1840 jubemus
1736 1782 1897 1844 atque

2002 596 2063 644 ut
2102 590 2219 645 haec
2272 590 2566 646 auctoritas
2610 590 2809 645 nostris
2863 590 3164 662 futurisque
3221 592 3571 661 temporibus,

2003 682 2230 737 Domino
2254 690 2589 754 protegente,
2614 680 2791 736 valeat
2815 682 3124 738 inconvulsa
3149 697 3392 748 manere,
3414 696 3571 736 manu

2000 774 2217 843 propria
2239 774 2423 828 subter
2450 772 2807 839 ﬁrmavimus,
2836 779 2891 827 et
2932 772 3115 827 annuli
3154 772 3324 828 nostri
3348 773 3576 843 impres-

2002 864 2153 919 sione
2179 864 2379 936 signari
2395 863 2675 933 jussimus.

2072 953 2298 1025 Signum
2318 953 2571 1009 Ludovici
2596 954 2823 1025 piissimi
2850 954 3206 1024 imperatoris.

2070 1045 2357 1100 Durandus
2378 1044 2637 1100 diaconus
2660 1044 2728 1099 ad
2759 1044 2930 1099 vicem
2956 1043 3271 1100 Helisachar
3290 1045 3572 1117 recognovi

2001 1146 2054 1191 et
2078 1137 2225 1191 subs.

2073 1227 2206 1280 Data
2231 1241 2302 1280 xu
2334 1225 2451 1279 Kal.
2468 1224 2653 1290 Iulias,
2675 1241 2834 1291 anno,
2852 1227 3068 1283 Christo
3093 1227 3346 1298 prapitio,
3364 1225 3574 1296 imperii

2001 1316 2181 1372 domui
2224 1316 2477 1371 Ludovici
2514 1317 2743 1387 piissimi
2781 1316 3007 1389 Augusti
3067 1321 3135 1382 5,
3182 1318 3476 1374 indictione
3519 1319 3571 1373 8.

1999 1407 2191 1462 Actum
2217 1408 2574 1479 Aquisgrano,
2602 1408 2802 1479 palatio
2829 1410 2977 1480 regio
3008 1410 3061 1464 in
3103 1411 3197 1465 Dei
3221 1411 3437 1466 nomine
3461 1408 3575 1465 feli—

2000 1499 2154 1554 citer.
2184 1498 2373 1554 Amen.
3077 1495 3085 1504 '

2730 1590 2837 1644 ιιι,

2096 1690 2122 1720 ⁸
2162 1694 2262 1735 PRO
2300 1693 2634 1735 IONASTBRIO
2673 1694 2894 1735 BODONIS
2929 1695 3046 1735 ειη
3082 1696 3472 1737 ιιοκοιιουτιειι.

2606 1768 2781 1842 (Anno
2822 1770 2969 1843 816.)

306 1860 489 1915 modis
517 1859 767 1915 omnibus
792 1859 1133 1916 decernimus
1166 1867 1225 1915 ut
1250 1861 1604 1931 nullusjudex
1629 1842 1891 1934 publicus,
1925 1842 1971 1902 Β
2000 1859 2177 1934 [Apud
2199 1859 2538 1934 Grandidier,
2568 1860 2708 1915 Hist.
2734 1861 2803 1934 de
2828 1842 3077 1934 l’Egt._de
3110 1862 3335 1934 ,ευ-πώ..
3370 1873 3479 1919 tom
3506 1865 3569 1928 Π.

304 1947 400 2003 vel
434 1947 689 2019 quislibet
720 1964 786 2005 ex
807 1949 1094 2021 judiciaria
1116 1958 1402 2021 potestate,
1431 1953 1486 2023 in
1517 1954 1777 2010 ecclesias
1802 1963 1895 2011 aut

303 2035 449 2103 loca,
476 2038 563 2093 vel
603 2054 779 2110 agros,
828 2054 924 2095 seu
965 2040 1200 2112 reliquas
1244 2045 1613 2112 possessiones
1648 2048 1893 2115 praedicti

304 2129 647 2194 monasterii,
677 2144 813 2199 quas
842 2131 1099 2186 moderno
1145 2141 1386 2201 tempore
1408 2133 1555 2204 juste
1577 2142 1632 2190 et
1655 2136 1893 2191 rationa-

300 2219 491 2276 biliter
508 2220 785 2291 possidere
808 2222 1022 2277 videtur
1043 2223 1098 2278 in
1121 2225 1449 2294 quibuslibet
1476 2228 1629 2299 pagis
1651 2237 1706 2285 et
1728 2230 1891 2285 terri-

303 2311 503 2378 toriis,
551 2312 813 2383 quidquid
856 2313 1054 2379 ibidem
1098 2324 1321 2386 propter
1364 2316 1602 2373 divinum
1652 2335 1892 2377 amorem

299 2399 562 2456 collatum
582 2401 706 2468 fuit,
732 2418 956 2473 quaeque
994 2404 1159 2459 etiam
1188 2406 1440 2476 deinceps
1466 2408 1519 2463 in
1558 2409 1683 2480 jure
1724 2413 1891 2483 ipsius

300 2492 481 2547 sancti
523 2491 625 2547 loci
666 2492 898 2547 voluerit
939 2494 1118 2549 divina
1158 2496 1333 2566 pietas
1375 2500 1578 2570 augeri,
1610 2502 1675 2557 ad
1697 2518 1891 2559 causas

299 2581 621 2648 audiendas,
663 2583 747 2638 vel
794 2583 941 2639 freda
982 2585 1264 2656 exigenda,
1317 2596 1409 2642 aut
1448 2592 1756 2649 mansiones
1804 2596 1890 2651 vel

297 2682 521 2742 paratas
544 2673 835 2741 faciendas,
861 2683 954 2730 aut
983 2675 1328 2749 ﬁdejussores
1358 2679 1639 2749 tollendos,
1667 2699 1768 2740 nec
1794 2686 1892 2741 ho-

300 2766 479 2821 mines
497 2766 665 2836 ipsius
690 2768 1006 2822 monasterii
1030 2748 1138 2822 tam
1162 2769 1424 2839 ingenuos
1445 2787 1608 2841 quam
1629 2782 1685 2829 et
1704 2791 1889 2839 servos

300 2853 444 2927 [qui]
479 2870 643 2926 super
675 2864 875 2913 terram
913 2858 1082 2927 ipsius
1108 2860 1347 2917 residere
1389 2862 1658 2931 videntur,
1688 2866 1886 2935 injuste

296 2946 720 3016 distringendos,
750 2961 850 3002 nec
873 2947 1009 3002 ullas
1031 2950 1318 3018 petitiones
1349 2961 1443 3008 aut
1488 2954 1705 3012 illicitas
1729 2973 1888 3014 occa-

295 3036 482 3089 siones
529 3036 904 3105 requirendas‘,
946 3037 1055 3093 ullo
1097 3040 1625 3112 unquam‘tempore
1676 3045 1885 3117 ingredi

295 3126 511 3191 audeat,
549 3126 634 3181 vel
674 3140 737 3180 ea
778 3142 897 3197 quae
943 3142 1102 3197 supra
1152 3140 1450 3187 memorata
1497 3142 1620 3187 sunt
1667 3137 1885 3205 penitus

2066 1932 2242 2011 proh,
2275 1946 2405 2011 pag:
2426 1931 2547 1995 159,
2582 1946 2647 2011 ῳς
2696 1930 2931 2011 antiquo
2964 1932 3296 1988 chartulario
3342 1933 3572 1990 abbatia:

2062 2000 2439 2057 Andlaviensis
2457 2000 2638 2056 saeculi
2662 2000 2801 2074 xm]

2063 2110 2121 2166 lu
2159 2111 2380 2168 nomine
2420 2111 2633 2167 Domini
2669 2112 2767 2168 Dei
2801 2122 2857 2168 et
2888 2113 3187 2171 Salvatoris
3231 2117 3400 2173 nostri
3444 2115 3571 2172 Jesu

1993 2201 2217 2269 Christi,
2234 2203 2557 2269 Ludovicus,
2581 2203 2762 2258 divina
2783 2205 3070 2262 ordinante
3096 2206 3455 2277 providentia,
3472 2208 3573 2263 im-

1992 2303 2211 2365 perator
2228 2293 2522 2366 Augustus.

2065 2384 2122 2439 Si
2152 2399 2281 2455 erga
2313 2385 2430 2441 loca
2480 2386 2679 2441 divinis
2730 2386 2965 2443 cultibus
3003 2389 3311 2463 mancipata
3350 2372 3572 2460 propter

1992 2489 2233 2529 amorem
2263 2474 2378 2540 Dei,
2411 2476 2632 2545 ejusque
2668 2476 2720 2530 i'n
2751 2476 2956 2533 eisdem
2984 2477 3119 2534 locis
3148 2479 3253 2534 sibi
3306 2478 3571 2535 famulan-

1991 2573 2074 2620 tes
2101 2565 2361 2620 beneﬁcia
2392 2573 2693 2635 opportuna
2743 2565 3025 2636 largimur,
3082 2569 3365 2638 prmmium
3413 2570 3571 2625 nobis

1992 2655 2132 2727 apud
2172 2656 2461 2711 Dominum
2490 2665 2710 2712 aeternae
2737 2659 3187 2714 remunerationis
3214 2661 3435 2732 rependi
3461 2676 3570 2717 non

1990 2748 2300 2822 diﬁidimus.
2338 2748 2544 2802 Idcirco
2571 2748 2783 2803 noverit
2814 2750 3053 2803 omnium
3100 2750 3337 2805 ﬁdelium
3362 2759 3572 2807 nostro-

1989 2853 2109 2892 rum
2142 2846 2250 2892 tam
2291 2837 2641 2907 praesentium
2688 2852 2851 2906 quam
2893 2845 2950 2892 et
2983 2837 3288 2895 futurorum
3324 2840 3563 2904 solertia,

1988 2926 2114 2995 quia
2142 2925 2226 2979 vir
2256 2924 2579 2979 venerabilis
2622 2925 2807 2980 Doddo
2836 2925 3034 2994 abbas,
3057 2928 3149 2998 qui
3176 2925 3423 2984 cellulam
3450 2946 3569 2999 qua:

1990 3024 2331 3083 nuncupatur
2374 3012 2608 3069 Bodonis
2649 3016 3037 3071 monasterium
3066 3017 3118 3083 ι),
3144 3019 3287 3089 quod
3332 3028 3417 3076 est
3461 3021 3567 3076 sita

1989 3107 2043 3163 in
2066 3123 2204 3179 pago
2231 3107 2452 3164 Albinse
2483 3119 2504 3148 ο
2536 3124 2699 3179 super
2727 3108 2949 3165 ﬂuvium
2978 3109 3200 3169 Vizuzia
3240 3110 3291 3177 ει,
3322 3122 3567 3167 constru-

294 3183 846 3285 exigcré,pmsum;t
887 3235 902 3271 ε
958 3183 1026 3273 ρι’
1057 3183 1449 3289 quidquid};
1470 3183 1632 3279 ,ὦῶ
1911 3183 1955 3245 C
1990 3211 2077 3257 cta
2111 3202 2398 3293 iubonore
2424 3210 2624 3293 sancta:
2668 3201 2763 3256 Dei
2816 3204 3093 3273 genitricis
3142 3203 3325 3259 Maria:
3352 3219 3567 3276 semper

295 3304 612 3359 monasterii
653 3304 816 3361 ﬁscus
861 3321 1082 3377 sperare
1128 3316 1373 3377 poterat,
1427 3318 1599 3366 totum
1645 3328 1743 3369 nos
1784 3330 1884 3385 pro

291 3402 496 3448 :cterna
520 3396 955 3450 remuneratione
986 3398 1247 3467 prmdicto
1271 3402 1602 3458 monasterio
1626 3405 1880 3460 concedi-

295 3498 438 3548 mus,
460 3492 521 3537 ut
541 3486 795 3554 perennis
826 3487 1154 3557 temporibus
1193 3488 1248 3544 in
1291 3490 1543 3547 alimonia
1584 3496 1887 3564 pauperum

291 3583 348 3627 et
380 3574 647 3644 stipendia
677 3579 1065 3633 monachorum
1111 3580 1310 3635 ibidem
1350 3582 1462 3637 Deo
1502 3582 1877 3642 famulantium

292 3665 539 3738 proﬁciat
579 3667 636 3721 in
687 3678 1050 3739 augmentum.
1110 3671 1180 3725 Et
1218 3674 1653 3745 quandoquidem
1696 3679 1876 3736 divina

292 3758 595 3838 vocatione,
625 3758 968 3829 supradictus
988 3761 1175 3827 abbas,
1197 3763 1279 3817 vel
1304 3780 1645 3822 successores
1669 3768 1785 3838 ejus
1809 3770 1877 3826 de

293 3836 393 3900 hac
413 3845 532 3901 luce
555 3846 935 3916 migraverint;
959 3850 1197 3918 quandiu
1237 3852 1338 3921 ipsi
1362 3855 1611 3910 monachi
1649 3836 1792 3912 inter
1815 3874 1874 3913 se

293 3938 427 3993 tales
460 3938 709 3993 invenire
736 3941 1031 4008 potuerint,
1073 3942 1165 4012 qui
1197 3943 1369 4013 ipsam
1397 3948 1870 4017 congregationem

288 4032 587 4086 secundum
613 4030 851 4099 regulam
881 4031 1053 4086 sancti
1090 4030 1366 4088 Benedicti
1401 4048 1587 4103 regere
1618 4036 1867 4108 valeant;

286 4138 385 4193 per
413 4124 553 4178 hanc
584 4131 822 4178 nostram
852 4124 1230 4178 auctoritatem
1265 4132 1320 4179 et
1347 4141 1669 4182 consensum
1704 4129 1869 4186 licen-

286 4216 416 4267 tiam
448 4213 685 4272 habeant
709 4213 937 4285 eligendi
965 4213 1226 4269 abbates:
1261 4224 1525 4285 quatenus
1569 4218 1714 4286 ipsos
1753 4235 1868 4275 ser-

285 4319 382 4358 vos
406 4304 522 4369 Dei,
560 4304 652 4373 qui
686 4303 883 4358 ibidem
928 4304 1036 4357 Deo
1076 4302 1424 4370 famulantur,
1470 4320 1567 4375 pro
1608 4308 1762 4363 nobis
1812 4319 1869 4364 et

284 4394 532 4464 conjuge,
565 4392 820 4461 prolcque
841 4382 1024 4445 nostra
1052 4400 1214 4461 atque
1257 4394 1551 4450 stabilitate
1576 4398 1737 4452 totius
1766 4399 1866 4453 im-

1986 3292 2231 3364 virginis,
2261 3299 2317 3347 et
2342 3292 2515 3347 sancti
2556 3292 2705 3347 Petri
2745 3293 3003 3363 principis
3053 3294 3436 3366 apostolorum,
3463 3313 3564 3353 nec

1983 3400 2093 3440 non
2120 3392 2174 3439 et
2213 3384 2389 3439 sancti
2430 3384 2709 3439 Michaelis
2754 3384 3082 3456 archangeli,
3133 3384 3218 3439 vel
3244 3393 3562 3444 casterorum

1984 3486 2317 3544 sanctorum,
2346 3477 2400 3532 in
2431 3477 2692 3548 regimine
2706 3478 2909 3532 habere
2930 3478 3163 3543 videtur,
3188 3478 3384 3533 obtulit
3403 3478 3563 3533 obtu-

1984 3569 2127 3622 tibus
2155 3568 2357 3622 nostris
2384 3567 2779 3622 immunitatem
2807 3568 2989 3623 domui
3016 3576 3071 3623 et
3099 3569 3358 3639 genitoris
3386 3570 3558 3624 nostri

1977 3656 2155 3713 Caroli
2176 3657 2329 3712 bonae
2352 3659 2626 3713 memoriae
2645 3658 2875 3728 piissimi
2906 3658 3151 3729 Augusti,
3175 3660 3229 3714 in
3257 3676 3364 3730 quo
3389 3663 3558 3717 couti-

1976 3749 2211 3805 uehatur
2237 3749 2520 3816 insertum,
2552 3748 2785 3819 qualiter
2831 3751 2976 3806 idem
3023 3753 3237 3820 genitor
3262 3762 3447 3808 noster
3500 3764 3556 3809 et

1975 3848 2346 3895 antecessores
2387 3854 2544 3910 reges
2584 3840 2898 3909 praedictam
2944 3841 3191 3897 cellulam
3215 3844 3284 3898 ob
3314 3860 3557 3902 amorem

1972 3928 2069 3983 Dei
2099 3929 2649 3999 tranquillitatemque
2675 3930 2995 3986 ancillarum
3024 3932 3220 3989 ibidem
3257 3936 3554 3992 consisten-

1976 4018 2109 4073 tium
2138 4032 2351 4089 semper
2389 4019 2488 4074 sub
2523 4018 2833 4087 plenissima
2863 4020 3174 4078 defensioue
3200 4034 3257 4078 et
3298 4026 3551 4081 immuni-

1971 4110 2098 4165 tatis
2126 4110 2354 4164 tuitione
2383 4110 2719 4164 habuissent.
2746 4109 2827 4166 0b
2857 4110 3166 4170 ﬁrmitatem
3199 4116 3278 4171 rei
3305 4119 3547 4187 postula-

1967 4201 2047 4255 vit
2071 4202 2225 4256 nobis
2252 4202 2543 4272 praedictus
2575 4202 2760 4259 Doddo
2792 4204 2995 4274 ,abbas,
3024 4215 3084 4261 ut
3120 4218 3407 4278 paternum
3451 4228 3543 4268 seu

1966 4294 2427 4362 praedecessorum
2452 4302 2762 4349 nostrorum
2792 4310 2977 4367 regum
3007 4312 3213 4354 morem
3258 4313 3546 4371 sequentes

1967 4386 2336 4456 hujuscemodi
2363 4396 2561 4441 nostra:
2580 4387 2934 4442 immunitatis
2956 4399 3281 4459 praeceptum
3304 4395 3374 4449 ob
3394 4410 3541 4450 amo-

280 4485 419 4555 perii
444 4482 611 4537 nostri
653 4496 684 4536 a
714 4481 824 4536 Deo
853 4482 1007 4536 nobis
1033 4483 1275 4538 concessi
1317 4493 1478 4555 atque
1507 4491 1860 4546 conservandi
1886 4520 1940 4580 Β
1969 4495 2081 4535 rem
2112 4479 2205 4534 Dei
2227 4487 2281 4533 et
2303 4478 2661 4532 reverentiam
2686 4478 2851 4547 ipsius
2875 4480 3047 4534 sancti
3074 4479 3178 4535 loci
3201 4482 3346 4538 circa
3370 4486 3539 4555 ipsam

358 4634 382 4661 ι
424 4621 609 4675 Exstat
666 4620 720 4674 in
781 4616 1094 4689 Schmpﬁini
1146 4617 1316 4672 Alsat.
1371 4618 1591 4689 diplom.
1652 4629 1781 4676 tom.
1813 4622 1863 4688 l,

282 4707 407 4764 pag.
424 4690 529 4764 ῥεῖ
552 4689 644 4764 sed
675 4704 780 4742 non
813 4688 944 4741 satis
961 4696 1231 4764 correcte:

358 4755 384 4801 Β
411 4759 655 4826 ,Βοίξοηίε
684 4758 1069 4811 monasterium
1094 4756 1195 4809 fuit
1212 4755 1491 4811 fundatum
1516 4758 1567 4811 in
1593 4761 1864 4816 montibus

284 4831 476 4899 Vogesi
501 4843 666 4897 prope
693 4826 1074 4881 Castellionem
1097 4834 1162 4899 e_t_
1182 4826 1623 4899 Badonisvillare,
1645 4830 1696 4882 in
1723 4831 1863 4886 valle

280 4895 401 4970 qua:
425 4895 713 4953 hodicdum
742 4903 1087 4970 nuncupatur
1120 4895 1303 4970 [atde
1332 4895 1729 4970 Ban-ﬁlozqier.
1756 4899 1861 4954 No-

279 4966 406 5026 men
432 4984 585 5023 suum
614 4966 825 5034 accepit
852 4980 881 5018 a
911 4975 1099 5020 sancto
1126 4966 1361 5029 Bodone,
1388 4967 1477 5034 qui
1508 4975 1562 5021 et
1588 4966 1858 5023 Leudinus

277 5041 502 5099 dicitur,
530 5039 780 5105 episcopo
810 5034 1071 5097 Tullensi,
1106 5035 1195 5104 qui
1227 5050 1414 5089 versus
1440 5052 1640 5089 annum
1675 5038 1777 5091 670
1799 5039 1852 5093 in

278 5125 348 5166 co
379 5109 497 5162 loco
536 5106 783 5161 fundavit
809 5105 1195 5175 monasterium
1242 5120 1517 5175 sacrarum
1560 5107 1846 5175 virginum,

275 5180 472 5245 quibus
502 5176 794 5245 praeposuit
832 5173 996 5245 ﬁliam
1026 5189 1177 5227 suam
1205 5174 1434 5245 nomine
1469 5173 1847 5245 Teutbérgam.

325 5263 422 5317 ege
460 5242 739 5317 historiam
782 5244 1156 5317 episcoporum
1204 5242 1532 5317 Tulleusium
1561 5242 1849 5317 apnd‘Ca‘l:

273 5308 502 5378 metum,
523 5313 751 5368 Histoire
765 5308 828 5365 dé
840 5308 1260 5382 lacrimantem.
1285 5312 1327 5375 l,
1346 5308 1726 5382 Preuves,"pag.
1744 5313 1848 5369 165

270 5394 329 5442 et
367 5385 472 5439 216
526 5398 677 5438 novae
723 5381 992 5450 editionis,
1025 5389 1081 5450 et
1108 5379 1507 5450 Stiltiugum,in
1537 5379 1847 5436 Actis'Sau-

271 5464 517 5518 ctorum,
552 5466 679 5529 ltom
725 5451 795 5529 lll_
846 5448 1211 5529 Septembris,
1274 5448 1397 5529 pag.
1613 5450 1845 5529 Bodonis

270 5522 661 5580 monasterium
686 5518 936 5576 ecclesiae
961 5534 1071 5574 sua:
1097 5518 1331 5574 Tullcnsi
1354 5518 1367 5520 ⁷
1386 5518 1611 5586 subjecit
1661 5519 1827 5584 Bodo,

272 5592 575 5663 impetratis
604 5592 671 5646 ab
698 5591 936 5663 Agapeto
962 5598 1022 5663 et_
1036 5587 1302 5663 Crcgorio
1324 5591 1547 5663 summis
1570 5589 1836 5658 pontifici-

269 5659 372 5719 bus
403 5664 630 5741 desuper
657 5659 1527 5741 privilegiis..blonialintnnprituo
1571 5668 1838 5741 monaste-

272 5734 434 5796 rium,
467 5728 590 5784 dein
620 5728 1086 5784 virorunrordinis
1106 5729 1277 5782 sancti
1315 5728 1584 5783 Benedicti
1620 5729 1834 5783 abbatia

270 5804 463 5857 evasit.
491 5797 727 5855 'l'ullcnsi
755 5798 995 5854 ecclesia:
1018 5798 1117 5852 sub
1142 5797 1417 5869 Arnulpho
1448 5798 1700 5869 episcopo
1731 5799 1837 5853 cri-

1947 5517 2304 5587 Lothariiigia:
2340 5518 2393 5571 in
2435 5517 2562 5587 Albi
2584 5517 2793 5587 Montis

1936 5590 2012 5643 uti
2026 5583 2357 5643 contra'alios
2369 5583 2562 5656 probat
2574 5583 2947 5656 Scbtnplliuus,
2961 5583 3127 5643 Alsatt.
3145 5590 3307 5645 illust.
3325 5602 3453 5648 tom.
3470 5583 3505 5654 ιζ

1936 5674 2057 5729 pag.
2086 5657 2208 5729 670.
2238 5654 2443 5711 Nomen
2476 5672 2629 5729 suum
2680 5654 2816 5729 forte
2832 5658 3063 5729 _d_criva_t
3100 5676 3131 5712 a
3179 5660 3395 5723 fluviolo
3422 5662 3508 5716 \'i-«

1939 5725 2110 5791 iuiia,
2145 5728 2197 5781 in
2228 5742 2333 5796 quo
2356 5725 2802 5796 vosﬁermauica
2832 5726 2967 5795 ii’ifs
2996 5727 3173 5782 album
3218 5731 3500 5795 Signiﬁcat.

1969 4618 2087 4688 puit
2114 4631 2209 4688 rex
2237 4613 2546 4688 Lotharius,
2571 4628 2676 4688 qup
2702 4613 2953 4670 defuncto
2978 4630 3122 4688 anno
3143 4617 3246 4688 869
3264 4659 3279 4683 ,
3316 4620 3369 4675 in
3405 4622 3539 4676 divi-

1970 4679 2121 4741 sione
2143 4684 2259 4751 ejus
2290 4682 2440 4754 regni
2465 4679 2609 4754 facta
2635 4679 2775 4754 anno
2812 4685 3060 4754 sequenti
3093 4679 3324 4743 Bodonis
3352 4706 3531 4746 mona-

1966 4756 2191 4810 steriqu
2220 4752 2538 4806 attributum
2567 4753 2665 4807 fuit
2693 4752 2962 4808 Ludovico
2986 4752 3325 4813 Germanico.
3361 4760 3531 4817 Filius

1964 4825 2081 4892 ejus
2106 4823 2330 4877 Carolus
2344 4820 2571 4880 Crassus
2588 4824 2878 4892 imperator
2894 4824 3124 4877 Bodonis
3148 4831 3529 4885 monasterium

1962 4894 2232 4950 concessit
2260 4907 2401 4946 anno
2432 4892 2538 4947 884
2584 4892 2813 4946 abbatia:
2856 4892 3220 4949 Audlaviensi.
3272 4898 3527 4955 Chartam

1962 4964 2212 5020 dabimus
2238 4978 2337 5017 suo
2366 4962 2502 5016 loco.
2530 4960 2639 5024 Nec
2676 4962 2766 5015 diu
2796 4962 2923 5015 illud
2956 4963 3178 5018 retinuit
3205 4965 3319 5022 lucc
3366 4969 3529 5024 abba-

1963 5035 2057 5108 tia,
2083 5050 2201 5087 cuni
2218 5046 2372 5108 anno
2524 5023 2757 5108 Bodonis
2779 5033 3175 5108 monasterium
3211 5023 3526 5108 Drogoni'et

1962 5105 2079 5177 ejus
2120 5102 2362 5177 ecclesiae
2394 5100 2959 5177 Tullens_i_rc_§tit_uerit
2989 5101 3213 5158 Carolus
3248 5100 3518 5177 Simplex.

1959 5168 2166 5228 Calmct
2194 5213 2207 5236 ,
2231 5171 2382 5231 ibid.,
2409 5184 2529 5238 pag.
2560 5168 2685 5223 554.
2710 5169 2945 5224 Bodonis
2967 5175 3351 5235 monasterium
3378 5168 3518 5232 'tleiu

1956 5242 2281 5313 appellatum
2305 5238 2404 5292 fuit
2435 5240 2649 5313 abbatia
2677 5238 2859 5313 Sancti
2898 5239 3207 5313 salvatoris,
3236 5259 3353 5311 quae
3378 5264 3519 5301 anno

1961 5304 2093 5366 1369
2135 5311 2200 5364 ad
2252 5308 2519 5381 Domuum
2559 5308 2761 5381 Aprum
2792 5304 3079 5381 (Domévre)
3110 5304 3277 5381 prepe
3323 5315 3519 5373 Album

1952 5380 2185 5435 Montem
2210 5378 2462 5433 translata
2496 5377 2614 5431 fuit.

2025 5464 2061 5526 0_
2087 5450 2261 5526 Pagus
2284 5448 2648 5526 Albiusi_s_,_qt_ti
2667 5448 2953 5526 etﬁlbcgia
2970 5447 3191 5526 dicitur,
3206 5461 3323 5526 erat
3343 5469 3514 5526 pagus

2821 5516 3107 5592 (Blamonl)
3144 5516 3508 5592 vicinia-situs.

2012 5798 2034 5838 ἀ
2072 5793 2416 5851 Ηθήὶείγὶςιιε
2454 5793 2701 5850 l’esouze.
