3936 6330
472 321 609 380 104⁷

1606 329 1928 387 LUDOVICI
1966 330 1987 369 ν
2030 327 2502 389 COGNOMENTO
2542 333 2625 389 Ρη

3628 338 3763 396 1043

471 442 719 499 cellulam
771 443 885 498 fieri
938 458 1315 508 censeremus;
1372 440 1525 514 cujus
1562 447 1809 516 petitioni
1836 446 2066 502 libenter
2092 448 2145 506 Α
2169 444 2290 500 dem
2318 446 2732 504 consistentium
2778 460 2992 517 semper
3032 447 3131 503 sub
3175 447 3494 527 plenissima
3532 450 3764 508 tuitioue

470 536 865 606 acquievimus,
893 545 949 591 et
964 538 1047 591 .ita
1091 537 1142 590 in
1187 537 1441 593 omnibus
1472 539 1861 605 concessimus,
1893 548 2058 609 atque

470 641 570 697 per
598 628 701 683 hoc
728 634 1056 697 pceceptum
1111 635 1359 694 nostrum
1410 628 1871 685 confirmavimus.
1918 629 2060 697 Qua-

472 727 697 789 propter
722 716 1377 790 prrecipientesjubemus
1424 726 1485 773 ut
1517 718 1701 777 nullus
1740 720 1908 790 judex
1958 736 2059 789 pu—

471 810 665 874 blicus,
689 811 772 867 vel
809 811 1062 881 quislibet
1094 827 1162 870 ex
1188 812 1479 883 judiciaria
1512 821 1783 883 potestate
1810 816 1862 869 in
1886 815 2060 870 eccle-

472 900 603 964 sias,
643 909 732 954 aut
765 900 907 965 loca,
930 900 1017 957 vel
1047 917 1233 974 agros,
1269 917 1363 959 seu
1395 902 1632 975 reliquas
1668 905 2056 976 possessiones,

472 1005 608 1059 quas
626 991 887 1046 moderno
911 1000 1154 1062 tempore
1183 993 1323 1049 infra
1353 994 1611 1055 ditionem
1644 996 1857 1066 imperii
1885 996 2057 1051 nostri

463 1081 611 1151 juste
639 1092 695 1137 et
720 1085 1120 1140 rationabiliter
1147 1086 1410 1156 possidet,
1443 1087 1618 1143 velea
1649 1102 1770 1157 quas
1804 1088 2059 1157 deinceps

470 1172 526 1226 in
547 1170 671 1239 jure
699 1173 869 1242 ipsius
906 1174 1079 1229 sancti
1119 1175 1223 1236 loci
1276 1175 1509 1231 Voluerit
1549 1177 1728 1231 divina
1759 1176 1934 1247 pietas
1964 1192 2060 1231 au-

470 1264 611 1332 geri,
640 1263 708 1319 ad
735 1279 930 1324 causas
962 1266 1281 1332 audiendas,
1304 1276 1399 1321 aut
1427 1266 1577 1323 freda
1606 1267 1692 1322 vel
1721 1269 1923 1323 tributa
1950 1270 2060 1324 exi-

470 1354 665 1422 genda,
694 1365 789 1410 aut
808 1357 1119 1415 mansiones
1136 1357 1220 1411 vel
1244 1366 1464 1427 paratas
1493 1357 1788 1424 faciendas,
1805 1367 1901 1415 aut
1929 1360 2060 1417 fide-

463 1444 707 1513 jussores
735 1447 1017 1508 tollendos.
1043 1457 1137 1502 aut
1161 1449 1408 1503 homines
1434 1448 1676 1520 ejusdem
1704 1450 1928 1516 cellulae,
1945 1460 2056 1507 tam

469 1541 732 1608 ingenuos
762 1554 925 1609 quam
962 1548 1018 1595 et
1046 1555 1254 1606 servos,
1280 1556 1443 1611 super
1481 1551 1683 1597 terram
1715 1543 1884 1614 ipsius
1911 1560 2059 1603 com-

469 1638 752 1684 mauentes
784 1628 978 1697 injuste
1000 1630 1421 1700 distringendos,
1453 1646 1555 1688 nec
1582 1632 1718 1687 ullas
1743 1634 2059 1689 redhibitio-

469 1738 586 1785 nes,
620 1729 712 1775 aut
748 1721 965 1776 illicitas
1003 1724 1319 1785 occasiones
1364 1724 1740 1793 requirendus,
1774 1726 1978 1781 nostris
2002 1734 2058 1781 et

466 1804 665 1866 futuris
689 1812 1020 1880 temporibus
1048 1813 1253 1883 ingredi
1286 1815 1502 1881 amicat,
1536 1814 1618 1870 vel
1645 1830 1709 1870 ea
1732 1830 1853 1885 qua:
1891 1832 2055 1886 supra
2087 1795 2133 1853 Β

467 1912 767 1958 memorata
788 1914 935 1970 sunt,
950 1904 1168 1974 penitus
1183 1905 1402 1976 exigere
1424 1915 1746 1976 praesumat;
1779 1908 1872 1963 sed
1896 1908 2057 1963 liceat

466 2002 771 2056 memorato
797 1994 979 2050 abbati
1004 1996 1221 2066 suisque
1240 1997 1649 2062 successoribus
1674 2013 1760 2052 res
1782 1998 2056 2067 praedicta:

466 2085 673 2141 cellulae
720 2088 821 2143 sub
860 2087 1221 2143 immanitatis
1268 2096 1469 2143 nostra:
1511 2087 1824 2144 defensione
1873 2090 2057 2158 quieto

465 2180 656 2234 ordine
682 2180 980 2250 possidere.
1012 2181 1078 2234 Et
1109 2181 1371 2251 quidquid
1412 2181 1609 2238 exinde
1640 2181 1803 2236 fiscus
1834 2194 2057 2250 sperare

464 2273 686 2340 poterit,
727 2280 898 2326 totum
928 2288 1028 2327 nos
1058 2288 1154 2342 pro
1180 2283 1385 2328 zeterna
1432 2275 1874 2329 remuneratione
1920 2290 2057 2344 prte-

464 2362 593 2417 [ωδε
614 2362 819 2417 cellula:
841 2364 1207 2427 concedimus,
1233 2372 1291 2418 ut
1319 2366 1369 2418 in
1400 2365 1655 2419 alimonia
1681 2380 1977 2434 pauperum
2005 2373 2059 2418 et

467 2452 738 2522 stipendia
766 2453 1087 2507 ancillarum
1123 2454 1319 2508 ibidem
1351 2454 1460 2508 Deo
1489 2454 1866 2509 famulantium
1896 2454 2057 2525 profi-

466 2543 575 2595 ciat
608 2543 940 2611 perennibus
968 2544 1303 2613 temporibus
1328 2544 1383 2597 in
1413 2544 1718 2613 augmentis
1738 2587 1751 2609 ,
1790 2554 2057 2613 quatenus

466 2632 614 2702 ipsas
641 2633 866 2687 ancillas
905 2632 997 2689 Dei
1037 2650 1157 2703 qua:
1200 2633 1399 2688 ibidem
1430 2634 1542 2689 Deo
1582 2630 1934 2699 famulantur,
1960 2651 2059 2704 pro

466 2724 623 2779 nobis
649 2732 703 2791 et
741 2724 998 2795 conjuge,
1023 2724 1283 2795 proleque
1311 2736 1497 2779 nostra
1521 2766 1535 2791 ,
1570 2734 1733 2794 atque
1759 2726 2058 2781 stabilitate

467 2816 632 2869 totius
660 2814 871 2887 imperii
904 2829 973 2868 no
998 2816 1073 2869 tri
1108 2830 1135 2868 a
1166 2815 1278 2870 Deo
1304 2816 1458 2870 nobis
1485 2816 1729 2878 concessi
1754 2825 1916 2886 atque
1938 2831 2059 2870 con-

468 2903 948 2976 servandijugiter
979 2905 1267 2960 Dominum
1304 2921 1536 2961 exorare
1582 2907 1833 2961 delectet.
1884 2907 1952 2961 Et
1999 2916 2055 2961 ut

470 2998 584 3051 tunc
625 2997 923 3051 auctoritas
970 2998 1179 3051 nostris
1214 2996 1518 3067 futurisque
1565 2997 2060 3066 temporibus,Do-

470 3102 616 3142 mmo
658 3098 1002 3159 protegente,
1035 3089 1213 3155 valeat
1267 3088 1580 3145 inconvulsa
1624 3103 1864 3154 manere,
1897 3104 2057 3143 manu

469 3180 683 3250 propria
718 3181 908 3235 subter
932 3180 1265 3236 ﬁrmavimus
1295 3188 1349 3235 et
1378 3180 1560 3235 annuli
1608 3181 1782 3234 nostri
1834 3181 2059 3250 impres-

467 3269 620 3327 sione
651 3269 856 3341 signari
874 3269 1160 3339 jussimus.

541 3362 769 3432 Signum
794 3361 1053 3418 Ludovici
1081 3364 1417 3419 serenissimi
1454 3364 1820 3435 imperatoris.

549 3452 835 3509 Durandus
888 3454 1151 3509 diaconus
1205 3455 1272 3509 ad
1322 3456 1496 3511 vicem
1537 3454 1854 3513 Helisachar
1910 3470 2062 3515 reco-

468 3548 649 3619 gnovL

546 3638 679 3695 Data
702 3640 826 3696 ldus
839 3639 1107 3704 Januarii,
1134 3655 1299 3706 anno,
1316 3640 1531 3697 Christo
1550 3640 1808 3712 propitio,
1824 3639 2064 3697 secundo

471 3732 688 3801 imperii
710 3732 894 3791 domui
923 3732 1181 3789 Ludovici
1208 3733 1437 3805 piissimi
1468 3732 1728 3801 Augusti,
1768 3730 2064 3787 indictione

471 3836 635 3877 nona.
659 3822 856 3877 Actum
892 3822 1223 3894 Aquisgrani
1253 3822 1453 3893 palatio
1481 3822 1631 3894 regio
1669 3835 1693 3862 ι
1729 3822 1781 3877 in
1825 3818 1921 3877 Dei
1967 3837 2063 3876 no—

472 3916 620 3971 tuine
650 3914 894 3973 feliciter.
924 3916 1095 3971 Amen

1197 4006 1329 4061 Llil.

849 4113 949 4157 ε’κο
985 4112 1324 4154 ΙΟΧΛΞΤΕΠΙΟ
1360 4113 1679 4152 Αιιιιλτιιο.

1092 4189 1265 4258 (Anno
1305 4185 1457 4255 8l6.)

514 4279 770 4351 [Ugltclli,
806 4278 968 4333 Italia
994 4295 1170 4341 sacra,
1198 4292 1320 4348 pag.
1351 4276 1477 4339 590,
1502 4277 1553 4329 in
1587 4275 1767 4345 Epist.
1797 4274 2028 4347 Clusiu.]

548 4381 605 4436 ln
653 4381 870 4436 nomine
897 4380 1111 4435 Domini
1156 4378 1250 4432 Dei
1282 4386 1337 4432 et
1386 4377 1684 4431 Salvatoris
1723 4377 1895 4431 nostri
1938 4374 2064 4443 Jesu

479 4474 705 4531 (Ihristi.
735 4472 1045 4528 Ludovicus
1073 4471 1253 4526 divina
1276 4469 1615 4538 providentia
1644 4468 1938 4536 imperator
1958 4466 2067 4519 Au-
2095 4490 2148 4549 Ι)

480 4572 689 4635 gustus.
1878 4620 1883 4625 .

551 4655 684 4711 Cum
715 4654 1066 4725 petitionibus
1108 4667 1387 4707 servorum
1435 4650 1530 4703 Dei
1554 4650 1718 4719 justis
1746 4664 1808 4702 ac
1836 4648 2073 4701 rationa-

481 4747 679 4802 bilibus
724 4746 891 4801 divini
939 4744 1118 4800 cultus
1162 4756 1347 4796 amore
1395 4740 1661 4802 favemus,
1710 4752 1945 4807 superna
1977 4752 2074 4792 nos

484 4840 651 4907 gratia
686 4837 884 4891 muniri
914 4851 1019 4889 non
1054 4835 1387 4888 dubitamus.
1419 4831 1589 4902 Igitur
1618 4838 1807 4884 notum
1859 4830 1928 4883 sit
1956 4844 2071 4882 om-

483 4932 644 4986 nibus
675 4930 921 4985 ﬁdelibus
949 4935 1150 4983 sancta:
1181 4927 1274 4980 Dei
1307 4924 1583 4986 Ecclesiae,
1627 4922 1990 4992 praesentibus
2022 4929 2078 4974 et

485 5022 705 5085 tuturis,
736 5021 862 5089 quia
887 5020 968 5072 vir
999 5017 1321 5073 venerabilis
1343 5014 1655 5069 Audoaldus
1678 5012 1845 5066 abbas
1874 5027 1941 5065 cx
1963 5027 2077 5064 mo-

488 5112 727 5167 nasterio
784 5110 956 5165 sancti
1014 5110 1312 5163 Salvatoris
1358 5107 1575 5176 quidem
1626 5104 1841 5175 sito\in
1895 5111 2077 5157 monte

487 5200 699 5253 Amiuto
726 5200 778 5253 in
810 5198 1085 5253 territorio
1107 5196 1325 5251 Clusino
1356 5194 1549 5248 detulit
1574 5194 1850 5248 obtutibus
1880 5191 2075 5247 nostris

490 5290 866 5342 auctoritatem
896 5286 1253 5341 immanitatis
1300 5283 1503 5338 domini
1532 5291 1587 5336 ct
1616 5284 1879 5352 genitoris
1905 5284 2074 5337 nostri

488 5376 666 5431 t’iaroli
693 5378 845 5433 bonte
871 5376 1144 5430 memorite
1171 5374 1395 5445 piissimi
1422 5373 1676 5442 Augusti,
1701 5373 1751 5425 in
1777 5388 1881 5440 qua
1905 5373 2078 5428 conti-

491 5466 719 5520 nebatur
762 5466 1027 5522 insertum
1053 5464 1287 5534 qualiter
1317 5463 1635 5533 priedictum
1685 5464 2075 5543 monasterium

492 5561 561 5609 o‘i
589 5572 827 5613 amorem
858 5556 954 5612 Dei
978 5555 1535 5625 tranquillitatemque
1568 5553 1956 5609 monachorum
1984 5554 2079 5607 ibi-

631 5673 786 5729 Circa
846 5672 1017 5741 Aquis
1057 5682 1285 5724 rancnse
1340 5668 1599 5737 palatium
1659 5665 1827 5721 multa
1874 5667 2075 5719 habent

631 5760 819 5793 nanus.
848 5742 986 5793 apud
1010 5687 1372 5793 gabillonem.
1409 5739 1481 5789 De
1505 5753 1561 5792 re
1590 5738 1836 5793 dinlonr.
1876 5737 1965 5789 lib.
1999 5750 2075 5793 tv.

498 5744 819 5815 (erumnas,
848 5737 986 5811 apud
1010 5737 1372 5803 Mabillonem,
1409 5739 1481 5789 De
1505 5753 1561 5792 re
1590 5738 1836 5807 diplonr,
1876 5737 1965 5789 lib.
1999 5750 2075 5795 tv,

2163 544 2219 591 et
2245 537 2605 592 immunitatis
2629 536 2944 593 defensione
2974 539 3273 607 habuisset,
3304 539 3585 597 ﬁrmitatis
3608 557 3766 596 nam-

2164 644 2269 699 que
2292 630 2471 684 studio
2491 645 2521 683 a
2545 630 2703 693 nobis
2723 632 3059 701 procuravit,
3083 640 3143 686 ut
3171 642 3416 703 paterna:
3443 635 3766 690 auctoritati

2164 722 2306 779 hanc
2360 735 2603 781 nostram
2636 726 2985 799 jungeremns
3032 731 3439 785 auctoritatem.
3478 729 3581 785 Cui
3625 732 3768 799 peti—

2164 812 2299 875 tioni
2326 812 2560 869 libenter
2604 831 2790 870 aurem
2824 820 3237 873 accommodare
3262 819 3490 888 placuit,
3530 827 3591 873 et
3621 820 3767 873 hanc

2163 912 2364 959 nostra;
2414 907 2755 961 auctoritatis
2803 909 3220 979 praeceptionem
3272 909 3412 971 ﬁeri,
3442 925 3543 978 per
3598 925 3765 979 quam

2162 995 2507 1065 praecipimus
2536 1005 2695 1067 atque
2717 997 2971 1068 jubemus
2996 1007 3055 1053 ut
3078 1000 3257 1054 nullus
3282 1001 3451 1071 judex
3470 1002 3764 1069 publicus.

2163 1084 2246 1139 vel
2270 1086 2515 1156 quilibet,
2546 1097 2602 1143 et
2638 1087 2927 1157 iudiciaria
2957 1100 3223 1161 potestate
3249 1092 3302 1147 in
3348 1092 3639 1157 ecclesias,
3671 1102 3766 1147 aut

2162 1175 2303 1243 loca,
2328 1178 2413 1233 vel
2450 1194 2628 1253 agros,
2679 1195 2772 1235 seu
2826 1178 3065 1251 reliquas
3113 1183 3487 1251 possessiones
3512 1184 3762 1253 praedicti

2162 1270 2501 1333 monasterii,
2531 1284 2668 1339 quas
2696 1271 2959 1327 moderno
2988 1280 3232 1343 tempore
3255 1273 3403 1343 justo
3426 1283 3486 1329 et
3512 1273 3763 1344 legaliter

2162 1361 2422 1432 possidet,
2454 1362 2538 1416 vel
2579 1378 2700 1432 quae
2726 1363 2980 1433 deinceps
3003 1364 3056 1423 in
3083 1364 3204 1434 jura
3243 1365 3415 1434 ipsius
3440 1364 3549 1419 loci
3594 1363 3764 1418 voluit

2163 1450 2344 1503 divlna
2373 1451 2548 1520 pietas
2574 1453 2781 1522 augeri,
2810 1452 2875 1507 ad
2922 1466 3115 1508 causas
3145 1452 3463 1517 audiendas,
3490 1453 3579 1508 vel
3605 1451 3760 1506 feud:

2161 1541 2447 1612 exigenda,
2476 1552 2569 1597 aut
2597 1543 2907 1598 mansiones
2947 1542 3032 1597 vel
3069 1552 3287 1612 paratas
3334 1544 3638 1610 faciendas,
3671 1552 3765 1598 aut

2164 1634 2510 1704 fidejussores
2558 1635 2845 1700 tollendos,
2878 1643 2969 1688 aut
2998 1635 3249 1691 homines
3276 1636 3617 1697 monasterii,
3652 1643 3761 1690 tam

2163 1726 2425 1796 ingenuos
2466 1742 2631 1797 quam
2676 1727 2842 1782 etiam
2892 1741 3103 1792 servos,
3132 1742 3299 1798 super
3333 1735 3538 1782 terram
3588 1727 3761 1797 ipsius

2163 1826 2591 1887 commanentes,
2623 1832 2725 1872 nec
2755 1818 2822 1872 ad
2848 1817 3037 1873 hostes
3080 1818 3503 1890 distringendos,
3527 1832 3631 1872 nec
3683 1816 3763 1871 ul-

2162 1907 2242 1962 las
2274 1908 2682 1975 redhibitiones,
2722 1917 2816 1963 aut
2861 1910 3077 1965 illicitas
3124 1911 3439 1965 occasiones
3475 1910 3760 1979 requiren-

2162 1998 2259 2053 das
2286 1998 2396 2053 ullo
2426 2014 2666 2069 unquam
2693 2008 2937 2070 tempore
2960 2000 3169 2071 ingredi
3203 1999 3418 2067 audeat,
3445 1998 3760 2074 valeatque,

2162 2105 2323 2159 supra
2359 2098 2657 2144 memorata
2706 2090 2924 2159 penitus
2954 2090 3172 2162 exigere
3223 2096 3541 2160 praesumat.
3572 2087 3753 2144 Conti-

2164 2180 2327 2234 nebat
2353 2180 2518 2235 etiam
2549 2180 2603 2235 in
2624 2179 2813 2235 eadem
2838 2181 3160 2236 auctoritate
3181 2180 3417 2250 qualiter
3440 2177 3764 2237 conﬁrmas-

2163 2282 2244 2325 set
2289 2273 2429 2327 idem
2462 2272 2525 2326 D.
2567 2272 2866 2342 imperator
2918 2272 2985 2325 ad
3034 2272 3209 2341 ipsum
3250 2271 3646 2325 monasterium
3676 2283 3761 2323 re-

2164 2378 2304 2427 rum,
2342 2363 2485 2415 idem
2509 2361 2795 2415 ecclesiam
2826 2360 3000 2415 sancti
3044 2359 3193 2415 Petri
3231 2360 3287 2414 in
3316 2358 3648 2421 Carmarita,
3679 2367 3761 2412 at-

2162 2466 2266 2521 que
2291 2452 2541 2506 cellulam
2574 2452 2747 2506 sancti
2773 2450 2981 2516 Savini,
3016 2460 3069 2506 et
3097 2460 3299 2515 sancta:
3336 2450 3649 2516 Restitute,
3676 2450 3758 2505 vel

2164 2543 2336 2597 sancti
2364 2542 2531 2605 Petri,
2561 2549 2616 2596 et
2659 2542 2831 2595 sancti
2878 2540 3137 2611 Stephani
3186 2542 3241 2595 in
3291 2541 3588 2611 Tarquinio
3632 2555 3758 2596 cum

2164 2646 2352 2687 eorum
2383 2632 2745 2701 pertinentiis.
2773 2631 2919 2698 Quas
2946 2647 3033 2686 res
3056 2631 3447 2687 confirmamus
3468 2642 3757 2702 perpetua-

2164 2724 2287 2777 liter
2309 2722 2573 2791 praedicto
2601 2722 2934 2777 monasterio
2969 2722 3036 2777 ad
3056 2722 3384 2787 habendum,
3417 2722 3561 2776 sicut
3589 2721 3758 2776 domi~

2166 2831 2266 2870 nus
2288 2822 2342 2870 et
2374 2815 2587 2885 genitor
2609 2822 2796 2869 noster
2819 2829 2916 2882 per
2938 2829 3093 2867 suum
3115 2820 3446 2883 praeceptum
3469 2812 3759 2866 conﬁrma-

2164 2908 2258 2961 vit.
2309 2906 2691 2962 Concessimus
2737 2906 2901 2959 etiam
2941 2905 3116 2961 eidem
3166 2913 3357 2961 sancto
3401 2905 3755 2965 monasterio.

2165 2999 2619 3069 quemadmodum
2659 2997 2911 3053 dominus
2939 3006 2993 3051 et
3016 2996 3229 3067 genitor
3253 3006 3440 3051 noster
3468 2996 3756 3057 concessit,

2164 3100 2226 3145 ut
2252 3088 2689 3160 quandoquidem
2722 3088 2903 3142 divina
2941 3087 3226 3143 vocatione
3254 3086 3551 3155 praedictus
3572 3086 3756 3147 abbas.

2164 3183 2246 3237 vel
2273 3196 2618 3237 successores
2643 3180 2760 3247 ejus
2794 3180 2859 3235 de
2883 3180 2985 3233 hac
3011 3178 3131 3233 luce
3177 3178 3555 3247 migraverint,
3592 3194 3760 3248 quan-

2162 3274 2255 3327 diu
2287 3273 2534 3328 monachi
2578 3272 2720 3326 inter
2766 3286 2823 3326 sc
2874 3270 3008 3325 tales
3048 3270 3291 3325 invenire
3334 3271 3637 3340 potuerint,
3672 3274 3756 3341 qui

2162 3365 2337 3436 ipsam
2362 3363 2837 3433 congregationem
2868 3376 3055 3431 regere
3077 3360 3293 3416 valeant
3336 3374 3433 3430 per
3455 3360 3759 3429 hujusmodi

2164 3465 2406 3513 nostram
2446 3455 2827 3511 auctoritatem
2860 3461 2920 3511 et
2941 3467 3289 3516 consensum,
3322 3451 3408 3507 vel
3437 3450 3621 3505 dilecti
3671 3449 3757 3504 filii

2164 3547 2337 3603 nostri
2359 3545 2623 3601 Bernardi
2655 3544 2800 3615 regis
2821 3543 3099 3598 licentiam
3128 3542 3367 3597 habeant
3387 3541 3623 3611 eligendi
3672 3543 3761 3596 ab-

2165 3641 2340 3703 bates,
2371 3647 2643 3708 quatenus
2666 3637 2813 3706 ipsos
2835 3634 3138 3691 monachos
3177 3635 3272 3704 qui
3302 3634 3505 3689 ibidem
3536 3633 3763 3689 Domino

2166 3725 2418 3785 famulari
2446 3727 2720 3797 videntur,
2765 3740 2867 3795 pro
2910 3726 3071 3781 nobis
3114 3734 3170 3779 et
3218 3723 3471 3794 conjuge,
3504 3722 3763 3793 proleque

2165 3825 2373 3891 nostra,
2405 3824 2569 3888 atque
2592 3814 2884 3870 stabilitate
2909 3814 3076 3871 totius
3100 3813 3313 3883 imperii
3346 3826 3378 3867 a
3402 3813 3638 3869 Domino
3667 3828 3761 3868 no-

2165 3908 2250 3962 bis
2272 3897 2549 3963 commissi
2572 3913 2734 3978 atque
2760 3904 3119 3961 conservandi
3139 3903 3325 3973 jugem
3352 3904 3573 3959 Domini
3604 3906 3762 3959 mise-

2168 3996 2459 4052 ricordiam
2495 4009 2723 4051 exorare
2746 3993 3002 4058 delectet,
3024 4000 3080 4048 et
3104 4000 3168 4047 ut
3192 3993 3311 4048 haec
3342 3994 3648 4049 auctoritas
3669 4006 3763 4045 no-

2166 4087 2322 4157 stris,
2348 4083 2653 4153 futurisque
2674 4084 3032 4152 temporibus,
3055 4082 3286 4137 Domino
3314 4091 3661 4154 protegente,
3676 4096 3763 4134 va-

2167 4179 2277 4234 leat
2309 4176 2624 4233 inconvulsa
2652 4189 2894 4240 manere,
2924 4188 3090 4229 manu
3116 4174 3338 4244 propria
3366 4174 3558 4230 subter
3584 4176 3763 4229 ﬁrma-

2169 4271 2366 4334 vimus,
2390 4278 2445 4324 et
2492 4268 2676 4323 annuli
2726 4266 2899 4322 nostri
2945 4266 3305 4336 impressione
3351 4266 3559 4337 signari
3599 4265 3759 4336 jussi-

2172 4376 2310 4414 mus.

2248 4451 2473 4523 Signum
2496 4447 2755 4503 Ludovici
2775 4446 3109 4500 serenissimi
3141 4446 3509 4513 imperatoris.

2247 4543 2368 4597 Dat.
2393 4556 2461 4595 xv
2482 4538 2598 4593 Kal.
2624 4536 3082 4599 Decemb.,anno,
3097 4533 3318 4588 Christo
3344 4533 3654 4602 propitio,3
3674 4535 3763 4589 imo

2174 4633 2311 4703 perii
2362 4626 2847 4685 domini‘Ludovici
2895 4623 3126 4696 piissimi
3157 4623 3409 4693 Augusti,
3443 4623 3636 4678 indict.
3676 4624 3761 4677 de-

2178 4725 2339 4779 cima.

2248 4812 2442 4867 Actum
2465 4808 2795 4879 Compendio
2824 4807 3021 4878 palatio
3053 4807 3106 4860 in
3135 4804 3229 4859 Dei
3264 4803 3487 4858 nomine
3513 4802 3758 4859 feliciter.

2180 4903 2372 4955 Amen.

2902 4965 3033 5020 LIV.

2181 5076 2501 5118 ROBORATUR
2528 5073 2737 5112 PACTUI
2765 5072 2929 5111 INTER
2965 5069 3256 5109 EPISCOPUI
3294 5064 3758 5109 CONSTAKTW

2465 5146 2527 5189 AC
2566 5142 2949 5182 MONASTERIUI
2988 5141 3035 5180 5.
3070 5140 3226 5180 GALLI
3266 5138 3479 5178 IXITUI.

2774 5216 2948 5286 (Anno
2984 5213 3131 5284 816.)

2186 5312 2510 5386 [NeutgartL
2533 5308 2708 5386 ngex
2732 5306 3215 5386 Alcmftrtnicushcx
3239 5302 3555 5386 Collecjio'uc
3592 5302 3756 5380 Αἱρζο-

2257 5373 2447 5435 ηιίιΰτα
2481 5381 2540 5432 l).
2570 5376 2938 5431 Emmanuelis
2964 5377 3030 5428 de
3058 5374 3257 5437 Haller,
3290 5373 3526 5443 praefecti
3549 5373 3757 5442 provin-

2257 5453 2411 5507 cialis
2436 5446 2844 5504 Nevvidunensis
2870 5447 3009 5514 apud
3034 5442 3340 5513 Bernatesd

2261 5548 2315 5600 la
2363 5542 2580 5598 nomine
2610 5539 2822 5594 Domini
2879 5537 2973 5591 Dei
3005 5546 3080 5591 ‘ct
3109 5534 3410 5590 Salvatoris
3440 5534 3606 5589 nostri
3637 5528 3754 5585 Iesu

2181 5678 2305 5732 pag.
2344 5658 2471 5732 216,
2518 5664 2573 5708 et
2604 5652 2895 5732 _l}esselius
2956 5629 3010 5706 in
3067 5648 3342 5705 Chronico
3394 5646 3751 5703 Gottvncensi.

2187 5723 2318 5785 tum.
2348 5728 2411 5789 ll,
2440 5740 2560 5795 pag.
2596 5723 2713 5777 i235.
