3936 6316
192 365 218 420 ul
232 365 337 422 343

1334 357 1728 416 DIPLOMATA
1765 358 2314 428 ECCLESIASTICA,

3327 365 3463 420 1050

190 475 760 543 Christi,Ludovicus,
778 473 958 528 divina
981 473 1268 526 ordinante
1291 465 1650 542 providentia,
1676 474 1776 527 im-
1803 480 1852 538 Α
1879 477 1981 530 bus
2003 491 2118 530 rem
2147 477 2414 546 publicam
2449 475 2978 541 administrantibus,
2999 491 3094 531 seu
3142 480 3351 534 exteris
3399 481 3465 534 ti-

186 580 417 639 perator
438 568 732 638 Augustus.

263 660 320 720 Si
353 660 705 730 petitionibus
736 671 1019 713 servorum
1051 655 1148 710 Dei
1173 656 1338 725 justis
1385 662 1440 710 et
1478 655 1777 709 rationabi-

189 754 334 808 libus
360 754 526 808 divini
547 754 724 808 cultus
751 765 936 807 amore
959 750 1227 816 favemus,
1269 766 1500 820 superna
1521 768 1622 806 nos
1651 768 1776 823 gra-

189 846 264 898 tia
321 845 518 898 muniri
564 861 670 898 non
711 844 1044 898 dubitamus.
1090 842 1297 896 Idcirco
1329 852 1515 895 notum
1566 841 1635 896 sit
1663 857 1779 896 om-

189 935 342 986 nium
372 934 605 988 fidelium
633 943 966 998 nostrorum,
1006 943 1116 986 tam
1142 933 1488 1003 prtesentium
1535 947 1697 1000 quam
1725 941 1779 986 et

188 1025 519 1096 futurorum,
556 1027 807 1090 solertize,
837 1027 962 1095 quia
994 1027 1235 1083 adientes
1264 1024 1614 1082 serenitatem
1667 1023 1779 1077 cul-

187 1118 353 1172 minis
379 1117 551 1170 nostri
582 1117 828 1171 monachi
856 1133 922 1171 ex
960 1117 1291 1170 monasterio
1338 1115 1511 1170 sancti
1541 1113 1774 1179 Galloni,

185 1206 334 1274 quod
385 1214 468 1260 est
514 1206 676 1260 situm
729 1207 781 1266 in
830 1221 969 1276 pago
1015 1205 1299 1274 Durgouve
1345 1220 1507 1274 super
1533 1203 1774 1267 ﬂuvium,

187 1294 335 1362 quod
370 1294 569 1358 dicitur
596 1293 817 1358 Petrosa
846 1305 897 1359 α,
927 1293 1234 1348 detulerunt
1261 1293 1416 1348 nobis
1445 1302 1774 1363 prrcceptum

185 1386 373 1442 domui
418 1393 473 1440 et
522 1388 786 1455 genitoris
837 1387 1009 1441 nostri
1059 1384 1234 1439 Caroli
1290 1387 1444 1439 bona:
1499 1385 1775 1439 memoria:

182 1481 418 1548 piissimi
448 1481 699 1553 Augusti,
722 1482 777 1535 in
819 1495 926 1550 quo
948 1480 1328 1535 continebatur
1350 1480 1611 1534 inscrtum
1641 1493 1775 1546 qua-

180 1569 313 1626 liter
343 1571 597 1627 Sidonius
625 1573 953 1629 Constantia:
996 1573 1148 1627 urbis
1195 1573 1498 1642 episcopus,
1532 1587 1634 1626 nec
1664 1587 1772 1626 non

179 1660 421 1740 Joannes
448 1666 702 1741 prmdicti
725 1665 1035 1727 monasterii
1067 1666 1251 1726 abbas,
1282 1647 1504 1734 propter
1519 1661 1772 1741 ‘futuram

179 1745 577 1811 dissensionem
603 1757 686 1811 vel
712 1757 950 1826 quietem
992 1756 1382 1811 monachorum
1429 1733 1626 1810 ibidem
1658 1755 1770 1809 Dco

1883 568 2092 623 delibus
2110 578 2309 623 sanctae
2334 567 2429 621 Dei
2452 567 2707 622 Ecclesia:
2734 578 2787 623 et
2817 569 3018 624 nostris
3053 577 3162 624 tam
3187 570 3467 639 presenti-

1880 657 1980 711 bus
2010 674 2172 727 quam
2205 667 2258 713 et
2280 659 2476 714 futuris
2509 666 2693 713 notum
2723 661 2794 713 sit
2821 678 2832 712 :
2866 661 2990 730 quia
3018 661 3103 714 vir
3140 660 3467 716 venerabilis

1880 749 2264 805 Guntrammus
2303 752 2473 806 abbas
2493 766 2560 805 ex
2586 731 3080 822 monasteriolquod
3126 763 3468 822 nuncupatur

1880 841 2158 894 Vivarium
2201 843 2633 912 peregrinorum,
2685 845 2829 912 quod
2859 854 2940 898 est
2970 845 3129 898 situm
3178 845 3233 898 in
3264 846 3462 899 ducatu

1878 931 2190 1015 Alsaeense,
2241 947 2402 1002 super
2429 932 2651 988 fluvium
2702 933 2976 998 Morbach,
3010 943 3375 988 constructum
3409 935 3461 987 in

1879 1025 2084 1078 honore
2114 1023 2288 1078 sancti
2343 1025 2657 1094 Deodegarii
2705 1035 2758 1079 et
2793 1026 2965 1079 sancti
3013 1024 3159 1079 Petri
3204 1025 3466 1094 principis

1878 1115 2265 1184 apostolorum,
2306 1115 2390 1170 vel
2441 1123 2640 1169 sanctae
2689 1115 2781 1169 Dei
2830 1115 3108 1185 genitricis
3143 1129 3463 1182 semperque

1877 1206 2104 1276 virginis
2155 1206 2360 1272 Marias,
2392 1204 2583 1260 detulit
2610 1205 2765 1258 nobis
2797 1205 3176 1258 auctoritatem
3227 1217 3465 1272 praecep-

1878 1297 2042 1352 tionis
2090 1297 2271 1352 domui
2322 1305 2378 1351 ct
2405 1290 2666 1367 genitoris
2717 1294 2884 1348 nostri
2916 1294 3093 1348 Caroli
3147 1294 3303 1347 bona:
3352 1305 3462 1345 me-

1879 1386 2064 1440 moria:
2084 1385 2312 1454 piissimi
2337 1385 2583 1455 Augusti,
2618 1385 2670 1436 in
2706 1400 2810 1454 qua
2859 1384 3257 1438 continebatur.
3289 1380 3466 1449 quali-

1878 1487 1962 1534 ter
1990 1479 2349 1534 concessisset
2368 1479 2541 1533 eidem
2564 1477 2897 1531 monasterio
2932 1476 3012 1529 vel
3042 1473 3330 1529 monachis
3360 1473 3459 1527 ibi-

1876 1570 1998 1624 dem
2028 1569 2344 1638 degentibus
2367 1569 2635 1623 teloneum
2666 1570 2731 1621 de
2752 1567 3000 1629 navibus,
3034 1579 3152 1633 qua:
3189 1579 3288 1632 per
3309 1577 3460 1631 quaa-

1876 1660 2007 1715 libet
2029 1660 2251 1715 ﬂumina
2280 1660 2611 1719 discurrunt,
2641 1673 2851 1713 necnon
2879 1667 2934 1711 et
2962 1656 3028 1709 de
3069 1657 3240 1710 carris
3266 1663 3319 1709 et
3341 1670 3463 1725 sag-

1877 1753 2087 1816 mariis,
2132 1752 2439 1807 necessaria
2464 1752 2632 1819 ipsius
2658 1749 2972 1804 monasterii
3003 1756 3059 1802 et
3086 1748 3462 1817 congregatio-

181 1845 560 1902 famulantium
591 1849 692 1903 hoc
727 1849 869 1903 inter
915 1864 973 1903 se
1020 1849 1360 1911 statuissent,
1386 1855 1547 1917 atque
1580 1847 1772 1901 litteris
1801 1837 1847 1895 B
1875 1845 1962 1899 nis
2013 1844 2210 1898 ibidem
2264 1843 2374 1898 Deo
2417 1840 2730 1896 famulantis
2790 1837 3193 1900 deferentibus,
3243 1838 3356 1890 sive
3406 1836 3458 1891 in

178 1938 561 2005 afﬁrmassent,
590 1957 728 2010 quas
755 1942 918 1996 etiam
954 1941 1208 2011 praedicto
1237 1941 1434 1994 domno
1464 1949 1517 1994 et
1539 1939 1771 2009 genitori

177 2035 372 2100 nostro
418 2031 756 2096 detulissent,
803 2031 942 2086 sicut
981 2031 1170 2085 eadem
1220 2031 1517 2084 auctoritas
1546 2039 1769 2098 paterna

176 2120 340 2176 nobis
364 2121 754 2186 manifestavit,
782 2131 842 2175 ut
865 2122 1020 2176 annis
1064 2121 1290 2190 singulis
1316 2121 1381 2174 ad
1412 2127 1768 2174 memoratum

175 2211 518 2280 episcopum,
543 2213 623 2266 vel
650 2213 716 2266 ad
748 2227 1089 2267 successores
1118 2211 1410 2280 prazdictus
1441 2210 1609 2265 abbas
1631 2209 1771 2277 ejus-

175 2316 285 2368 que
306 2288 647 2360 successores
677 2304 895 2358 unciam
927 2302 1043 2356 auri
1073 2309 1128 2355 et
1169 2300 1436 2356 caballum
1460 2316 1648 2366 unum,
1672 2316 1766 2354 va-

175 2390 379 2446 lentem
411 2390 604 2447 libram
633 2410 796 2447 unam
847 2383 1154 2462 persolvere
1202 2392 1486 2457 deberent,
1530 2392 1602 2446 ita
1632 2393 1770 2446 dun-

174 2491 333 2537 taxat
373 2491 433 2539 ut
459 2486 710 2539 monachi
735 2486 937 2539 ibidem
978 2485 1088 2538 Deo
1137 2483 1457 2537 famulantes
1487 2484 1668 2552 quiete
1688 2483 1768 2537 vi-

173 2586 305 2627 vere
329 2588 392 2627 ac
417 2574 658 2629 residere
681 2573 946 2645 valerent,
981 2581 1035 2628 et
1057 2572 1190 2627 nihil
1214 2572 1443 2642 amplius
1469 2587 1499 2625 a
1529 2571 1768 2641 praefata:

169 2660 420 2718 ecclesiae
456 2663 727 2732 episcopis
763 2663 828 2718 de
855 2664 1018 2717 rebus
1047 2661 1258 2731 praefati
1309 2661 1627 2715 monasterii
1654 2661 1768 2716 exi-

169 2759 416 2819 geretur,
449 2754 544 2808 sed
571 2755 673 2808 hoc
702 2755 828 2808 dato
876 2768 1058 2815 censu,
1097 2753 1288 2807 liceret
1317 2751 1535 2806 eosdem
1578 2766 1767 2806 mona-

169 2851 308 2908 chos
340 2864 530 2904 secure
558 2849 744 2902 vivere
791 2847 994 2914 absque
1044 2843 1269 2912 alicujus
1307 2842 1653 2899 infestatione
1678 2845 1763 2898 vel

171 2955 358 2993 rerum
401 2953 622 2993 suarum
653 2937 1091 2993 diminoratione.
1121 2934 1226 2989 Pro
1271 2934 1545 2989 firmitatis
1579 2939 1762 2989 tamen

169 3029 370 3098 gratia,
400 3029 484 3082 vel
511 3043 608 3097 pro
635 3029 1026 3082 monachorum
1057 3026 1258 3080 ibidem
1279 3025 1390 3080 Deo
1415 3025 1760 3079 militantium

172 3116 357 3170 futura
397 3118 598 3185 quiete,
635 3116 789 3169 libuit
838 3115 992 3168 nobis
1044 3123 1326 3183 paternam
1381 3113 1759 3166 auctoritatem

173 3214 361 3260 nostra
409 3206 605 3260 iterum
655 3220 752 3273 per
802 3206 900 3258 hos
955 3210 1173 3258 nostros
1221 3203 1401 3272 apices
1458 3202 1763 3271 imperiales

170 3297 521 3352 confirmare.
553 3297 786 3365 ideoque
834 3296 1086 3365 jubcmus
1140 3303 1302 3364 atque
1333 3293 1677 3348 decernimus
1705 3303 1764 3348 ut

170 3388 317 3442 sicut
339 3388 390 3440 in
422 3387 593 3442 nostri
623 3387 885 3456 genitoris
915 3385 1109 3438 litteris
1143 3384 1364 3438 insitum
1396 3391 1502 3444 est,
1535 3398 1668 3451 quas
1696 3383 1764 3436 ad

171 3478 611 3547 deprecationem
639 3485 954 3530 memorata:
977 3476 1125 3535 urbis
1146 3474 1398 3544 episcopo
1421 3473 1764 3535 conscribere

171 3576 336 3636 atque
359 3567 682 3621 confirmare
705 3567 890 3636 jussit,
907 3566 998 3632 ita,
1020 3565 1247 3620 Domino
1269 3566 1586 3628 auxiliante,
1614 3564 1764 3618 dein-

168 3673 302 3726 ceps
349 3658 548 3712 futuris
595 3658 928 3727 temporibus
972 3673 1001 3710 a
1033 3657 1188 3710 nobis
1229 3666 1280 3710 et
1314 3672 1341 3708 a
1379 3656 1646 3727 fidelibus,
1679 3657 1763 3711 vel

171 3750 586 3810 successoribus
613 3749 814 3811 nostris
853 3755 1115 3819 perpetuo
1166 3755 1577 3804 conserventur.
1611 3747 1680 3800 Et
1705 3753 1766 3801 ut

172 3837 292 3896 lrziac
340 3842 638 3896 auctoritas
679 3840 1061 3915 praeceptionis
1107 3845 1309 3901 nostrae
1364 3837 1660 3891 firmiorem
1709 3837 1762 3890 in

173 3931 271 3983 Dei
317 3931 536 3984 nomine
585 3930 828 3984 obtineat
853 3930 1111 4004 vigorem,
1145 3936 1201 3982 et
1229 3943 1259 3981 a
1286 3926 1533 3982 fidelibus
1563 3927 1766 3983 nostris

175 4018 370 4073 melius
396 4028 767 4089 conservetur,
789 4017 855 4072 de
877 4017 1075 4072 annulo
1095 4025 1281 4072 nostro
1305 4017 1491 4072 subter
1501 4015 1764 4085 jussimus

170 4109 344 4179 Sigilla
354 4110 419 4162 ri.

249 4199 533 4257 Durandus
553 4197 814 4254 diaconus
831 4197 897 4252 ad
927 4197 1098 4251 vicem
1128 4195 1448 4252 H’elisachar
1473 4195 1760 4265 recognovi

173 4297 228 4343 et
260 4287 578 4360 subscripsi.

246 4377 381 4430 Data
404 4394 456 4430 vt
481 4376 748 4431 Kalendas
771 4375 1096 4446 Februarias
1123 4375 1172 4440 ι»,
1207 4389 1369 4440 anno,
1394 4374 1613 4430 Christo
1639 4392 1764 4446 pro-

172 4469 332 4537 pitio,
359 4468 599 4522 secundo
627 4466 838 4536 imperii
868 4467 1049 4520 domni
1079 4466 1339 4520 Ludovici
1393 4466 1620 4535 piissimi
1653 4466 1762 4519 Au-

174 4559 339 4627 gusti,
374 4557 668 4612 indictione
691 4557 723 4610 9
757 4567 802 4610 ε.
826 4557 1020 4610 Actum
1049 4555 1372 4626 Aquisgrani
1393 4556 1591 4625 palatio
1614 4557 1760 4627 regio

173 4649 228 4703 in
260 4647 354 4702 Dei
383 4647 601 4701 nomine
635 4645 885 4700 feliciter.
912 4646 1103 4698 Amen.

912 4734 1020 4788 LV.

536 4841 632 4880 PRO
673 4838 1010 4880 MONASTERJO
1049 4841 1377 4880 “OBBACENSl

796 4918 966 4988 (Anno
1000 4917 1149 4988 816.)

177 5007 238 5086 {li
251 5009 359 5082 pud
385 5009 638 5076 Martem,
675 5007 827 5086 Thes,
862 5008 1234 5086 A_nccd.,_p‘ag.
1267 5009 1351 5072 18,
1385 5024 1450 5061 ex
1489 5011 1760 5064 chartario

778 5076 1158 5147 Morbacensi.]

249 5170 306 5224 ιη
339 5170 554 5224 nomine
589 5168 799 5223 Domini
831 5167 924 5220 Dei
967 5175 1022 5220 et
1072 5165 1369 5220 Salvatoris
1418 5167 1586 5220 nostri
1634 5165 1758 5221 Jesu

177 5263 402 5325 Christi,
419 5261 746 5323 Ludovicus,
779 5260 956 5312 divina
977 5258 1263 5311 ordinante
1283 5258 1636 5324 providentia,
1663 5259 1762 5312 im-

177 5359 399 5421 perator
421 5351 713 5420 Augustus,
741 5348 991 5402 omnibus
1019 5347 1304 5417 episcopis,
1335 5348 1638 5414 abbatibus,
1665 5351 1760 5404 du-

177 5446 354 5506 cibus,
407 5445 715 5510 comitibus,
765 5441 1005 5502 vicariis,
1040 5441 1386 5504 ccutenariis,
1431 5440 1759 5506 tcloneariis,

179 5537 517 5599 actionariis,
549 5534 727 5588 missis
751 5532 974 5594 nostris,
1003 5530 1430 5584 discurrentibus
1463 5532 1544 5584 vel
1591 5534 1764 5585 omni-

253 5703 275 5727 η
312 5687 590 5742 διηὶητιςιι.

255 5761 278 5799 h
318 5758 580 5811 Viresima
605 5753 827 5823 septima.
861 5754 1120 5812 Jtnnarii.
1155 5773 1270 5825 qur
1295 5755 1404 5808 dies
1427 5754 1610 5807 ultima
1642 5765 1756 5809 erat

1873 1934 2069 1988 Marsa!
2094 1942 2149 1988 et
2174 1934 2225 1987 in
2256 1932 2378 1996 iris,
2411 1932 2493 1985 vel
2512 1932 2820 1998 ubicunque
2855 1929 3036 1991 ierint,
3062 1927 3462 1997 negotiaverint

1873 2032 1965 2078 aut
1993 2023 2354 2088 vendiderint,
2385 2021 2565 2075 nullus
2595 2021 2853 2075 telonium
2883 2027 3138 2090 exactare
3167 2027 3258 2071 aut
3281 2019 3460 2085 requi-

1872 2130 1994 2170 rere
2033 2121 2408 2184 pmsumeret.
2437 2113 2542 2166 Pro
2573 2110 2846 2187 ﬁrmitatis
2879 2123 3112 2177 namque
3159 2108 3338 2162 studio
3364 2121 3462 2176 po—

1872 2205 2094 2260 stulavit
2122 2204 2277 2258 nobis
2304 2201 2594 2272 prmdictus
2631 2201 2817 2262 abbas,
2843 2208 2903 2254 ut
2922 2208 3208 2270 paternum
3251 2213 3456 2252 morem

1872 2305 2180 2365 sequentes,
2229 2281 2603 2362 hujusceniodi
2634 2292 2976 2347 auctoritatis
3005 2298 3205 2344 nostrae
3250 2289 3457 2344 benefi-

1871 2385 2013 2439 cium
2038 2385 2212 2440 eidem
2261 2383 2684 2438 concederemus
2722 2381 2804 2436 vel
2847 2380 3296 2436 confirmaremus
3342 2396 3458 2434 mo-

1869 2476 2334 2546 nasteriozacujus
2353 2477 2615 2547 precibus
2666 2475 2824 2529 nobis
2867 2474 2938 2529 ob
2967 2487 3204 2528 amorem
3259 2472 3356 2527 Dei
3404 2481 3460 2526 et

1866 2570 2270 2624 venerationem
2297 2569 2464 2638 ipsius
2487 2569 2659 2623 sancti
2689 2567 2792 2621 loci
2823 2581 3084 2629 annuere,
3113 2573 3167 2618 et
3192 2565 3295 2617 hoc
3321 2579 3458 2632 pra:—

1867 2669 2083 2731 ceptum
2113 2660 2498 2715 munificentia:
2545 2667 2743 2714 nostra:
2800 2657 3074 2712 firmitatis
3117 2657 3290 2726 gratia
3339 2656 3454 2710 fieri

1866 2751 2070 2807 libuit:
2105 2766 2203 2820 per
2255 2750 2396 2820 quod
2442 2750 2697 2820 jubemus
2735 2756 2896 2816 atque
2951 2748 3295 2817 praecipimus
3324 2787 3338 2811 ,
3393 2755 3455 2800 ut

1864 2843 2042 2898 nullus
2064 2843 2226 2912 judex
2254 2841 2519 2912 publicus,
2552 2841 2636 2894 vel
2656 2839 2909 2910 quislibet
2939 2853 3006 2892 ex
3030 2837 3322 2908 judiciaria
3349 2852 3450 2905 po-

1866 2940 2060 2988 testate
2093 2933 2160 2987 de
2203 2932 2430 2985 navibus
2476 2937 2531 2985 et
2568 2929 2761 2997 carris,
2788 2929 2872 2984 vel
2901 2929 3206 2999 sagmariis,
3237 2929 3320 2982 vel
3353 2944 3458 2982 ca:-

1867 3023 1996 3076 tcris
2019 3021 2301 3083 vehiculis,
2330 3020 2640 3075 necessaria
2657 3020 2826 3088 ipsius
2863 3019 3176 3073 monasterii
3204 3017 3453 3073 deferen-

1867 3110 2012 3165 tibus
2037 3109 2102 3164 de
2127 3110 2369 3180 quolibet
2391 3110 2718 3165 commercio
2752 3111 3110 3178 undecunque
3138 3109 3302 3163 fiscus
3323 3109 3458 3164 telo-

1867 3201 2017 3253 nium
2061 3202 2277 3269 exigere
2318 3208 2518 3267 potesl,
2549 3200 2717 3253 ullum
2751 3199 3006 3253 telonium
3047 3208 3141 3252 aut
3189 3200 3459 3269 quaslibet

1867 3291 2180 3346 exactiones
2199 3291 2282 3345 vel
2314 3292 2629 3346 occasiones
2653 3305 2897 3360 quaerere
2927 3300 3020 3345 aut
3039 3301 3291 3346 exactare
3317 3307 3456 3361 pra:-

1868 3389 2046 3434 sumat
2081 3399 2091 3433 :
2127 3380 2220 3434 sed
2243 3380 2552 3450 ubicunque
2582 3380 2718 3434 infra
2758 3382 3017 3437 ditionem
3046 3382 3256 3452 imperii
3283 3382 3454 3437 nostri

1866 3471 1937 3525 ob
1980 3470 2267 3524 utilitatem
2311 3479 2366 3524 et
2395 3470 2776 3525 necessitatem
2827 3471 2996 3540 ipsius
3046 3473 3360 3526 monasterii
3391 3471 3454 3526 ad

1868 3576 2218 3630 quascunque
2246 3560 2496 3616 videlicet
2543 3561 2807 3628 civitates,
2851 3562 3073 3616 castella
3129 3571 3220 3616 aut
3244 3572 3453 3633 portus,

1865 3661 2074 3722 pontes,
2102 3650 2404 3718 trajectus,
2437 3651 2518 3706 vel
2546 3661 2739 3706 extera
2787 3652 2903 3706 loca
2939 3669 3219 3707 accessum
3247 3655 3452 3708 habue-

1866 3741 1995 3804 rint,
2027 3740 2205 3793 nullus
2233 3755 2300 3794 ex
2321 3741 2401 3796 eis
2428 3750 2521 3794 aut
2546 3741 2856 3796 heminibus
2889 3743 2980 3810 qui
3011 3744 3112 3798 hoc
3135 3744 3453 3813 praevident,

1864 3831 2034 3885 ullum
2057 3831 2340 3897 telonium,
2372 3832 2512 3886 sicut
2537 3832 2795 3898 diximus,
2822 3819 2916 3887 aut
2952 3833 3118 3888 ullum
3144 3848 3452 3900 occursum,

1866 3925 1950 3979 vel
1979 3923 2147 3978 ullum
2168 3939 2413 3991 censum,
2439 3933 2532 3978 aut
2561 3924 2724 3979 ullam
2767 3926 3176 3981 retributionem
3207 3927 3456 3996 accipere

1866 4021 1961 4068 aut
1987 4015 2206 4084 exigere
2242 4015 2438 4068 audeat
2470 4032 2481 4067 :
2519 4015 2614 4069 sed
2653 4014 2862 4069 licitum
2899 4017 2971 4070 sit
2997 4017 3200 4085 absque
3227 4017 3455 4087 alicujus

1866 4107 2050 4162 illicita
2082 4107 2468 4163 contrarietate
2487 4107 2572 4161 vel
2594 4107 2903 4163 detentione
2927 4124 3024 4179 per
3043 4111 3184 4164 hanc
3207 4119 3448 4165 nostram

1865 4199 2243 4254 auctoritatem
2270 4213 2457 4263 naves,
2485 4211 2661 4262 carra,
2686 4200 2953 4270 sagmaria
2981 4209 3037 4256 et
3081 4210 3276 4257 caetera
3301 4201 3455 4256 vehi-

1865 4292 2006 4355 cula,
2040 4301 2094 4346 et
2120 4289 2369 4347 homines
2395 4291 2484 4361 qui
2517 4305 2611 4345 eas
2639 4292 2936 4360 praevidere
2966 4293 3184 4359 debent,
3219 4309 3339 4348 cum
3368 4294 3454 4347 his

1865 4397 1984 4450 qua:
2014 4382 2263 4437 deferunt
2286 4383 2453 4436 libere
2474 4389 2634 4449 atque
2661 4397 2850 4436 secure
2887 4384 2964 4436 ire
2987 4390 3040 4436 et
3069 4384 3268 4447 redire,
3313 4391 3365 4438 et
3405 4385 3450 4452 si

1865 4474 2076 4542 aliquas
2108 4489 2285 4527 moras
2316 4473 2369 4526 in
2399 4473 2640 4543 quolibet
2672 4473 2790 4527 loco
2821 4473 3070 4539 fecerint,
3104 4485 3195 4529 aut
3244 4477 3446 4546 aliquid

1866 4564 2091 4617 mercati
2116 4561 2318 4616 fuerint
2337 4571 2431 4616 aut
2456 4563 2815 4628 vendiderint,
2847 4564 2978 4617 nihil
3016 4565 3083 4616 ab
3103 4565 3182 4619 cis
3202 4580 3448 4633 prorsus,

1864 4663 1924 4708 ut
1953 4654 2155 4708 dictum
2181 4661 2283 4716 est,
2307 4653 2574 4724 exigatur.
2605 4653 2731 4708 Hmc
2760 4669 2889 4708 vero
2916 4657 3214 4709 auctoritas
3249 4663 3307 4707 ut
3339 4655 3453 4722 ple-

1865 4747 2072 4799 niorem
2121 4745 2176 4798 in
2204 4745 2299 4799 Dei
2327 4745 2546 4799 nomine
2580 4745 2820 4799 obtineat
2847 4746 3107 4816 vigorem,
3146 4753 3200 4799 et
3227 4763 3255 4799 a
3282 4745 3452 4800 ﬁdeli-

1865 4839 1963 4892 bus
1990 4845 2190 4891 sanctae
2219 4838 2313 4891 Dei
2352 4837 2605 4892 Ecclesia:
2643 4845 2696 4890 et
2744 4838 2942 4891 nostris
2988 4838 3168 4891 verius
3199 4840 3450 4891 credatur

1863 4936 2023 4997 atque
2048 4937 2420 4992 conservetur,
2455 4944 2613 4981 manu
2643 4929 2857 4999 propria
2883 4929 3069 4982 subter
3089 4930 3444 4996 firmavimus,

1865 5030 1913 5073 et
1940 5021 2123 5074 annuli
2149 5021 2320 5074 nostri
2350 5021 2701 5089 impressione
2725 5021 2922 5090 signari
2948 5021 3225 5090 jussimus.

1939 5128 2164 5198 Signum
2193 5128 2449 5182 Ludm‘ici
2480 5130 2811 5184 serenissimi
2836 5131 3198 5200 imperatoris.

1939 5242 2223 5296 Durandus
2267 5241 2526 5297 diaconus
2555 5241 2622 5296 ad
2665 5243 2834 5297 vicem
2863 5244 3141 5298 Elisachar
3188 5260 3430 5315 recogno

1868 5343 1964 5386 \ll.

1940 5441 2072 5492 Data
2097 5456 2145 5491 xi
2178 5438 2442 5492 Kalendas
2465 5438 2815 5508 Septembris,
2843 5440 3233 5504 anno,Christo
3260 5444 3443 5510 propi-

1871 5531 1968 5595 tio,
1998 5525 2157 5584 tertio
2185 5531 2394 5599 imperii
2424 5530 2604 5584 domni
2656 5529 2910 5584 Ludovici
2943 5531 3165 5600 piissimi
3195 5534 3417 5604 Augusti

1872 5687 1994 5739 arzni
2029 5685 2085 5738 ll
2124 5686 2378 5740 Ludovici
2402 5686 2500 5738 Pii.

1941 5768 1959 5794 θ
1996 5756 2216 5811 indictio
2240 5756 2271 5810 9
2298 5758 2550 5810 currebat
2580 5771 2665 5810 an.
2689 5757 2806 5811 8l6.
