3936 6318
515 352 648 407 1051

1652 341 1976 402 LUDOVICI
2012 340 2034 396 I
2067 336 2538 397 COGNOMENTO
2577 338 2665 394 PII

3673 335 3801 389 {051

515 465 810 523 ludictione
835 463 890 520 9.
920 460 1119 518 Actum
1162 458 1488 532 Aquisgrani
1514 456 1716 529 palatio
1740 457 1892 528 regio
1919 455 1974 511 in
2003 454 2100 509 Dei
2129 461 2174 522 Α
2205 451 2351 506 tibus
2375 466 2536 520 quam
2579 457 2634 505 et
2658 449 2874 513 futuris,
2901 453 3089 502 notum
3116 447 3188 503 sit
3213 447 3366 519 quod
3393 449 3462 504 ad
3492 446 3804 518 petitionem

512 555 735 614 nomine
758 553 1011 612 feliciter.
1037 551 1232 606 Amen.

1237 641 1377 697 LVI.

947 751 1048 791 PRO
1086 749 1264 791 EODEM
1301 744 1662 787 IONASTBRIO.

1139 826 1315 897 (Anno
1349 823 1408 877 8i
1421 820 1498 892 6.)

586 921 765 995 [Apud
791 918 1046 983 Martem,
1073 917 1229 981 ibid.,
1254 915 1335 969 Ex
1359 910 1639 969 chartario
1660 904 2050 978 Morbacensi.]

585 1015 641 1068 In
672 1012 891 1068 nomine
922 1008 1137 1073 Domini
1185 1007 1282 1062 Dei
1325 1014 1382 1060 et
1423 1004 1724 1060 Salvatoris
1765 1003 1935 1058 nostri
1977 1001 2105 1055 Jesu

512 1103 738 1169 Christi,
770 1101 1078 1157 Ludovicus
1099 1099 1280 1154 divina
1310 1097 1600 1154 ordinante
1641 1095 1982 1167 providentia
2005 1095 2107 1147 im-

511 1203 734 1264 perator
757 1193 1056 1263 Augustus.

584 1284 782 1339 Notum
835 1284 907 1339 sit
934 1281 1187 1339 omnibus
1219 1281 1467 1338 fidelibus
1494 1279 1720 1344 nostris,
1747 1285 1941 1347 tamet
1969 1292 2107 1347 prte-

518 1378 766 1432 sentibus
794 1392 958 1446 quam
996 1383 1053 1430 et
1101 1374 1318 1438 futuris,
1343 1375 1470 1444 quia
1495 1373 1581 1428 vir
1609 1371 1935 1427 venerabilis
1960 1369 2108 1424 Gun-

516 1475 783 1525 trammus
810 1466 979 1521 abbas
1023 1479 1087 1519 ex
1117 1464 1447 1519 monasterio
1491 1463 1635 1532 quod
1662 1461 1860 1518 dicitur
1888 1459 2107 1515 Vivario

512 1556 943 1631 peregrinorum,
975 1554 1118 1624 quod
1144 1561 1229 1609 est
1258 1555 1422 1608 situm
1471 1553 1524 1606 in
1557 1553 1754 1607 ducatu
1803 1548 2106 1614 Alsacensi,

511 1665 680 1721 super
730 1646 954 1708 fluvium
1008 1646 1310 1710 Morbhac,
1368 1651 1738 1699 constructum
1793 1642 1846 1695 in
1901 1641 2110 1695 honore

512 1741 688 1816 sancti
718 1739 1038 1810 Leodegarii
1073 1748 1127 1792 et
1152 1737 1323 1792 sancti
1355 1735 1523 1801 Petri,
1556 1735 1814 1805 principis
1841 1733 2110 1804 apostolo-

513 1847 653 1894 rum,
683 1831 768 1886 vel
817 1838 1022 1886 sancta:
1049 1826 1233 1882 Mariae
1273 1842 1488 1896 semper
1517 1826 1761 1896 virginis,
1800 1823 1994 1879 detulit
2022 1838 2115 1877 uo-

510 1922 597 1977 bis
613 1923 991 1977 auctoritatem
1012 1921 1194 1976 domni
1216 1927 1269 1975 et
1293 1919 1555 1991 genitoris
1577 1919 1746 1972 nostri
1763 1916 1938 1971 Caroli
1955 1917 2111 1970 bona

511 2015 789 2070 memoriae
816 2012 1153 2069 serenissimi
1199 2012 1452 2083 Augusti,
1478 2012 1533 2064 in
1565 2026 1671 2080 qua
1711 2009 2108 2073 continebatur,

511 2119 579 2160 eo
602 2107 746 2175 quod
770 2105 1017 2160 homines
1039 2104 1258 2166 liberos,
1291 2103 1383 2172 qui
1415 2103 1481 2157 ad
1505 2103 1821 2172 przedictum
1845 2108 2116 2155 monaste-

514 2192 660 2249 rium
684 2202 928 2263 tempore
949 2194 1033 2247 avi
1064 2194 1237 2248 nostri
1256 2192 1468 2262 Pippini
1496 2193 1639 2263 regis
1659 2192 1974 2247 obedientes
1997 2189 2114 2243 fue-

511 2291 660 2350 runt,
704 2301 770 2341 eo
797 2294 1046 2355 tempore
1076 2285 1142 2339 ad
1167 2286 1337 2352 ipsam
1368 2298 1550 2339 casam
1580 2283 1695 2338 Dei.
1726 2283 1795 2336 Et
1822 2281 2115 2350 postulavit

514 2375 658 2430 idem
688 2375 1078 2430 Guntrammus
1099 2373 1260 2438 abba,
1283 2381 1346 2426 ut
1371 2374 1511 2428 sicut
1556 2381 1797 2440 tempore
1826 2371 1910 2424 avi
1941 2370 2111 2423 nostri

517 2461 732 2532 Pippini
783 2463 946 2532 regis,
970 2470 1026 2517 et
1077 2461 1261 2516 domui
1313 2469 1369 2516 et
1403 2461 1663 2532 genitoris
1711 2460 1883 2514 nostri
1932 2457 2112 2513 Caroli

515 2553 762 2626 praedicti
802 2552 1052 2606 homines
1074 2551 1393 2607 obedientes
1422 2550 1662 2614 fuerunt,
1705 2551 1778 2604 ita
1822 2558 1878 2604 et
1906 2557 2108 2604 nostro.

516 2640 902 2711 Praeeipientes
948 2656 1077 2711 ergo
1097 2640 1353 2709 jubemus
1385 2648 1446 2695 ut
1485 2641 1626 2695 sicut
1666 2641 1738 2694 int
1760 2639 1945 2694 eadem
1977 2654 2114 2708 prae-

517 2733 768 2800 ceptione
789 2732 1119 2797 continetur,
1149 2740 1209 2786 ut
1237 2732 1415 2786 nullus
1435 2731 1694 2800 quislibet
1722 2745 1788 2784 ex
1821 2729 2112 2798 judiciaria

515 2831 805 2892 potestate,
839 2831 933 2876 aut
973 2824 1123 2878 missi
1153 2823 1524 2878 discurrentes
1555 2821 1811 2893 praefatos
1866 2823 2115 2878 homines

518 2914 740 2976 liberos,
765 2915 856 2983 qui
889 2924 1132 2984 tempore
1178 2914 1361 2968 domui
1403 2923 1459 2968 et
1500 2915 1763 2984 genitoris
1819 2915 1991 2969 nostri
2047 2912 2112 2966 ad

517 3005 840 3074 praedictum
902 3006 1294 3061 monasterium
1350 3005 1762 3072 deservierunt,
1811 3006 2115 3076 inquietare

519 3103 614 3148 aut
645 3095 970 3181 calumniam
991 3109 1274 3164 generare,
1304 3102 1397 3147 aut
1428 3095 1661 3164 aliquam
1692 3095 1947 3163 injustam
1985 3111 2114 3150 con—

519 3185 858 3240 trarietatem
902 3184 1083 3241 facere
1111 3195 1424 3255 praesumat,
1457 3188 1551 3242 sed
1594 3187 1758 3242 liceat
1800 3189 1882 3242 eis
1924 3202 2116 3242 secun-

521 3273 651 3328 dum
680 3289 868 3329 eorum
896 3274 1360 3341 consuetudinem,
1393 3277 1583 3345 quanti
1615 3277 1808 3331 melius
1827 3277 2112 3340 valuerint,

522 3363 592 3418 ad
639 3363 817 3433 ipsum
877 3366 1270 3420 monasterium
1321 3366 1638 3431 deservire,
1697 3375 1752 3421 et
1806 3367 2117 3425 obedientes

520 3454 833 3510 hominibus
865 3470 1002 3510 esse.
1035 3457 1104 3510 Et
1129 3465 1187 3510 ut
1231 3457 1434 3511 certius
1462 3458 1603 3510 hanc
1638 3469 1882 3512 nostram
1920 3458 2118 3528 jussio-

523 3561 649 3602 nem
677 3561 798 3603 esse
820 3547 1097 3612 credatur,
1123 3545 1191 3601 de
1213 3547 1412 3602 annulo
1442 3555 1627 3602 nostro
1649 3548 1836 3601 subter
1858 3547 2119 3618 jussimus

530 3633 776 3704 sigillari.

600 3723 825 3793 Signum
851 3723 1111 3778 Ludovici
1134 3725 1472 3778 serenissimi
1499 3725 1864 3793 imperatoris.

596 3813 885 3870 Durandus
933 3813 1195 3870 diaconus
1246 3814 1314 3868 ad
1347 3814 1520 3869 vicem
1557 3814 1920 3870 llelisacharii
1971 3831 2120 3872 reco—

534 3905 716 3976 gnovi.

600 3995 730 4049 Data
758 4010 813 4048 xx
860 3993 976 4055 Kal.
1012 3992 1372 4064 Septembris,
1400 4010 1565 4061 anno,
1599 3995 1817 4052 Christo
1861 3997 2118 4067 propitio,

529 4086 693 4140 tertio
722 4085 936 4155 imperii
962 4084 1145 4140 domni
1188 4084 1449 4140 Ludovici
1494 4087 1723 4156 piissimi
1765 4086 2014 4156 Augusti,
2041 4087 2123 4140 in-

528 4173 767 4260 dictione
806 4173 860 4228 9.
905 4172 1100 4227 Actum
1137 4171 1464 4243 Aquisgrani
1510 4175 1713 4243 palatio
1754 4176 1902 4245 regio
1943 4176 1998 4230 in
2025 4176 2121 4231 Dei

531 4263 750 4329 nomine
780 4263 1037 4319 feliciter.
1072 4264 1265 4319 Amen.

1245 4354 1380 4410 LVII
1391 4394 1412 4408 ν

953 4465 1053 4506 ιδιιο
1087 4465 1401 4505 ΈΟΒΒΔΤΕΝΞΙ
1428 4466 1702 4508 C(ENOBIO.

1147 4541 1319 4613 (Anno
1361 4542 1511 4613 816.)

533 4653 723 4726 [Apud
742 4653 812 4726 ξ).
852 4651 1375 4726 Βρυςιυφιηηδονίρζ.
1410 4652 1531 4726 Reg.
1563 4651 1785 4726 Franc.,
1833 4669 1955 4726 pag.
1989 4654 2117 4726 {592,

640 4740 704 4779 ex
729 4723 855 4780 Ger.
887 4721 1112 4790 Dubois,
1135 4724 1277 4778 Hist.
1304 4721 1453 4777 Eccl.
1479 4721 1680 4786 Paris.,
1709 4721 2010 4797 pag.’524.]

602 4837 664 4891 In
699 4834 918 4889 nomine
948 4834 1163 4888 Domini
1192 4833 1286 4888 Dei
1341 4842 1395 4888 et
1438 4832 1735 4888 Salvatoris
1767 4835 1937 4888 nostri
1989 4833 2117 4890 Jesu

535 4923 734 4979 Christi
765 4965 779 4989 ,
813 4924 1119 5001 Ludovicus
1147 4964 1161 4990 ,
1206 4923 1388 4978 divina
1413 4923 1702 4978 ordinante
1747 4924 2111 4992 providentia,

535 5016 832 5085 imperator
858 5015 1150 5086 Augustus.

610 5105 871 5160 Omnibus
898 5106 1183 5173 episcopis,
1208 5105 1513 5166 abbatibus.
1536 5103 1778 5166 ducibus,
1811 5103 2125 5170 comitibus,

539 5197 796 5262 vicariis,
833 5197 1161 5252 centenariis
1187 5237 1201 5260 ,
1257 5195 1534 5250 telonariis
1562 5236 1576 5261 ,
1626 5195 1976 5250 auctionariis
2038 5195 2123 5249 vel

543 5287 794 5340 omnibus
819 5284 1207 5354 rempublicam
1234 5284 1757 5349 administrantibus,
1787 5300 1882 5338 seu
1919 5285 2133 5360 caeteris

545 5370 793 5426 ﬁdelibus
821 5380 1019 5427 sach
1044 5371 1141 5426 Dei
1164 5371 1418 5426 Ecclesiae
1443 5380 1497 5426 et
1523 5371 1724 5425 nostris
1751 5378 1860 5425 tam
1887 5387 2126 5442 praesen-

619 5538 651 5606 9.
698 5525 967 5606 Cointius,
1023 5535 1156 5606 tom.
1213 5526 1563 5606 VlIIAnnal.
1610 5525 1805 5606 eccles.
1855 5525 1984 5606 legit
2009 5545 2129 5580 car-

549 5597 794 5676 reticuit},
827 5597 970 5676 quod
1001 5597 1207 5676 vitiose
1234 5598 1444 5676 dictum
1476 5601 1625 5676 putat
1649 5611 1749 5666 pro
1776 5597 2122 5676 carnnticum.

549 5665 879 5718 (Iurvatimm
949 5674 1128 5718 tamen
1197 5667 1336 5720 idem
1399 5665 1516 5719 esse
1573 5665 1753 5720 ait’ac
1787 5667 2125 5727 carraticum,

554 5749 745 5805 nempe
775 5735 1032 5788 tributum
1062 5751 1160 5804 pro
1193 5737 1366 5791 carris
1399 5735 1826 5800 transeuntibus,
1855 5743 1907 5789 et
1939 5752 2127 5788 carna-

2148 4492 2202 4551 D

2203 544 2436 614 Begonis
2463 543 2686 598 illustris
2717 545 2934 600 comitis
2948 542 3342 599 monasterium
3361 540 3509 611 quod
3536 548 3623 595 est
3649 540 3808 594 situm

2204 633 2260 687 in
2287 649 2423 705 pago
2453 634 2752 696 Parisiaco,
2781 634 2834 689 in
2867 635 2984 690 loco
3007 634 3096 704 qui
3117 632 3321 688 dicitur
3357 631 3648 693 Fossatus,
3682 645 3808 684 con-

2205 735 2470 779 structum
2507 725 2562 778 in
2611 726 2815 780 honore
2843 726 3014 780 beata:
3065 724 3158 778 Dei
3198 722 3483 794 genitricis
3533 719 3726 773 Mariae
3760 725 3809 770 et

2206 824 2514 870 sanctorum
2531 815 2894 884 apostolorum
2919 815 3062 870 Petri
3092 824 3147 870 ct
3171 813 3346 876 Pauli,
3386 826 3554 881 super
3585 808 3807 863 ﬂuvium

2207 904 2527 966 Matronam,
2566 919 2671 957 una
2695 913 2826 957 cum
2857 904 2973 973 ejus
3003 902 3459 967 abbate,nomine
3485 896 3805 957 Benedicto,

2208 1002 2262 1049 et
2299 993 2558 1047 fratribus
2606 993 2806 1047 ibidem
2839 993 3181 1064 degentibus,
3233 1006 3336 1045 una
3375 1003 3501 1042 cum
3536 985 3713 1040 rebus
3764 995 3811 1038 et

2208 1082 2519 1137 hominibus
2577 1081 2753 1136 eidem
2805 1083 3134 1137 monasterio
3177 1081 3321 1151 juste
3369 1077 3668 1146 subjectis,
3709 1074 3809 1127 sub

2209 1182 2397 1229 nostro
2422 1174 2757 1243 suscepimus
2785 1172 3178 1227 mundeburdio
3202 1179 3366 1238 atque
3389 1166 3739 1227 defensione,
3765 1172 3811 1216 et

2209 1264 2530 1332 deprecatus
2560 1271 2645 1316 est
2672 1270 2733 1316 ut
2755 1260 3187 1331 quandocunque
3225 1260 3471 1313 libuisset
3507 1253 3811 1310 monachos

2210 1355 2264 1409 in
2293 1353 2484 1417 eodem
2529 1353 2866 1406 monasterio
2923 1352 3182 1421 degentes
3219 1349 3414 1403 missos
3458 1361 3589 1400 suos
3626 1344 3685 1396 in
3719 1341 3811 1394 ali-

2210 1461 2372 1516 quam
2402 1453 2612 1514 partem
2656 1443 2864 1512 imperii
2914 1441 3087 1496 nostri
3112 1437 3420 1510 negotiandi
3447 1436 3638 1507 gratia
3685 1432 3812 1486 diri-

2211 1554 2360 1610 gere,
2386 1553 2512 1592 cum
2542 1536 2712 1591 carris
2739 1534 2989 1588 videlicet
3010 1543 3065 1587 et
3084 1531 3286 1586 saumis
3313 1545 3408 1584 seu
3435 1526 3684 1595 navigio,
3733 1525 3810 1576 vet

2211 1643 2335 1683 cum
2358 1626 2600 1696 quolibet
2637 1624 2875 1695 negotio,
2915 1622 3192 1675 licentiam
3241 1619 3505 1673 haberent
3546 1611 3811 1685 pergendi

2213 1719 2303 1772 ubi
2331 1715 2604 1771 voluerint
2633 1714 2838 1784 absque
2855 1710 3083 1779 alicujus
3110 1708 3454 1763 infestatione
3487 1705 3568 1758 vel
3586 1711 3810 1758 contra-

2140 1801 2186 1859 Β
2217 1812 2431 1865 rietate.
2504 1805 2670 1874 Cujus
2694 1803 3026 1884 petitioni‘in
3056 1802 3398 1869 eleemosyna
3427 1803 3616 1851 nostra
3643 1785 3815 1846 liben-

2215 1911 2299 1957 ter
2319 1915 2505 1954 aurem
2532 1897 2772 1968 praebere
2794 1882 3138 1964 complacuit,
3165 1899 3218 1946 et
3235 1890 3333 1943 has
3349 1896 3551 1942 nostra:
3572 1882 3815 1938 auctori-

2217 1991 2342 2044 tatis
2362 1990 2570 2042 litteras
2595 1985 2710 2041 fieri
2736 1984 3019 2053 jussimus,
3051 1999 3148 2053 per
3174 1995 3309 2050 quas
3346 1994 3443 2048 pro
3464 1975 3667 2045 quibus
3685 1988 3815 2027 cun-

2215 2081 2319 2135 ctis
2345 2077 2589 2133 fidelibus
2615 2075 2817 2129 nostris
2854 2072 3212 2142 praasentibus
3251 2078 3308 2123 et
3345 2064 3807 2131 futurisjubemus

2217 2180 2276 2223 ut
2304 2171 2615 2237 ubicunque
2645 2165 2798 2220 missi
2813 2164 3058 2233 praedicti
3084 2161 3294 2217 abbatis
3319 2167 3412 2212 aut
3436 2168 3811 2211 successorum

2214 2259 2333 2327 ejus
2368 2258 2508 2312 infra
2539 2255 2975 2324 jurisdictionem
3018 2251 3135 2320 ejus
3180 2248 3391 2318 imperii
3425 2246 3596 2300 nostri
3652 2257 3810 2312 nego-

2215 2349 2384 2403 tiandi
2425 2361 2592 2402 causa
2617 2345 2808 2399 directi
2839 2343 3058 2406 fuerint,
3095 2356 3252 2396 nemo
3285 2338 3580 2399 teloneum,
3612 2348 3808 2402 neque,

2214 2439 2358 2508 quod
2395 2436 2556 2507 vulgo
2593 2435 2814 2498 dicitur,
2863 2433 3175 2503 ripaticum,
3204 2445 3379 2498 neque
3406 2427 3699 2482 rotaticum
3725 2435 3810 2476 aut

2214 2529 2548 2600 pontaticum
2609 2525 2694 2581 vel
2737 2525 3061 2595 portaticum
3092 2526 3186 2600 aut
3215 2533 3241 2560 ι
3271 2519 3628 2578 taritaticum,
3655 2523 3810 2582 atque

2214 2598 2599 2691 eispitaticum,
2630 2630 2840 2671 neeuon
2877 2621 2931 2668 et
2953 2598 3317 2674 salutaticum,
3349 2616 3444 2661 aut
3465 2606 3637 2659 ullum
3691 2617 3808 2657 ceu-

2215 2727 2356 2774 sum,
2386 2719 2478 2763 aut
2502 2707 2668 2761 ullum
2694 2720 3006 2768 occursum,
3029 2711 3129 2756 aut
3181 2700 3347 2755 ullam
3385 2695 3804 2752 redhibitionem

2216 2803 2431 2872 abipsis
2459 2802 2726 2870 accipere,
2759 2806 2854 2852 aut
2883 2804 3133 2850 exactare
3154 2801 3449 2862 pnesumat
3479 2807 3492 2841 ε
3538 2788 3632 2842 sed
3659 2788 3809 2839 liceat

2218 2904 2328 2948 tam
2351 2907 2446 2947 eos
2473 2889 2937 2961 quamhomines,
2967 2886 3050 2940 vel
3074 2883 3253 2939 omnia
3282 2883 3495 2957 illorum
3532 2895 3656 2934 cum
3687 2889 3810 2947 pace

2218 2991 2548 3049 discurrere,
2574 2993 2629 3038 et
2658 2983 2869 3053 negotia
2903 2980 3135 3035 libenter
3167 2991 3427 3048 peragere
3458 2985 3513 3030 et
3556 2976 3620 3028 ad
3648 2989 3805 3042 quas-

2219 3094 2433 3147 cunque
2485 3076 2756 3138 eivitates,
2808 3080 2902 3126 aut
2927 3080 3118 3140 portus
3146 3068 3230 3122 vel
3258 3069 3374 3121 loca
3401 3081 3684 3120 accessum
3717 3065 3807 3117 ha-

2220 3168 2457 3232 buerint,
2491 3166 2692 3220 nullam
2720 3163 3165 3232 inquietudinem,
3187 3168 3282 3212 aut
3306 3159 3696 3219 detentionem,
3728 3165 3810 3208 aut

2221 3260 2663 3316 contrarietatem
2685 3257 2754 3311 ab
2783 3256 2963 3325 aliquo
2997 3253 3573 3308 fidelium-nostrorum
3602 3250 3809 3319 patiauv

2222 3361 2341 3418 tur;
2395 3367 2491 3406 seu
2519 3345 3032 3423 ubicunquedirecti
3073 3343 3295 3407 fuerint,
3325 3342 3442 3396 sive
3484 3340 3704 3409 navigio
3729 3347 3813 3390 aut

2222 3457 2459 3507 terreno,
2483 3440 2661 3497 securi
2686 3446 2743 3494 et
2763 3437 2933 3507 quieti
2952 3438 3082 3491 'cum
3109 3434 3363 3489 omnibus
3397 3445 3517 3500 qua
3549 3429 3810 3486 deferunt.

2221 3548 2318 3604 per
2344 3540 2667 3603 praesentem
2700 3539 2944 3583 nostram
2991 3526 3372 3580 auctoritatem
3423 3523 3503 3576 ire
3553 3529 3608 3574 et
3645 3519 3814 3572 redire

2221 3625 2455 3680 valeant.
2523 3623 2591 3676 Et
2619 3628 2680 3675 ut
2707 3622 2824 3682 hare
2857 3617 3156 3672 auctoritas
3187 3615 3396 3669 firmior
3426 3612 3695 3666 habeatur
3719 3617 3814 3662 eta

2223 3717 2469 3773 ﬁdelibus
2509 3719 2711 3768 sanctae
2736 3708 2833 3764 Dei
2871 3707 3126 3763 Ecclesiae
3164 3714 3220 3758 et
3261 3703 3464 3758 nostris
3510 3697 3816 3768 diligentius

2221 3809 2559 3867 observetur,
2587 3802 2652 3857 de
2685 3799 2882 3854 annulo
2911 3805 3101 3852 nostro
3136 3794 3329 3849 subter
3373 3791 3646 3860 jussimus
3675 3787 3817 3857 sigil-

2223 3895 2344 3949 lari.

2293 3985 2579 4041 Durandus
2636 3982 2895 4037 diaconus
2945 3978 3013 4032 ad
3066 3976 3242 4031 vicem
3292 3973 3618 4029 Helisachar
3670 3986 3819 4026 reco-

2263 4077 2431 4131 novit.

2263 4095 2431 4131 novu.

2223 4095 2256 4149 8
2293 4167 2486 4220 Datum
2518 4181 2594 4219 xu
2624 4163 2744 4218 Kal.
2771 4161 2918 4225 Julii,
2944 4174 3108 4223 anno,
3138 4157 3354 4213 Christo
3380 4155 3638 4225 propitio.
3657 4155 3691 4207 3
3719 4155 3816 4207 im-

2223 4258 2359 4326 perii
2381 4255 2582 4310 domini
2624 4252 2882 4308 Ludovici
2908 4250 3139 4320 piissimi
3177 4247 3427 4316 Augusti,
3470 4246 3498 4285 δ
3526 4245 3816 4299 indictione

2227 4347 2314 4400 lO.
2372 4346 2566 4398 Actum
2595 4342 2922 4413 Aquisgrani
2969 4340 3170 4411 palatio
3220 4339 3370 4409 regio
3398 4338 3453 4392 in
3479 4337 3580 4392 Dei
3605 4337 3816 4391 nomine

2228 4434 2476 4489 feliciter.
2533 4433 2726 4486 Amen.

2933 4498 3106 4554 LVIII.

2452 4608 2552 4648 ινιιο
2582 4605 2940 4646 Ακοεϐλνεκει
2967 4606 3012 4644 S.
3045 4603 3288 4643 IlAUMCIl
3315 4603 3589 4643 ECCLBSIA.

2835 4682 3008 4753 (Anno
3054 4680 3202 4752 8l6.)

2229 4775 2418 4848 [Apud
2441 4775 2503 4828 D.
2536 4773 2827 4848 Bouquetu
2855 4770 3165 4848 ibidlpag.
3198 4770 3318 4833 496,
3352 4769 3817 4848 ex___S‘ammarth.,

2537 4837 2764 4904 tomfll,
2787 4840 2927 4894 Gall.
2967 4837 3182 4902 Chﬁsl,
3207 4856 3328 4910 pag.
3352 4839 3506 4911 216.]

2295 4937 2358 4992 In
2388 4936 2604 4989 nomine
2649 4932 2864 4991 Domini
2897 4933 2994 4987 Dei
3044 4940 3100 4987 et
3141 4931 3442 4988 Salvatoris
3481 4937 3652 4988 nostri
3694 4933 3818 4989 Iesu

2229 5026 2450 5092 Christi,
2482 5024 2806 5090 Ludovicus,
2839 5023 3020 5079 divina
3038 5022 3322 5078 ordinante
3335 5023 3698 5094 providentia,
3727 5025 3820 5077 im-

2230 5127 2450 5188 perator
2471 5115 2766 5186 Augustus.

2306 5207 2363 5260 Si
2392 5207 2737 5261 liberalitatis
2798 5213 2997 5259 nostrae
3049 5220 3274 5260 munere
3301 5204 3437 5258 locis
3485 5204 3595 5257 Deo
3625 5203 3818 5257 dicatis

2233 5297 2479 5366 quaedam
2503 5295 2839 5350 conferimus
2867 5294 3149 5358 beneficia,
3183 5301 3238 5347 et
3265 5295 3620 5348 necessitates
3648 5291 3818 5345 eccle.

2238 5386 2488 5442 siasticas
2525 5385 2593 5440 ad
2632 5385 2945 5454 petitionem
2999 5385 3342 5440 sacerdotum
3394 5391 3581 5438 nostro
3610 5381 3817 5436 releva-

2237 5522 2392 5576 ticum
2434 5525 2824 5591 interpretatur
2857 5520 3092 5589 speciem
3126 5520 3312 5574 tributi
3363 5534 3431 5574 ex
3471 5517 3807 5574 animalibus.

2237 5593 2506 5661 Ego-vero
2535 5591 2819 5661 legendum
2845 5601 2974 5661 puto
3012 5591 3350 5661 tranaticunt.

2237 5655 2332 5784 ινδ
2371 5655 2764 5743 corrigendum
2805 5655 2986 5714 iiidict.
3040 5659 3092 5720 9,
3141 5667 3194 5713 ct
3253 5658 3330 5715 sic
3384 5658 3516 5730 legit
3569 5655 3810 5714 Critiius

2256 5747 2352 5785 OCO
2391 5740 2577 5786 nitito.
