3936 6348
242 389 386 447 1035

1385 393 1781 456 DIPLOMATA
1820 401 2369 462 ECCLESIASTICA.

3375 415 3511 470 ίοόι

240 518 370 558 mus
392 501 670 573 juvamine
705 511 870 575 atque
926 504 1193 575 imperiali
1229 514 1444 563 tuemur
1495 510 1817 573 munimine,
1849 513 1896 571 Α
1926 519 2040 565 stro
2068 512 2309 568 fideliter
2329 529 2522 584 parere
2549 513 2789 585 imperio,
2829 524 2992 587 atque
3016 533 3116 589 pro
3136 516 3519 581 incolumitate

241 592 299 647 id
328 592 483 647 nobis
513 601 568 647 et
604 593 670 647 ad
699 596 982 650 mortalem
1010 597 1176 651 vitam
1222 599 1591 667 temporaliter
1622 600 1830 653 transi—

242 684 498 754 gendam,
534 692 588 738 et
614 685 680 738 ad
711 695 967 742 :eternam
1011 686 1242 742 feliciter
1271 688 1616 742 obtinendam
1645 690 1830 758 profu-

244 782 428 828 turum
454 774 658 842 liquido
687 777 978 831 credimus.
1018 777 1237 832 Noverit
1296 778 1501 834 interea
1560 783 1830 851 sagacitas

242 877 339 916 seu
372 863 580 917 utilitas
626 867 866 920 omnium
900 865 1138 921 ﬁdelium
1184 879 1520 935 nostrorum,
1551 881 1658 926 tam
1687 890 1828 943 prae-

241 956 476 1008 sentium
506 970 666 1024 quam
702 966 756 1010 et
809 956 1138 1026 futurorum,
1180 961 1307 1029 quia
1364 963 1449 1016 vir
1493 965 1824 1019 venerabilis

240 1045 566 1103 Benedictus
596 1048 1067 1119 Andcgavcnsium
1131 1052 1366 1108 civitatis
1403 1054 1601 1123 prtesul
1631 1055 1827 1110 obtulit

238 1137 521 1193 obtutibus
550 1141 751 1196 nostris
803 1141 1180 1196 auctoritatem
1211 1143 1572 1203 immunitatis
1603 1159 1698 1199 seu
1731 1161 1828 1200 na-

236 1229 419 1283 valem
454 1231 745 1286 evectionis
759 1231 964 1288 domini
980 1240 1032 1286 et
1055 1233 1317 1302 genitoris
1347 1235 1515 1288 nostri
1543 1237 1694 1290 bonae
1710 1252 1820 1291 me-

237 1318 428 1372 moriae
451 1305 634 1373 Caroli
661 1319 893 1388 piissimi
925 1312 1175 1392 Augusti,
1227 1322 1282 1376 in
1318 1339 1424 1392 qua
1449 1325 1830 1381 continebatur

238 1406 510 1462 insertum
554 1410 696 1478 quod
725 1424 831 1463 non
861 1411 1036 1464 solum
1063 1411 1204 1465 idem
1251 1413 1464 1482 genitor
1493 1423 1698 1481 noster,
1739 1430 1830 1470 ve-

239 1513 361 1552 rum
391 1500 552 1553 etiam
581 1493 1004 1569 przedecessorcs
1024 1502 1164 1567 ejus,
1201 1517 1359 1573 reges
1380 1504 1632 1560 videlicet
1655 1505 1827 1560 Fran-

235 1602 450 1653 corum,
492 1589 773 1643 ecclesiam
807 1589 864 1645 S.
899 1591 1166 1657 Mauricii,
1197 1592 1283 1647 cui
1309 1601 1530 1674 auctore
1559 1595 1670 1650 Deo
1709 1597 1825 1665 ipse

236 1680 525 1751 cpiscOpus
554 1690 769 1751 praeest,
793 1684 891 1739 sub
915 1700 1010 1740 suo
1036 1686 1254 1742 nomine
1276 1695 1331 1742 et
1358 1686 1672 1746 defensione
1698 1707 1821 1747 cum

234 1771 583 1827 monasteriis
604 1779 655 1826 et
682 1772 887 1828 cellulis
934 1775 1036 1828 sibi
1063 1774 1321 1843 subjectis
1348 1786 1404 1831 et
1432 1778 1593 1833 rebus
1615 1780 1700 1834 vel
1733 1781 1824 1835 ho-

1935 616 2147 670 nostra,
2179 606 2423 683 conjugis
2451 614 2506 661 et
2545 608 2745 678 prolis,
2779 623 2872 664 seu
2904 609 3069 663 etiam
3097 610 3267 666 totius
3298 613 3521 683 imperii

1933 708 1961 746 a
1995 693 2105 748 Deo
2140 695 2298 750 nobis
2326 680 2530 762 collati,
2563 705 2619 751 et
2669 696 2784 765 ejus
2837 697 3259 754 clementissima
3295 680 3523 756 misera-

1934 784 2080 838 tione
2135 798 2235 853 per
2266 784 2591 839 immensum
2624 788 3000 853 conservandi,
3057 805 3163 843 una
3218 805 3340 844 eum
3371 792 3520 847 elero

1930 884 1985 928 et
2012 876 2208 945 populo
2234 876 2337 954 sibi
2365 875 2626 945 subjecto,
2669 877 2763 932 Dei
2816 866 3134 934 immensam
3171 881 3517 938 clementiam

1922 963 2128 1036 jugiter
2148 963 2403 1032 exorare,
2429 976 2484 1023 et
2513 968 2773 1038 quidquid
2803 967 2870 1024 de
2895 969 3130 1038 praefata:
3156 972 3319 1028 rebus
3343 975 3518 1029 eccle-

1930 1057 2025 1112 size
2047 1053 2136 1123 jus
2165 1055 2282 1110 fisci
2307 1057 2525 1127 exigere
2554 1065 2789 1126 poterat,
2824 1059 2880 1113 in
2911 1058 3180 1130 integrum
3207 1062 3258 1115 ei
3288 1076 3515 1118 conces-

1930 1147 2100 1201 simus
2122 1148 2384 1212 ecclesiae,
2417 1148 2623 1204 scilicet
2647 1162 2710 1202 ut‘
2734 1159 2999 1219 perpetuo
3029 1160 3270 1222 tempore
3301 1153 3366 1206 ad
3393 1170 3517 1224 per-

1930 1240 2195 1308 agendum
2236 1239 2332 1294 Dei
2373 1240 2654 1299 servitium
2709 1248 3053 1311 augmentum
3086 1253 3140 1298 et
3168 1244 3516 1314 supplemen-

1931 1334 2043 1380 tum
2085 1327 2198 1381 fiat.
2231 1328 2382 1383 Hanc
2412 1328 3016 1397 itaque‘auctoritatem
3048 1339 3108 1384 ut
3131 1332 3429 1400 pleniorem
3457 1333 3513 1387 in

1928 1417 2022 1471 Dei
2057 1419 2275 1474 nomine
2327 1419 2571 1474 obtineat
2600 1420 2841 1491 vigorem
2887 1429 2945 1476 et
2968 1436 2997 1475 a
3031 1422 3280 1478 fidelibus
3312 1432 3513 1484 sancta:

1928 1506 2024 1561 Dei
2057 1508 2317 1563 Ecclesia:
2345 1516 2401 1562 et
2456 1507 2661 1564 nostris
2709 1503 2769 1564 et
2795 1510 2977 1565 verius
3005 1512 3259 1566 credatur
3283 1521 3338 1566 et
3386 1513 3510 1568 dili-

1928 1602 2143 1671 gentilis
2179 1609 2551 1667 conservetur,
2590 1617 2711 1666 eam
2740 1618 2904 1657 manu
2948 1605 3169 1674 propria
3199 1603 3386 1660 subter
3413 1604 3509 1658 flr.

1928 1694 2197 1746 mavimus
2247 1699 2303 1745 et
2323 1690 2507 1745 annuli
2537 1692 2711 1745 nostri
2749 1690 3108 1760 impressione
3164 1694 3366 1764 signari
3389 1691 3509 1762 jus-

1926 1796 2114 1836 SlmllS.

233 1858 475 1914 minibus
507 1860 570 1913 ad
607 1876 666 1916 se
694 1857 1089 1932 pertinentibus
1118 1865 1203 1918 vel
1240 1866 1649 1936 aspicientibus,
1693 1885 1822 1925 con-
1849 1851 1899 1910 Β
1997 1872 2221 1941 Signum
2251 1871 2507 1928 Ludovici
2536 1871 2870 1926 serenissimi
2908 1871 3272 1941 imperatoris.

234 1949 430 2004 sistere
455 1950 770 2008 fecerantet
815 1969 1002 2008 eorum
1051 1955 1451 2011 immunitatum
1487 1962 1823 2016 auctoritati—

231 2043 358 2108 bus,
389 2059 480 2098 seu
509 2046 670 2099 etiam
700 2054 812 2101 tres
837 2063 1001 2102 naves
1023 2063 1142 2117 quae
1170 2065 1265 2119 per
1290 2050 1500 2104 alveum
1514 2051 1723 2123 Ligeris
1736 2055 1821 2128 vel

230 2149 333 2209 per
359 2135 459 2188 alia
483 2134 702 2193 flumina
719 2152 838 2208 quae
863 2139 915 2192 in
951 2139 1180 2210 Ligerim
1198 2140 1494 2208 confluunt,
1511 2143 1820 2201 discurrere

230 2223 504 2290 videntur,
535 2226 796 2304 hactenus
829 2231 898 2288 ab
941 2229 1314 2299 inquietudine
1332 2229 1633 2299 judiciarize
1671 2242 1823 2303 pote-

230 2313 389 2368 statis
413 2313 600 2368 eadem
615 2317 838 2374 .munita
887 2328 1050 2388 atque
1089 2317 1311 2374 defensa
1339 2319 1529 2375 fuisset
1565 2322 1815 2377 ecclesia.

233 2399 344 2456 Sed
384 2418 486 2472 pro
522 2405 899 2462 rei'ﬁrmitate
939 2409 1230 2478 postulavit
1264 2411 1418 2466 nobis
1440 2411 1693 2481 praefatus
1722 2412 1822 2468 Be-

227 2495 480 2553 nedictus
505 2499 808 2567 episcopus,
850 2509 907 2553 ut
938 2499 1220 2570 paternum
1243 2516 1336 2555 seu
1356 2503 1817 2572 pratdecessorum

227 2595 541 2640 nostrorum
573 2603 763 2663 regum
785 2604 990 2643 morem
1026 2597 1334 2658 sequentes,
1381 2591 1690 2665 hujusmodi
1721 2609 1811 2648 no-

227 2684 358 2731 strae
385 2676 736 2731 immunitatis
755 2689 1081 2748 praeceptum
1104 2680 1174 2734 ob
1197 2695 1435 2739 amorem
1469 2683 1556 2736 Dei
1579 2690 1634 2737 et
1664 2699 1816 2742 reve-

225 2768 459 2821 rentiam
487 2767 546 2820 Β.
589 2767 835 2831 Mauricii
885 2771 1164 2841 martyris,
1200 2769 1353 2838 cujus
1398 2772 1612 2826 nomine
1641 2782 1695 2827 et
1717 2775 1818 2829 ho-

225 2854 365 2910 nﬁre
389 2857 634 2911 dedicata
663 2867 748 2913 est
777 2859 1028 2924 ecclesia,
1069 2859 1184 2915 ﬁeri
1240 2874 1603 2917 censeremus.
1646 2861 1814 2934 Cujus

221 2948 472 3017 petitioni
496 2948 724 3004 libenter
762 2965 1041 3006 assensum
1063 2951 1394 3021 praebuimus
1417 2960 1470 3005 et
1487 2951 1590 3006 hoc
1610 2963 1812 3008 nostra:

223 3037 568 3092 auctoritatis
595 3045 922 3108 praeceptum
961 3055 1088 3108 erga
1134 3040 1308 3110 ipsam
1364 3040 1672 3107 ecclesiam,
1713 3045 1815 3097 im-

219 3129 504 3183 munitatis
524 3136 686 3199 atque
709 3131 946 3185 tuitionis
961 3133 1131 3202 gratia
1145 3149 1244 3202 pro
1257 3134 1421 3188 divini
1437 3133 1612 3193 cultus
1626 3149 1811 3189 amore

1993 1963 2279 2019 Durandus
2341 1963 2600 2018 diaconus
2666 1962 2736 2016 ad
2779 1961 2955 2017 vicem
3007 1960 3323 2016 lielisachar
3361 1978 3510 2020 reco—

1920 2054 2125 2124 gnovit.

1988 2143 2124 2197 Data
2150 2160 2187 2197 x
2216 2141 2440 2199 Kalend.
2469 2141 2754 2207 Novemb.,
2788 2157 2932 2196 anno
2953 2182 2968 2208 ,
2997 2143 3216 2198 Christo
3246 2144 3502 2214 propitio,

1923 2233 2002 2306 [5]
2039 2234 2254 2302 imperii
2273 2234 2456 2289 domni
2489 2233 2748 2290 Ludovici
2770 2233 3102 2290 serenissimi
3134 2234 3504 2304 imperatoris,

1918 2324 2212 2379 indictione
2263 2323 2348 2378 10.
2408 2324 2606 2382 Actum
2660 2323 3042 2382 Salmunciaco
3088 2326 3291 2396 palatio
3319 2327 3375 2383 in
3404 2328 3502 2384 Dei

1918 2412 2136 2468 nomine
2173 2411 2422 2468 feliciter.

2634 2501 2765 2559 LIX.

2317 2608 2418 2648 οιιο
2453 2607 2708 2648 ECCLESIA
2747 2609 3084 2652 TREVIRENSI.

2539 2681 2713 2753 (Anno
2743 2682 2892 2754 816.)

2182 2766 2520 2840 [Hontheim,
2541 2772 2681 2827 Hist.
2713 2772 2934 2841 Trevir.,
2964 2791 3018 2845 p.
3051 2775 3198 2848 £67.]

1983 2864 2042 2918 ιη
2092 2865 2311 2920 nomine
2339 2863 2434 2918 Dei
2463 2871 2518 2916 et
2552 2862 2850 2918 Salvatoris
2892 2865 3064 2919 nostri
3096 2864 3222 2919 Jesu
3259 2866 3499 2931 Christi,

1913 2955 2220 3010 Ludovicus
2258 2955 2442 3009 divina
2488 2953 2775 3008 ordinante
2815 2954 3157 3022 providentia
3208 2955 3502 3024 imperator

1911 3046 2205 3100 Augustus.

1988 3065 1992 3098 |
2036 3063 2205 3100 usms.

1988 3063 2046 3191 Sgi
2094 3135 2435 3191 liberalitatis
2479 3141 2680 3190 nostra;
2708 3148 2934 3189 munere
2975 3133 3111 3188 locis
3153 3135 3264 3190 Deo
3305 3136 3500 3192 dicatis

218 3227 278 3272 et
303 3218 494 3271 animae
517 3226 716 3274 nostrae
747 3221 984 3276 remedio
1019 3220 1137 3276 fieri
1158 3223 1522 3288 decrevimus,
1546 3239 1644 3293 per
1666 3224 1810 3294 quod
1838 3187 1882 3249 C
1914 3228 2183 3297 quoddam
2218 3226 2545 3282 conferimus
2578 3224 2849 3289 beneficii,
2897 3233 2952 3278 et
3001 3225 3357 3280 necessitates
3404 3241 3498 3281 ec-

215 3307 564 3386 praacipimus
591 3316 753 3377 atque
784 3308 1037 3377 jubemus
1080 3320 1139 3365 ut
1175 3312 1350 3366 nullus
1373 3311 1535 3380 judex
1561 3312 1809 3382 publicus

215 3397 309 3451 vel
340 3397 593 3466 quislibet
622 3414 688 3453 ex
709 3397 994 3468 judiciaria
1018 3411 1283 3471 potestate
1307 3404 1359 3456 in
1393 3403 1674 3469 ecclesias,
1707 3413 1804 3458 aut

211 3484 360 3552 loca,
406 3485 492 3540 vel
518 3502 696 3556 agros,
751 3502 844 3542 seu
890 3490 1229 3559 supradictas
1250 3505 1415 3551 naves
1452 3491 1537 3546 vel
1571 3492 1810 3560 reliquas

213 3576 607 3659 possessiones,
643 3591 780 3645 quas
816 3580 1073 3634 moderno
1110 3588 1351 3651 tempore
1399 3581 1453 3634 in
1483 3582 1811 3650 quibuslibet

211 3667 469 3738 pagisvel
494 3668 781 3722 territorils
803 3669 943 3723 infra
969 3671 1227 3725 ditionem
1253 3671 1466 3740 imperii
1483 3673 1651 3726 nostri
1662 3673 1807 3741 juste

210 3772 271 3816 et
290 3761 533 3832 legaliter
556 3773 854 3840 memorata
882 3773 1028 3820 tenet
1051 3766 1134 3820 vel
1163 3768 1402 3837 possidet
1427 3768 1682 3831 ecclesia,
1723 3769 1806 3824 vel

208 3867 282 3907 ea
313 3868 431 3922 qum
462 3852 714 3923 deinceps
758 3855 810 3908 in
844 3854 967 3923 jure
991 3856 1160 3926 ipsius
1188 3858 1433 3911 ecclesiae
1464 3857 1696 3913 voluerit
1722 3860 1827 3913 di-"

208 3942 343 3996 vina
368 3943 541 4011 pietas
586 3945 792 4013 augeri,
829 3947 901 3999 ad
947 3962 1136 4001 causas
1176 3947 1493 4012 audiendas,
1525 3949 1607 4002 vel
1657 3948 1806 4002 freda

208 4030 479 4099 exigenda
519 4037 612 4083 aut
650 4047 957 4087 manswnes
1006 4034 1090 4087 vel
1129 4042 1345 4102 paratas
1398 4035 1674 4090 faciendas
1715 4044 1807 4089 aut

209 4120 560 4190 fldejussores
601 4121 886 4188 tollendos,
920 4133 1013 4178 aut
1041 4125 1288 4179 homines
1341 4125 1510 4195 ipsius
1559 4127 1804 4180 ecclesiae

209 4212 640 4280 distringendos,
663 4228 764 4268 nec
785 4213 921 4274 ullas
936 4215 1325 4269 redhibitiones
1353 4225 1443 4268 aut
1474 4215 1691 4269 illicitas
1714 4231 1805 4270 oc-

207 4302 461 4357 casiones
484 4304 854 4371 reQuirendas,
877 4305 1077 4358 nostris
1109 4305 1195 4358 vel
1237 4304 1435 4358 futuris
1474 4305 1807 4374 temporibus

208 4394 424 4462 ingredi
475 4380 689 4459 audeat,
738 4408 840 4449 nec
870 4408 933 4447 ea
975 4409 1094 4462 quae
1151 4409 1313 4462 supra
1352 4403 1648 4447 memorata
1681 4401 1805 4448 sunt

1912 3318 2247 3373 clesiasticas
2277 3317 2344 3371 ad
2382 3315 2670 3386 petitiones
2695 3314 3040 3369 sacerdotum
3066 3324 3254 3368 nostro
3285 3314 3495 3370 releva-

1911 3422 2031 3461 mus
2053 3407 2329 3476 juvamine
2359 3412 2519 3473 atque
2549 3402 2814 3472 imperiali
2845 3410 3061 3468 tuemur
3089 3402 3407 3467 munimine,
3434 3403 3491 3457 id

1911 3498 2070 3552 nobis
2120 3505 2174 3551 et
2222 3497 2290 3550 ad
2327 3493 2612 3548 mortalem
2660 3493 2827 3546 vitam
2877 3492 3246 3561 temporaliter
3299 3494 3496 3548 transit

1911 3589 2163 3658 gendum,
2192 3595 2248 3641 et
2281 3585 2346 3640 ad
2373 3594 2631 3640 aternam
2663 3582 2891 3644 feliciter
2929 3582 3278 3660 obtinendam
3305 3583 3492 3653 prpfu-

1911 3687 2092 3732 turum
2123 3676 2325 3744 liquido
2369 3674 2661 3729 credimus.
2711 3671 2945 3725 Proinde
2991 3672 3203 3725 noverit
3248 3672 3491 3726 omnium

1908 3770 2145 3824 fidelium
2184 3767 2515 3831 nostrorum,
2547 3773 2658 3818 tam
2689 3763 3039 3833 praesentium
3069 3777 3230 3831 quam
3259 3771 3313 3816 et
3340 3761 3490 3816 futu-

1908 3875 2095 3914 rorum
2120 3857 2405 3925 sagacitas,
2434 3855 2576 3924 quod
2598 3854 2681 3907 vir
2703 3852 3025 3906 venerabilis
3047 3851 3320 3916 Henricus
3338 3851 3490 3923 [Het-

1911 3949 2075 4022 tinus]
2129 3957 2330 4003 sanctae
2372 3944 2710 4007 Trevirensis
2760 3942 3003 3997 ecclesia:
3040 3941 3485 4010 archiepiscopus

1907 4043 2104 4098 obtulit
2130 4041 2407 4097 obtutibus
2437 4037 2636 4092 nostris
2663 4048 2686 4075 ι
2718 4035 3095 4091 auctoritatem
3126 4033 3490 4099 immunitatis

1906 4132 2107 4187 domini
2163 4140 2217 4185 et
2267 4129 2525 4199 genitoris
2567 4125 2739 4180 nostri
2785 4125 2940 4179 bona:
2989 4124 3264 4179 memoriae
3312 4123 3491 4180 Caroli

1905 4223 2132 4294 piissimi
2161 4222 2410 4289 Augusti,
2441 4221 2492 4273 in
2523 4233 2628 4287 qua
2656 4224 2775 4271 erat
2802 4217 3061 4271 insertum
3091 4217 3233 4285 quod
3260 4233 3368 4271 non
3400 4232 3486 4272 so-

1907 4313 2014 4367 lum
2047 4313 2186 4367 idem
2218 4311 2429 4383 genitor
2473 4317 2676 4372 noster,
2711 4322 2898 4362 verum
2936 4308 3098 4361 etiam
3128 4309 3492 4377 praedecesso-

1909 4418 1994 4455 res
2024 4399 2159 4467 ejus,
2191 4413 2345 4468 reges
2373 4397 2627 4452 videlicet
2656 4395 3014 4460 Francorum,
3039 4397 3288 4451 ecclesiae
3317 4398 3488 4452 sancti

205 4483 430 4554 penitus
452 4483 668 4552 exigere
682 4491 994 4551 prmsumat.
1025 4482 1132 4538 Sed
1159 4483 1317 4537 liceat
1341 4492 1642 4537 memorato
1667 4483 1879 4558 prae-'1‘
1906 4490 2052 4544 Petri
2108 4488 2368 4558 principis
2413 4485 2799 4554 apostolorum,
2850 4487 2934 4539 cui
2963 4494 3186 4540 auctore
3230 4486 3340 4541 Deo
3373 4487 3489 4555 ipse

209 4571 320 4627 suli
357 4571 578 4640 suisque
617 4571 1020 4626 successoribus
1056 4586 1142 4625 res
1172 4570 1443 4639 praedictae
1479 4571 1721 4626 ecclesiae
1740 4573 1796 4626 S.

208 4666 481 4732 Mauricii,
504 4681 625 4721 cum
655 4665 904 4718 omnibus
928 4663 1030 4718 sibi
1058 4663 1316 4732 subjectis
1330 4671 1383 4717 et
1409 4664 1569 4717 rebus
1599 4663 1688 4724 vel,
1707 4664 1802 4717 ho-

208 4758 453 4813 minibus
475 4757 541 4815 ad
567 4771 625 4810 se
646 4756 1036 4824 accipientibus
1063 4754 1148 4808 vel
1172 4753 1587 4822 pertinentibus,
1610 4769 1703 4807 seu
1721 4769 1806 4807 su-

207 4846 476 4931 pradictis
499 4845 671 4899 tribus
693 4845 940 4910 navibus,
974 4844 1074 4899 sub
1098 4842 1341 4897 tuitionis
1370 4851 1532 4911 atque
1555 4843 1805 4895 immuni-

209 4938 342 4991 tatis
362 4945 560 4993 nostra!
597 4934 926 5000 defensione,
953 4943 1162 4990 remota
1190 4936 1354 4988 totius
1375 4931 1676 5000 judiciaria:
1713 4947 1806 5001 po—

212 5030 430 5101 testatis
457 5027 846 5098 inquietudine,
877 5028 1060 5096 quieto
1099 5026 1288 5081 ordine
1314 5024 1593 5094 possidere
1628 5033 1683 5078 et
1705 5038 1804 5078 no—

285 5214 312 5242 ι
352 5198 725 5253 Auctoritatem
755 5197 1119 5261 immanitatis,
1144 5204 1252 5252 etc.
1298 5195 1554 5249 Dedimus
1581 5193 1788 5248 Caroli-

210 5286 342 5327 nam
369 5269 515 5323 illam
545 5270 788 5323 chartam
818 5269 1170 5322 immunitatis
1198 5269 1266 5320 ad
1297 5281 1496 5318 annum
1529 5264 1633 5316 773
1653 5262 1780 5334 (Pa-

210 5340 336 5396 trol.
366 5349 490 5392 tom.
514 5337 751 5401 XCVII,
780 5335 1662 5408 col.1049),suspectam_utique,
1688 5348 1793 5408 non

214 5423 328 5465 tam
362 5409 428 5461 ad
456 5409 821 5483 substantiam,
848 5422 1006 5483 quam
1035 5403 1103 5461 ad
1131 5403 1798 5483 for—inani.‘l‘iempefiebat

214 5493 607 5545 nonnunquam
654 5487 713 5530 ut
745 5474 1039 5554 deperditis
1074 5474 1324 5554 genuinis
1370 5474 1794 5554 diplomatibus,

211 5563 444 5618 quorum
490 5556 728 5618 tenorem
780 5545 1334 5618 in_subsequen_tibus
1387 5545 1672 5597 recitatum
1719 5545 1796 5593 vi-

214 5615 419 5682 debant
457 5616 679 5685 posteri,
737 5615 966 5670 conficta
1026 5615 1445 5685 substituerent;
1485 5621 1675 5666 exacta
1717 5620 1795 5664 ta-

213 5684 650 5761 me_n,_qu:antum
674 5685 801 5761 ﬁeri
823 5693 1054 5761 poterat,
1092 5684 1500 5761 ademissorpm
1527 5689 1788 5761 tenpreni.

286 5758 316 5805 δ
351 5749 735 5826 Παιὸοὸενςοδ.
771 5749 991 5826 Species
1020 5755 1240 5826 judicii;
1289 5751 1518 5820 malberg
1545 5749 1688 5804 enim
1720 5749 1792 5802 si-

1827 4533 1879 4590 D

1909 4581 2350 4649 archiepiscopus
2399 4585 2614 4646 prmest,
2659 4578 2759 4631 sub
2809 4592 2907 4631 suo
2946 4579 3163 4642 nomine
3206 4583 3262 4634 et
3301 4579 3484 4634 defen-

1911 4673 2061 4726 sione
2090 4685 2211 4724 cum
2244 4668 2592 4722 monasteriis
2637 4675 2693 4720 et
2731 4666 2958 4732 cellulis,
3002 4668 3242 4722 basilicis
3264 4709 3278 4734 ,
3311 4670 3448 4723 vicis
3470 4710 3485 4733 ,

1912 4762 2144 4818 castellis
2173 4762 2239 4815 ad
2269 4761 2515 4815 eamdem
2550 4758 2731 4814 sedem
2766 4759 3181 4828 pertinentibus,
3229 4769 3284 4814 et
3327 4761 3489 4814 rebus

1910 4855 1996 4907 vel
2036 4854 2346 4907 hominibus
2371 4853 2437 4907 ad
2465 4867 2521 4906 se
2549 4851 2963 4920 aspicientibus,
2995 4851 3094 4905 sub
3123 4852 3484 4905 immunitatis

1909 4945 2129 5008 nomine
2156 4952 2209 4997 et
2241 4943 2483 4997 tuitionis
2511 4941 2824 4996 defensione
2868 4941 3164 4995 consistere
3207 4939 3482 5004 fecerant,

1911 5035 2161 5090 videlicet
2193 5043 2254 5089 ut
2279 5035 2455 5089 nullus
2479 5047 2575 5103 per
2604 5031 2978 5102 malbobergos
3004 5031 3031 5070 ι’
3056 5045 3156 5086 nec
3184 5045 3281 5101 per
3302 5031 3481 5099 aliqua

1935 5191 2399 5259 nificatjudicium
2429 5188 2481 5259 in
2514 5188 2634 5259 loco
2661 5187 2838 5259 redito,
2871 5186 3059 5259 collem
3087 5185 3302 5259 judicii,
3343 5184 3479 5259 mal-

1922 5254 2007 5314 uin
2067 5254 2600 5337 montanum._Conf.
2659 5255 3027 5337 Eckiiardhad
3077 5254 3203 5337 Leg.
3262 5254 3478 5337 Sualicz,

1901 5347 2023 5400 pag.
2061 5331 2146 5393 i4,
2193 5330 2279 5400 ubi
2313 5347 2323 5381 :
2361 5328 2611 5400 «‘Notum
2633 5334 2738 5390 est,
2770 5325 2976 5400 inquit,
3000 5324 3215 5400 judicia
3248 5324 3395 5400 olim_
3424 5324 3478 5375 in

1898 5391 2145 5461 collibus,
2191 5399 2351 5453 etiam
2394 5398 2629 5450 humana
2660 5409 2823 5464 opera
2844 5391 3028 5464 factis,
3061 5402 3115 5447 et
3136 5395 3237 5448 sub
3252 5391 3355 5464 idio
3380 5391 3480 5444 ha-

1897 5470 2028 5545 bita
2052 5471 2217 5523 fuisse
2247 5509 2260 5532 ,
2303 5466 2590 5545 n_t_jud'ices
2617 5462 2808 5545 nempe
2835 5463 3085 5545 abomn‘i
3108 5463 3324 5545 populo
3347 5475 3478 5545 conf

1898 5541 2032 5608 spici
2059 5546 2297 5608 possent.
2331 5531 2563 5608 Restant
2589 5531 2757 5608 colles
2783 5533 3088 5608 hujusmodi
3110 5531 3167 5586 in
3194 5531 3336 5584 villis
3378 5543 3474 5583 seu

1898 5601 2327 5678 pagis-nostris,
2372 5614 2426 5678 et
2473 5606 2528 5658 in
2578 5604 2755 5678 medio
2797 5601 2966 5655 tiliam
3015 5602 3344 5678 plerumque
3380 5608 3476 5678 aut

1896 5668 2030 5732 alius
2076 5678 2289 5747 generis
2336 5677 2582 5729 arborem
2628 5674 2848 5734 habent,
2897 5668 3264 5794 tegumentum
3295 5668 3476 5738 pluvio

1896 5749 2048 5794 nmln-
2090 5768 2105 5794 ι
2165 5745 2386 5794 Mutavit
2435 5744 2650 5794 cuidem
2700 5757 2903 5794 morem
2989 5740 3170 5794 arolus
3221 5738 3470 5794 Magnus.

1894 5738 2105 5804 caele}
2165 5745 2386 5801 Mutavit
2435 5744 2650 5812 quidem
2700 5757 2903 5796 morem
2946 5738 3170 5795 Carolus
3221 5738 3470 5806 Magnus,
