3936 6328
493 363 631 423 1055

491 565 645 623 freda
691 573 785 621 aut
812 566 1066 621 teloneos~
1080 565 1299 634 exigere
1326 572 1419 619 aut
1448 573 1668 634 paratas
1697 565 1751 619 in
1787 578 1977 619 eorum
1999 562 2083 617 vel

491 660 741 731 privatas
797 657 1114 714 audientias
1154 665 1825 727 exaetareprzesumeret.
1857 655 1965 712 Pro
2004 655 2083 710 rei

490 762 627 805 vero
649 747 911 803 firmitate
936 748 1234 833 postulavit
1261 748 1419 803 nobis
1444 747 1703 817 praafatus
1729 747 1852 803 Heti
1875 747 2087 801 archie-

491 842 768 914 piscopus,
821 849 885 897 ut
920 850 1211 911 paternum
1256 856 1351 897 seu
1380 840 1842 911 prtedecessorum
1872 845 2087 893 nostro-

494 952 619 1009 rum
661 952 849 1007 regum
876 950 1089 991 morem
1132 942 1425 1006 sequentes
1466 933 1845 1003 hujuscemodi
1884 939 2087 987 nostrai

494 1027 853 1084 immunitatis
889 1036 1220 1098 praeceptum
1258 1026 1330 1083 ob
1356 1042 1598 1082 amorem
1627 1026 1721 1080 Dei
1745 1032 1801 1080 et
1825 1014 2085 1079 reveren-

493 1117 628 1175 tiam
666 1120 841 1175 sancti
870 1118 1020 1174 Petri
1049 1134 1177 1186 erga
1221 1120 1392 1188 ipsam
1424 1118 1712 1175 ecclesiam
1753 1116 1871 1171 fleri
1905 1130 2089 1171 cense-

493 1222 715 1275 remus;
736 1208 893 1278 cujus
910 1209 1161 1278 petitioni
1182 1208 1420 1264 libenter
1433 1224 1711 1264 assensum
1733 1207 2086 1277 prmbuimus,

493 1305 553 1354 et
578 1299 685 1355 hoc
743 1310 945 1355 nostra:
987 1300 1329 1363 auctoritatis
1372 1307 1703 1369 prteceptum
1737 1311 1866 1367 erga
1914 1297 2087 1365 ipsam

496 1387 785 1444 ecclesiam
832 1388 1194 1443 immunitatis
1224 1396 1279 1444 et
1308 1389 1556 1444 tuitionis
1582 1382 1770 1458 gratia‘
1788 1402 1889 1455 pro
1919 1386 2085 1439 divini

493 1476 674 1532 cultus
702 1492 889 1532 amore
915 1486 970 1533 et
996 1478 1194 1532 animm
1215 1460 1445 1533 'nostrae
1472 1477 1710 1532 remedio
1754 1476 1869 1530 ﬁeri
1902 1477 2091 1532 decre-

494 1566 830 1639 vimus,_per
859 1568 1013 1637 quod
1038 1568 1387 1639 praecipimus
1432 1577 1487 1622 et
1520 1568 1775 1637 jubemus
1806 1576 1864 1620 ut
1911 1567 2091 1622 nullus

493 1654 658 1727 iudex
694 1636 957 1728 publicus
998 1636 1083 1715 vel
1114 1636 1343 1729 quilibet
1368 1674 1431 1729 ex
1455 1636 1743 1727 iudiciaria
1784 1668 2087 1734 potestate,

494 1745 554 1801 in
583 1748 1256 1815 monasteriayecclesias,
1287 1749 1533 1817 castella,
1564 1750 1734 1813 vicos,
1762 1749 1943 1811 villas,
1970 1749 2087 1805 loca

496 1844 553 1893 et
587 1852 748 1907 agros
792 1853 886 1893 seu
936 1839 1175 1908 reliquas
1202 1840 1595 1909 possessiones
1619 1838 1891 1908 praedicta:
1920 1839 2093 1894 eccle—
2121 1818 2168 1877 Β

494 1919 792 1997 σίτε,’‹ιιιειε
833 1928 1097 1983 moderno
1147 1936 1393 2000 tempore
1417 1930 1564 1999 juste
1612 1936 1665 1984 et
1705 1928 1952 1998 legaliter
1981 1936 2091 1982 tam

495 2016 640 2073 ultra
680 2033 842 2087 quam
882 2018 1042 2087 juxta
1101 2019 1353 2074 Rhenum
1378 2062 1391 2086 ,
1433 2020 1520 2091 vel
1560 2020 1706 2075 circa
1748 2019 1989 2099 Ligerim
2037 2019 2092 2073 in

498 2109 655 2179 pagis
706 2108 790 2164 vel
832 2110 1128 2164 territoriis
1172 2110 1314 2164 infra
1357 2111 1619 2165 ditionem
1663 2111 1873 2179 imperii
1918 2110 2091 2165 nostri

499 2209 801 2255 memorata
831 2208 978 2255 tenet
1011 2209 1067 2255 et
1104 2202 1345 2271 possidet
1382 2202 1609 2256 ecclesia
1635 2243 1649 2267 ,
1677 2200 1764 2255 vel
1795 2216 1915 2270 qua:
1942 2201 2094 2254 dein-

498 2304 630 2360 ceps
659 2290 713 2344 in
738 2288 862 2359 jure
891 2290 1063 2361 ipsius
1098 2292 1273 2347 sancti
1312 2291 1414 2347 loci
1445 2291 1677 2347 voluerit
1710 2291 1889 2346 divina
1919 2290 2094 2361 pietas

500 2377 711 2451 augeri,
762 2380 832 2461 ad
870 2394 1068 2435 causas
1117 2380 1415 2437 audiendas
1444 2380 1529 2436 vel
1559 2380 1711 2436 freda
1752 2389 1847 2436 aut
1890 2381 2093 2435 tributa

498 2480 596 2528 aut
650 2473 927 2544 eonjectos
958 2486 985 2514 ι
1021 2474 1234 2545 aliquos
1282 2474 1581 2545 exigendos
1635 2483 1731 2528 aut
1782 2474 2093 2528 mansiones

501 2563 589 2619 vel
616 2573 838 2634 paratas
869 2563 1147 2620 faciendas
1175 2572 1269 2618 aut
1308 2562 1653 2631 fideiussores
1684 2564 1953 2619 tollendos
2001 2572 2095 2619 aut

505 2655 945 2725 homines’ipsius
972 2656 1221 2711 ecclesia:
1249 2652 1649 2727 distringendos
1690 2671 1791 2711 nec
1812 2656 1951 2711 ullas
1974 2656 2094 2711 red-

503 2728 801 2797 hibition’es
842 2750 935 2797 aut
978 2742 1551 2812 illicitas_oceasiones
1577 2742 1960 2812 'requirendas,
1996 2758 2093 2797 nc-

505 2831 639 2886 stris
690 2838 746 2886 et
790 2831 991 2887 futuris
1034 2809 1374 2903 temporibus
1401 2833 1611 2903 ingredi
1650 2809 1865 2899 audeat,
1899 2831 1983 2887 vel
2028 2846 2092 2887 ea

508 2934 631 2989 quae
659 2936 823 2993 supra
850 2931 1155 2977 memorata
1196 2931 1341 2987 sunt,
1387 2924 1606 2993 penitus
1643 2923 1861 2993 exigere
1890 2939 2096 2994 praesu-

484 3014 639 3078 ‘mat,
693 3029 872 3085 neque
924 3014 1213 3087 teloneum‘
1251 3017 1486 3085 exigere,
1537 3016 1994 3091 quemadmodum,
2041 3016 2094 3070 in

502 3112 778 3177 pmepto
808 3096 1012 3160 domini
1049 3112 1104 3159 et
1132 3106 1394 3176 genitoris
1422 3105 1592 3161 nostri
1624 3106 1964 3172 continetur;
1998 3105 2092 3161 sed

502 3194 666 3251 liceat
699 3203 1003 3250 memorato
1029 3195 1248 3265 prmsuli
1297 3195 1519 3265 suisque
1556 3195 1965 3251 successoribus
2004 3210 2095 3250 res
2124 3163 2168 3225 Ο

504 3285 785 3357 praedictae
832 3286 1075 3341 ecclesiae
1120 3287 1293 3341 sancti
1339 3286 1489 3341 Petri
1540 3302 1663 3342 cum
1693 3286 1949 3341 o‘mnihus
1984 3288 2097 3341 suis

504 3374 785 3445 subjectis,
836 3363 891 3430 et
920 3378 1081 3444 rebus
1129 3376 1214 3432 vel
1242 3377 1556 3432 hominibus
1601 3378 1669 3432 ad
1700 3392 1759 3432 se
1786 3376 2097 3447 aSpicienti-

503 3464 607 3519 bus
634 3464 715 3521 vel
741 3465 1163 3535 pertinentibus,
1193 3466 1294 3523 sub
1322 3467 1567 3521 tuitionis
1598 3475 1761 3537 atque
1788 3467 2100 3521 immunita-

506 3554 577 3609 tis
616 3562 821 3609 nostrae
868 3555 1225 3620 defensioue,
1290 3565 1496 3610 remota
1554 3556 1722 3610 totius
1791 3554 2099 3624 judiciarim

503 3646 793 3716 potestatis
818 3646 1214 3715 inquietudine,
1251 3648 1436 3717 quieto
1475 3648 1666 3703 ordine
1709 3649 2010 3716 possidere,
2044 3658 2099 3704 et

504 3736 694 3791 nostro
728 3736 965 3791 fideliter
1010 3752 1203 3807 parere
1244 3738 1494 3807 imperio,
1523 3746 1687 3808 atque
1732 3753 1831 3807 pro
1889 3739 2101 3793 incolu-

502 3830 695 3885 mitate
728 3839 936 3895 nostra,
978 3828 1221 3901 conjugis
1272 3846 1337 3884 ac
1392 3831 1649 3900 prolium,
1702 3847 1798 3885 seu
1829 3814 1994 3885 etiam
2021 3839 2099 3885 to—

505 3922 615 3977 tius
661 3922 875 3992 ituperii
917 3938 948 3976 a
990 3922 1100 3977 Deo
1135 3922 1292 3978 nobis
1328 3923 1508 3977 collati
1550 3930 1605 3977 et
1631 3921 2096 3991 ejus‘clcmentis-

504 4009 649 4066 sima
693 4010 1041 4068 miseratione
1083 4025 1183 4081 per
1225 4012 1549 4067 immensum
1577 3998 1958 4077 conservandi,
1992 4027 2097 4066 una

503 4118 628 4158 cum
654 4100 801 4158 clero
823 4110 878 4157 et
898 4092 1098 4171 populo
1126 4102 1228 4157 sibi
1249 4101 1493 4171 subjecto
1514 4103 1682 4158 Deum
1714 4117 1965 4165 exorare,
1987 4111 2094 4158 etc.

504 4190 661 4247 llanc
698 4191 883 4261 itaque
909 4192 1314 4257 auctoritatem,
1361 4200 1423 4247 ut
1450 4193 1753 4263 pleniorem
1795 4194 1848 4247 in
1876 4192 1970 4248 Dei
2000 4209 2099 4249 no-

506 4280 656 4336 mine
704 4281 947 4336 obtineat
984 4282 1252 4350 vigorem,
1298 4289 1353 4336 et
1397 4296 1427 4335 a
1468 4282 1716 4337 fidelibus
1757 4291 1959 4338 sanctae
2000 4282 2096 4337 Dei

508 4371 765 4453 Ecclesia:
810 4382 866 4429 et
910 4376 1113 4430 nostris
1153 4374 1339 4430 verius
1372 4376 1645 4438 credatur,
1688 4383 1739 4429 et
1784 4375 2097 4444 diligentius

503 4475 877 4531 conservetur,
905 4465 1073 4521 etiam
1096 4481 1259 4521 manu
1282 4467 1501 4538 propria
1529 4467 1717 4522 subter
1738 4466 2091 4527 firmavimus,
2122 4503 2177 4564 Β

502 4565 560 4609 et
583 4554 768 4610 annuli
796 4555 969 4611 nostri
1001 4556 1361 4627 impressione
1388 4557 1592 4628 signari
1619 4555 1904 4626 jussimus.

573 4646 801 4717 Signum
825 4646 1083 4704 Ludovici
1116 4649 1451 4704 serenissimi
1484 4648 1850 4719 imperatoris.

575 4736 860 4792 Durandus
888 4738 1150 4793 diaconus
1172 4739 1239 4794 ad
1279 4740 1452 4794 vicem
1485 4737 1805 4793 Helisachar
1834 4751 2099 4808 recogno-

504 4826 603 4879 vit.

574 4916 768 4975 Datum
795 4932 846 4971 vt
880 4916 1107 4972 Kalend.
1129 4918 1487 4988 Septembris,
1520 4932 1685 4982 anno,
1717 4917 1936 4971 Christo
1972 4933 2098 4987 pro-

501 5006 658 5075 pitio,
692 5006 855 5061 tertio
884 5007 1096 5075 imperii
1130 5008 1389 5063 Ludovici
1418 5005 1933 5075 piissimi,Augusti,
1954 5007 2097 5061 indi-

507 5095 686 5150 ctione
748 5097 835 5151 10.
881 5096 1077 5151 Actum
1118 5097 1455 5168 Aquisgrani
1489 5097 1692 5167 palatio
1721 5097 1872 5167 regio
1902 5098 1955 5151 in
2004 5097 2097 5152 Dei

505 5186 722 5251 nomine
754 5185 1005 5243 feliciter.
1035 5187 1208 5242 Amen

509 5510 601 5580 qui
648 5510 839 5566 mallos
890 5512 991 5566 sub
1033 5508 1122 5580 dio
1168 5506 1354 5580 haberi
1431 5506 1619 5561 solitos
1648 5546 1661 5567 ,
1726 5504 2094 5580 {lemuuthsub

511 5574 654 5651 tecta
714 5582 937 5651 recepit.
985 5576 1217 5651 Capitul.
1269 5575 1373 5651 lib.
1424 5593 1506 5641 iu,
1560 5592 1679 5651 cap.
1725 5575 1834 5627 57:
1876 5592 1893 5623 ι
1932 5574 2002 5629 Ut
2039 5575 2093 5651 ιιι

514 5639 649 5702 locis
678 5650 766 5703 ubi
796 5639 988 5704 nfallos
1012 5639 1257 5718 publicos
1288 5647 1489 5718 habere
1518 5639 1710 5706 sole-nt,
1756 5652 1957 5718 tectum
1990 5644 2096 5697 tale

512 5714 1046 5789 constituaturmuod
1080 5719 1130 5770 iu
1150 5717 1375 5789 hilwruo
1402 5726 1455 5769 et
1478 5716 1529 5769 iu
1546 5724 1736 5789 testate
1750 5714 2093 5768 observatum

514 5805 634 5847 ese
672 5792 856 5859 possit.
902 5786 1089 5843 {Adi
1130 5787 1225 5842 lib.
1264 5802 1333 5852 Iv,
1368 5802 1483 5855 cap.
1533 5786 1621 5851 ξε,
1670 5795 1875 5837 retenta
1909 5793 2089 5849 tamen

1637 361 1966 433 LUDOVlCl
2004 359 2026 415 1
2058 356 2535 421 COGNOMENTO
2573 363 2657 420 Pl!

492 475 705 547 ingenia
730 475 972 545 ejusdem
996 473 1242 530 ecclesia:
1265 473 1515 529 homines
1537 472 1877 529 admallaret.
1909 486 2084 542 neque
2112 470 2163 531 A

3654 350 3783 405 {056

2616 581 2716 621 uno
2744 579 3093 621 ‘IONLSTEBIO
3127 561 3428 619 ruwssst.‘

2813 659 2988 729 (Anno
3026 654 3175 727 816.)

2439 749 2764 823 [Schannat,
2809 748 3140 803 Trnditianea
3184 741 3525 818 Fuldensea]

2259 841 2319 894 ln
2378 840 2602 896 nomine
2658 838 2875 893 Domini
2937 847 2993 894 et
3054 837 3359 911 Salvatoris
3423 836 3605 890 nostri
3664 834 3787 890 Jesa

2188 931 2411 997 Christi,
2448 931 2756 987 Ludovicus
2790 932 2963 1002 gratia
2999 931 3096 987 Dei
3138 931 3515 985 Romanorum
3560 928 3790 998 impera-

2190 1031 2276 1077 tor
2300 1023 2591 1094 Augustus.

2241 1113 2397 1181 Quia
2435 1122 2634 1169 nostrae
2674 1113 3031 1184 providentia:
3054 1128 3174 1169 esse
3203 1112 3429 1178 scimus,
3472 1127 3588 1167 non
3621 1111 3789 1166 solum

2191 1205 2345 1275 regni
2405 1188 2812 1275 gubernacula,
2872 1202 2970 1258 sed
3024 1204 3193 1257 etiam
3259 1212 3469 1258 sancta:
3531 1200 3791 1256 Ecclesia

2191 1293 2563 1349 moderamina
2605 1282 2924 1363 procurare,
2954 1300 3010 1347 et
3042 1294 3279 1348 maxime
3304 1292 3515 1347 Christi
3554 1290 3789 1346 ﬁdelium

2193 1384 2618 1439 necessitatibus
2647 1384 2841 1439 devote
2870 1384 3161 1447 inservire,
3192 1383 3397 1437 idcirco
3428 1398 3658 1452 eaquae
3699 1395 3790 1453 pro

2193 1476 2289 1531 Dei
2326 1477 2545 1551 honore
2571 1484 2628 1530 et
2653 1476 2872 1530 aeterna:
2900 1476 3025 1530 vita:
3060 1488 3247 1529 amore
3267 1474 3415 1529 circa
3439 1474 3714 1529 ecclesias
3736 1487 3789 1526 ac

2194 1566 2529 1621 monasteria
2567 1580 2853 1620 servorum
2880 1565 2977 1619 Dei
3017 1566 3257 1636 agimus,
3285 1564 3510 1633 silentio
3537 1566 3791 1633 obtegere

2194 1671 2303 1711 non
2349 1656 2628 1721 audemus,
2669 1671 2740 1711 ne
2788 1656 3092 1727 ignorantia
3135 1656 3549 1712 succedentium
3584 1657 3655 1711 ab
3700 1658 3789 1710 im-

2193 1741 2442 1818 portunis
2489 1748 2823 1818 quibuslibet
2860 1747 3171 1803 infidelibus
3215 1747 3387 1814 forte,
3438 1748 3592 1818 quod
3636 1749 3789 1812 absit,

2197 1840 2544 1909 infringatur.
2595 1839 2796 1895 Notum
2842 1856 2975 1912 ergo
3023 1839 3256 1896 facimus
3291 1840 3551 1895 tidelitati
3605 1850 3790 1896 vestrae

2195 1932 2338 1999 quod
2370 1929 2547 1984 fidelis
2588 1930 2919 1989 secretarius
2940 1939 3144 1995 noster
3170 1930 3433 1991 Rabanus
3469 1930 3791 1987 venerabilis

2196 2022 2365 2076 abbas
2413 2028 2617 2076 sancta:
2658 2020 2947 2076 Fuldensis
2973 2022 3219 2078 ecclesiae
3246 2024 3382 2077 adiit
3408 2023 3788 2078 excellentiam

2196 2112 2536 2166 celsitudinis
2566 2119 2767 2166 nostra:
2790 2152 2804 2177 ,
2837 2112 3126 2171 insinuans
3165 2113 3323 2167 nobis
3359 2129 3557 2168 curam
3589 2122 3647 2167 et
3690 2114 3791 2167 sol-

2195 2198 2531 2255 licitudinem
2563 2215 2717 2255 suam
2762 2216 2925 2271 quam
2965 2202 3113 2256 circa
3140 2202 3556 2273 conquirendas
3582 2212 3792 2257 sancto-

2198 2301 2316 2345 rum
2355 2291 2611 2361 reliquias
2638 2292 2824 2357 habet,
2855 2300 2965 2346 tam
2995 2308 3061 2347 ex
3087 2293 3332 2348 Romana
3356 2294 3615 2358 civitate,
3639 2308 3789 2362 quam

2196 2396 2262 2434 ex
2289 2380 2519 2436 diversis
2542 2382 2870 2455 civitatibus,
2897 2382 2988 2435 ubi
3014 2382 3233 2451 plurimi
3255 2391 3541 2455 martyres
3563 2384 3789 2439 tradide—

2197 2477 2326 2523 runt
2353 2484 2584 2541 corpora
2617 2454 2717 2525 sua
2739 2472 2804 2526 ad
2828 2471 3111 2542 supplicia,
3138 2483 3198 2537 ut
3223 2484 3582 2528 mererentur
3604 2475 3790 2529 habere

2198 2569 2486 2631 perpetuas
2535 2562 2587 2615 in
2628 2562 2834 2617 caelesti
2866 2578 3035 2631 regno
3070 2578 3302 2618 coronas
3340 2582 3353 2617 :
3389 2566 3613 2635 rogavit
3638 2565 3790 2636 igitur

2198 2650 2572 2705 excellentiam
2621 2651 2962 2708 celsitudinis
3012 2662 3214 2709 nostra:
3250 2653 3399 2709 idem
3440 2656 3535 2709 vir
3580 2670 3791 2711 venera-

2198 2743 2325 2799 bilis
2350 2742 2609 2800 Rabanus
2636 2745 2826 2812 abbas,
2858 2756 2918 2801 ut
2944 2756 3133 2801 nostra
3173 2747 3511 2802 auctoritate
3538 2747 3722 2803 liceret
3745 2751 3787 2802 ei

2197 2833 2404 2905 legatos
2446 2850 2576 2889 suos
2615 2835 2850 2907 dirigere
2891 2838 3071 2894 ubivis
3119 2846 3416 2910 terrarum,
3470 2849 3532 2896 et
3567 2841 3791 2895 maxime

2198 2937 2264 2978 ac
2300 2923 2574 2994 praecipue
2604 2925 2669 2979 ad
2710 2924 3012 2981 Romanam
3057 2928 3353 2991 civitatem,
3388 2940 3447 2983 et
3492 2945 3623 2984 cum
3654 2931 3788 2985 litte-

2198 3014 2276 3068 ris
2303 3023 2503 3070 nostrze
2528 3019 2868 3074 auctoritatis
2894 3034 3194 3089 exposcere
3220 3008 3632 3078 sacratissimos
3655 3024 3791 3077 cine-

2200 3120 2289 3159 res
2324 3114 2639 3161 sanctorum
2674 3117 3010 3179 martyrum;
3085 3110 3171 3164 cui
3202 3110 3567 3180 prmstitimus
3593 3125 3659 3166 ex
3706 3128 3791 3165 no-

2202 3206 2330 3251 strae
2357 3196 2700 3254 liberalitatis
2729 3199 3102 3255 munificentia
3133 3200 3475 3266 facultatem,
3505 3211 3569 3256 ut
3600 3216 3666 3255 ex
3709 3218 3787 3255 no.

2202 3294 2331 3342 strte
2371 3287 2757 3357 praeceptionis
2804 3290 3130 3345 auctoritate
3154 3291 3424 3345 scriberet
3453 3299 3513 3346 et
3554 3292 3793 3347 mitteret

2202 3378 2511 3449 ubicunque
2540 3386 2812 3435 terrarum
2836 3380 2998 3437 vellet
3026 3392 3247 3453 propter
3273 3382 3601 3453 przedictum
3640 3398 3798 3455 nego-

2204 3467 2339 3521 tium
2366 3482 2647 3523 sacrarum
2678 3469 3031 3539 reliquiarum
3061 3470 3600 3541 postulationrmque
3622 3513 3639 3536 ,
3692 3480 3798 3526 tam

2204 3557 2274 3611 ab
2317 3557 2613 3625 apostolico
2636 3572 2799 3628 quam
2840 3573 2870 3611 a
2907 3559 3122 3614 creteris
3167 3559 3422 3615 fidelibus
3454 3577 3467 3613 :
3501 3560 3654 3615 unde
3681 3574 3798 3614 cum

2204 3647 2358 3702 labor
2388 3654 2550 3701 tanta:
2589 3647 2894 3703 sedulitatis
2931 3648 3050 3719 ejus
3077 3663 3186 3703 non
3218 3657 3363 3704 esset
3387 3649 3588 3713 inanis,
3626 3663 3798 3717 nuper

2204 3738 2525 3800 audivimus,
2558 3739 2685 3807 quia
2709 3753 2909 3808 corpus
2948 3740 3124 3794 sancti
3157 3738 3406 3793 Venantii
3449 3739 3716 3807 martyris
3740 3740 3801 3791 de

2204 3816 2509 3898 longinquis
2566 3837 2840 3882 terrarum
2880 3829 3127 3898 partibus
3179 3827 3598 3897 acquisivisset,
3653 3836 3709 3881 et
3752 3827 3801 3879 in

2204 3919 2432 3975 ecclesia
2468 3918 2641 3973 sancti
2671 3916 2898 3973 Joannis
2941 3918 3199 3989 Baptistae
3244 3916 3801 3972 honoriﬁcentissime

2203 4011 2544 4074 collocassct,
2588 3994 2742 4079 cujus
2784 4010 2975 4065 merita
3022 4018 3281 4081 martyris
3324 4008 3378 4064 in
3409 4007 3676 4063 Fuldensi
3706 4022 3795 4062 ec-

2204 4101 2368 4156 clesia
2395 4116 2464 4155 ex
2491 4100 2879 4155 testificatione
2900 4100 3290 4154 miraculorum
3313 4098 3458 4154 facta
3484 4106 3619 4153 sunt
3640 4098 3797 4169 longe

2202 4192 2417 4261 lateque
2444 4190 2801 4246 celeberrima
2843 4208 2857 4242 :
2899 4197 3201 4245 accurrunt
3227 4188 3376 4243 enim
3405 4186 3615 4242 inﬁmi
3638 4197 3698 4242 et
3726 4203 3803 4242 sa-

2204 4292 2434 4348 nantur;
2465 4280 2799 4342 daemoniosi,
2830 4288 2885 4334 et
2916 4279 3254 4345 liberantur;
3284 4278 3599 4349 paralytiei,
3624 4289 3683 4333 et
3706 4294 3798 4332 cu-

2204 4382 2427 4439 rantur;
2458 4373 2611 4436 cmci,
2657 4379 2712 4426 et
2739 4370 3145 4435 illuminantur;
3178 4376 3234 4423 et
3260 4383 3329 4423 ex
3365 4368 3688 4427 omnimoda
3717 4369 3798 4421 in»

2206 4466 2463 4520 firmitate
2501 4478 2672 4535 genus
2701 4463 2999 4517 humanum
3034 4476 3133 4530 per
3166 4460 3397 4532 gratiam
3451 4459 3671 4513 Domini
3707 4475 3800 4513 no—

2202 4556 2303 4611 stri
2352 4553 2482 4609 Jesu
2524 4552 2755 4618 Christi,
2786 4566 2889 4621 ope
2931 4550 3424 4626 etintcrcessione
3466 4550 3649 4605 sancti
3700 4550 3801 4603 V’e-

2204 4644 2378 4701 nantii
2437 4643 2713 4709 salvetur;
2764 4640 2918 4709 cujus
2965 4640 3096 4696 facti
3146 4640 3292 4695 fama
3339 4655 3439 4695 nos
3479 4654 3550 4694 ex
3616 4640 3801 4694 divina

2202 4738 2617 4811 compunctione
2659 4736 2996 4801 commoniti,
3052 4735 3259 4813 gratias
3314 4735 3527 4805 agimus
3589 4735 3708 4790 Deo
3752 4746 3805 4790 et

2203 4839 2395 4886 sancto
2432 4827 2548 4897 ejus
2598 4826 2827 4897 martyri
2857 4826 3152 4889 Venantio,
3185 4825 3275 4893 qui
3300 4824 3506 4879 nostris
3532 4825 3802 4895 tempori-

2203 4922 2303 4975 bus
2350 4921 2404 4974 in
2453 4918 2658 4973 nostris
2686 4925 2954 4995 terrarum
2985 4915 3235 4985 partibus
3279 4916 3503 4970 visitare
3542 4914 3803 4986 dignatus

2207 5022 2293 5067 est
2349 5012 2563 5081 plebem
2616 5025 2808 5073 suam,
2874 5017 2929 5063 ct
2983 5024 3050 5061 ex
3105 5007 3337 5063 diversis
3382 5009 3800 5064 necessitatibus

2203 5112 2258 5157 ct
2319 5101 2583 5171 angustiis
2635 5098 2850 5153 miseris
2894 5095 3231 5165 ,mortalibus
3296 5097 3551 5168 dignatur
3601 5099 3800 5152 subve~

2206 5198 2343 5259 nire,
2401 5193 2628 5263 proinde
2669 5198 2861 5262 rogatu
2912 5197 2967 5244 et
3008 5189 3269 5259 petitione
3310 5191 3557 5261 praedicti
3614 5208 3797 5247 secre-

2209 5287 2332 5340 talis
2362 5286 2536 5340 nostri
2585 5283 2795 5338 Rabani
2852 5282 3065 5337 abbatis
3112 5281 3397 5337 offerimus
3442 5298 3539 5338 nos
3578 5282 3697 5338 Deo
3744 5294 3799 5337 et

2211 5386 2396 5431 sancto
2445 5374 2744 5438 Bonifacio,
2800 5379 3099 5442 sanctoque
3158 5373 3386 5443 martyri
3438 5374 3702 5440 Venantio
3745 5373 3797 5427 in

2204 5510 2453 5578 inalbergi
2479 5505 2891 5578 significatione.

2270 5593 2299 5628 ο
2317 5574 2591 5647 Coujcctbs
2615 5575 2817 5646 aliquos
2833 5574 3135 5647 exigendas.
3160 5574 3453 5647 Conjectus
3478 5574 3789 5647 estcontri-

2198 5651 2374 5711 lautio,
2398 5643 2620 5702 collecta
2646 5662 2660 5709 ;
2693 5643 2754 5699 ea
2779 5646 3015 5699 maxime
3038 5660 3159 5715 quae
3185 5660 3214 5699 a
3241 5643 3439 5715 pOpulo
3462 5643 3623 5714 regiis
3660 5645 3789 5699 nnis-

2205 5721 2279 5774 sis
2306 5720 2363 5773 in
2384 5719 2577 5772 itinere
2604 5714 2996 5770 exsolvebatur.
