  <div class='ocr_page' id='page_1' title='image "/cluster/home/n/w/nwhite01/storage/ocr_20150623/104/uva.x000827061/536.png"; bbox 0 0 3936 6322; ppageno 0'>
   <div class='ocr_carea' id='block_1_1' title="bbox 132 360 265 419">
    <p class='ocr_par' dir='ltr' id='par_1_1' title="bbox 132 360 265 419">
     <span class='ocr_line' id='line_1_1' title="bbox 132 360 265 419; baseline 0.008 -1"><span class='ocrx_word' id='word_1_1' title='bbox 132 360 265 419; x_wconf 71' lang='lat' dir='ltr'><strong>i057</strong></span> 
     </span>
    </p>
   </div>
   <div class='ocr_carea' id='block_1_2' title="bbox 1272 348 2257 416">
    <p class='ocr_par' dir='ltr' id='par_1_2' title="bbox 1272 348 2257 416">
     <span class='ocr_line' id='line_1_2' title="bbox 1272 348 2257 416; baseline 0.002 -5"><span class='ocrx_word' id='word_1_2' title='bbox 1272 348 1665 411; x_wconf 37' lang='lat' dir='ltr'><strong>DlPL&#39;OMA&#39;l‘A</strong></span> <span class='ocrx_word' id='word_1_3' title='bbox 1700 356 2257 416; x_wconf 73' lang='lat' dir='ltr'><strong>ECCLESIASTICA.</strong></span> 
     </span>
    </p>
   </div>
   <div class='ocr_carea' id='block_1_3' title="bbox 3254 374 3391 430">
    <p class='ocr_par' dir='ltr' id='par_1_3' title="bbox 3254 374 3391 430">
     <span class='ocr_line' id='line_1_3' title="bbox 3254 374 3391 430; baseline 0.015 -2"><span class='ocrx_word' id='word_1_4' title='bbox 3254 374 3391 430; x_wconf 69' lang='grc'><strong>1058</strong></span> 
     </span>
    </p>
   </div>
   <div class='ocr_carea' id='block_1_4' title="bbox 128 454 3393 551">
    <p class='ocr_par' dir='ltr' id='par_1_4' title="bbox 128 454 3393 551">
     <span class='ocr_line' id='line_1_4' title="bbox 128 454 3393 551; baseline 0.002 -21"><span class='ocrx_word' id='word_1_5' title='bbox 128 477 351 551; x_wconf 64' lang='lat' dir='ltr'><strong>praefato</strong></span> <span class='ocrx_word' id='word_1_6' title='bbox 410 474 583 529; x_wconf 86' lang='lat' dir='ltr'><strong>sancti</strong></span> <span class='ocrx_word' id='word_1_7' title='bbox 637 471 861 527; x_wconf 81' lang='lat' dir='ltr'><strong>Joannis</strong></span> <span class='ocrx_word' id='word_1_8' title='bbox 921 470 1252 525; x_wconf 85' lang='lat' dir='ltr'><strong>monasterio</strong></span> <span class='ocrx_word' id='word_1_9' title='bbox 1314 469 1579 540; x_wconf 88' lang='lat' dir='ltr'><strong>quasdam</strong></span> <span class='ocrx_word' id='word_1_10' title='bbox 1628 484 1717 524; x_wconf 88' lang='lat' dir='ltr'><strong>res</strong></span> <span class='ocrx_word' id='word_1_11' title='bbox 1744 476 1794 531; x_wconf 74' lang='grc' dir='ltr'><strong>Α</strong></span> <span class='ocrx_word' id='word_1_12' title='bbox 1821 456 1999 525; x_wconf 67' lang='lat' dir='ltr'><strong>Dersi</strong></span> <span class='ocrx_word' id='word_1_13' title='bbox 2035 486 2195 540; x_wconf 91' lang='lat' dir='ltr'><strong>quam</strong></span> <span class='ocrx_word' id='word_1_14' title='bbox 2224 472 2496 527; x_wconf 86' lang='lat' dir='ltr'><strong>abbatiam</strong></span> <span class='ocrx_word' id='word_1_15' title='bbox 2525 489 2645 529; x_wconf 91' lang='lat' dir='ltr'><strong>cum</strong></span> <span class='ocrx_word' id='word_1_16' title='bbox 2671 475 2874 532; x_wconf 85' lang='lat' dir='ltr'><strong>foreste</strong></span> <span class='ocrx_word' id='word_1_17' title='bbox 2922 454 3119 533; x_wconf 18' lang='lat' dir='ltr'><strong>nostrai</strong></span> <span class='ocrx_word' id='word_1_18' title='bbox 3159 481 3393 538; x_wconf 87' lang='lat' dir='ltr'><strong>indomi-</strong></span> 
     </span>
    </p>
   </div>
   <div class='ocr_carea' id='block_1_5' title="bbox 128 560 1716 639">
    <p class='ocr_par' dir='ltr' id='par_1_5' title="bbox 128 560 1716 639">
     <span class='ocr_line' id='line_1_5' title="bbox 128 560 1716 639; baseline -0.008 -15"><span class='ocrx_word' id='word_1_19' title='bbox 128 566 477 639; x_wconf 88' lang='lat' dir='ltr'><strong>proprietatis</strong></span> <span class='ocrx_word' id='word_1_20' title='bbox 524 573 726 619; x_wconf 78' lang='lat' dir='ltr'><strong>nostrae</strong></span> <span class='ocrx_word' id='word_1_21' title='bbox 753 604 767 629; x_wconf 95' lang='lat'><strong>,</strong></span> <span class='ocrx_word' id='word_1_22' title='bbox 815 564 918 619; x_wconf 89' lang='lat' dir='ltr'><strong>hoc</strong></span> <span class='ocrx_word' id='word_1_23' title='bbox 967 570 1051 617; x_wconf 85' lang='lat' dir='ltr'><strong>est</strong></span> <span class='ocrx_word' id='word_1_24' title='bbox 1112 561 1294 615; x_wconf 88' lang='lat' dir='ltr'><strong>villam</strong></span> <span class='ocrx_word' id='word_1_25' title='bbox 1345 560 1716 630; x_wconf 86' lang='lat' dir='ltr'><strong>Urespringen</strong></span> 
     </span>
    </p>
   </div>
   <div class='ocr_carea' id='block_1_6' title="bbox 129 653 1716 732">
    <p class='ocr_par' dir='ltr' id='par_1_6' title="bbox 129 653 1716 732">
     <span class='ocr_line' id='line_1_6' title="bbox 129 653 1716 732; baseline -0.008 -13"><span class='ocrx_word' id='word_1_26' title='bbox 129 670 498 732; x_wconf 78' lang='lat' dir='ltr'><strong>nuncupatam</strong></span> <span class='ocrx_word' id='word_1_27' title='bbox 540 675 663 715; x_wconf 92' lang='lat' dir='ltr'><strong>cum</strong></span> <span class='ocrx_word' id='word_1_28' title='bbox 710 658 963 713; x_wconf 87' lang='lat' dir='ltr'><strong>omnibus</strong></span> <span class='ocrx_word' id='word_1_29' title='bbox 1018 656 1220 710; x_wconf 87' lang='lat' dir='ltr'><strong>villulis</strong></span> <span class='ocrx_word' id='word_1_30' title='bbox 1266 662 1320 710; x_wconf 89' lang='lat' dir='ltr'><strong>et</strong></span> <span class='ocrx_word' id='word_1_31' title='bbox 1347 654 1560 719; x_wconf 78' lang='lat' dir='ltr'><strong>viculis,</strong></span> <span class='ocrx_word' id='word_1_32' title='bbox 1608 653 1716 706; x_wconf 91' lang='lat' dir='ltr'><strong>imo</strong></span> 
     </span>
    </p>
   </div>
   <div class='ocr_carea' id='block_1_7' title="bbox 128 743 1717 828">
    <p class='ocr_par' dir='ltr' id='par_1_7' title="bbox 128 743 1717 828">
     <span class='ocr_line' id='line_1_7' title="bbox 128 743 1717 828; baseline -0.007 -21"><span class='ocrx_word' id='word_1_33' title='bbox 128 768 254 808; x_wconf 88' lang='lat' dir='ltr'><strong>cum</strong></span> <span class='ocrx_word' id='word_1_34' title='bbox 299 751 509 807; x_wconf 91' lang='lat' dir='ltr'><strong>cunctis</strong></span> <span class='ocrx_word' id='word_1_35' title='bbox 552 747 889 819; x_wconf 89' lang='lat' dir='ltr'><strong>appendiciis</strong></span> <span class='ocrx_word' id='word_1_36' title='bbox 949 755 1003 800; x_wconf 92' lang='lat' dir='ltr'><strong>et</strong></span> <span class='ocrx_word' id='word_1_37' title='bbox 1063 744 1410 815; x_wconf 89' lang='lat' dir='ltr'><strong>pertinentiis</strong></span> <span class='ocrx_word' id='word_1_38' title='bbox 1453 745 1601 828; x_wconf 85' lang='lat' dir='ltr'><strong>suis,</strong></span> <span class='ocrx_word' id='word_1_39' title='bbox 1664 743 1717 797; x_wconf 91' lang='lat' dir='ltr'><strong>id</strong></span> 
     </span>
    </p>
   </div>
   <div class='ocr_carea' id='block_1_8' title="bbox 124 836 1713 913">
    <p class='ocr_par' dir='ltr' id='par_1_8' title="bbox 124 836 1713 913">
     <span class='ocr_line' id='line_1_8' title="bbox 124 836 1713 913; baseline -0.007 -13"><span class='ocrx_word' id='word_1_40' title='bbox 124 854 216 901; x_wconf 89' lang='lat' dir='ltr'><strong>est</strong></span> <span class='ocrx_word' id='word_1_41' title='bbox 272 844 453 908; x_wconf 91' lang='lat' dir='ltr'><strong>terris,</strong></span> <span class='ocrx_word' id='word_1_42' title='bbox 496 842 663 913; x_wconf 82' lang='lat' dir='ltr'><strong>agris,</strong></span> <span class='ocrx_word' id='word_1_43' title='bbox 713 839 903 910; x_wconf 90' lang='lat' dir='ltr'><strong>pratis,</strong></span> <span class='ocrx_word' id='word_1_44' title='bbox 954 838 1139 909; x_wconf 78' lang='lat' dir='ltr'><strong>sylvis,</strong></span> <span class='ocrx_word' id='word_1_45' title='bbox 1194 836 1713 907; x_wconf 88' lang='lat' dir='ltr'><strong>campis,--pascuis,</strong></span> 
     </span>
    </p>
   </div>
   <div class='ocr_carea' id='block_1_9' title="bbox 132 927 1718 999">
    <p class='ocr_par' dir='ltr' id='par_1_9' title="bbox 132 927 1718 999">
     <span class='ocr_line' id='line_1_9' title="bbox 132 927 1718 999; baseline -0.007 -8"><span class='ocrx_word' id='word_1_46' title='bbox 132 934 435 999; x_wconf 80' lang='lat' dir='ltr'><strong>eurtilibus,</strong></span> <span class='ocrx_word' id='word_1_47' title='bbox 488 933 657 997; x_wconf 90' lang='lat' dir='ltr'><strong>areis,</strong></span> <span class='ocrx_word' id='word_1_48' title='bbox 703 930 971 995; x_wconf 82' lang='lat' dir='ltr'><strong>domibus,</strong></span> <span class='ocrx_word' id='word_1_49' title='bbox 1026 927 1266 994; x_wconf 83' lang='lat' dir='ltr'><strong>familiis,</strong></span> <span class='ocrx_word' id='word_1_50' title='bbox 1309 928 1488 999; x_wconf 87' lang='lat' dir='ltr'><strong>aquis,</strong></span> <span class='ocrx_word' id='word_1_51' title='bbox 1534 940 1718 997; x_wconf 84' lang='lat' dir='ltr'><strong>pome-</strong></span> 
     </span>
    </p>
   </div>
   <div class='ocr_carea' id='block_1_10' title="bbox 134 1020 1714 1092">
    <p class='ocr_par' dir='ltr' id='par_1_10' title="bbox 134 1020 1714 1092">
     <span class='ocr_line' id='line_1_10' title="bbox 134 1020 1714 1092; baseline -0.004 -12"><span class='ocrx_word' id='word_1_52' title='bbox 134 1027 263 1092; x_wconf 88' lang='lat' dir='ltr'><strong>riis,</strong></span> <span class='ocrx_word' id='word_1_53' title='bbox 298 1024 467 1080; x_wconf 86' lang='lat' dir='ltr'><strong>cultis</strong></span> <span class='ocrx_word' id='word_1_54' title='bbox 509 1033 563 1079; x_wconf 90' lang='lat' dir='ltr'><strong>et</strong></span> <span class='ocrx_word' id='word_1_55' title='bbox 603 1022 841 1087; x_wconf 79' lang='lat' dir='ltr'><strong>incultis,</strong></span> <span class='ocrx_word' id='word_1_56' title='bbox 886 1020 1175 1076; x_wconf 88' lang='lat' dir='ltr'><strong>mobilibus</strong></span> <span class='ocrx_word' id='word_1_57' title='bbox 1220 1028 1275 1075; x_wconf 87' lang='lat' dir='ltr'><strong>et</strong></span> <span class='ocrx_word' id='word_1_58' title='bbox 1317 1020 1714 1082; x_wconf 86' lang='lat' dir='ltr'><strong>immobilibus,</strong></span> 
     </span>
    </p>
   </div>
   <div class='ocr_carea' id='block_1_11' title="bbox 132 1106 1720 1174">
    <p class='ocr_par' dir='ltr' id='par_1_11' title="bbox 132 1106 1720 1174">
     <span class='ocr_line' id='line_1_11' title="bbox 132 1106 1720 1174; baseline -0.008 -3"><span class='ocrx_word' id='word_1_59' title='bbox 132 1115 368 1171; x_wconf 67' lang='lat' dir='ltr'><strong>uitibus</strong></span> <span class='ocrx_word' id='word_1_60' title='bbox 411 1122 466 1169; x_wconf 93' lang='lat' dir='ltr'><strong>et</strong></span> <span class='ocrx_word' id='word_1_61' title='bbox 510 1111 828 1174; x_wconf 88' lang='lat' dir='ltr'><strong>redditibus,</strong></span> <span class='ocrx_word' id='word_1_62' title='bbox 874 1110 979 1163; x_wconf 88' lang='lat' dir='ltr'><strong>viis</strong></span> <span class='ocrx_word' id='word_1_63' title='bbox 1024 1117 1080 1164; x_wconf 92' lang='lat' dir='ltr'><strong>et</strong></span> <span class='ocrx_word' id='word_1_64' title='bbox 1122 1109 1307 1174; x_wconf 81' lang='lat' dir='ltr'><strong>inviis,</strong></span> <span class='ocrx_word' id='word_1_65' title='bbox 1353 1114 1525 1161; x_wconf 89' lang='lat' dir='ltr'><strong>totum</strong></span> <span class='ocrx_word' id='word_1_66' title='bbox 1560 1106 1720 1161; x_wconf 89' lang='lat' dir='ltr'><strong>etin-</strong></span> 
     </span>
    </p>
   </div>
   <div class='ocr_carea' id='block_1_12' title="bbox 134 1200 1720 1279">
    <p class='ocr_par' dir='ltr' id='par_1_12' title="bbox 134 1200 1720 1279">
     <span class='ocr_line' id='line_1_12' title="bbox 134 1200 1720 1279; baseline -0.007 -15"><span class='ocrx_word' id='word_1_67' title='bbox 134 1208 343 1279; x_wconf 62' lang='lat' dir='ltr'><strong>tbgrmn</strong></span> <span class='ocrx_word' id='word_1_68' title='bbox 393 1207 657 1262; x_wconf 80' lang='lat' dir='ltr'><strong>tradimus</strong></span> <span class='ocrx_word' id='word_1_69' title='bbox 707 1212 870 1274; x_wconf 89' lang='lat' dir='ltr'><strong>atque</strong></span> <span class='ocrx_word' id='word_1_70' title='bbox 910 1203 1207 1269; x_wconf 77' lang='lat' dir='ltr'><strong>donamus,</strong></span> <span class='ocrx_word' id='word_1_71' title='bbox 1253 1200 1618 1269; x_wconf 87' lang='lat' dir='ltr'><strong>traditumque</strong></span> <span class='ocrx_word' id='word_1_72' title='bbox 1664 1202 1720 1253; x_wconf 92' lang='lat' dir='ltr'><strong>in</strong></span> 
     </span>
    </p>
   </div>
   <div class='ocr_carea' id='block_1_13' title="bbox 134 1291 1724 1368">
    <p class='ocr_par' dir='ltr' id='par_1_13' title="bbox 134 1291 1724 1368">
     <span class='ocr_line' id='line_1_13' title="bbox 134 1291 1724 1368; baseline -0.004 -17"><span class='ocrx_word' id='word_1_73' title='bbox 134 1299 456 1368; x_wconf 68' lang='lat' dir='ltr'><strong>perpetuum</strong></span> <span class='ocrx_word' id='word_1_74' title='bbox 487 1305 617 1350; x_wconf 85' lang='lat' dir='ltr'><strong>esse</strong></span> <span class='ocrx_word' id='word_1_75' title='bbox 631 1291 1126 1364; x_wconf 65' lang='lat' dir='ltr'><strong>volumusprazfato</strong></span> <span class='ocrx_word' id='word_1_76' title='bbox 1151 1293 1272 1347; x_wconf 92' lang='lat' dir='ltr'><strong>loco</strong></span> <span class='ocrx_word' id='word_1_77' title='bbox 1290 1300 1391 1361; x_wconf 90' lang='lat' dir='ltr'><strong>pro</strong></span> <span class='ocrx_word' id='word_1_78' title='bbox 1410 1292 1605 1345; x_wconf 72' lang='lat' dir='ltr'><strong>anima:</strong></span> <span class='ocrx_word' id='word_1_79' title='bbox 1630 1305 1724 1345; x_wconf 79' lang='lat' dir='ltr'><strong>no-</strong></span> 
     </span>
    </p>
   </div>
   <div class='ocr_carea' id='block_1_14' title="bbox 134 1382 1719 1457">
    <p class='ocr_par' dir='ltr' id='par_1_14' title="bbox 134 1382 1719 1457">
     <span class='ocr_line' id='line_1_14' title="bbox 134 1382 1719 1457; baseline -0.004 -13"><span class='ocrx_word' id='word_1_80' title='bbox 134 1396 264 1445; x_wconf 72' lang='lat' dir='ltr'><strong>stra:</strong></span> <span class='ocrx_word' id='word_1_81' title='bbox 290 1386 561 1453; x_wconf 67' lang='lat' dir='ltr'><strong>remedio,</strong></span> <span class='ocrx_word' id='word_1_82' title='bbox 577 1394 631 1441; x_wconf 91' lang='lat' dir='ltr'><strong>et</strong></span> <span class='ocrx_word' id='word_1_83' title='bbox 644 1386 746 1457; x_wconf 88' lang='lat' dir='ltr'><strong>piae</strong></span> <span class='ocrx_word' id='word_1_84' title='bbox 762 1385 1037 1443; x_wconf 87' lang='lat' dir='ltr'><strong>memoriae</strong></span> <span class='ocrx_word' id='word_1_85' title='bbox 1060 1384 1326 1454; x_wconf 75' lang='lat' dir='ltr'><strong>genitoris</strong></span> <span class='ocrx_word' id='word_1_86' title='bbox 1338 1384 1514 1439; x_wconf 90' lang='lat' dir='ltr'><strong>nostri</strong></span> <span class='ocrx_word' id='word_1_87' title='bbox 1541 1382 1719 1439; x_wconf 85' lang='lat' dir='ltr'><strong>Caroli</strong></span> 
     </span>
    </p>
   </div>
   <div class='ocr_carea' id='block_1_15' title="bbox 134 1467 1719 1551">
    <p class='ocr_par' dir='ltr' id='par_1_15' title="bbox 134 1467 1719 1551">
     <span class='ocr_line' id='line_1_15' title="bbox 134 1467 1719 1551; baseline -0.007 -13"><span class='ocrx_word' id='word_1_88' title='bbox 134 1467 517 1551; x_wconf 67' lang='lat' dir='ltr'><strong>imperatoris;</strong></span> <span class='ocrx_word' id='word_1_89' title='bbox 548 1479 651 1534; x_wconf 86' lang='lat' dir='ltr'><strong>hoc</strong></span> <span class='ocrx_word' id='word_1_90' title='bbox 698 1476 1137 1533; x_wconf 76' lang='lat' dir='ltr'><strong>conditionalfter</strong></span> <span class='ocrx_word' id='word_1_91' title='bbox 1167 1483 1471 1531; x_wconf 83' lang='lat' dir='ltr'><strong>statuentes</strong></span> <span class='ocrx_word' id='word_1_92' title='bbox 1494 1516 1509 1541; x_wconf 95' lang='lat'><strong>,</strong></span> <span class='ocrx_word' id='word_1_93' title='bbox 1539 1483 1600 1528; x_wconf 90' lang='lat' dir='ltr'><strong>ut</strong></span> <span class='ocrx_word' id='word_1_94' title='bbox 1628 1490 1719 1528; x_wconf 87' lang='lat' dir='ltr'><strong>no-</strong></span> 
     </span>
    </p>
   </div>
   <div class='ocr_carea' id='block_1_16' title="bbox 133 1562 1723 1627">
    <p class='ocr_par' dir='ltr' id='par_1_16' title="bbox 133 1562 1723 1627">
     <span class='ocr_line' id='line_1_16' title="bbox 133 1562 1723 1627; baseline -0.006 0"><span class='ocrx_word' id='word_1_95' title='bbox 133 1572 240 1627; x_wconf 80' lang='lat' dir='ltr'><strong>stri</strong></span> <span class='ocrx_word' id='word_1_96' title='bbox 266 1566 871 1626; x_wconf 76' lang='lat' dir='ltr'><strong>commemoratiointer</strong></span> <span class='ocrx_word' id='word_1_97' title='bbox 883 1564 1082 1621; x_wconf 81' lang='lat' dir='ltr'><strong>fratres</strong></span> <span class='ocrx_word' id='word_1_98' title='bbox 1096 1563 1299 1619; x_wconf 89' lang='lat' dir='ltr'><strong>Fulden</strong></span> <span class='ocrx_word' id='word_1_99' title='bbox 1308 1562 1383 1619; x_wconf 87' lang='lat' dir='ltr'><strong>sis</strong></span> <span class='ocrx_word' id='word_1_100' title='bbox 1408 1563 1723 1617; x_wconf 86' lang='lat' dir='ltr'><strong>monasterii</strong></span> 
     </span>
    </p>
   </div>
   <div class='ocr_carea' id='block_1_17' title="bbox 132 1655 1725 1727">
    <p class='ocr_par' dir='ltr' id='par_1_17' title="bbox 132 1655 1725 1727">
     <span class='ocr_line' id='line_1_17' title="bbox 132 1655 1725 1727; baseline -0.004 -12"><span class='ocrx_word' id='word_1_101' title='bbox 132 1667 193 1717; x_wconf 89' lang='lat' dir='ltr'><strong>et</strong></span> <span class='ocrx_word' id='word_1_102' title='bbox 202 1659 460 1715; x_wconf 87' lang='lat' dir='ltr'><strong>attentius</strong></span> <span class='ocrx_word' id='word_1_103' title='bbox 472 1666 527 1713; x_wconf 91' lang='lat' dir='ltr'><strong>et</strong></span> <span class='ocrx_word' id='word_1_104' title='bbox 541 1657 878 1727; x_wconf 77' lang='lat' dir='ltr'><strong>frequentius</strong></span> <span class='ocrx_word' id='word_1_105' title='bbox 893 1656 1004 1721; x_wconf 90' lang='lat' dir='ltr'><strong>ﬁat,</strong></span> <span class='ocrx_word' id='word_1_106' title='bbox 1020 1671 1128 1727; x_wconf 91' lang='lat' dir='ltr'><strong>quo</strong></span> <span class='ocrx_word' id='word_1_107' title='bbox 1144 1657 1345 1711; x_wconf 89' lang='lat' dir='ltr'><strong>nostris</strong></span> <span class='ocrx_word' id='word_1_108' title='bbox 1360 1655 1725 1711; x_wconf 89' lang='lat' dir='ltr'><strong>oblationibus</strong></span> 
     </span>
    </p>
   </div>
   <div class='ocr_carea' id='block_1_18' title="bbox 122 1746 1721 1816">
    <p class='ocr_par' dir='ltr' id='par_1_18' title="bbox 122 1746 1721 1816">
     <span class='ocr_line' id='line_1_18' title="bbox 122 1746 1721 1816; baseline -0.004 -10"><span class='ocrx_word' id='word_1_109' title='bbox 122 1746 302 1809; x_wconf 80' lang='lat' dir='ltr'><strong>.iidem</strong></span> <span class='ocrx_word' id='word_1_110' title='bbox 329 1748 527 1804; x_wconf 82' lang='lat' dir='ltr'><strong>fratres</strong></span> <span class='ocrx_word' id='word_1_111' title='bbox 550 1748 846 1803; x_wconf 89' lang='lat' dir='ltr'><strong>sustentari</strong></span> <span class='ocrx_word' id='word_1_112' title='bbox 873 1747 1127 1802; x_wconf 89' lang='lat' dir='ltr'><strong>videntur</strong></span> <span class='ocrx_word' id='word_1_113' title='bbox 1158 1765 1171 1799; x_wconf 88' lang='lat'><strong>:</strong></span> <span class='ocrx_word' id='word_1_114' title='bbox 1199 1746 1405 1816; x_wconf 88' lang='lat' dir='ltr'><strong>placuit</strong></span> <span class='ocrx_word' id='word_1_115' title='bbox 1426 1761 1556 1815; x_wconf 85' lang='lat' dir='ltr'><strong>ergo</strong></span> <span class='ocrx_word' id='word_1_116' title='bbox 1579 1746 1721 1801; x_wconf 92' lang='lat' dir='ltr'><strong>idem</strong></span> 
     </span>
    </p>
   </div>
   <div class='ocr_carea' id='block_1_19' title="bbox 1817 563 3397 640">
    <p class='ocr_par' dir='ltr' id='par_1_19' title="bbox 1817 563 3397 640">
     <span class='ocr_line' id='line_1_19' title="bbox 1817 563 3397 640; baseline 0.009 -25"><span class='ocrx_word' id='word_1_117' title='bbox 1817 563 1997 617; x_wconf 88' lang='lat' dir='ltr'><strong>nicata</strong></span> <span class='ocrx_word' id='word_1_118' title='bbox 2027 573 2081 619; x_wconf 91' lang='lat' dir='ltr'><strong>et</strong></span> <span class='ocrx_word' id='word_1_119' title='bbox 2108 564 2351 620; x_wconf 90' lang='lat' dir='ltr'><strong>omnium</strong></span> <span class='ocrx_word' id='word_1_120' title='bbox 2377 582 2557 620; x_wconf 88' lang='lat' dir='ltr'><strong>rerum</strong></span> <span class='ocrx_word' id='word_1_121' title='bbox 2591 583 2799 623; x_wconf 88' lang='lat' dir='ltr'><strong>summa</strong></span> <span class='ocrx_word' id='word_1_122' title='bbox 2831 570 3142 640; x_wconf 80' lang='lat' dir='ltr'><strong>integritate</strong></span> <span class='ocrx_word' id='word_1_123' title='bbox 3162 612 3176 637; x_wconf 91' lang='lat'><strong>,</strong></span> <span class='ocrx_word' id='word_1_124' title='bbox 3210 573 3397 630; x_wconf 88' lang='lat' dir='ltr'><strong>videli-</strong></span> 
     </span>
    </p>
   </div>
   <div class='ocr_carea' id='block_1_20' title="bbox 1817 655 3398 732">
    <p class='ocr_par' dir='ltr' id='par_1_20' title="bbox 1817 655 3398 732">
     <span class='ocr_line' id='line_1_20' title="bbox 1817 655 3398 732; baseline 0.008 -25"><span class='ocrx_word' id='word_1_125' title='bbox 1817 661 1903 707; x_wconf 95' lang='lat' dir='ltr'><strong>cet</strong></span> <span class='ocrx_word' id='word_1_126' title='bbox 1946 669 2069 709; x_wconf 92' lang='lat' dir='ltr'><strong>cum</strong></span> <span class='ocrx_word' id='word_1_127' title='bbox 2112 655 2286 719; x_wconf 81' lang='lat' dir='ltr'><strong>villis,</strong></span> <span class='ocrx_word' id='word_1_128' title='bbox 2321 671 2444 709; x_wconf 90' lang='lat' dir='ltr'><strong>cum</strong></span> <span class='ocrx_word' id='word_1_129' title='bbox 2486 656 2685 711; x_wconf 69' lang='lat' dir='ltr'><strong>\‘illulis</strong></span> <span class='ocrx_word' id='word_1_130' title='bbox 2710 700 2731 724; x_wconf 61' lang='grc' dir='ltr'><strong>ι</strong></span> <span class='ocrx_word' id='word_1_131' title='bbox 2772 660 3057 729; x_wconf 82' lang='lat' dir='ltr'><strong>mancipiis</strong></span> <span class='ocrx_word' id='word_1_132' title='bbox 3116 661 3398 732; x_wconf 79' lang='lat' dir='ltr'><strong>utriusque</strong></span> 
     </span>
    </p>
   </div>
   <div class='ocr_carea' id='block_1_21' title="bbox 1818 743 3399 818">
    <p class='ocr_par' dir='ltr' id='par_1_21' title="bbox 1818 743 3399 818">
     <span class='ocr_line' id='line_1_21' title="bbox 1818 743 3399 818; baseline 0.006 -21"><span class='ocrx_word' id='word_1_133' title='bbox 1818 758 1998 810; x_wconf 84' lang='lat' dir='ltr'><strong>sexus,</strong></span> <span class='ocrx_word' id='word_1_134' title='bbox 2031 743 2202 809; x_wconf 86' lang='lat' dir='ltr'><strong>silvis,</strong></span> <span class='ocrx_word' id='word_1_135' title='bbox 2242 746 2433 814; x_wconf 88' lang='lat' dir='ltr'><strong>pratis,</strong></span> <span class='ocrx_word' id='word_1_136' title='bbox 2471 748 2706 815; x_wconf 88' lang='lat' dir='ltr'><strong>pascuis,</strong></span> <span class='ocrx_word' id='word_1_137' title='bbox 2740 748 2895 817; x_wconf 87' lang='lat' dir='ltr'><strong>aquis</strong></span> <span class='ocrx_word' id='word_1_138' title='bbox 2926 764 3261 818; x_wconf 86' lang='lat' dir='ltr'><strong>aquarumve</strong></span> <span class='ocrx_word' id='word_1_139' title='bbox 3304 750 3399 806; x_wconf 45' lang='lat' dir='ltr'><strong>de.</strong></span> 
     </span>
    </p>
   </div>
   <div class='ocr_carea' id='block_1_22' title="bbox 1818 822 3399 910">
    <p class='ocr_par' dir='ltr' id='par_1_22' title="bbox 1818 822 3399 910">
     <span class='ocr_line' id='line_1_22' title="bbox 1818 822 3399 910; baseline 0.006 -23"><span class='ocrx_word' id='word_1_140' title='bbox 1818 835 2071 889; x_wconf 84' lang='lat' dir='ltr'><strong>cursibus</strong></span> <span class='ocrx_word' id='word_1_141' title='bbox 2097 876 2110 900; x_wconf 93' lang='lat'><strong>,</strong></span> <span class='ocrx_word' id='word_1_142' title='bbox 2143 822 2418 890; x_wconf 45' lang='lat' dir='ltr'><strong>fari‘nariis</strong></span> <span class='ocrx_word' id='word_1_143' title='bbox 2448 875 2463 901; x_wconf 93' lang='lat'><strong>,</strong></span> <span class='ocrx_word' id='word_1_144' title='bbox 2503 844 2559 890; x_wconf 92' lang='lat' dir='ltr'><strong>ct</strong></span> <span class='ocrx_word' id='word_1_145' title='bbox 2583 852 2707 891; x_wconf 90' lang='lat' dir='ltr'><strong>cum</strong></span> <span class='ocrx_word' id='word_1_146' title='bbox 2736 839 2994 893; x_wconf 88' lang='lat' dir='ltr'><strong>omnibus</strong></span> <span class='ocrx_word' id='word_1_147' title='bbox 3022 838 3278 910; x_wconf 73' lang='lat' dir='ltr'><strong>legitimis</strong></span> <span class='ocrx_word' id='word_1_148' title='bbox 3304 857 3399 896; x_wconf 79' lang='lat' dir='ltr'><strong>ex-</strong></span> 
     </span>
    </p>
   </div>
   <div class='ocr_carea' id='block_1_23' title="bbox 1820 926 3403 996">
    <p class='ocr_par' dir='ltr' id='par_1_23' title="bbox 1820 926 3403 996">
     <span class='ocr_line' id='line_1_23' title="bbox 1820 926 3403 996; baseline 0.006 -18"><span class='ocrx_word' id='word_1_149' title='bbox 1820 926 2293 980; x_wconf 86' lang='lat' dir='ltr'><strong>terminatiouibus</strong></span> <span class='ocrx_word' id='word_1_150' title='bbox 2319 967 2332 992; x_wconf 91' lang='lat'><strong>,</strong></span> <span class='ocrx_word' id='word_1_151' title='bbox 2383 927 2768 996; x_wconf 89' lang='lat' dir='ltr'><strong>perpetualiter</strong></span> <span class='ocrx_word' id='word_1_152' title='bbox 2793 928 2965 982; x_wconf 86' lang='lat' dir='ltr'><strong>eidem</strong></span> <span class='ocrx_word' id='word_1_153' title='bbox 2991 928 3281 986; x_wconf 82' lang='lat' dir='ltr'><strong>Rhemensi</strong></span> <span class='ocrx_word' id='word_1_154' title='bbox 3311 947 3403 987; x_wconf 89' lang='lat' dir='ltr'><strong>ec-</strong></span> 
     </span>
    </p>
   </div>
   <div class='ocr_carea' id='block_1_24' title="bbox 1820 1014 3403 1081">
    <p class='ocr_par' dir='ltr' id='par_1_24' title="bbox 1820 1014 3403 1081">
     <span class='ocr_line' id='line_1_24' title="bbox 1820 1014 3403 1081; baseline 0.006 -13"><span class='ocrx_word' id='word_1_155' title='bbox 1820 1014 2000 1069; x_wconf 75' lang='lat' dir='ltr'><strong>clesiae</strong></span> <span class='ocrx_word' id='word_1_156' title='bbox 2028 1016 2409 1081; x_wconf 73' lang='lat' dir='ltr'><strong>concedimus,</strong></span> <span class='ocrx_word' id='word_1_157' title='bbox 2428 1024 2483 1071; x_wconf 90' lang='lat' dir='ltr'><strong>et</strong></span> <span class='ocrx_word' id='word_1_158' title='bbox 2511 1020 2577 1071; x_wconf 88' lang='lat' dir='ltr'><strong>ad</strong></span> <span class='ocrx_word' id='word_1_159' title='bbox 2601 1019 3078 1073; x_wconf 82' lang='lat' dir='ltr'><strong>consummandam</strong></span> <span class='ocrx_word' id='word_1_160' title='bbox 3106 1021 3403 1077; x_wconf 84' lang='lat' dir='ltr'><strong>honorabi-</strong></span> 
     </span>
    </p>
   </div>
   <div class='ocr_carea' id='block_1_25' title="bbox 1819 1104 3425 1175">
    <p class='ocr_par' dir='ltr' id='par_1_25' title="bbox 1819 1104 3425 1175">
     <span class='ocr_line' id='line_1_25' title="bbox 1819 1104 3425 1175; baseline 0.007 -18"><span class='ocrx_word' id='word_1_161' title='bbox 1819 1104 1944 1159; x_wconf 89' lang='lat' dir='ltr'><strong>liter</strong></span> <span class='ocrx_word' id='word_1_162' title='bbox 1988 1118 2206 1159; x_wconf 91' lang='lat' dir='ltr'><strong>omnem</strong></span> <span class='ocrx_word' id='word_1_163' title='bbox 2256 1106 2425 1174; x_wconf 89' lang='lat' dir='ltr'><strong>ipsius</strong></span> <span class='ocrx_word' id='word_1_164' title='bbox 2462 1106 2705 1175; x_wconf 70' lang='lat' dir='ltr'><strong>ecclesim</strong></span> <span class='ocrx_word' id='word_1_165' title='bbox 2749 1116 3078 1163; x_wconf 85' lang='lat' dir='ltr'><strong>structuram</strong></span> <span class='ocrx_word' id='word_1_166' title='bbox 3103 1150 3117 1174; x_wconf 91' lang='lat'><strong>,</strong></span> <span class='ocrx_word' id='word_1_167' title='bbox 3155 1126 3251 1165; x_wconf 91' lang='lat' dir='ltr'><strong>seu</strong></span> <span class='ocrx_word' id='word_1_168' title='bbox 3281 1112 3425 1169; x_wconf 49' lang='lat' dir='ltr'><strong>ubi--</strong></span> 
     </span>
    </p>
   </div>
   <div class='ocr_carea' id='block_1_26' title="bbox 1821 1195 3402 1267">
    <p class='ocr_par' dir='ltr' id='par_1_26' title="bbox 1821 1195 3402 1267">
     <span class='ocr_line' id='line_1_26' title="bbox 1821 1195 3402 1267; baseline 0.005 -20"><span class='ocrx_word' id='word_1_169' title='bbox 1821 1206 2034 1263; x_wconf 89' lang='lat' dir='ltr'><strong>cunque</strong></span> <span class='ocrx_word' id='word_1_170' title='bbox 2067 1195 2119 1248; x_wconf 90' lang='lat' dir='ltr'><strong>in</strong></span> <span class='ocrx_word' id='word_1_171' title='bbox 2150 1196 2491 1263; x_wconf 88' lang='lat' dir='ltr'><strong>postmodum</strong></span> <span class='ocrx_word' id='word_1_172' title='bbox 2523 1212 2744 1251; x_wconf 89' lang='lat' dir='ltr'><strong>necesse</strong></span> <span class='ocrx_word' id='word_1_173' title='bbox 2773 1196 3402 1267; x_wconf 51' lang='lat' dir='ltr'><strong>fuerit&#39;restaurandam,</strong></span> 
     </span>
    </p>
   </div>
   <div class='ocr_carea' id='block_1_27' title="bbox 1822 1284 3405 1358">
    <p class='ocr_par' dir='ltr' id='par_1_27' title="bbox 1822 1284 3405 1358">
     <span class='ocr_line' id='line_1_27' title="bbox 1822 1284 3405 1358; baseline 0.005 -20"><span class='ocrx_word' id='word_1_174' title='bbox 1822 1286 1875 1338; x_wconf 92' lang='lat' dir='ltr'><strong>in</strong></span> <span class='ocrx_word' id='word_1_175' title='bbox 1907 1284 2184 1353; x_wconf 86' lang='lat' dir='ltr'><strong>proprium</strong></span> <span class='ocrx_word' id='word_1_176' title='bbox 2221 1285 2519 1352; x_wconf 55' lang='lat' dir='ltr'><strong>tradimus,»</strong></span> <span class='ocrx_word' id='word_1_177' title='bbox 2551 1296 2604 1341; x_wconf 92' lang='lat' dir='ltr'><strong>et</strong></span> <span class='ocrx_word' id='word_1_178' title='bbox 2652 1286 2719 1341; x_wconf 89' lang='lat' dir='ltr'><strong>de</strong></span> <span class='ocrx_word' id='word_1_179' title='bbox 2763 1297 2952 1342; x_wconf 87' lang='lat' dir='ltr'><strong>nostro</strong></span> <span class='ocrx_word' id='word_1_180' title='bbox 2985 1287 3110 1356; x_wconf 85' lang='lat' dir='ltr'><strong>jure</strong></span> <span class='ocrx_word' id='word_1_181' title='bbox 3140 1292 3195 1343; x_wconf 90' lang='lat' dir='ltr'><strong>in</strong></span> <span class='ocrx_word' id='word_1_182' title='bbox 3222 1289 3313 1358; x_wconf 91' lang='lat' dir='ltr'><strong>jus</strong></span> <span class='ocrx_word' id='word_1_183' title='bbox 3342 1306 3405 1346; x_wconf 88' lang='lat' dir='ltr'><strong>ac</strong></span> 
     </span>
    </p>
   </div>
   <div class='ocr_carea' id='block_1_28' title="bbox 1833 1374 3405 1437">
    <p class='ocr_par' dir='ltr' id='par_1_28' title="bbox 1833 1374 3405 1437">
     <span class='ocr_line' id='line_1_28' title="bbox 1833 1374 3405 1437; baseline 0.005 -9"><span class='ocrx_word' id='word_1_184' title='bbox 1833 1374 2256 1429; x_wconf 73' lang='lat' dir='ltr'><strong>dominationem</strong></span> <span class='ocrx_word' id='word_1_185' title='bbox 2293 1374 2435 1430; x_wconf 92' lang='lat' dir='ltr'><strong>illius</strong></span> <span class='ocrx_word' id='word_1_186' title='bbox 2465 1375 2711 1431; x_wconf 21' lang='lat' dir='ltr'><strong>solemni;</strong></span> <span class='ocrx_word' id='word_1_187' title='bbox 2735 1376 3131 1434; x_wconf 64' lang='lat' dir='ltr'><strong>deliberatione</strong></span> <span class='ocrx_word' id='word_1_188' title='bbox 3174 1379 3405 1437; x_wconf 82' lang='lat' dir='ltr'><strong>transfe-</strong></span> 
     </span>
    </p>
   </div>
   <div class='ocr_carea' id='block_1_29' title="bbox 1827 1463 3407 1540">
    <p class='ocr_par' dir='ltr' id='par_1_29' title="bbox 1827 1463 3407 1540">
     <span class='ocr_line' id='line_1_29' title="bbox 1827 1463 3407 1540; baseline 0.006 -23"><span class='ocrx_word' id='word_1_189' title='bbox 1827 1464 2016 1519; x_wconf 90' lang='lat' dir='ltr'><strong>rimus.</strong></span> <span class='ocrx_word' id='word_1_190' title='bbox 2047 1463 2254 1519; x_wconf 53' lang='lat' dir='ltr'><strong>Frater</strong></span> <span class='ocrx_word' id='word_1_191' title='bbox 2290 1466 2408 1520; x_wconf 64' lang='lat' dir='ltr'><strong>haec</strong></span> <span class='ocrx_word' id='word_1_192' title='bbox 2457 1466 2638 1520; x_wconf 84' lang='lat' dir='ltr'><strong>omnia</strong></span> <span class='ocrx_word' id='word_1_193' title='bbox 2688 1469 3034 1525; x_wconf 71' lang='lat' dir='ltr'><strong>concedimus</strong></span> <span class='ocrx_word' id='word_1_194' title='bbox 3084 1472 3407 1540; x_wconf 61' lang='lat' dir='ltr'><strong>supradicta!</strong></span> 
     </span>
    </p>
   </div>
   <div class='ocr_carea' id='block_1_30' title="bbox 1826 1548 3407 1628">
    <p class='ocr_par' dir='ltr' id='par_1_30' title="bbox 1826 1548 3407 1628">
     <span class='ocr_line' id='line_1_30' title="bbox 1826 1548 3407 1628; baseline 0.009 -24"><span class='ocrx_word' id='word_1_195' title='bbox 1826 1562 2028 1606; x_wconf 60' lang='lat' dir='ltr'><strong>sanctae</strong></span> <span class='ocrx_word' id='word_1_196' title='bbox 2076 1548 2368 1610; x_wconf 82' lang='lat' dir='ltr'><strong>Rhemensi</strong></span> <span class='ocrx_word' id='word_1_197' title='bbox 2423 1555 2667 1612; x_wconf 66' lang='lat' dir='ltr'><strong>ecclesiae</strong></span> <span class='ocrx_word' id='word_1_198' title='bbox 2735 1549 3021 1628; x_wconf 65' lang='lat' dir='ltr'><strong>quemdam</strong></span> <span class='ocrx_word' id='word_1_199' title='bbox 3071 1560 3247 1617; x_wconf 80' lang='lat' dir='ltr'><strong>locum</strong></span> <span class='ocrx_word' id='word_1_200' title='bbox 3294 1562 3407 1617; x_wconf 89' lang='lat' dir='ltr'><strong>ﬁsci</strong></span> 
     </span>
    </p>
   </div>
   <div class='ocr_carea' id='block_1_31' title="bbox 1825 1642 3409 1711">
    <p class='ocr_par' dir='ltr' id='par_1_31' title="bbox 1825 1642 3409 1711">
     <span class='ocr_line' id='line_1_31' title="bbox 1825 1642 3409 1711; baseline 0.009 -16"><span class='ocrx_word' id='word_1_201' title='bbox 1825 1642 1999 1695; x_wconf 90' lang='lat' dir='ltr'><strong>nostri</strong></span> <span class='ocrx_word' id='word_1_202' title='bbox 2034 1642 2192 1697; x_wconf 83' lang='lat' dir='ltr'><strong>valde</strong></span> <span class='ocrx_word' id='word_1_203' title='bbox 2218 1646 2589 1700; x_wconf 88' lang='lat' dir='ltr'><strong>necessarium</strong></span> <span class='ocrx_word' id='word_1_204' title='bbox 2615 1656 2717 1711; x_wconf 27' lang='lat' dir='ltr'><strong>,‘et</strong></span> <span class='ocrx_word' id='word_1_205' title='bbox 2764 1650 2832 1704; x_wconf 89' lang='lat' dir='ltr'><strong>ad</strong></span> <span class='ocrx_word' id='word_1_206' title='bbox 2862 1649 3169 1707; x_wconf 75' lang='lat' dir='ltr'><strong>fo’diehdam</strong></span> <span class='ocrx_word' id='word_1_207' title='bbox 3202 1654 3409 1710; x_wconf 88' lang='lat' dir='ltr'><strong>minam</strong></span> 
     </span>
    </p>
   </div>
   <div class='ocr_carea' id='block_1_32' title="bbox 1824 1732 3412 1814">
    <p class='ocr_par' dir='ltr' id='par_1_32' title="bbox 1824 1732 3412 1814">
     <span class='ocr_line' id='line_1_32' title="bbox 1824 1732 3412 1814; baseline 0.009 -28"><span class='ocrx_word' id='word_1_208' title='bbox 1824 1732 2027 1802; x_wconf 87' lang='lat' dir='ltr'><strong>plumbi</strong></span> <span class='ocrx_word' id='word_1_209' title='bbox 2058 1749 2379 1805; x_wconf 85' lang='lat' dir='ltr'><strong>congruum,</strong></span> <span class='ocrx_word' id='word_1_210' title='bbox 2408 1738 2462 1789; x_wconf 91' lang='lat' dir='ltr'><strong>in</strong></span> <span class='ocrx_word' id='word_1_211' title='bbox 2487 1748 2627 1807; x_wconf 83' lang='lat' dir='ltr'><strong>pago</strong></span> <span class='ocrx_word' id='word_1_212' title='bbox 2648 1736 2952 1795; x_wconf 87' lang='lat' dir='ltr'><strong>Laumense</strong></span> <span class='ocrx_word' id='word_1_213' title='bbox 2976 1740 3226 1811; x_wconf 78' lang='lat' dir='ltr'><strong>(Lamois,</strong></span> <span class='ocrx_word' id='word_1_214' title='bbox 3243 1758 3412 1814; x_wconf 80' lang='lat' dir='ltr'><strong>prope</strong></span> 
     </span>
    </p>
   </div>
   <div class='ocr_carea' id='block_1_33' title="bbox 131 1818 3413 1904">
    <p class='ocr_par' dir='ltr' id='par_1_33' title="bbox 131 1818 3413 1904">
     <span class='ocr_line' id='line_1_33' title="bbox 131 1818 3413 1904; baseline -0.002 -11"><span class='ocrx_word' id='word_1_215' title='bbox 131 1838 422 1893; x_wconf 88' lang='lat' dir='ltr'><strong>donarium</strong></span> <span class='ocrx_word' id='word_1_216' title='bbox 452 1846 701 1892; x_wconf 92' lang='lat' dir='ltr'><strong>nostrum</strong></span> <span class='ocrx_word' id='word_1_217' title='bbox 731 1844 1085 1891; x_wconf 29' lang='lat' dir='ltr'><strong>cum‘nostrzn</strong></span> <span class='ocrx_word' id='word_1_218' title='bbox 1110 1834 1412 1904; x_wconf 89' lang='lat' dir='ltr'><strong>imperialis</strong></span> <span class='ocrx_word' id='word_1_219' title='bbox 1441 1834 1726 1904; x_wconf 77' lang='lat' dir='ltr'><strong>dignitatis</strong></span> <span class='ocrx_word' id='word_1_220' title='bbox 1754 1818 1802 1878; x_wconf 81' lang='grc' dir='ltr'><strong>Β</strong></span> <span class='ocrx_word' id='word_1_221' title='bbox 1831 1820 2204 1895; x_wconf 68' lang='grc' dir='ltr'><strong>Νιιωυτουω).</strong></span> <span class='ocrx_word' id='word_1_222' title='bbox 2238 1824 2290 1878; x_wconf 78' lang='lat' dir='ltr'><strong>in</strong></span> <span class='ocrx_word' id='word_1_223' title='bbox 2321 1825 2451 1895; x_wconf 79' lang='lat' dir='ltr'><strong>iPSiS</strong></span> <span class='ocrx_word' id='word_1_224' title='bbox 2478 1840 2694 1896; x_wconf 84' lang='lat' dir='ltr'><strong>quoque</strong></span> <span class='ocrx_word' id='word_1_225' title='bbox 2730 1827 2953 1883; x_wconf 47' lang='lat' dir='ltr'><strong>ﬁnibus&quot;</strong></span> <span class='ocrx_word' id='word_1_226' title='bbox 2976 1830 3057 1884; x_wconf 85' lang='lat' dir='ltr'><strong>vel</strong></span> <span class='ocrx_word' id='word_1_227' title='bbox 3095 1831 3413 1901; x_wconf 87' lang='lat' dir='ltr'><strong>adjacentiis</strong></span> 
     </span>
    </p>
   </div>
   <div class='ocr_carea' id='block_1_34' title="bbox 132 1924 1723 1999">
    <p class='ocr_par' dir='ltr' id='par_1_34' title="bbox 132 1924 1723 1999">
     <span class='ocr_line' id='line_1_34' title="bbox 132 1924 1723 1999; baseline -0.004 -14"><span class='ocrx_word' id='word_1_228' title='bbox 132 1930 500 1999; x_wconf 81' lang='lat' dir='ltr'><strong>praeceptione</strong></span> <span class='ocrx_word' id='word_1_229' title='bbox 548 1927 779 1992; x_wconf 88' lang='lat' dir='ltr'><strong>munire,</strong></span> <span class='ocrx_word' id='word_1_230' title='bbox 824 1934 879 1982; x_wconf 90' lang='lat' dir='ltr'><strong>et</strong></span> <span class='ocrx_word' id='word_1_231' title='bbox 927 1925 1105 1997; x_wconf 83' lang='lat' dir='ltr'><strong>sigillo</strong></span> <span class='ocrx_word' id='word_1_232' title='bbox 1162 1934 1367 1981; x_wconf 70' lang='lat' dir='ltr'><strong>nostra:</strong></span> <span class='ocrx_word' id='word_1_233' title='bbox 1415 1924 1723 1994; x_wconf 86' lang='lat' dir='ltr'><strong>majestatis</strong></span> 
     </span>
    </p>
   </div>
   <div class='ocr_carea' id='block_1_35' title="bbox 132 2016 1726 2091">
    <p class='ocr_par' dir='ltr' id='par_1_35' title="bbox 132 2016 1726 2091">
     <span class='ocr_line' id='line_1_35' title="bbox 132 2016 1726 2091; baseline -0.004 -15"><span class='ocrx_word' id='word_1_234' title='bbox 132 2022 423 2091; x_wconf 79' lang='lat' dir='ltr'><strong>insignire,</strong></span> <span class='ocrx_word' id='word_1_235' title='bbox 466 2036 535 2075; x_wconf 77' lang='lat' dir='ltr'><strong>ex</strong></span> <span class='ocrx_word' id='word_1_236' title='bbox 574 2033 679 2089; x_wconf 89' lang='lat' dir='ltr'><strong>qua</strong></span> <span class='ocrx_word' id='word_1_237' title='bbox 723 2018 1084 2087; x_wconf 83' lang='lat' dir='ltr'><strong>praeceptione</strong></span> <span class='ocrx_word' id='word_1_238' title='bbox 1130 2024 1439 2087; x_wconf 86' lang='lat' dir='ltr'><strong>nostraeque</strong></span> <span class='ocrx_word' id='word_1_239' title='bbox 1489 2016 1726 2072; x_wconf 84' lang='lat' dir='ltr'><strong>auctori--</strong></span> 
     </span>
    </p>
   </div>
   <div class='ocr_carea' id='block_1_36' title="bbox 134 2107 1724 2165">
    <p class='ocr_par' dir='ltr' id='par_1_36' title="bbox 134 2107 1724 2165">
     <span class='ocr_line' id='line_1_36' title="bbox 134 2107 1724 2165; baseline -0.002 -1"><span class='ocrx_word' id='word_1_240' title='bbox 134 2111 267 2165; x_wconf 86' lang='lat' dir='ltr'><strong>tatis</strong></span> <span class='ocrx_word' id='word_1_241' title='bbox 297 2111 590 2165; x_wconf 87' lang='lat' dir='ltr'><strong>indictione</strong></span> <span class='ocrx_word' id='word_1_242' title='bbox 622 2109 965 2164; x_wconf 87' lang='lat' dir='ltr'><strong>decernimus</strong></span> <span class='ocrx_word' id='word_1_243' title='bbox 995 2116 1057 2162; x_wconf 92' lang='lat' dir='ltr'><strong>ut</strong></span> <span class='ocrx_word' id='word_1_244' title='bbox 1082 2107 1260 2162; x_wconf 90' lang='lat' dir='ltr'><strong>nullus</strong></span> <span class='ocrx_word' id='word_1_245' title='bbox 1287 2107 1570 2162; x_wconf 85' lang='lat' dir='ltr'><strong>hominum</strong></span> <span class='ocrx_word' id='word_1_246' title='bbox 1618 2108 1724 2162; x_wconf 88' lang='lat' dir='ltr'><strong>hoc</strong></span> 
     </span>
    </p>
   </div>
   <div class='ocr_carea' id='block_1_37' title="bbox 132 2196 1727 2269">
    <p class='ocr_par' dir='ltr' id='par_1_37' title="bbox 132 2196 1727 2269">
     <span class='ocr_line' id='line_1_37' title="bbox 132 2196 1727 2269; baseline -0.003 -14"><span class='ocrx_word' id='word_1_247' title='bbox 132 2211 388 2256; x_wconf 87' lang='lat' dir='ltr'><strong>nostrum</strong></span> <span class='ocrx_word' id='word_1_248' title='bbox 437 2209 907 2269; x_wconf 87' lang='lat' dir='ltr'><strong>statutum-atque</strong></span> <span class='ocrx_word' id='word_1_249' title='bbox 952 2199 1237 2254; x_wconf 89' lang='lat' dir='ltr'><strong>donarium</strong></span> <span class='ocrx_word' id='word_1_250' title='bbox 1281 2198 1497 2251; x_wconf 89' lang='lat' dir='ltr'><strong>irritum</strong></span> <span class='ocrx_word' id='word_1_251' title='bbox 1545 2196 1727 2251; x_wconf 84' lang='lat' dir='ltr'><strong>facere</strong></span> 
     </span>
    </p>
   </div>
   <div class='ocr_carea' id='block_1_38' title="bbox 132 2279 1727 2352">
    <p class='ocr_par' dir='ltr' id='par_1_38' title="bbox 132 2279 1727 2352">
     <span class='ocr_line' id='line_1_38' title="bbox 132 2279 1727 2352; baseline -0.003 -15"><span class='ocrx_word' id='word_1_252' title='bbox 132 2293 465 2352; x_wconf 75' lang='lat' dir='ltr'><strong>praesumat,</strong></span> <span class='ocrx_word' id='word_1_253' title='bbox 509 2298 685 2351; x_wconf 87' lang='lat' dir='ltr'><strong>neque</strong></span> <span class='ocrx_word' id='word_1_254' title='bbox 724 2282 920 2351; x_wconf 88' lang='lat' dir='ltr'><strong>aliquis</strong></span> <span class='ocrx_word' id='word_1_255' title='bbox 957 2279 1126 2349; x_wconf 81' lang='lat' dir='ltr'><strong>judex</strong></span> <span class='ocrx_word' id='word_1_256' title='bbox 1164 2296 1261 2336; x_wconf 90' lang='lat' dir='ltr'><strong>seu</strong></span> <span class='ocrx_word' id='word_1_257' title='bbox 1312 2280 1565 2350; x_wconf 83' lang='lat' dir='ltr'><strong>quaelibet</strong></span> <span class='ocrx_word' id='word_1_258' title='bbox 1606 2294 1727 2349; x_wconf 87' lang='lat' dir='ltr'><strong>per-</strong></span> 
     </span>
    </p>
   </div>
   <div class='ocr_carea' id='block_1_39' title="bbox 132 2368 1723 2443">
    <p class='ocr_par' dir='ltr' id='par_1_39' title="bbox 132 2368 1723 2443">
     <span class='ocr_line' id='line_1_39' title="bbox 132 2368 1723 2443; baseline -0.004 -15"><span class='ocrx_word' id='word_1_259' title='bbox 132 2388 273 2428; x_wconf 86' lang='lat' dir='ltr'><strong>sona</strong></span> <span class='ocrx_word' id='word_1_260' title='bbox 302 2372 526 2443; x_wconf 88' lang='lat' dir='ltr'><strong>praefato</strong></span> <span class='ocrx_word' id='word_1_261' title='bbox 554 2374 796 2428; x_wconf 89' lang='lat' dir='ltr'><strong>locoseu</strong></span> <span class='ocrx_word' id='word_1_262' title='bbox 826 2371 1032 2427; x_wconf 88' lang='lat' dir='ltr'><strong>colonis</strong></span> <span class='ocrx_word' id='word_1_263' title='bbox 1054 2368 1169 2438; x_wconf 88' lang='lat' dir='ltr'><strong>ejus</strong></span> <span class='ocrx_word' id='word_1_264' title='bbox 1194 2371 1430 2440; x_wconf 85' lang='lat' dir='ltr'><strong>aliquam</strong></span> <span class='ocrx_word' id='word_1_265' title='bbox 1474 2368 1723 2438; x_wconf 82' lang='lat' dir='ltr'><strong>injuriam</strong></span> 
     </span>
    </p>
   </div>
   <div class='ocr_carea' id='block_1_40' title="bbox 130 2461 1151 2532">
    <p class='ocr_par' dir='ltr' id='par_1_40' title="bbox 130 2461 1151 2532">
     <span class='ocr_line' id='line_1_40' title="bbox 130 2461 1151 2532; baseline -0.005 -13"><span class='ocrx_word' id='word_1_266' title='bbox 130 2477 235 2519; x_wconf 86' lang='lat' dir='ltr'><strong>seu</strong></span> <span class='ocrx_word' id='word_1_267' title='bbox 255 2463 569 2517; x_wconf 88' lang='lat' dir='ltr'><strong>violentiam</strong></span> <span class='ocrx_word' id='word_1_268' title='bbox 605 2461 807 2518; x_wconf 89' lang='lat' dir='ltr'><strong>inferre</strong></span> <span class='ocrx_word' id='word_1_269' title='bbox 835 2470 1151 2532; x_wconf 76' lang='lat' dir='ltr'><strong>praesumat.</strong></span> 
     </span>
    </p>
   </div>
   <div class='ocr_carea' id='block_1_41' title="bbox 207 2549 865 2606">
    <p class='ocr_par' dir='ltr' id='par_1_41' title="bbox 207 2549 865 2606">
     <span class='ocr_line' id='line_1_41' title="bbox 207 2549 865 2606; baseline 0 -2"><span class='ocrx_word' id='word_1_270' title='bbox 207 2549 346 2606; x_wconf 89' lang='lat' dir='ltr'><strong>Data</strong></span> <span class='ocrx_word' id='word_1_271' title='bbox 370 2550 491 2606; x_wconf 89' lang='lat' dir='ltr'><strong>ldus</strong></span> <span class='ocrx_word' id='word_1_272' title='bbox 513 2550 638 2605; x_wconf 85' lang='lat' dir='ltr'><strong>Maii</strong></span> <span class='ocrx_word' id='word_1_273' title='bbox 660 2551 865 2606; x_wconf 69' lang='lat' dir='ltr'><strong>Fuldze.</strong></span> 
     </span>
    </p>
   </div>
   <div class='ocr_carea' id='block_1_42' title="bbox 855 2658 987 2715">
    <p class='ocr_par' dir='ltr' id='par_1_42' title="bbox 855 2658 987 2715">
     <span class='ocr_line' id='line_1_42' title="bbox 855 2658 987 2715; baseline 0 -1"><span class='ocrx_word' id='word_1_274' title='bbox 855 2658 987 2715; x_wconf 78' lang='lat' dir='ltr'><strong>LXI.</strong></span> 
     </span>
    </p>
   </div>
   <div class='ocr_carea' id='block_1_43' title="bbox 572 2790 1278 2831">
    <p class='ocr_par' dir='ltr' id='par_1_43' title="bbox 572 2790 1278 2831">
     <span class='ocr_line' id='line_1_43' title="bbox 572 2790 1278 2831; baseline 0 -2"><span class='ocrx_word' id='word_1_275' title='bbox 572 2790 670 2830; x_wconf 76' lang='lat' dir='ltr'><strong>PRO</strong></span> <span class='ocrx_word' id='word_1_276' title='bbox 703 2791 953 2831; x_wconf 76' lang='lat' dir='ltr'><strong>ECCLESIA</strong></span> <span class='ocrx_word' id='word_1_277' title='bbox 992 2790 1278 2830; x_wconf 70' lang='lat' dir='ltr'><strong>BHEIENSI.</strong></span> 
     </span>
    </p>
   </div>
   <div class='ocr_carea' id='block_1_44' title="bbox 596 2862 1100 2957">
    <p class='ocr_par' dir='ltr' id='par_1_44' title="bbox 596 2862 1100 2957">
     <span class='ocr_line' id='line_1_44' title="bbox 596 2862 1100 2957; baseline 0.002 -19"><span class='ocrx_word' id='word_1_278' title='bbox 596 2862 613 2876; x_wconf 79' lang='grc'><em>’</em></span> <span class='ocrx_word' id='word_1_279' title='bbox 758 2884 929 2957; x_wconf 83' lang='lat' dir='ltr'><strong>(Anno</strong></span> <span class='ocrx_word' id='word_1_280' title='bbox 951 2885 1100 2957; x_wconf 74' lang='grc' dir='ltr'><strong>διδ.)</strong></span> 
     </span>
    </p>
   </div>
   <div class='ocr_carea' id='block_1_45' title="bbox 132 2996 1731 3145">
    <p class='ocr_par' dir='ltr' id='par_1_45' title="bbox 132 2996 1731 3145">
     <span class='ocr_line' id='line_1_45' title="bbox 132 2996 1731 3145; baseline 0.006 -93"><span class='ocrx_word' id='word_1_281' title='bbox 132 2996 395 3067; x_wconf 69' lang='grc' dir='ltr'><strong>[Μδὺί11.,</strong></span> <span class='ocrx_word' id='word_1_282' title='bbox 427 2999 619 3060; x_wconf 71' lang='lat' dir='ltr'><strong>Annal.</strong></span> <span class='ocrx_word' id='word_1_283' title='bbox 641 2998 702 3055; x_wconf 91' lang='lat' dir='ltr'><strong>S.</strong></span> <span class='ocrx_word' id='word_1_284' title='bbox 727 3002 843 3123; x_wconf 62' lang='lat' dir='ltr'><strong>erg.</strong></span> <span class='ocrx_word' id='word_1_285' title='bbox 872 3000 1097 3145; x_wconf 57' lang='lat' dir='ltr'><strong>Bentt],</strong></span> <span class='ocrx_word' id='word_1_286' title='bbox 1126 3011 1255 3058; x_wconf 91' lang='lat' dir='ltr'><strong>tom.</strong></span> <span class='ocrx_word' id='word_1_287' title='bbox 1279 3002 1341 3069; x_wconf 93' lang='lat' dir='ltr'><strong>ll,</strong></span> <span class='ocrx_word' id='word_1_288' title='bbox 1360 3018 1428 3058; x_wconf 81' lang='lat' dir='ltr'><strong>ex</strong></span> <span class='ocrx_word' id='word_1_289' title='bbox 1451 3006 1731 3062; x_wconf 86' lang='lat' dir='ltr'><strong>chartario</strong></span> 
     </span>
     <span class='ocr_line' id='line_1_46' title="bbox 825 3087 1057 3126; baseline -0.004 0"><span class='ocrx_word' id='word_1_290' title='bbox 825 3087 1057 3126; x_wconf 70' lang='lat' dir='ltr'><strong>ervensr.</strong></span> 
     </span>
    </p>
   </div>
   <div class='ocr_carea' id='block_1_46' title="bbox 825 3087 1057 3126">
    <p class='ocr_par' dir='ltr' id='par_1_46' title="bbox 825 3087 1057 3126">
     <span class='ocr_line' id='line_1_47' title="bbox 825 3087 1057 3126; baseline -0.004 0"><span class='ocrx_word' id='word_1_291' title='bbox 825 3087 1057 3126; x_wconf 75' lang='lat' dir='ltr'><strong>CI‘VCDSI&#39;.</strong></span> 
     </span>
    </p>
   </div>
   <div class='ocr_carea' id='block_1_47' title="bbox 1831 1915 3413 1994">
    <p class='ocr_par' dir='ltr' id='par_1_47' title="bbox 1831 1915 3413 1994">
     <span class='ocr_line' id='line_1_48' title="bbox 1831 1915 3413 1994; baseline 0.005 -23"><span class='ocrx_word' id='word_1_292' title='bbox 1831 1915 2205 1971; x_wconf 88' lang='lat' dir='ltr'><strong>Ceminiacam</strong></span> <span class='ocrx_word' id='word_1_293' title='bbox 2235 1927 2637 1988; x_wconf 86' lang='lat' dir='ltr'><strong>nuncupantem</strong></span> <span class='ocrx_word' id='word_1_294' title='bbox 2664 1920 2959 1986; x_wconf 26' lang='lat' dir='ltr'><strong>villam,‘ut</strong></span> <span class='ocrx_word' id='word_1_295' title='bbox 2986 1923 3413 1994; x_wconf 85' lang='lat' dir='ltr'><strong>circumquaque</strong></span> 
     </span>
    </p>
   </div>
   <div class='ocr_carea' id='block_1_48' title="bbox 1834 2005 3414 2084">
    <p class='ocr_par' dir='ltr' id='par_1_48' title="bbox 1834 2005 3414 2084">
     <span class='ocr_line' id='line_1_49' title="bbox 1834 2005 3414 2084; baseline 0.007 -27"><span class='ocrx_word' id='word_1_296' title='bbox 1834 2012 2042 2058; x_wconf 89' lang='lat' dir='ltr'><strong>tantum</strong></span> <span class='ocrx_word' id='word_1_297' title='bbox 2071 2005 2125 2058; x_wconf 93' lang='lat' dir='ltr'><strong>in</strong></span> <span class='ocrx_word' id='word_1_298' title='bbox 2151 2005 2298 2060; x_wconf 85' lang='lat' dir='ltr'><strong>omni</strong></span> <span class='ocrx_word' id='word_1_299' title='bbox 2328 2016 2483 2076; x_wconf 89' lang='lat' dir='ltr'><strong>parte</strong></span> <span class='ocrx_word' id='word_1_300' title='bbox 2511 2008 2679 2076; x_wconf 86' lang='lat' dir='ltr'><strong>ipsius</strong></span> <span class='ocrx_word' id='word_1_301' title='bbox 2717 2008 2885 2065; x_wconf 74' lang='lat' dir='ltr'><strong>fossae</strong></span> <span class='ocrx_word' id='word_1_302' title='bbox 2912 2012 3103 2067; x_wconf 84' lang='lat' dir='ltr'><strong>ordine</strong></span> <span class='ocrx_word' id='word_1_303' title='bbox 3148 2015 3414 2084; x_wconf 87' lang='lat' dir='ltr'><strong>quadrato</strong></span> 
     </span>
    </p>
   </div>
   <div class='ocr_carea' id='block_1_49' title="bbox 1829 2094 3415 2164">
    <p class='ocr_par' dir='ltr' id='par_1_49' title="bbox 1829 2094 3415 2164">
     <span class='ocr_line' id='line_1_50' title="bbox 1829 2094 3415 2164; baseline 0.009 -20"><span class='ocrx_word' id='word_1_304' title='bbox 1829 2094 2069 2160; x_wconf 78' lang='lat' dir='ltr'><strong>perticas</strong></span> <span class='ocrx_word' id='word_1_305' title='bbox 2101 2110 2231 2159; x_wconf 75' lang='lat' dir='ltr'><strong>xxx,</strong></span> <span class='ocrx_word' id='word_1_306' title='bbox 2263 2110 2425 2164; x_wconf 88' lang='lat' dir='ltr'><strong>quam</strong></span> <span class='ocrx_word' id='word_1_307' title='bbox 2455 2098 2718 2164; x_wconf 86' lang='lat' dir='ltr'><strong>perticam</strong></span> <span class='ocrx_word' id='word_1_308' title='bbox 2759 2101 3068 2155; x_wconf 88' lang='lat' dir='ltr'><strong>manualem</strong></span> <span class='ocrx_word' id='word_1_309' title='bbox 3099 2104 3166 2156; x_wconf 89' lang='lat' dir='ltr'><strong>ad</strong></span> <span class='ocrx_word' id='word_1_310' title='bbox 3198 2119 3415 2158; x_wconf 88' lang='lat' dir='ltr'><strong>mensu-</strong></span> 
     </span>
    </p>
   </div>
   <div class='ocr_carea' id='block_1_50' title="bbox 1834 2186 3416 2257">
    <p class='ocr_par' dir='ltr' id='par_1_50' title="bbox 1834 2186 3416 2257">
     <span class='ocr_line' id='line_1_51' title="bbox 1834 2186 3416 2257; baseline 0.012 -23"><span class='ocrx_word' id='word_1_311' title='bbox 1834 2198 1951 2235; x_wconf 85' lang='lat' dir='ltr'><strong>ram</strong></span> <span class='ocrx_word' id='word_1_312' title='bbox 1985 2199 2094 2237; x_wconf 63' lang='grc' dir='ltr'>χχχ</span> <span class='ocrx_word' id='word_1_313' title='bbox 2128 2186 2324 2254; x_wconf 90' lang='lat' dir='ltr'><strong>pedum</strong></span> <span class='ocrx_word' id='word_1_314' title='bbox 2370 2187 2767 2257; x_wconf 87' lang='lat' dir='ltr'><strong>designavimus</strong></span> <span class='ocrx_word' id='word_1_315' title='bbox 2819 2206 2837 2244; x_wconf 85' lang='lat'><strong>:</strong></span> <span class='ocrx_word' id='word_1_316' title='bbox 2881 2200 2940 2245; x_wconf 88' lang='lat' dir='ltr'><strong>ut</strong></span> <span class='ocrx_word' id='word_1_317' title='bbox 2993 2193 3067 2246; x_wconf 90' lang='lat' dir='ltr'><strong>ibi</strong></span> <span class='ocrx_word' id='word_1_318' title='bbox 3113 2194 3416 2253; x_wconf 84' lang='lat' dir='ltr'><strong>ﬁducialius</strong></span> 
     </span>
    </p>
   </div>
   <div class='ocr_carea' id='block_1_51' title="bbox 1833 2276 3416 2347">
    <p class='ocr_par' dir='ltr' id='par_1_51' title="bbox 1833 2276 3416 2347">
     <span class='ocr_line' id='line_1_52' title="bbox 1833 2276 3416 2347; baseline 0.009 -18"><span class='ocrx_word' id='word_1_319' title='bbox 1833 2276 2186 2332; x_wconf 88' lang='lat' dir='ltr'><strong>necessitates</strong></span> <span class='ocrx_word' id='word_1_320' title='bbox 2236 2278 2405 2347; x_wconf 86' lang='lat' dir='ltr'><strong>ipsius</strong></span> <span class='ocrx_word' id='word_1_321' title='bbox 2435 2277 2549 2346; x_wconf 89' lang='lat' dir='ltr'><strong>jam</strong></span> <span class='ocrx_word' id='word_1_322' title='bbox 2606 2281 2762 2337; x_wconf 80' lang='lat' dir='ltr'><strong>dicta:</strong></span> <span class='ocrx_word' id='word_1_323' title='bbox 2797 2292 2999 2339; x_wconf 73' lang='lat' dir='ltr'><strong>sancta:</strong></span> <span class='ocrx_word' id='word_1_324' title='bbox 3036 2278 3149 2339; x_wconf 82' lang='lat' dir='ltr'><strong>Dei</strong></span> <span class='ocrx_word' id='word_1_325' title='bbox 3172 2286 3416 2343; x_wconf 64' lang='lat' dir='ltr'><strong>ecclesiae</strong></span> 
     </span>
    </p>
   </div>
   <div class='ocr_carea' id='block_1_52' title="bbox 1832 2368 3415 2433">
    <p class='ocr_par' dir='ltr' id='par_1_52' title="bbox 1832 2368 3415 2433">
     <span class='ocr_line' id='line_1_53' title="bbox 1832 2368 3415 2433; baseline 0.008 -13"><span class='ocrx_word' id='word_1_326' title='bbox 1832 2370 2155 2423; x_wconf 78' lang='lat' dir='ltr'><strong>exercentes</strong></span> <span class='ocrx_word' id='word_1_327' title='bbox 2190 2368 2244 2422; x_wconf 90' lang='lat' dir='ltr'><strong>in</strong></span> <span class='ocrx_word' id='word_1_328' title='bbox 2294 2370 2540 2425; x_wconf 75' lang='lat' dir='ltr'><strong>aedificiis</strong></span> <span class='ocrx_word' id='word_1_329' title='bbox 2578 2371 2658 2427; x_wconf 82' lang='lat' dir='ltr'><strong>vel</strong></span> <span class='ocrx_word' id='word_1_330' title='bbox 2706 2373 2974 2429; x_wconf 87' lang='lat' dir='ltr'><strong>universis</strong></span> <span class='ocrx_word' id='word_1_331' title='bbox 3020 2376 3415 2433; x_wconf 80' lang='lat' dir='ltr'><strong>abundantibus</strong></span> 
     </span>
    </p>
   </div>
   <div class='ocr_carea' id='block_1_53' title="bbox 1831 2458 3415 2538">
    <p class='ocr_par' dir='ltr' id='par_1_53' title="bbox 1831 2458 3415 2538">
     <span class='ocr_line' id='line_1_54' title="bbox 1831 2458 3415 2538; baseline 0.008 -26"><span class='ocrx_word' id='word_1_332' title='bbox 1831 2458 2198 2513; x_wconf 83' lang='lat' dir='ltr'><strong>exterioribus</strong></span> <span class='ocrx_word' id='word_1_333' title='bbox 2248 2459 2588 2529; x_wconf 90' lang='lat' dir='ltr'><strong>adjacentiis,</strong></span> <span class='ocrx_word' id='word_1_334' title='bbox 2635 2463 2687 2517; x_wconf 93' lang='lat' dir='ltr'><strong>id</strong></span> <span class='ocrx_word' id='word_1_335' title='bbox 2718 2473 2803 2519; x_wconf 91' lang='lat' dir='ltr'><strong>est</strong></span> <span class='ocrx_word' id='word_1_336' title='bbox 2828 2467 3045 2534; x_wconf 81' lang='lat' dir='ltr'><strong>perviis,</strong></span> <span class='ocrx_word' id='word_1_337' title='bbox 3076 2468 3252 2538; x_wconf 84' lang='lat' dir='ltr'><strong>aquis,</strong></span> <span class='ocrx_word' id='word_1_338' title='bbox 3290 2482 3415 2538; x_wconf 81' lang='lat' dir='ltr'><strong>pas-</strong></span> 
     </span>
    </p>
   </div>
   <div class='ocr_carea' id='block_1_54' title="bbox 1833 2547 3416 2626">
    <p class='ocr_par' dir='ltr' id='par_1_54' title="bbox 1833 2547 3416 2626">
     <span class='ocr_line' id='line_1_55' title="bbox 1833 2547 3416 2626; baseline 0.008 -26"><span class='ocrx_word' id='word_1_339' title='bbox 1833 2548 1970 2613; x_wconf 91' lang='lat' dir='ltr'><strong>cuis,</strong></span> <span class='ocrx_word' id='word_1_340' title='bbox 2002 2547 2116 2603; x_wconf 89' lang='lat' dir='ltr'><strong>sive</strong></span> <span class='ocrx_word' id='word_1_341' title='bbox 2153 2550 2303 2604; x_wconf 86' lang='lat' dir='ltr'><strong>silvis</strong></span> <span class='ocrx_word' id='word_1_342' title='bbox 2344 2552 2415 2607; x_wconf 88' lang='lat' dir='ltr'><strong>ibi</strong></span> <span class='ocrx_word' id='word_1_343' title='bbox 2441 2554 2645 2609; x_wconf 87' lang='lat' dir='ltr'><strong>nostris</strong></span> <span class='ocrx_word' id='word_1_344' title='bbox 2672 2555 3051 2611; x_wconf 79' lang='lat' dir='ltr'><strong>communibus</strong></span> <span class='ocrx_word' id='word_1_345' title='bbox 3078 2558 3281 2626; x_wconf 87' lang='lat' dir='ltr'><strong>absque</strong></span> <span class='ocrx_word' id='word_1_346' title='bbox 3308 2558 3416 2614; x_wconf 89' lang='lat' dir='ltr'><strong>ulla</strong></span> 
     </span>
    </p>
   </div>
   <div class='ocr_carea' id='block_1_55' title="bbox 1832 2639 3418 2720">
    <p class='ocr_par' dir='ltr' id='par_1_55' title="bbox 1832 2639 3418 2720">
     <span class='ocr_line' id='line_1_56' title="bbox 1832 2639 3418 2720; baseline 0.009 -29"><span class='ocrx_word' id='word_1_347' title='bbox 1832 2639 2262 2695; x_wconf 87' lang='lat' dir='ltr'><strong>contradictione</strong></span> <span class='ocrx_word' id='word_1_348' title='bbox 2289 2641 2432 2696; x_wconf 86' lang='lat' dir='ltr'><strong>ultra</strong></span> <span class='ocrx_word' id='word_1_349' title='bbox 2477 2642 2549 2696; x_wconf 92' lang='lat' dir='ltr'><strong>ibi</strong></span> <span class='ocrx_word' id='word_1_350' title='bbox 2592 2660 2656 2699; x_wconf 85' lang='lat' dir='ltr'><strong>ex</strong></span> <span class='ocrx_word' id='word_1_351' title='bbox 2709 2654 2895 2700; x_wconf 90' lang='lat' dir='ltr'><strong>nostra</strong></span> <span class='ocrx_word' id='word_1_352' title='bbox 2949 2647 3202 2717; x_wconf 78' lang='lat' dir='ltr'><strong>largitate</strong></span> <span class='ocrx_word' id='word_1_353' title='bbox 3246 2650 3418 2720; x_wconf 81' lang='lat' dir='ltr'><strong>posst-</strong></span> 
     </span>
    </p>
   </div>
   <div class='ocr_carea' id='block_1_56' title="bbox 1834 2727 3421 2811">
    <p class='ocr_par' dir='ltr' id='par_1_56' title="bbox 1834 2727 3421 2811">
     <span class='ocr_line' id='line_1_57' title="bbox 1834 2727 3421 2811; baseline 0.01 -30"><span class='ocrx_word' id='word_1_354' title='bbox 1834 2727 2018 2783; x_wconf 90' lang='lat' dir='ltr'><strong>deant.</strong></span> <span class='ocrx_word' id='word_1_355' title='bbox 2048 2730 2116 2784; x_wconf 90' lang='lat' dir='ltr'><strong>Et</strong></span> <span class='ocrx_word' id='word_1_356' title='bbox 2144 2732 2345 2789; x_wconf 78' lang='lat' dir='ltr'><strong>uthaec</strong></span> <span class='ocrx_word' id='word_1_357' title='bbox 2372 2742 2570 2790; x_wconf 84' lang='lat' dir='ltr'><strong>nostrae</strong></span> <span class='ocrx_word' id='word_1_358' title='bbox 2612 2737 3042 2795; x_wconf 82' lang='lat' dir='ltr'><strong>confirmationis</strong></span> <span class='ocrx_word' id='word_1_359' title='bbox 3065 2741 3265 2810; x_wconf 87' lang='lat' dir='ltr'><strong>scripta</strong></span> <span class='ocrx_word' id='word_1_360' title='bbox 3294 2753 3421 2811; x_wconf 85' lang='lat' dir='ltr'><strong>per-</strong></span> 
     </span>
    </p>
   </div>
   <div class='ocr_carea' id='block_1_57' title="bbox 1832 2818 3417 2891">
    <p class='ocr_par' dir='ltr' id='par_1_57' title="bbox 1832 2818 3417 2891">
     <span class='ocr_line' id='line_1_58' title="bbox 1832 2818 3417 2891; baseline 0.009 -20"><span class='ocrx_word' id='word_1_361' title='bbox 1832 2818 2011 2887; x_wconf 90' lang='lat' dir='ltr'><strong>petuis</strong></span> <span class='ocrx_word' id='word_1_362' title='bbox 2036 2820 2367 2889; x_wconf 87' lang='lat' dir='ltr'><strong>temporibus</strong></span> <span class='ocrx_word' id='word_1_363' title='bbox 2392 2823 2509 2891; x_wconf 89' lang='lat' dir='ltr'><strong>ipso</strong></span> <span class='ocrx_word' id='word_1_364' title='bbox 2536 2824 2588 2877; x_wconf 91' lang='lat' dir='ltr'><strong>in</strong></span> <span class='ocrx_word' id='word_1_365' title='bbox 2620 2826 3064 2883; x_wconf 90' lang='lat' dir='ltr'><strong>sanctiﬁcationis</strong></span> <span class='ocrx_word' id='word_1_366' title='bbox 3085 2829 3204 2885; x_wconf 91' lang='lat' dir='ltr'><strong>loco</strong></span> <span class='ocrx_word' id='word_1_367' title='bbox 3231 2838 3417 2885; x_wconf 81' lang='lat' dir='ltr'><strong>nostra</strong></span> 
     </span>
    </p>
   </div>
   <div class='ocr_carea' id='block_1_58' title="bbox 1833 2907 3414 2988">
    <p class='ocr_par' dir='ltr' id='par_1_58' title="bbox 1833 2907 3414 2988">
     <span class='ocr_line' id='line_1_59' title="bbox 1833 2907 3414 2988; baseline 0.009 -27"><span class='ocrx_word' id='word_1_368' title='bbox 1833 2907 1889 2961; x_wconf 90' lang='lat' dir='ltr'><strong>in</strong></span> <span class='ocrx_word' id='word_1_369' title='bbox 1918 2907 2267 2980; x_wconf 91' lang='lat' dir='ltr'><strong>eleemosyna</strong></span> <span class='ocrx_word' id='word_1_370' title='bbox 2295 2914 2601 2981; x_wconf 87' lang='lat' dir='ltr'><strong>proficiant,</strong></span> <span class='ocrx_word' id='word_1_371' title='bbox 2649 2931 2809 2970; x_wconf 89' lang='lat' dir='ltr'><strong>manu</strong></span> <span class='ocrx_word' id='word_1_372' title='bbox 2840 2919 3059 2988; x_wconf 85' lang='lat' dir='ltr'><strong>prepria</strong></span> <span class='ocrx_word' id='word_1_373' title='bbox 3106 2919 3293 2980; x_wconf 86' lang='lat' dir='ltr'><strong>subter</strong></span> <span class='ocrx_word' id='word_1_374' title='bbox 3318 2919 3414 2974; x_wconf 84' lang='lat' dir='ltr'><strong>tir-</strong></span> 
     </span>
    </p>
   </div>
   <div class='ocr_carea' id='block_1_59' title="bbox 1834 2998 3417 3080">
    <p class='ocr_par' dir='ltr' id='par_1_59' title="bbox 1834 2998 3417 3080">
     <span class='ocr_line' id='line_1_60' title="bbox 1834 2998 3417 3080; baseline 0.011 -31"><span class='ocrx_word' id='word_1_375' title='bbox 1834 2998 2127 3065; x_wconf 82' lang='lat' dir='ltr'><strong>mavimus,</strong></span> <span class='ocrx_word' id='word_1_376' title='bbox 2159 3007 2323 3070; x_wconf 90' lang='lat' dir='ltr'><strong>atque</strong></span> <span class='ocrx_word' id='word_1_377' title='bbox 2349 3003 2533 3057; x_wconf 90' lang='lat' dir='ltr'><strong>annuli</strong></span> <span class='ocrx_word' id='word_1_378' title='bbox 2574 3006 2747 3059; x_wconf 86' lang='lat' dir='ltr'><strong>nostri</strong></span> <span class='ocrx_word' id='word_1_379' title='bbox 2785 3007 3138 3076; x_wconf 89' lang='lat' dir='ltr'><strong>impressione</strong></span> <span class='ocrx_word' id='word_1_380' title='bbox 3165 3010 3417 3080; x_wconf 37' lang='lat' dir='ltr'><strong>perennis</strong></span> 
     </span>
    </p>
   </div>
   <div class='ocr_carea' id='block_1_60' title="bbox 1837 3089 2592 3149">
    <p class='ocr_par' dir='ltr' id='par_1_60' title="bbox 1837 3089 2592 3149">
     <span class='ocr_line' id='line_1_61' title="bbox 1837 3089 2592 3149; baseline 0.008 -9"><span class='ocrx_word' id='word_1_381' title='bbox 1837 3096 1919 3141; x_wconf 81' lang='lat' dir='ltr'><strong>ter</strong></span> <span class='ocrx_word' id='word_1_382' title='bbox 1946 3089 2209 3144; x_wconf 90' lang='lat' dir='ltr'><strong>roborare</strong></span> <span class='ocrx_word' id='word_1_383' title='bbox 2237 3092 2592 3149; x_wconf 87' lang='lat' dir='ltr'><strong>decrevimus.</strong></span> 
     </span>
    </p>
   </div>
   <div class='ocr_carea' id='block_1_61' title="bbox 212 3153 1726 3249">
    <p class='ocr_par' dir='ltr' id='par_1_61' title="bbox 212 3178 1726 3242">
     <span class='ocr_line' id='line_1_62' title="bbox 212 3178 1726 3242; baseline 0.007 -10"><span class='ocrx_word' id='word_1_384' title='bbox 212 3178 272 3232; x_wconf 84' lang='lat' dir='ltr'><strong>In</strong></span> <span class='ocrx_word' id='word_1_385' title='bbox 302 3179 519 3234; x_wconf 88' lang='lat' dir='ltr'><strong>nomine</strong></span> <span class='ocrx_word' id='word_1_386' title='bbox 572 3179 786 3234; x_wconf 89' lang='lat' dir='ltr'><strong>Domini</strong></span> <span class='ocrx_word' id='word_1_387' title='bbox 826 3182 920 3236; x_wconf 91' lang='lat' dir='ltr'><strong>Dei</strong></span> <span class='ocrx_word' id='word_1_388' title='bbox 955 3192 1011 3237; x_wconf 93' lang='lat' dir='ltr'><strong>et</strong></span> <span class='ocrx_word' id='word_1_389' title='bbox 1044 3183 1342 3241; x_wconf 84' lang='lat' dir='ltr'><strong>Salvatoris</strong></span> <span class='ocrx_word' id='word_1_390' title='bbox 1384 3187 1555 3241; x_wconf 88' lang='lat' dir='ltr'><strong>nostri</strong></span> <span class='ocrx_word' id='word_1_391' title='bbox 1600 3187 1726 3242; x_wconf 82' lang='lat' dir='ltr'><strong>Jesu</strong></span> 
     </span>
    </p>
   </div>
   <div class='ocr_carea' id='block_1_62' title="bbox 1833 3153 3137 3249">
    <p class='ocr_par' dir='ltr' id='par_1_62' title="bbox 1903 3178 3137 3249">
     <span class='ocr_line' id='line_1_63' title="bbox 1903 3178 3137 3249; baseline 0.008 -18"><span class='ocrx_word' id='word_1_392' title='bbox 1903 3178 2097 3231; x_wconf 88' lang='lat' dir='ltr'><strong>Datum</strong></span> <span class='ocrx_word' id='word_1_393' title='bbox 2128 3178 2352 3235; x_wconf 81' lang='lat' dir='ltr'><strong>Rhcmis</strong></span> <span class='ocrx_word' id='word_1_394' title='bbox 2380 3181 2637 3238; x_wconf 86' lang='lat' dir='ltr'><strong>Kalendis</strong></span> <span class='ocrx_word' id='word_1_395' title='bbox 2664 3183 3000 3249; x_wconf 78' lang='lat' dir='ltr'><strong>Novembris,</strong></span> <span class='ocrx_word' id='word_1_396' title='bbox 3035 3196 3137 3243; x_wconf 87' lang='lat' dir='ltr'><strong>etc.</strong></span> 
     </span>
    </p>
   </div>
   <div class='ocr_carea' id='block_1_63' title="bbox 133 3268 1732 3345">
    <p class='ocr_par' dir='ltr' id='par_1_63' title="bbox 133 3268 1732 3345">
     <span class='ocr_line' id='line_1_64' title="bbox 133 3268 1732 3345; baseline 0.004 -20"><span class='ocrx_word' id='word_1_397' title='bbox 133 3268 368 3334; x_wconf 81' lang='lat' dir='ltr'><strong>Christi,</strong></span> <span class='ocrx_word' id='word_1_398' title='bbox 386 3269 708 3336; x_wconf 84' lang='lat' dir='ltr'><strong>Ludovicus,</strong></span> <span class='ocrx_word' id='word_1_399' title='bbox 733 3271 914 3325; x_wconf 88' lang='lat' dir='ltr'><strong>divina</strong></span> <span class='ocrx_word' id='word_1_400' title='bbox 940 3274 1227 3329; x_wconf 89' lang='lat' dir='ltr'><strong>ordinante</strong></span> <span class='ocrx_word' id='word_1_401' title='bbox 1248 3276 1610 3345; x_wconf 87' lang='lat' dir='ltr'><strong>providentia,</strong></span> <span class='ocrx_word' id='word_1_402' title='bbox 1630 3278 1732 3331; x_wconf 87' lang='lat' dir='ltr'><strong>im-</strong></span> 
     </span>
    </p>
   </div>
   <div class='ocr_carea' id='block_1_64' title="bbox 135 3358 1732 3429">
    <p class='ocr_par' dir='ltr' id='par_1_64' title="bbox 135 3358 1732 3429">
     <span class='ocr_line' id='line_1_65' title="bbox 135 3358 1732 3429; baseline 0.006 -16"><span class='ocrx_word' id='word_1_403' title='bbox 135 3365 361 3429; x_wconf 86' lang='lat' dir='ltr'><strong>perator</strong></span> <span class='ocrx_word' id='word_1_404' title='bbox 395 3358 691 3429; x_wconf 86' lang='lat' dir='ltr'><strong>Augustus,</strong></span> <span class='ocrx_word' id='word_1_405' title='bbox 716 3361 966 3416; x_wconf 91' lang='lat' dir='ltr'><strong>omnibus</strong></span> <span class='ocrx_word' id='word_1_406' title='bbox 997 3372 1197 3417; x_wconf 88' lang='lat' dir='ltr'><strong>sanctae</strong></span> <span class='ocrx_word' id='word_1_407' title='bbox 1223 3364 1320 3419; x_wconf 91' lang='lat' dir='ltr'><strong>Dei</strong></span> <span class='ocrx_word' id='word_1_408' title='bbox 1352 3366 1608 3421; x_wconf 55' lang='lat' dir='ltr'><strong>Ecclesia</strong></span> <span class='ocrx_word' id='word_1_409' title='bbox 1633 3383 1732 3423; x_wconf 82' lang='lat' dir='ltr'><strong>no-</strong></span> 
     </span>
    </p>
   </div>
   <div class='ocr_carea' id='block_1_65' title="bbox 136 3447 1729 3525">
    <p class='ocr_par' dir='ltr' id='par_1_65' title="bbox 136 3447 1729 3525">
     <span class='ocr_line' id='line_1_66' title="bbox 136 3447 1729 3525; baseline 0.004 -21"><span class='ocrx_word' id='word_1_410' title='bbox 136 3447 378 3517; x_wconf 75' lang='lat' dir='ltr'><strong>atrisque</strong></span> <span class='ocrx_word' id='word_1_411' title='bbox 400 3447 665 3513; x_wconf 86' lang='lat' dir='ltr'><strong>ﬁdelibus,</strong></span> <span class='ocrx_word' id='word_1_412' title='bbox 699 3450 906 3505; x_wconf 86' lang='lat' dir='ltr'><strong>scilicet</strong></span> <span class='ocrx_word' id='word_1_413' title='bbox 929 3453 1291 3520; x_wconf 74' lang='lat' dir='ltr'><strong>prmsentibus</strong></span> <span class='ocrx_word' id='word_1_414' title='bbox 1315 3463 1478 3525; x_wconf 89' lang='lat' dir='ltr'><strong>atque</strong></span> <span class='ocrx_word' id='word_1_415' title='bbox 1508 3456 1729 3512; x_wconf 88' lang='lat' dir='ltr'><strong>futuris.</strong></span> 
     </span>
    </p>
   </div>
   <div class='ocr_carea' id='block_1_66' title="bbox 234 3538 1731 3603">
    <p class='ocr_par' dir='ltr' id='par_1_66' title="bbox 234 3538 1731 3603">
     <span class='ocr_line' id='line_1_67' title="bbox 234 3538 1731 3603; baseline 0.007 -10"><span class='ocrx_word' id='word_1_416' title='bbox 234 3538 690 3595; x_wconf 86' lang='lat' dir='ltr'><strong>Si‘liberalitatis</strong></span> <span class='ocrx_word' id='word_1_417' title='bbox 749 3551 950 3597; x_wconf 69' lang='lat' dir='ltr'><strong>nostra:</strong></span> <span class='ocrx_word' id='word_1_418' title='bbox 999 3559 1224 3600; x_wconf 90' lang='lat' dir='ltr'><strong>munere</strong></span> <span class='ocrx_word' id='word_1_419' title='bbox 1286 3546 1420 3602; x_wconf 92' lang='lat' dir='ltr'><strong>locis</strong></span> <span class='ocrx_word' id='word_1_420' title='bbox 1483 3548 1594 3603; x_wconf 89' lang='lat' dir='ltr'><strong>Deo</strong></span> <span class='ocrx_word' id='word_1_421' title='bbox 1648 3548 1731 3603; x_wconf 92' lang='lat' dir='ltr'><strong>di-</strong></span> 
     </span>
    </p>
   </div>
   <div class='ocr_carea' id='block_1_67' title="bbox 137 3630 1732 3700">
    <p class='ocr_par' dir='ltr' id='par_1_67' title="bbox 137 3630 1732 3700">
     <span class='ocr_line' id='line_1_68' title="bbox 137 3630 1732 3700; baseline 0.004 -15"><span class='ocrx_word' id='word_1_422' title='bbox 137 3630 285 3685; x_wconf 84' lang='lat' dir='ltr'><strong>catis</strong></span> <span class='ocrx_word' id='word_1_423' title='bbox 315 3630 567 3699; x_wconf 89' lang='lat' dir='ltr'><strong>quiddam</strong></span> <span class='ocrx_word' id='word_1_424' title='bbox 606 3632 1039 3688; x_wconf 88' lang='lat' dir='ltr'><strong>concesserimus</strong></span> <span class='ocrx_word' id='word_1_425' title='bbox 1084 3634 1357 3700; x_wconf 90' lang='lat' dir='ltr'><strong>beneﬁcii,</strong></span> <span class='ocrx_word' id='word_1_426' title='bbox 1398 3637 1451 3691; x_wconf 93' lang='lat' dir='ltr'><strong>id</strong></span> <span class='ocrx_word' id='word_1_427' title='bbox 1489 3637 1647 3692; x_wconf 91' lang='lat' dir='ltr'><strong>nobis</strong></span> <span class='ocrx_word' id='word_1_428' title='bbox 1676 3646 1732 3691; x_wconf 84' lang='lat' dir='ltr'><strong>et</strong></span> 
     </span>
    </p>
   </div>
   <div class='ocr_carea' id='block_1_68' title="bbox 138 3719 1731 3797">
    <p class='ocr_par' dir='ltr' id='par_1_68' title="bbox 138 3719 1731 3797">
     <span class='ocr_line' id='line_1_69' title="bbox 138 3719 1731 3797; baseline 0.003 -22"><span class='ocrx_word' id='word_1_429' title='bbox 138 3719 212 3775; x_wconf 88' lang='lat' dir='ltr'><strong>ad</strong></span> <span class='ocrx_word' id='word_1_430' title='bbox 253 3719 536 3775; x_wconf 88' lang='lat' dir='ltr'><strong>mortalem</strong></span> <span class='ocrx_word' id='word_1_431' title='bbox 570 3722 735 3774; x_wconf 87' lang='lat' dir='ltr'><strong>vitam</strong></span> <span class='ocrx_word' id='word_1_432' title='bbox 767 3723 1137 3792; x_wconf 89' lang='lat' dir='ltr'><strong>temporaliter</strong></span> <span class='ocrx_word' id='word_1_433' title='bbox 1172 3725 1576 3797; x_wconf 83' lang='lat' dir='ltr'><strong>transigendam</strong></span> <span class='ocrx_word' id='word_1_434' title='bbox 1602 3768 1617 3792; x_wconf 89' lang='lat'><strong>,</strong></span> <span class='ocrx_word' id='word_1_435' title='bbox 1675 3736 1731 3783; x_wconf 89' lang='lat' dir='ltr'><strong>et</strong></span> 
     </span>
    </p>
   </div>
   <div class='ocr_carea' id='block_1_69' title="bbox 136 3809 1730 3887">
    <p class='ocr_par' dir='ltr' id='par_1_69' title="bbox 136 3809 1730 3887">
     <span class='ocr_line' id='line_1_70' title="bbox 136 3809 1730 3887; baseline 0.003 -19"><span class='ocrx_word' id='word_1_436' title='bbox 136 3811 221 3868; x_wconf 84' lang='lat' dir='ltr'><strong>ad&#39;</strong></span> <span class='ocrx_word' id='word_1_437' title='bbox 249 3809 771 3869; x_wconf 78' lang='lat' dir='ltr'><strong>:eternam&#39;feliciter</strong></span> <span class='ocrx_word' id='word_1_438' title='bbox 789 3814 1135 3870; x_wconf 89' lang='lat' dir='ltr'><strong>obtinendam</strong></span> <span class='ocrx_word' id='word_1_439' title='bbox 1163 3814 1504 3886; x_wconf 88' lang='lat' dir='ltr'><strong>profuturum</strong></span> <span class='ocrx_word' id='word_1_440' title='bbox 1525 3817 1730 3887; x_wconf 90' lang='lat' dir='ltr'><strong>liquido</strong></span> 
     </span>
    </p>
   </div>
   <div class='ocr_carea' id='block_1_70' title="bbox 136 3903 1731 3974">
    <p class='ocr_par' dir='ltr' id='par_1_70' title="bbox 136 3903 1731 3974">
     <span class='ocr_line' id='line_1_71' title="bbox 136 3903 1731 3974; baseline 0.002 -15"><span class='ocrx_word' id='word_1_441' title='bbox 136 3903 437 3974; x_wconf 79' lang='lat' dir='ltr'><strong>credimus.</strong></span> <span class='ocrx_word' id='word_1_442' title='bbox 486 3903 693 3958; x_wconf 82' lang='lat' dir='ltr'><strong>idcirco</strong></span> <span class='ocrx_word' id='word_1_443' title='bbox 742 3911 926 3958; x_wconf 90' lang='lat' dir='ltr'><strong>notum</strong></span> <span class='ocrx_word' id='word_1_444' title='bbox 986 3904 1105 3959; x_wconf 76' lang='lat' dir='ltr'><strong>ﬁeri</strong></span> <span class='ocrx_word' id='word_1_445' title='bbox 1159 3905 1409 3961; x_wconf 90' lang='lat' dir='ltr'><strong>volumus</strong></span> <span class='ocrx_word' id='word_1_446' title='bbox 1478 3906 1731 3962; x_wconf 87' lang='lat' dir='ltr'><strong>omnibus</strong></span> 
     </span>
    </p>
   </div>
   <div class='ocr_carea' id='block_1_71' title="bbox 134 3991 1729 4066">
    <p class='ocr_par' dir='ltr' id='par_1_71' title="bbox 134 3991 1729 4066">
     <span class='ocr_line' id='line_1_72' title="bbox 134 3991 1729 4066; baseline 0.003 -19"><span class='ocrx_word' id='word_1_447' title='bbox 134 3994 289 4064; x_wconf 83' lang='lat' dir='ltr'><strong>quod</strong></span> <span class='ocrx_word' id='word_1_448' title='bbox 312 4000 497 4047; x_wconf 89' lang='lat' dir='ltr'><strong>sancta</strong></span> <span class='ocrx_word' id='word_1_449' title='bbox 527 3991 850 4061; x_wconf 74' lang='lat' dir='ltr'><strong>Rhemensis</strong></span> <span class='ocrx_word' id='word_1_450' title='bbox 886 3993 1114 4050; x_wconf 89' lang='lat' dir='ltr'><strong>ecclesia</strong></span> <span class='ocrx_word' id='word_1_451' title='bbox 1146 4035 1162 4061; x_wconf 94' lang='lat'><strong>,</strong></span> <span class='ocrx_word' id='word_1_452' title='bbox 1193 3996 1249 4050; x_wconf 92' lang='lat' dir='ltr'><strong>in</strong></span> <span class='ocrx_word' id='word_1_453' title='bbox 1279 4011 1385 4065; x_wconf 90' lang='lat' dir='ltr'><strong>qua</strong></span> <span class='ocrx_word' id='word_1_454' title='bbox 1424 3997 1729 4066; x_wconf 61' lang='lat' dir='ltr'><strong>praedeces-</strong></span> 
     </span>
    </p>
   </div>
   <div class='ocr_carea' id='block_1_72' title="bbox 136 4083 1731 4154">
    <p class='ocr_par' dir='ltr' id='par_1_72' title="bbox 136 4083 1731 4154">
     <span class='ocr_line' id='line_1_73' title="bbox 136 4083 1731 4154; baseline 0.003 -15"><span class='ocrx_word' id='word_1_455' title='bbox 136 4099 305 4140; x_wconf 85' lang='lat' dir='ltr'><strong>sores</strong></span> <span class='ocrx_word' id='word_1_456' title='bbox 347 4083 560 4150; x_wconf 85' lang='lat' dir='ltr'><strong>nostri,</strong></span> <span class='ocrx_word' id='word_1_457' title='bbox 597 4097 751 4153; x_wconf 78' lang='lat' dir='ltr'><strong>reges</strong></span> <span class='ocrx_word' id='word_1_458' title='bbox 793 4083 1048 4142; x_wconf 87' lang='lat' dir='ltr'><strong>videlicet</strong></span> <span class='ocrx_word' id='word_1_459' title='bbox 1075 4087 1413 4144; x_wconf 88' lang='lat' dir='ltr'><strong>Francorum</strong></span> <span class='ocrx_word' id='word_1_460' title='bbox 1438 4130 1452 4154; x_wconf 90' lang='lat'><strong>,</strong></span> <span class='ocrx_word' id='word_1_461' title='bbox 1488 4088 1651 4145; x_wconf 89' lang='lat' dir='ltr'><strong>ﬁdem</strong></span> <span class='ocrx_word' id='word_1_462' title='bbox 1677 4095 1731 4145; x_wconf 90' lang='lat' dir='ltr'><strong>et</strong></span> 
     </span>
    </p>
   </div>
   <div class='ocr_carea' id='block_1_73' title="bbox 135 4176 1730 4247">
    <p class='ocr_par' dir='ltr' id='par_1_73' title="bbox 135 4176 1730 4247">
     <span class='ocr_line' id='line_1_74' title="bbox 135 4176 1730 4247; baseline 0 -14"><span class='ocrx_word' id='word_1_463' title='bbox 135 4176 286 4233; x_wconf 77' lang='lat' dir='ltr'><strong>sacri</strong></span> <span class='ocrx_word' id='word_1_464' title='bbox 311 4176 658 4247; x_wconf 84' lang='lat' dir='ltr'><strong>baptismatis</strong></span> <span class='ocrx_word' id='word_1_465' title='bbox 684 4177 916 4247; x_wconf 76' lang='lat' dir='ltr'><strong>gratiam</strong></span> <span class='ocrx_word' id='word_1_466' title='bbox 944 4186 1305 4247; x_wconf 88' lang='lat' dir='ltr'><strong>perceperunt</strong></span> <span class='ocrx_word' id='word_1_467' title='bbox 1321 4218 1335 4243; x_wconf 87' lang='lat'><strong>,</strong></span> <span class='ocrx_word' id='word_1_468' title='bbox 1356 4178 1410 4232; x_wconf 91' lang='lat' dir='ltr'><strong>iu</strong></span> <span class='ocrx_word' id='word_1_469' title='bbox 1433 4194 1537 4247; x_wconf 87' lang='lat' dir='ltr'><strong>qua</strong></span> <span class='ocrx_word' id='word_1_470' title='bbox 1558 4187 1612 4233; x_wconf 89' lang='lat' dir='ltr'><strong>et</strong></span> <span class='ocrx_word' id='word_1_471' title='bbox 1631 4192 1730 4233; x_wconf 92' lang='lat' dir='ltr'><strong>nos</strong></span> 
     </span>
    </p>
   </div>
   <div class='ocr_carea' id='block_1_74' title="bbox 135 4267 1729 4340">
    <p class='ocr_par' dir='ltr' id='par_1_74' title="bbox 135 4267 1729 4340">
     <span class='ocr_line' id='line_1_75' title="bbox 135 4267 1729 4340; baseline 0.001 -17"><span class='ocrx_word' id='word_1_472' title='bbox 135 4282 241 4340; x_wconf 83' lang='lat' dir='ltr'><strong>per</strong></span> <span class='ocrx_word' id='word_1_473' title='bbox 270 4268 671 4338; x_wconf 85' lang='lat' dir='ltr'><strong>impositionem</strong></span> <span class='ocrx_word' id='word_1_474' title='bbox 702 4282 897 4322; x_wconf 91' lang='lat' dir='ltr'><strong>manus</strong></span> <span class='ocrx_word' id='word_1_475' title='bbox 932 4267 1115 4322; x_wconf 90' lang='lat' dir='ltr'><strong>domui</strong></span> <span class='ocrx_word' id='word_1_476' title='bbox 1146 4267 1405 4338; x_wconf 89' lang='lat' dir='ltr'><strong>Stephani</strong></span> <span class='ocrx_word' id='word_1_477' title='bbox 1446 4284 1599 4340; x_wconf 75' lang='lat' dir='ltr'><strong>papa:</strong></span> <span class='ocrx_word' id='word_1_478' title='bbox 1626 4269 1729 4324; x_wconf 89' lang='lat' dir='ltr'><strong>im-</strong></span> 
     </span>
    </p>
   </div>
   <div class='ocr_carea' id='block_1_75' title="bbox 135 4355 1730 4428">
    <p class='ocr_par' dir='ltr' id='par_1_75' title="bbox 135 4355 1730 4428">
     <span class='ocr_line' id='line_1_76' title="bbox 135 4355 1730 4428; baseline 0.002 -18"><span class='ocrx_word' id='word_1_479' title='bbox 135 4357 367 4428; x_wconf 87' lang='lat' dir='ltr'><strong>perialia</strong></span> <span class='ocrx_word' id='word_1_480' title='bbox 398 4356 734 4425; x_wconf 89' lang='lat' dir='ltr'><strong>suscepimus</strong></span> <span class='ocrx_word' id='word_1_481' title='bbox 761 4355 1012 4425; x_wconf 84' lang='lat' dir='ltr'><strong>insignia,</strong></span> <span class='ocrx_word' id='word_1_482' title='bbox 1065 4370 1338 4425; x_wconf 90' lang='lat' dir='ltr'><strong>quamque</strong></span> <span class='ocrx_word' id='word_1_483' title='bbox 1366 4358 1436 4412; x_wconf 91' lang='lat' dir='ltr'><strong>ob</strong></span> <span class='ocrx_word' id='word_1_484' title='bbox 1466 4358 1730 4414; x_wconf 89' lang='lat' dir='ltr'><strong>honorem</strong></span> 
     </span>
    </p>
   </div>
   <div class='ocr_carea' id='block_1_76' title="bbox 136 4449 1745 4519">
    <p class='ocr_par' dir='ltr' id='par_1_76' title="bbox 136 4449 1745 4519">
     <span class='ocr_line' id='line_1_77' title="bbox 136 4449 1745 4519; baseline 0.002 -15"><span class='ocrx_word' id='word_1_485' title='bbox 136 4449 239 4504; x_wconf 88' lang='lat' dir='ltr'><strong>Dei</strong></span> <span class='ocrx_word' id='word_1_486' title='bbox 266 4457 662 4519; x_wconf 89' lang='lat' dir='ltr'><strong>parentumque</strong></span> <span class='ocrx_word' id='word_1_487' title='bbox 709 4450 1025 4504; x_wconf 85' lang='lat' dir='ltr'><strong>‘nostrorum</strong></span> <span class='ocrx_word' id='word_1_488' title='bbox 1073 4450 1391 4504; x_wconf 91' lang='lat' dir='ltr'><strong>memoriam</strong></span> <span class='ocrx_word' id='word_1_489' title='bbox 1413 4492 1426 4515; x_wconf 90' lang='lat'><strong>,</strong></span> <span class='ocrx_word' id='word_1_490' title='bbox 1458 4453 1571 4508; x_wconf 88' lang='lat' dir='ltr'><strong>sive</strong></span> <span class='ocrx_word' id='word_1_491' title='bbox 1600 4467 1745 4508; x_wconf 57' lang='lat' dir='ltr'><strong>con-o</strong></span> 
     </span>
    </p>
   </div>
   <div class='ocr_carea' id='block_1_77' title="bbox 136 4541 1725 4611">
    <p class='ocr_par' dir='ltr' id='par_1_77' title="bbox 136 4541 1725 4611">
     <span class='ocr_line' id='line_1_78' title="bbox 136 4541 1725 4611; baseline 0.003 -13"><span class='ocrx_word' id='word_1_492' title='bbox 136 4541 466 4598; x_wconf 68' lang='lat' dir='ltr'><strong>sacrationis</strong></span> <span class='ocrx_word' id='word_1_493' title='bbox 492 4550 690 4596; x_wconf 68' lang='lat' dir='ltr'><strong>nostra:</strong></span> <span class='ocrx_word' id='word_1_494' title='bbox 735 4543 1051 4611; x_wconf 84' lang='lat' dir='ltr'><strong>dignitatem</strong></span> <span class='ocrx_word' id='word_1_495' title='bbox 1073 4584 1087 4609; x_wconf 96' lang='lat'><strong>,</strong></span> <span class='ocrx_word' id='word_1_496' title='bbox 1124 4558 1155 4598; x_wconf 89' lang='lat' dir='ltr'><strong>a</strong></span> <span class='ocrx_word' id='word_1_497' title='bbox 1192 4543 1560 4602; x_wconf 89' lang='lat' dir='ltr'><strong>fundamentis</strong></span> <span class='ocrx_word' id='word_1_498' title='bbox 1612 4563 1725 4602; x_wconf 83' lang='lat' dir='ltr'><strong>res-</strong></span> 
     </span>
    </p>
   </div>
   <div class='ocr_carea' id='block_1_78' title="bbox 138 4621 1726 4699">
    <p class='ocr_par' dir='ltr' id='par_1_78' title="bbox 138 4621 1726 4699">
     <span class='ocr_line' id='line_1_79' title="bbox 138 4621 1726 4699; baseline 0.004 -13"><span class='ocrx_word' id='word_1_499' title='bbox 138 4641 363 4686; x_wconf 86' lang='lat' dir='ltr'><strong>taurare</strong></span> <span class='ocrx_word' id='word_1_500' title='bbox 386 4621 702 4687; x_wconf 87' lang='lat' dir='ltr'><strong>solemniter</strong></span> <span class='ocrx_word' id='word_1_501' title='bbox 720 4634 1087 4699; x_wconf 88' lang='lat' dir='ltr'><strong>decrevimus;</strong></span> <span class='ocrx_word' id='word_1_502' title='bbox 1105 4635 1179 4689; x_wconf 88' lang='lat' dir='ltr'><strong>ita</strong></span> <span class='ocrx_word' id='word_1_503' title='bbox 1210 4643 1269 4689; x_wconf 90' lang='lat' dir='ltr'><strong>ut</strong></span> <span class='ocrx_word' id='word_1_504' title='bbox 1285 4636 1412 4691; x_wconf 88' lang='lat' dir='ltr'><strong>dum</strong></span> <span class='ocrx_word' id='word_1_505' title='bbox 1433 4644 1576 4691; x_wconf 86' lang='lat' dir='ltr'><strong>esset</strong></span> <span class='ocrx_word' id='word_1_506' title='bbox 1600 4647 1726 4694; x_wconf 89' lang='lat' dir='ltr'><strong>ante</strong></span> 
     </span>
    </p>
   </div>
   <div class='ocr_carea' id='block_1_79' title="bbox 138 4722 1727 4796">
    <p class='ocr_par' dir='ltr' id='par_1_79' title="bbox 138 4722 1727 4796">
     <span class='ocr_line' id='line_1_80' title="bbox 138 4722 1727 4796; baseline 0.004 -19"><span class='ocrx_word' id='word_1_507' title='bbox 138 4722 200 4777; x_wconf 86' lang='lat' dir='ltr'><strong>in</strong></span> <span class='ocrx_word' id='word_1_508' title='bbox 228 4723 433 4777; x_wconf 86' lang='lat' dir='ltr'><strong>honore</strong></span> <span class='ocrx_word' id='word_1_509' title='bbox 461 4730 672 4777; x_wconf 89' lang='lat' dir='ltr'><strong>tantum</strong></span> <span class='ocrx_word' id='word_1_510' title='bbox 700 4723 795 4777; x_wconf 90' lang='lat' dir='ltr'><strong>Dei</strong></span> <span class='ocrx_word' id='word_1_511' title='bbox 826 4725 1108 4792; x_wconf 86' lang='lat' dir='ltr'><strong>genitricis</strong></span> <span class='ocrx_word' id='word_1_512' title='bbox 1153 4725 1335 4781; x_wconf 66' lang='lat' dir='ltr'><strong>Maria:</strong></span> <span class='ocrx_word' id='word_1_513' title='bbox 1374 4728 1596 4796; x_wconf 88' lang='lat' dir='ltr'><strong>antiquo</strong></span> <span class='ocrx_word' id='word_1_514' title='bbox 1640 4744 1727 4784; x_wconf 85' lang='lat' dir='ltr'><strong>re-</strong></span> 
     </span>
    </p>
   </div>
   <div class='ocr_carea' id='block_1_80' title="bbox 138 4802 1729 4889">
    <p class='ocr_par' dir='ltr' id='par_1_80' title="bbox 138 4802 1729 4889">
     <span class='ocr_line' id='line_1_81' title="bbox 138 4802 1729 4889; baseline 0.004 -23"><span class='ocrx_word' id='word_1_515' title='bbox 138 4802 361 4883; x_wconf 80' lang='lat' dir='ltr'><strong>ligionis</strong></span> <span class='ocrx_word' id='word_1_516' title='bbox 383 4812 554 4876; x_wconf 89' lang='lat' dir='ltr'><strong>cultu,</strong></span> <span class='ocrx_word' id='word_1_517' title='bbox 594 4812 695 4867; x_wconf 83' lang='lat' dir='ltr'><strong>nos</strong></span> <span class='ocrx_word' id='word_1_518' title='bbox 743 4822 964 4883; x_wconf 90' lang='lat' dir='ltr'><strong>propter</strong></span> <span class='ocrx_word' id='word_1_519' title='bbox 1011 4831 1206 4871; x_wconf 89' lang='lat' dir='ltr'><strong>novam</strong></span> <span class='ocrx_word' id='word_1_520' title='bbox 1238 4817 1585 4873; x_wconf 81' lang='lat' dir='ltr'><strong>exaltationis</strong></span> <span class='ocrx_word' id='word_1_521' title='bbox 1610 4835 1729 4889; x_wconf 90' lang='lat' dir='ltr'><strong>gra-</strong></span> 
     </span>
    </p>
   </div>
   <div class='ocr_carea' id='block_1_81' title="bbox 139 4901 1727 4972">
    <p class='ocr_par' dir='ltr' id='par_1_81' title="bbox 139 4901 1727 4972">
     <span class='ocr_line' id='line_1_82' title="bbox 139 4901 1727 4972; baseline 0.004 -14"><span class='ocrx_word' id='word_1_522' title='bbox 139 4904 279 4958; x_wconf 80' lang='lat' dir='ltr'><strong>tiam</strong></span> <span class='ocrx_word' id='word_1_523' title='bbox 310 4901 733 4972; x_wconf 89' lang='lat' dir='ltr'><strong>superaddentes</strong></span> <span class='ocrx_word' id='word_1_524' title='bbox 749 4904 1203 4960; x_wconf 80' lang='lat' dir='ltr'><strong>subinvocatione</strong></span> <span class='ocrx_word' id='word_1_525' title='bbox 1226 4909 1397 4963; x_wconf 90' lang='lat' dir='ltr'><strong>sancti</strong></span> <span class='ocrx_word' id='word_1_526' title='bbox 1428 4907 1727 4965; x_wconf 86' lang='lat' dir='ltr'><strong>Salvatoris</strong></span> 
     </span>
    </p>
   </div>
   <div class='ocr_carea' id='block_1_82' title="bbox 139 4991 1731 5054">
    <p class='ocr_par' dir='ltr' id='par_1_82' title="bbox 139 4991 1731 5054">
     <span class='ocr_line' id='line_1_83' title="bbox 139 4991 1731 5054; baseline 0.004 -7"><span class='ocrx_word' id='word_1_527' title='bbox 139 4991 243 5048; x_wconf 86' lang='lat' dir='ltr'><strong>Dei</strong></span> <span class='ocrx_word' id='word_1_528' title='bbox 272 5001 328 5047; x_wconf 89' lang='lat' dir='ltr'><strong>et</strong></span> <span class='ocrx_word' id='word_1_529' title='bbox 357 4992 567 5046; x_wconf 86' lang='lat' dir='ltr'><strong>Domini</strong></span> <span class='ocrx_word' id='word_1_530' title='bbox 595 4994 771 5047; x_wconf 92' lang='lat' dir='ltr'><strong>nostri</strong></span> <span class='ocrx_word' id='word_1_531' title='bbox 808 4992 935 5048; x_wconf 83' lang='lat' dir='ltr'><strong>Jesu</strong></span> <span class='ocrx_word' id='word_1_532' title='bbox 965 4992 1168 5049; x_wconf 88' lang='lat' dir='ltr'><strong>Christi</strong></span> <span class='ocrx_word' id='word_1_533' title='bbox 1216 4999 1524 5053; x_wconf 85' lang='lat' dir='ltr'><strong>renovando</strong></span> <span class='ocrx_word' id='word_1_534' title='bbox 1569 5000 1731 5054; x_wconf 80' lang='lat' dir='ltr'><strong>rebus</strong></span> 
     </span>
    </p>
   </div>
   <div class='ocr_carea' id='block_1_83' title="bbox 141 5084 1732 5154">
    <p class='ocr_par' dir='ltr' id='par_1_83' title="bbox 141 5084 1732 5154">
     <span class='ocr_line' id='line_1_84' title="bbox 141 5084 1732 5154; baseline 0.001 -13"><span class='ocrx_word' id='word_1_535' title='bbox 141 5084 577 5153; x_wconf 86' lang='lat' dir='ltr'><strong>competentibus</strong></span> <span class='ocrx_word' id='word_1_536' title='bbox 625 5084 949 5149; x_wconf 87' lang='lat' dir='ltr'><strong>ditavimus;</strong></span> <span class='ocrx_word' id='word_1_537' title='bbox 997 5086 1218 5154; x_wconf 89' lang='lat' dir='ltr'><strong>insuper</strong></span> <span class='ocrx_word' id='word_1_538' title='bbox 1244 5092 1299 5139; x_wconf 91' lang='lat' dir='ltr'><strong>et</strong></span> <span class='ocrx_word' id='word_1_539' title='bbox 1328 5086 1522 5142; x_wconf 91' lang='lat' dir='ltr'><strong>devoto</strong></span> <span class='ocrx_word' id='word_1_540' title='bbox 1556 5088 1732 5142; x_wconf 87' lang='lat' dir='ltr'><strong>inten-</strong></span> 
     </span>
    </p>
   </div>
   <div class='ocr_carea' id='block_1_84' title="bbox 141 5176 1730 5253">
    <p class='ocr_par' dir='ltr' id='par_1_84' title="bbox 141 5176 1730 5253">
     <span class='ocr_line' id='line_1_85' title="bbox 141 5176 1730 5253; baseline 0 -21"><span class='ocrx_word' id='word_1_541' title='bbox 141 5177 316 5253; x_wconf 78' lang='lat' dir='ltr'><strong>tionis</strong></span> <span class='ocrx_word' id='word_1_542' title='bbox 358 5176 538 5230; x_wconf 90' lang='lat' dir='ltr'><strong>studio</strong></span> <span class='ocrx_word' id='word_1_543' title='bbox 584 5190 682 5244; x_wconf 91' lang='lat' dir='ltr'><strong>pro</strong></span> <span class='ocrx_word' id='word_1_544' title='bbox 736 5176 910 5231; x_wconf 83' lang='lat' dir='ltr'><strong>salute</strong></span> <span class='ocrx_word' id='word_1_545' title='bbox 966 5184 1183 5239; x_wconf 89' lang='lat' dir='ltr'><strong>nostra,</strong></span> <span class='ocrx_word' id='word_1_546' title='bbox 1241 5191 1730 5247; x_wconf 88' lang='lat' dir='ltr'><strong>successorumque</strong></span> 
     </span>
    </p>
   </div>
   <div class='ocr_carea' id='block_1_85' title="bbox 142 5263 1734 5335">
    <p class='ocr_par' dir='ltr' id='par_1_85' title="bbox 142 5263 1734 5335">
     <span class='ocr_line' id='line_1_86' title="bbox 142 5263 1734 5335; baseline 0.001 -14"><span class='ocrx_word' id='word_1_547' title='bbox 142 5272 460 5321; x_wconf 88' lang='lat' dir='ltr'><strong>nostrorum</strong></span> <span class='ocrx_word' id='word_1_548' title='bbox 513 5263 817 5319; x_wconf 76' lang='lat' dir='ltr'><strong>excoientes</strong></span> <span class='ocrx_word' id='word_1_549' title='bbox 841 5306 855 5329; x_wconf 95' lang='lat'><strong>,</strong></span> <span class='ocrx_word' id='word_1_550' title='bbox 892 5274 946 5319; x_wconf 80' lang='lat' dir='ltr'><strong>et.</strong></span> <span class='ocrx_word' id='word_1_551' title='bbox 976 5267 1043 5319; x_wconf 88' lang='lat' dir='ltr'><strong>ad</strong></span> <span class='ocrx_word' id='word_1_552' title='bbox 1078 5273 1279 5319; x_wconf 89' lang='lat' dir='ltr'><strong>statum</strong></span> <span class='ocrx_word' id='word_1_553' title='bbox 1316 5266 1590 5335; x_wconf 80' lang='lat' dir='ltr'><strong>dignitatis</strong></span> <span class='ocrx_word' id='word_1_554' title='bbox 1640 5268 1734 5322; x_wconf 88' lang='lat' dir='ltr'><strong>dc-</strong></span> 
     </span>
    </p>
   </div>
   <div class='ocr_carea' id='block_1_86' title="bbox 141 5339 1731 5425">
    <p class='ocr_par' dir='ltr' id='par_1_86' title="bbox 141 5339 1731 5425">
     <span class='ocr_line' id='line_1_87' title="bbox 141 5339 1731 5425; baseline 0.001 -13"><span class='ocrx_word' id='word_1_555' title='bbox 141 5339 322 5413; x_wconf 80' lang='lat' dir='ltr'><strong>bitum</strong></span> <span class='ocrx_word' id='word_1_556' title='bbox 368 5356 691 5410; x_wconf 86' lang='lat' dir='ltr'><strong>conﬁrmare</strong></span> <span class='ocrx_word' id='word_1_557' title='bbox 735 5355 976 5411; x_wconf 88' lang='lat' dir='ltr'><strong>volentes</strong></span> <span class='ocrx_word' id='word_1_558' title='bbox 1006 5397 1020 5420; x_wconf 94' lang='lat'><strong>,</strong></span> <span class='ocrx_word' id='word_1_559' title='bbox 1064 5357 1264 5411; x_wconf 86' lang='lat' dir='ltr'><strong>addere</strong></span> <span class='ocrx_word' id='word_1_560' title='bbox 1324 5348 1731 5425; x_wconf 86' lang='lat' dir='ltr'><strong>procuravimus</strong></span> 
     </span>
    </p>
   </div>
   <div class='ocr_carea' id='block_1_87' title="bbox 142 5444 1733 5517">
    <p class='ocr_par' dir='ltr' id='par_1_87' title="bbox 142 5444 1733 5517">
     <span class='ocr_line' id='line_1_88' title="bbox 142 5444 1733 5517; baseline 0.001 -17"><span class='ocrx_word' id='word_1_561' title='bbox 142 5446 439 5517; x_wconf 84' lang='lat' dir='ltr'><strong>quamdam</strong></span> <span class='ocrx_word' id='word_1_562' title='bbox 477 5445 749 5500; x_wconf 72' lang='lat' dir='ltr'><strong>abliatiam</strong></span> <span class='ocrx_word' id='word_1_563' title='bbox 777 5446 937 5499; x_wconf 88' lang='lat' dir='ltr'><strong>sitam</strong></span> <span class='ocrx_word' id='word_1_564' title='bbox 971 5446 1025 5498; x_wconf 91' lang='lat' dir='ltr'><strong>in</strong></span> <span class='ocrx_word' id='word_1_565' title='bbox 1072 5446 1333 5500; x_wconf 90' lang='lat' dir='ltr'><strong>comitatu</strong></span> <span class='ocrx_word' id='word_1_566' title='bbox 1380 5444 1634 5501; x_wconf 88' lang='lat' dir='ltr'><strong>Blesense</strong></span> <span class='ocrx_word' id='word_1_567' title='bbox 1664 5446 1733 5516; x_wconf 84' lang='lat' dir='ltr'><strong>(le</strong></span> 
     </span>
    </p>
   </div>
   <div class='ocr_carea' id='block_1_88' title="bbox 145 5533 1732 5608">
    <p class='ocr_par' dir='ltr' id='par_1_88' title="bbox 145 5533 1732 5608">
     <span class='ocr_line' id='line_1_89' title="bbox 145 5533 1732 5608; baseline -0.003 -15"><span class='ocrx_word' id='word_1_568' title='bbox 145 5539 317 5593; x_wconf 80' lang='lat' dir='ltr'><strong>comté</strong></span> <span class='ocrx_word' id='word_1_569' title='bbox 342 5536 406 5590; x_wconf 88' lang='lat' dir='ltr'><strong>de</strong></span> <span class='ocrx_word' id='word_1_570' title='bbox 432 5535 629 5608; x_wconf 79' lang='lat' dir='ltr'><strong>Blaise)</strong></span> <span class='ocrx_word' id='word_1_571' title='bbox 656 5551 816 5603; x_wconf 82' lang='lat' dir='ltr'><strong>super</strong></span> <span class='ocrx_word' id='word_1_572' title='bbox 852 5533 1074 5589; x_wconf 85' lang='lat' dir='ltr'><strong>ﬂuvium</strong></span> <span class='ocrx_word' id='word_1_573' title='bbox 1107 5537 1199 5605; x_wconf 91' lang='lat' dir='ltr'><strong>qui</strong></span> <span class='ocrx_word' id='word_1_574' title='bbox 1236 5543 1461 5590; x_wconf 86' lang='lat' dir='ltr'><strong>vocatur</strong></span> <span class='ocrx_word' id='word_1_575' title='bbox 1492 5535 1629 5589; x_wconf 88' lang='lat' dir='ltr'><strong>Vera</strong></span> <span class='ocrx_word' id='word_1_576' title='bbox 1658 5535 1732 5607; x_wconf 89' lang='lat' dir='ltr'><strong>(la</strong></span> 
     </span>
    </p>
   </div>
   <div class='ocr_carea' id='block_1_89' title="bbox 162 5624 1733 5696">
    <p class='ocr_par' dir='ltr' id='par_1_89' title="bbox 162 5624 1733 5696">
     <span class='ocr_line' id='line_1_90' title="bbox 162 5624 1733 5696; baseline -0.001 -16"><span class='ocrx_word' id='word_1_577' title='bbox 162 5626 337 5696; x_wconf 77' lang='lat' dir='ltr'><strong>Voire)</strong></span> <span class='ocrx_word' id='word_1_578' title='bbox 375 5645 387 5679; x_wconf 87' lang='lat'><strong>:</strong></span> <span class='ocrx_word' id='word_1_579' title='bbox 421 5627 509 5680; x_wconf 87' lang='lat' dir='ltr'><strong>ubi</strong></span> <span class='ocrx_word' id='word_1_580' title='bbox 538 5635 620 5681; x_wconf 86' lang='lat' dir='ltr'><strong>est</strong></span> <span class='ocrx_word' id='word_1_581' title='bbox 643 5626 1028 5681; x_wconf 81' lang='lat' dir='ltr'><strong>monasterium</strong></span> <span class='ocrx_word' id='word_1_582' title='bbox 1060 5627 1114 5679; x_wconf 89' lang='lat' dir='ltr'><strong>in</strong></span> <span class='ocrx_word' id='word_1_583' title='bbox 1140 5627 1343 5681; x_wconf 89' lang='lat' dir='ltr'><strong>honore</strong></span> <span class='ocrx_word' id='word_1_584' title='bbox 1383 5626 1556 5679; x_wconf 87' lang='lat' dir='ltr'><strong>sancti</strong></span> <span class='ocrx_word' id='word_1_585' title='bbox 1586 5624 1733 5680; x_wconf 90' lang='lat' dir='ltr'><strong>Petri</strong></span> 
     </span>
    </p>
   </div>
   <div class='ocr_carea' id='block_1_90' title="bbox 146 5717 1735 5789">
    <p class='ocr_par' dir='ltr' id='par_1_90' title="bbox 146 5717 1735 5789">
     <span class='ocr_line' id='line_1_91' title="bbox 146 5717 1735 5789; baseline -0.001 -17"><span class='ocrx_word' id='word_1_586' title='bbox 146 5718 522 5789; x_wconf 86' lang='lat' dir='ltr'><strong>apostolorum</strong></span> <span class='ocrx_word' id='word_1_587' title='bbox 549 5717 805 5787; x_wconf 86' lang='lat' dir='ltr'><strong>principis</strong></span> <span class='ocrx_word' id='word_1_588' title='bbox 828 5718 1066 5773; x_wconf 88' lang='lat' dir='ltr'><strong>dicatum</strong></span> <span class='ocrx_word' id='word_1_589' title='bbox 1103 5717 1155 5770; x_wconf 89' lang='lat' dir='ltr'><strong>in</strong></span> <span class='ocrx_word' id='word_1_590' title='bbox 1196 5717 1328 5771; x_wconf 88' lang='lat' dir='ltr'><strong>silva</strong></span> <span class='ocrx_word' id='word_1_591' title='bbox 1360 5732 1477 5786; x_wconf 75' lang='lat' dir='ltr'><strong>qua:</strong></span> <span class='ocrx_word' id='word_1_592' title='bbox 1511 5724 1735 5772; x_wconf 85' lang='lat' dir='ltr'><strong>vocatur</strong></span> 
     </span>
    </p>
   </div>
   <div class='ocr_carea' id='block_1_91' title="bbox 2531 3291 2690 3346">
    <p class='ocr_par' dir='ltr' id='par_1_91' title="bbox 2531 3291 2690 3346">
     <span class='ocr_line' id='line_1_92' title="bbox 2531 3291 2690 3346; baseline 0 -1"><span class='ocrx_word' id='word_1_593' title='bbox 2531 3291 2690 3346; x_wconf 78' lang='lat' dir='ltr'><strong>LXII.</strong></span> 
     </span>
    </p>
   </div>
   <div class='ocr_carea' id='block_1_92' title="bbox 2221 3396 3031 3441">
    <p class='ocr_par' dir='ltr' id='par_1_92' title="bbox 2221 3396 3031 3441">
     <span class='ocr_line' id='line_1_93' title="bbox 2221 3396 3031 3441; baseline 0.009 -7"><span class='ocrx_word' id='word_1_594' title='bbox 2221 3396 2315 3435; x_wconf 72' lang='lat' dir='ltr'><strong>PRO</strong></span> <span class='ocrx_word' id='word_1_595' title='bbox 2353 3397 2491 3435; x_wconf 71' lang='lat' dir='ltr'><strong>PBUH</strong></span> <span class='ocrx_word' id='word_1_596' title='bbox 2500 3398 2637 3437; x_wconf 70' lang='lat' dir='ltr'><strong>IENSI</strong></span> <span class='ocrx_word' id='word_1_597' title='bbox 2678 3399 3031 3441; x_wconf 68' lang='lat' dir='ltr'><strong>HONASTEBIO.</strong></span> 
     </span>
    </p>
   </div>
   <div class='ocr_carea' id='block_1_93' title="bbox 2446 3472 2805 3547">
    <p class='ocr_par' dir='ltr' id='par_1_93' title="bbox 2446 3472 2805 3547">
     <span class='ocr_line' id='line_1_94' title="bbox 2446 3472 2805 3547; baseline 0.008 -22"><span class='ocrx_word' id='word_1_598' title='bbox 2446 3472 2619 3543; x_wconf 81' lang='lat' dir='ltr'><strong>(Anno</strong></span> <span class='ocrx_word' id='word_1_599' title='bbox 2658 3473 2715 3527; x_wconf 89' lang='lat'><strong>8|</strong></span> <span class='ocrx_word' id='word_1_600' title='bbox 2730 3474 2805 3547; x_wconf 90' lang='lat'><strong>6.)</strong></span> 
     </span>
    </p>
   </div>
   <div class='ocr_carea' id='block_1_94' title="bbox 1836 3560 3419 3640">
    <p class='ocr_par' dir='ltr' id='par_1_94' title="bbox 1836 3560 3419 3640">
     <span class='ocr_line' id='line_1_95' title="bbox 1836 3560 3419 3640; baseline 0.009 -27"><span class='ocrx_word' id='word_1_601' title='bbox 1836 3560 2303 3632; x_wconf 59' lang='lat' dir='ltr'><strong>[Apud‘Marten.,</strong></span> <span class='ocrx_word' id='word_1_602' title='bbox 2335 3561 2784 3640; x_wconf 76' lang='lat' dir='ltr'><strong>_Ampl._Co_llect.,</strong></span> <span class='ocrx_word' id='word_1_603' title='bbox 2820 3576 2951 3640; x_wconf 68' lang='lat' dir='ltr'><strong>tom1</strong></span> <span class='ocrx_word' id='word_1_604' title='bbox 2978 3566 2999 3621; x_wconf 87' lang='grc' dir='ltr'>Ι</span> <span class='ocrx_word' id='word_1_605' title='bbox 3022 3609 3035 3633; x_wconf 88' lang='grc'><em>,</em></span> <span class='ocrx_word' id='word_1_606' title='bbox 3064 3582 3187 3640; x_wconf 78' lang='lat' dir='ltr'><strong>pag.</strong></span> <span class='ocrx_word' id='word_1_607' title='bbox 3229 3570 3319 3639; x_wconf 86' lang='lat'><strong>66,</strong></span> <span class='ocrx_word' id='word_1_608' title='bbox 3349 3590 3419 3637; x_wconf 73' lang='lat' dir='ltr'><strong>ex</strong></span> 
     </span>
    </p>
   </div>
   <div class='ocr_carea' id='block_1_95' title="bbox 2298 3634 2951 3708">
    <p class='ocr_par' dir='ltr' id='par_1_95' title="bbox 2298 3634 2951 3708">
     <span class='ocr_line' id='line_1_96' title="bbox 2298 3634 2951 3708; baseline 0 -20"><span class='ocrx_word' id='word_1_609' title='bbox 2298 3634 2573 3688; x_wconf 89' lang='lat' dir='ltr'><strong>chartario</strong></span> <span class='ocrx_word' id='word_1_610' title='bbox 2600 3634 2951 3708; x_wconf 66' lang='lat' dir='ltr'><strong>Prumiensi.)</strong></span> 
     </span>
    </p>
   </div>
   <div class='ocr_carea' id='block_1_96' title="bbox 1902 3723 3417 3794">
    <p class='ocr_par' dir='ltr' id='par_1_96' title="bbox 1902 3723 3417 3794">
     <span class='ocr_line' id='line_1_97' title="bbox 1902 3723 3417 3794; baseline 0.007 -17"><span class='ocrx_word' id='word_1_611' title='bbox 1902 3723 1960 3777; x_wconf 88' lang='lat' dir='ltr'><strong>In</strong></span> <span class='ocrx_word' id='word_1_612' title='bbox 1988 3724 2206 3777; x_wconf 91' lang='lat' dir='ltr'><strong>nomine</strong></span> <span class='ocrx_word' id='word_1_613' title='bbox 2234 3724 2450 3778; x_wconf 90' lang='lat' dir='ltr'><strong>Domini</strong></span> <span class='ocrx_word' id='word_1_614' title='bbox 2496 3724 2589 3780; x_wconf 90' lang='lat' dir='ltr'><strong>Dei</strong></span> <span class='ocrx_word' id='word_1_615' title='bbox 2631 3733 2686 3779; x_wconf 85' lang='lat' dir='ltr'><strong>et</strong></span> <span class='ocrx_word' id='word_1_616' title='bbox 2716 3724 3016 3781; x_wconf 87' lang='lat' dir='ltr'><strong>Salvatoris</strong></span> <span class='ocrx_word' id='word_1_617' title='bbox 3063 3730 3254 3784; x_wconf 81' lang='lat' dir='ltr'><strong>nostri‘</strong></span> <span class='ocrx_word' id='word_1_618' title='bbox 3289 3731 3417 3794; x_wconf 86' lang='lat' dir='ltr'><strong>Jesu</strong></span> 
     </span>
    </p>
   </div>
   <div class='ocr_carea' id='block_1_97' title="bbox 1832 3814 3422 3888">
    <p class='ocr_par' dir='ltr' id='par_1_97' title="bbox 1832 3814 3422 3888">
     <span class='ocr_line' id='line_1_98' title="bbox 1832 3814 3422 3888; baseline 0.002 -18"><span class='ocrx_word' id='word_1_619' title='bbox 1832 3814 2057 3880; x_wconf 88' lang='lat' dir='ltr'><strong>Christi,</strong></span> <span class='ocrx_word' id='word_1_620' title='bbox 2079 3815 2405 3882; x_wconf 79' lang='lat' dir='ltr'><strong>Ludovicus,</strong></span> <span class='ocrx_word' id='word_1_621' title='bbox 2428 3816 2609 3871; x_wconf 88' lang='lat' dir='ltr'><strong>divina</strong></span> <span class='ocrx_word' id='word_1_622' title='bbox 2630 3816 2917 3871; x_wconf 88' lang='lat' dir='ltr'><strong>ordinante</strong></span> <span class='ocrx_word' id='word_1_623' title='bbox 2946 3820 3295 3888; x_wconf 88' lang='lat' dir='ltr'><strong>providentia,</strong></span> <span class='ocrx_word' id='word_1_624' title='bbox 3319 3823 3422 3878; x_wconf 53' lang='lat' dir='ltr'><strong>im.</strong></span> 
     </span>
    </p>
   </div>
   <div class='ocr_carea' id='block_1_98' title="bbox 1832 3905 2371 3976">
    <p class='ocr_par' dir='ltr' id='par_1_98' title="bbox 1832 3905 2371 3976">
     <span class='ocr_line' id='line_1_99' title="bbox 1832 3905 2371 3976; baseline 0.002 -18"><span class='ocrx_word' id='word_1_625' title='bbox 1832 3913 2053 3976; x_wconf 87' lang='lat' dir='ltr'><strong>perator</strong></span> <span class='ocrx_word' id='word_1_626' title='bbox 2075 3905 2371 3974; x_wconf 85' lang='lat' dir='ltr'><strong>Augustus.</strong></span> 
     </span>
    </p>
   </div>
   <div class='ocr_carea' id='block_1_99' title="bbox 1904 3994 3422 4069">
    <p class='ocr_par' dir='ltr' id='par_1_99' title="bbox 1904 3994 3422 4069">
     <span class='ocr_line' id='line_1_100' title="bbox 1904 3994 3422 4069; baseline 0.001 -20"><span class='ocrx_word' id='word_1_627' title='bbox 1904 3994 2102 4050; x_wconf 85' lang='lat' dir='ltr'><strong>Notum</strong></span> <span class='ocrx_word' id='word_1_628' title='bbox 2133 4004 2204 4050; x_wconf 73' lang='lat' dir='ltr'><strong>snt</strong></span> <span class='ocrx_word' id='word_1_629' title='bbox 2233 3996 2484 4051; x_wconf 90' lang='lat' dir='ltr'><strong>omnibus</strong></span> <span class='ocrx_word' id='word_1_630' title='bbox 2522 3996 2769 4052; x_wconf 87' lang='lat' dir='ltr'><strong>ﬁdelibus</strong></span> <span class='ocrx_word' id='word_1_631' title='bbox 2797 3997 3160 4062; x_wconf 55' lang='lat' dir='ltr'><strong>nostris,&#39;tam</strong></span> <span class='ocrx_word' id='word_1_632' title='bbox 3184 4016 3422 4069; x_wconf 73' lang='lat' dir='ltr'><strong>praesen.</strong></span> 
     </span>
    </p>
   </div>
   <div class='ocr_carea' id='block_1_100' title="bbox 1832 4084 3449 4154">
    <p class='ocr_par' dir='ltr' id='par_1_100' title="bbox 1832 4084 3449 4154">
     <span class='ocr_line' id='line_1_101' title="bbox 1832 4084 3449 4154; baseline 0.004 -15"><span class='ocrx_word' id='word_1_633' title='bbox 1832 4086 1980 4139; x_wconf 90' lang='lat' dir='ltr'><strong>tibus</strong></span> <span class='ocrx_word' id='word_1_634' title='bbox 2009 4100 2171 4153; x_wconf 91' lang='lat' dir='ltr'><strong>quam</strong></span> <span class='ocrx_word' id='word_1_635' title='bbox 2195 4094 2252 4139; x_wconf 91' lang='lat' dir='ltr'><strong>et</strong></span> <span class='ocrx_word' id='word_1_636' title='bbox 2279 4084 2498 4150; x_wconf 90' lang='lat' dir='ltr'><strong>futuris,</strong></span> <span class='ocrx_word' id='word_1_637' title='bbox 2526 4086 2654 4154; x_wconf 88' lang='lat' dir='ltr'><strong>quia</strong></span> <span class='ocrx_word' id='word_1_638' title='bbox 2683 4087 2934 4141; x_wconf 82' lang='lat' dir='ltr'><strong>monachi</strong></span> <span class='ocrx_word' id='word_1_639' title='bbox 2982 4102 3049 4142; x_wconf 78' lang='lat' dir='ltr'><strong>ex</strong></span> <span class='ocrx_word' id='word_1_640' title='bbox 3080 4092 3413 4146; x_wconf 88' lang='lat' dir='ltr'><strong>monasterio</strong></span> <span class='ocrx_word' id='word_1_641' title='bbox 3447 4123 3449 4125; x_wconf 62' lang='grc' dir='ltr'><strong><em>ι</em></strong></span> 
     </span>
    </p>
   </div>
   <div class='ocr_carea' id='block_1_101' title="bbox 1834 4173 3417 4245">
    <p class='ocr_par' dir='ltr' id='par_1_101' title="bbox 1834 4173 3417 4245">
     <span class='ocr_line' id='line_1_102' title="bbox 1834 4173 3417 4245; baseline 0.005 -17"><span class='ocrx_word' id='word_1_642' title='bbox 1834 4174 1979 4244; x_wconf 91' lang='lat' dir='ltr'><strong>quod</strong></span> <span class='ocrx_word' id='word_1_643' title='bbox 2010 4182 2239 4228; x_wconf 92' lang='lat' dir='ltr'><strong>vocatur</strong></span> <span class='ocrx_word' id='word_1_644' title='bbox 2259 4173 2501 4239; x_wconf 88' lang='lat' dir='ltr'><strong>Prumia,</strong></span> <span class='ocrx_word' id='word_1_645' title='bbox 2532 4175 2674 4243; x_wconf 90' lang='lat' dir='ltr'><strong>quod</strong></span> <span class='ocrx_word' id='word_1_646' title='bbox 2710 4176 2811 4245; x_wconf 87' lang='lat' dir='ltr'><strong>piae</strong></span> <span class='ocrx_word' id='word_1_647' title='bbox 2847 4178 3240 4234; x_wconf 86' lang='lat' dir='ltr'><strong>recordationis</strong></span> <span class='ocrx_word' id='word_1_648' title='bbox 3265 4180 3417 4235; x_wconf 90' lang='lat' dir='ltr'><strong>dom-</strong></span> 
     </span>
    </p>
   </div>
   <div class='ocr_carea' id='block_1_102' title="bbox 1833 4265 3419 4336">
    <p class='ocr_par' dir='ltr' id='par_1_102' title="bbox 1833 4265 3419 4336">
     <span class='ocr_line' id='line_1_103' title="bbox 1833 4265 3419 4336; baseline 0.003 -15"><span class='ocrx_word' id='word_1_649' title='bbox 1833 4282 1937 4321; x_wconf 91' lang='lat' dir='ltr'><strong>nus</strong></span> <span class='ocrx_word' id='word_1_650' title='bbox 1978 4265 2239 4336; x_wconf 89' lang='lat' dir='ltr'><strong>Pippinus</strong></span> <span class='ocrx_word' id='word_1_651' title='bbox 2268 4280 2401 4319; x_wconf 89' lang='lat' dir='ltr'><strong>avus</strong></span> <span class='ocrx_word' id='word_1_652' title='bbox 2431 4274 2615 4319; x_wconf 89' lang='lat' dir='ltr'><strong>noster</strong></span> <span class='ocrx_word' id='word_1_653' title='bbox 2657 4266 2712 4319; x_wconf 91' lang='lat' dir='ltr'><strong>in</strong></span> <span class='ocrx_word' id='word_1_654' title='bbox 2756 4267 2961 4321; x_wconf 88' lang='lat' dir='ltr'><strong>honore</strong></span> <span class='ocrx_word' id='word_1_655' title='bbox 3009 4266 3066 4322; x_wconf 86' lang='lat' dir='ltr'><strong>S.</strong></span> <span class='ocrx_word' id='word_1_656' title='bbox 3121 4268 3419 4326; x_wconf 89' lang='lat' dir='ltr'><strong>Salvatoris</strong></span> 
     </span>
    </p>
   </div>
   <div class='ocr_carea' id='block_1_103' title="bbox 1833 4358 3415 4427">
    <p class='ocr_par' dir='ltr' id='par_1_103' title="bbox 1833 4358 3415 4427">
     <span class='ocr_line' id='line_1_104' title="bbox 1833 4358 3415 4427; baseline 0.004 -16"><span class='ocrx_word' id='word_1_657' title='bbox 1833 4371 1973 4412; x_wconf 87' lang='lat' dir='ltr'><strong>novo</strong></span> <span class='ocrx_word' id='word_1_658' title='bbox 2003 4371 2168 4427; x_wconf 87' lang='lat' dir='ltr'><strong>opere</strong></span> <span class='ocrx_word' id='word_1_659' title='bbox 2194 4358 2501 4412; x_wconf 80' lang='lat' dir='ltr'><strong>construxit</strong></span> <span class='ocrx_word' id='word_1_660' title='bbox 2525 4397 2539 4420; x_wconf 95' lang='lat'><strong>,</strong></span> <span class='ocrx_word' id='word_1_661' title='bbox 2578 4365 2739 4427; x_wconf 87' lang='lat' dir='ltr'><strong>atque</strong></span> <span class='ocrx_word' id='word_1_662' title='bbox 2762 4358 2999 4427; x_wconf 87' lang='lat' dir='ltr'><strong>propriis</strong></span> <span class='ocrx_word' id='word_1_663' title='bbox 3022 4360 3184 4415; x_wconf 89' lang='lat' dir='ltr'><strong>rebus</strong></span> <span class='ocrx_word' id='word_1_664' title='bbox 3211 4360 3415 4427; x_wconf 84' lang='lat' dir='ltr'><strong>affatim</strong></span> 
     </span>
    </p>
   </div>
   <div class='ocr_carea' id='block_1_104' title="bbox 1814 4446 3419 4521">
    <p class='ocr_par' dir='ltr' id='par_1_104' title="bbox 1814 4446 3419 4521">
     <span class='ocr_line' id='line_1_105' title="bbox 1814 4446 3419 4521; baseline 0.001 -16"><span class='ocrx_word' id='word_1_665' title='bbox 1814 4446 2313 4511; x_wconf 82' lang='lat' dir='ltr'><strong>.ditavit,adierunt</strong></span> <span class='ocrx_word' id='word_1_666' title='bbox 2334 4448 2679 4502; x_wconf 83' lang='lat' dir='ltr'><strong>serenitatem</strong></span> <span class='ocrx_word' id='word_1_667' title='bbox 2712 4456 2977 4513; x_wconf 89' lang='lat' dir='ltr'><strong>nostram,</strong></span> <span class='ocrx_word' id='word_1_668' title='bbox 3012 4452 3419 4521; x_wconf 84' lang='lat' dir='ltr'><strong>retuleruntque</strong></span> 
     </span>
    </p>
   </div>
   <div class='ocr_carea' id='block_1_105' title="bbox 1833 4539 3417 4611">
    <p class='ocr_par' dir='ltr' id='par_1_105' title="bbox 1833 4539 3417 4611">
     <span class='ocr_line' id='line_1_106' title="bbox 1833 4539 3417 4611; baseline 0.003 -18"><span class='ocrx_word' id='word_1_669' title='bbox 1833 4539 2068 4609; x_wconf 89' lang='lat' dir='ltr'><strong>qualiter</strong></span> <span class='ocrx_word' id='word_1_670' title='bbox 2088 4580 2102 4602; x_wconf 96' lang='lat'><strong>,</strong></span> <span class='ocrx_word' id='word_1_671' title='bbox 2137 4539 2280 4593; x_wconf 89' lang='lat' dir='ltr'><strong>inter</strong></span> <span class='ocrx_word' id='word_1_672' title='bbox 2308 4547 2532 4594; x_wconf 73' lang='lat' dir='ltr'><strong>cznteras</strong></span> <span class='ocrx_word' id='word_1_673' title='bbox 2560 4540 2876 4596; x_wconf 90' lang='lat' dir='ltr'><strong>donationes</strong></span> <span class='ocrx_word' id='word_1_674' title='bbox 2905 4582 2919 4607; x_wconf 90' lang='lat'><strong>,</strong></span> <span class='ocrx_word' id='word_1_675' title='bbox 2950 4544 3235 4611; x_wconf 89' lang='lat' dir='ltr'><strong>quemdam</strong></span> <span class='ocrx_word' id='word_1_676' title='bbox 3280 4546 3417 4608; x_wconf 50' lang='lat' dir='ltr'><strong>wal?</strong></span> 
     </span>
    </p>
   </div>
   <div class='ocr_carea' id='block_1_106' title="bbox 1835 4628 3418 4704">
    <p class='ocr_par' dir='ltr' id='par_1_106' title="bbox 1835 4628 3418 4704">
     <span class='ocr_line' id='line_1_107' title="bbox 1835 4628 3418 4704; baseline 0.005 -20"><span class='ocrx_word' id='word_1_677' title='bbox 1835 4631 1962 4684; x_wconf 88' lang='lat' dir='ltr'><strong>dum</strong></span> <span class='ocrx_word' id='word_1_678' title='bbox 1996 4629 2195 4684; x_wconf 87' lang='lat' dir='ltr'><strong>ibidem</strong></span> <span class='ocrx_word' id='word_1_679' title='bbox 2231 4628 2627 4683; x_wconf 78' lang='lat' dir='ltr'><strong>confirmasset.</strong></span> <span class='ocrx_word' id='word_1_680' title='bbox 2678 4629 2941 4685; x_wconf 81' lang='lat' dir='ltr'><strong>Dixerunt</strong></span> <span class='ocrx_word' id='word_1_681' title='bbox 2971 4634 3135 4687; x_wconf 89' lang='lat' dir='ltr'><strong>etiam</strong></span> <span class='ocrx_word' id='word_1_682' title='bbox 3166 4636 3309 4704; x_wconf 90' lang='lat' dir='ltr'><strong>quod</strong></span> <span class='ocrx_word' id='word_1_683' title='bbox 3352 4637 3418 4692; x_wconf 83' lang='lat' dir='ltr'><strong>de</strong></span> 
     </span>
    </p>
   </div>
   <div class='ocr_carea' id='block_1_107' title="bbox 1835 4720 3418 4794">
    <p class='ocr_par' dir='ltr' id='par_1_107' title="bbox 1835 4720 3418 4794">
     <span class='ocr_line' id='line_1_108' title="bbox 1835 4720 3418 4794; baseline 0.004 -19"><span class='ocrx_word' id='word_1_684' title='bbox 1835 4722 2022 4776; x_wconf 90' lang='lat' dir='ltr'><strong>eodem</strong></span> <span class='ocrx_word' id='word_1_685' title='bbox 2052 4720 2226 4775; x_wconf 76' lang='lat' dir='ltr'><strong>waldo</strong></span> <span class='ocrx_word' id='word_1_686' title='bbox 2258 4721 2398 4775; x_wconf 89' lang='lat' dir='ltr'><strong>servi</strong></span> <span class='ocrx_word' id='word_1_687' title='bbox 2427 4721 2597 4776; x_wconf 87' lang='lat' dir='ltr'><strong>nostri</strong></span> <span class='ocrx_word' id='word_1_688' title='bbox 2630 4736 2695 4775; x_wconf 81' lang='lat' dir='ltr'><strong>ex</strong></span> <span class='ocrx_word' id='word_1_689' title='bbox 2731 4721 2862 4777; x_wconf 88' lang='lat' dir='ltr'><strong>ﬁsco</strong></span> <span class='ocrx_word' id='word_1_690' title='bbox 2891 4732 3096 4790; x_wconf 89' lang='lat' dir='ltr'><strong>nostro,</strong></span> <span class='ocrx_word' id='word_1_691' title='bbox 3134 4726 3225 4794; x_wconf 90' lang='lat' dir='ltr'><strong>qui</strong></span> <span class='ocrx_word' id='word_1_692' title='bbox 3261 4743 3418 4781; x_wconf 91' lang='lat' dir='ltr'><strong>voca-</strong></span> 
     </span>
    </p>
   </div>
   <div class='ocr_carea' id='block_1_108' title="bbox 1838 4812 3418 4883">
    <p class='ocr_par' dir='ltr' id='par_1_108' title="bbox 1838 4812 3418 4883">
     <span class='ocr_line' id='line_1_109' title="bbox 1838 4812 3418 4883; baseline 0.003 -16"><span class='ocrx_word' id='word_1_693' title='bbox 1838 4822 1925 4867; x_wconf 90' lang='lat' dir='ltr'><strong>tur</strong></span> <span class='ocrx_word' id='word_1_694' title='bbox 1945 4812 2180 4866; x_wconf 84' lang='lat' dir='ltr'><strong>Tumbas</strong></span> <span class='ocrx_word' id='word_1_695' title='bbox 2201 4852 2215 4876; x_wconf 95' lang='lat'><strong>,</strong></span> <span class='ocrx_word' id='word_1_696' title='bbox 2246 4812 2481 4882; x_wconf 87' lang='lat' dir='ltr'><strong>aliquam</strong></span> <span class='ocrx_word' id='word_1_697' title='bbox 2506 4821 2714 4881; x_wconf 86' lang='lat' dir='ltr'><strong>partem</strong></span> <span class='ocrx_word' id='word_1_698' title='bbox 2757 4822 2945 4867; x_wconf 90' lang='lat' dir='ltr'><strong>contra</strong></span> <span class='ocrx_word' id='word_1_699' title='bbox 2965 4814 3233 4883; x_wconf 88' lang='lat' dir='ltr'><strong>justitiam</strong></span> <span class='ocrx_word' id='word_1_700' title='bbox 3258 4833 3418 4872; x_wconf 86' lang='lat' dir='ltr'><strong>occu-</strong></span> 
     </span>
    </p>
   </div>
   <div class='ocr_carea' id='block_1_109' title="bbox 1836 4901 3416 4973">
    <p class='ocr_par' dir='ltr' id='par_1_109' title="bbox 1836 4901 3416 4973">
     <span class='ocr_line' id='line_1_110' title="bbox 1836 4901 3416 4973; baseline 0.003 -16"><span class='ocrx_word' id='word_1_701' title='bbox 1836 4913 2073 4973; x_wconf 89' lang='lat' dir='ltr'><strong>passent.</strong></span> <span class='ocrx_word' id='word_1_702' title='bbox 2110 4901 2219 4955; x_wconf 83' lang='lat' dir='ltr'><strong>Nos</strong></span> <span class='ocrx_word' id='word_1_703' title='bbox 2250 4917 2462 4971; x_wconf 88' lang='lat' dir='ltr'><strong>quoque</strong></span> <span class='ocrx_word' id='word_1_704' title='bbox 2508 4902 2622 4956; x_wconf 76' lang='lat' dir='ltr'><strong>inec</strong></span> <span class='ocrx_word' id='word_1_705' title='bbox 2670 4901 2950 4958; x_wconf 87' lang='lat' dir='ltr'><strong>audientes</strong></span> <span class='ocrx_word' id='word_1_706' title='bbox 2974 4945 2989 4968; x_wconf 93' lang='lat'><strong>,</strong></span> <span class='ocrx_word' id='word_1_707' title='bbox 3019 4905 3162 4959; x_wconf 85' lang='lat' dir='ltr'><strong>illico</strong></span> <span class='ocrx_word' id='word_1_708' title='bbox 3189 4908 3416 4962; x_wconf 84' lang='lat' dir='ltr'><strong>missum</strong></span> 
     </span>
    </p>
   </div>
   <div class='ocr_carea' id='block_1_110' title="bbox 1836 4992 3419 5058">
    <p class='ocr_par' dir='ltr' id='par_1_110' title="bbox 1836 4992 3419 5058">
     <span class='ocr_line' id='line_1_111' title="bbox 1836 4992 3419 5058; baseline 0.003 -9"><span class='ocrx_word' id='word_1_709' title='bbox 1836 5004 2083 5049; x_wconf 89' lang='lat' dir='ltr'><strong>nostrum</strong></span> <span class='ocrx_word' id='word_1_710' title='bbox 2110 4993 2328 5047; x_wconf 89' lang='lat' dir='ltr'><strong>nomine</strong></span> <span class='ocrx_word' id='word_1_711' title='bbox 2353 4992 2702 5047; x_wconf 81' lang='lat' dir='ltr'><strong>Adalbertum</strong></span> <span class='ocrx_word' id='word_1_712' title='bbox 2728 5032 2743 5058; x_wconf 91' lang='lat'><strong>,</strong></span> <span class='ocrx_word' id='word_1_713' title='bbox 2792 4995 3133 5056; x_wconf 88' lang='lat' dir='ltr'><strong>siniscalcum</strong></span> <span class='ocrx_word' id='word_1_714' title='bbox 3169 4997 3419 5053; x_wconf 83' lang='lat' dir='ltr'><strong>videlicet</strong></span> 
     </span>
    </p>
   </div>
   <div class='ocr_carea' id='block_1_111' title="bbox 1836 5084 3414 5153">
    <p class='ocr_par' dir='ltr' id='par_1_111' title="bbox 1836 5084 3414 5153">
     <span class='ocr_line' id='line_1_112' title="bbox 1836 5084 3414 5153; baseline 0 -12"><span class='ocrx_word' id='word_1_715' title='bbox 1836 5096 2101 5149; x_wconf 89' lang='lat' dir='ltr'><strong>nostrum,</strong></span> <span class='ocrx_word' id='word_1_716' title='bbox 2132 5084 2223 5153; x_wconf 90' lang='lat' dir='ltr'><strong>qui</strong></span> <span class='ocrx_word' id='word_1_717' title='bbox 2253 5084 2355 5137; x_wconf 91' lang='lat' dir='ltr'><strong>hoc</strong></span> <span class='ocrx_word' id='word_1_718' title='bbox 2386 5097 2485 5151; x_wconf 91' lang='lat' dir='ltr'><strong>per</strong></span> <span class='ocrx_word' id='word_1_719' title='bbox 2510 5097 2735 5137; x_wconf 85' lang='lat' dir='ltr'><strong>veraces</strong></span> <span class='ocrx_word' id='word_1_720' title='bbox 2769 5092 2823 5138; x_wconf 89' lang='lat' dir='ltr'><strong>et</strong></span> <span class='ocrx_word' id='word_1_721' title='bbox 2850 5086 3101 5139; x_wconf 91' lang='lat' dir='ltr'><strong>meliores</strong></span> <span class='ocrx_word' id='word_1_722' title='bbox 3126 5086 3373 5141; x_wconf 89' lang='lat' dir='ltr'><strong>homines</strong></span> <span class='ocrx_word' id='word_1_723' title='bbox 3398 5129 3414 5153; x_wconf 92' lang='lat'><strong>,</strong></span> 
     </span>
    </p>
   </div>
   <div class='ocr_carea' id='block_1_112' title="bbox 1835 5170 3418 5246">
    <p class='ocr_par' dir='ltr' id='par_1_112' title="bbox 1835 5170 3418 5246">
     <span class='ocr_line' id='line_1_113' title="bbox 1835 5170 3418 5246; baseline 0 -17"><span class='ocrx_word' id='word_1_724' title='bbox 1835 5189 2097 5246; x_wconf 82' lang='lat' dir='ltr'><strong>pagenses</strong></span> <span class='ocrx_word' id='word_1_725' title='bbox 2148 5171 2353 5226; x_wconf 90' lang='lat' dir='ltr'><strong>scilicet</strong></span> <span class='ocrx_word' id='word_1_726' title='bbox 2403 5172 2504 5225; x_wconf 92' lang='lat' dir='ltr'><strong>loci</strong></span> <span class='ocrx_word' id='word_1_727' title='bbox 2551 5170 2695 5226; x_wconf 92' lang='lat' dir='ltr'><strong>illius</strong></span> <span class='ocrx_word' id='word_1_728' title='bbox 2725 5212 2739 5237; x_wconf 94' lang='lat'><strong>,</strong></span> <span class='ocrx_word' id='word_1_729' title='bbox 2796 5172 3080 5242; x_wconf 85' lang='lat' dir='ltr'><strong>diligenter</strong></span> <span class='ocrx_word' id='word_1_730' title='bbox 3118 5174 3418 5244; x_wconf 89' lang='lat' dir='ltr'><strong>inquireret</strong></span> 
     </span>
    </p>
   </div>
   <div class='ocr_carea' id='block_1_113' title="bbox 1835 5263 3418 5324">
    <p class='ocr_par' dir='ltr' id='par_1_113' title="bbox 1835 5263 3418 5324">
     <span class='ocr_line' id='line_1_114' title="bbox 1835 5263 3418 5324; baseline -0.001 -3"><span class='ocrx_word' id='word_1_731' title='bbox 1835 5277 2015 5321; x_wconf 87' lang='lat' dir='ltr'><strong>utrum</strong></span> <span class='ocrx_word' id='word_1_732' title='bbox 2044 5265 2119 5319; x_wconf 91' lang='lat' dir='ltr'><strong>ita</strong></span> <span class='ocrx_word' id='word_1_733' title='bbox 2145 5270 2288 5319; x_wconf 90' lang='lat' dir='ltr'><strong>esset</strong></span> <span class='ocrx_word' id='word_1_734' title='bbox 2317 5278 2383 5317; x_wconf 91' lang='lat' dir='ltr'><strong>an</strong></span> <span class='ocrx_word' id='word_1_735' title='bbox 2432 5280 2537 5318; x_wconf 91' lang='lat' dir='ltr'><strong>non</strong></span> <span class='ocrx_word' id='word_1_736' title='bbox 2566 5305 2578 5324; x_wconf 87' lang='lat'><strong>,</strong></span> <span class='ocrx_word' id='word_1_737' title='bbox 2612 5263 2877 5317; x_wconf 88' lang='lat' dir='ltr'><strong>misimus.</strong></span> <span class='ocrx_word' id='word_1_738' title='bbox 2907 5264 2977 5317; x_wconf 84' lang='lat' dir='ltr'><strong>At</strong></span> <span class='ocrx_word' id='word_1_739' title='bbox 3004 5264 3092 5319; x_wconf 91' lang='lat' dir='ltr'><strong>ille</strong></span> <span class='ocrx_word' id='word_1_740' title='bbox 3122 5267 3418 5321; x_wconf 87' lang='lat' dir='ltr'><strong>secundum</strong></span> 
     </span>
    </p>
   </div>
   <div class='ocr_carea' id='block_1_114' title="bbox 1838 5352 3417 5427">
    <p class='ocr_par' dir='ltr' id='par_1_114' title="bbox 1838 5352 3417 5427">
     <span class='ocr_line' id='line_1_115' title="bbox 1838 5352 3417 5427; baseline 0.003 -18"><span class='ocrx_word' id='word_1_741' title='bbox 1838 5356 1979 5427; x_wconf 89' lang='lat' dir='ltr'><strong>quod</strong></span> <span class='ocrx_word' id='word_1_742' title='bbox 2032 5354 2105 5407; x_wconf 89' lang='lat' dir='ltr'><strong>illi</strong></span> <span class='ocrx_word' id='word_1_743' title='bbox 2161 5352 2603 5421; x_wconf 84' lang='lat' dir='ltr'><strong>injunxeramus,</strong></span> <span class='ocrx_word' id='word_1_744' title='bbox 2658 5352 3122 5423; x_wconf 85' lang='lat' dir='ltr'><strong>diligentissimam</strong></span> <span class='ocrx_word' id='word_1_745' title='bbox 3154 5356 3417 5415; x_wconf 82' lang='lat' dir='ltr'><strong>adhibens</strong></span> 
     </span>
    </p>
   </div>
   <div class='ocr_carea' id='block_1_115' title="bbox 1835 5443 3415 5516">
    <p class='ocr_par' dir='ltr' id='par_1_115' title="bbox 1835 5443 3415 5516">
     <span class='ocr_line' id='line_1_116' title="bbox 1835 5443 3415 5516; baseline 0 -15"><span class='ocrx_word' id='word_1_746' title='bbox 1835 5445 2238 5515; x_wconf 90' lang='lat' dir='ltr'><strong>inquisitionem</strong></span> <span class='ocrx_word' id='word_1_747' title='bbox 2263 5484 2278 5509; x_wconf 95' lang='lat'><strong>,</strong></span> <span class='ocrx_word' id='word_1_748' title='bbox 2308 5458 2309 5465; x_wconf 72' lang='lat'>‘</span> <span class='ocrx_word' id='word_1_749' title='bbox 2334 5444 2538 5513; x_wconf 85' lang='lat' dir='ltr'><strong>reperit</strong></span> <span class='ocrx_word' id='word_1_750' title='bbox 2572 5443 2714 5512; x_wconf 94' lang='lat' dir='ltr'><strong>quod</strong></span> <span class='ocrx_word' id='word_1_751' title='bbox 2763 5444 2934 5497; x_wconf 89' lang='lat' dir='ltr'><strong>nostri</strong></span> <span class='ocrx_word' id='word_1_752' title='bbox 2985 5446 3125 5498; x_wconf 87' lang='lat' dir='ltr'><strong>servi</strong></span> <span class='ocrx_word' id='word_1_753' title='bbox 3178 5446 3415 5516; x_wconf 89' lang='lat' dir='ltr'><strong>aliquam</strong></span> 
     </span>
    </p>
   </div>
   <div class='ocr_carea' id='block_1_116' title="bbox 1835 5532 3414 5607">
    <p class='ocr_par' dir='ltr' id='par_1_116' title="bbox 1835 5532 3414 5607">
     <span class='ocr_line' id='line_1_117' title="bbox 1835 5532 3414 5607; baseline -0.001 -17"><span class='ocrx_word' id='word_1_754' title='bbox 1835 5547 2044 5607; x_wconf 90' lang='lat' dir='ltr'><strong>partem</strong></span> <span class='ocrx_word' id='word_1_755' title='bbox 2074 5534 2243 5603; x_wconf 88' lang='lat' dir='ltr'><strong>ipsius</strong></span> <span class='ocrx_word' id='word_1_756' title='bbox 2270 5534 2431 5588; x_wconf 83' lang='lat' dir='ltr'><strong>waldi</strong></span> <span class='ocrx_word' id='word_1_757' title='bbox 2468 5532 2662 5600; x_wconf 87' lang='lat' dir='ltr'><strong>injuste</strong></span> <span class='ocrx_word' id='word_1_758' title='bbox 2691 5534 2757 5587; x_wconf 89' lang='lat' dir='ltr'><strong>ad</strong></span> <span class='ocrx_word' id='word_1_759' title='bbox 2786 5543 2995 5601; x_wconf 88' lang='lat' dir='ltr'><strong>partem</strong></span> <span class='ocrx_word' id='word_1_760' title='bbox 3045 5543 3283 5588; x_wconf 81' lang='lat' dir='ltr'><strong>nostram</strong></span> <span class='ocrx_word' id='word_1_761' title='bbox 3330 5544 3414 5589; x_wconf 84' lang='lat' dir='ltr'><strong>te-</strong></span> 
     </span>
    </p>
   </div>
   <div class='ocr_carea' id='block_1_117' title="bbox 1836 5622 3417 5691">
    <p class='ocr_par' dir='ltr' id='par_1_117' title="bbox 1836 5622 3417 5691">
     <span class='ocr_line' id='line_1_118' title="bbox 1836 5622 3417 5691; baseline -0.004 -8"><span class='ocrx_word' id='word_1_762' title='bbox 1836 5628 2112 5691; x_wconf 89' lang='lat' dir='ltr'><strong>nuissent;</strong></span> <span class='ocrx_word' id='word_1_763' title='bbox 2159 5626 2253 5680; x_wconf 85' lang='lat' dir='ltr'><strong>sed</strong></span> <span class='ocrx_word' id='word_1_764' title='bbox 2303 5627 2430 5679; x_wconf 81' lang='lat' dir='ltr'><strong>dum</strong></span> <span class='ocrx_word' id='word_1_765' title='bbox 2492 5624 2606 5678; x_wconf 74' lang='lat' dir='ltr'><strong>haec</strong></span> <span class='ocrx_word' id='word_1_766' title='bbox 2668 5623 2823 5678; x_wconf 87' lang='lat' dir='ltr'><strong>nobis</strong></span> <span class='ocrx_word' id='word_1_767' title='bbox 2886 5623 3052 5677; x_wconf 89' lang='lat' dir='ltr'><strong>relata</strong></span> <span class='ocrx_word' id='word_1_768' title='bbox 3104 5622 3313 5688; x_wconf 82' lang='lat' dir='ltr'><strong>forent,</strong></span> <span class='ocrx_word' id='word_1_769' title='bbox 3359 5632 3417 5678; x_wconf 88' lang='lat' dir='ltr'><strong>ut</strong></span> 
     </span>
    </p>
   </div>
   <div class='ocr_carea' id='block_1_118' title="bbox 1838 5712 3384 5785">
    <p class='ocr_par' dir='ltr' id='par_1_118' title="bbox 1838 5712 3384 5785">
     <span class='ocr_line' id='line_1_119' title="bbox 1838 5712 3384 5785; baseline -0.005 -12"><span class='ocrx_word' id='word_1_770' title='bbox 1838 5732 2045 5773; x_wconf 90' lang='lat' dir='ltr'><strong>merces</strong></span> <span class='ocrx_word' id='word_1_771' title='bbox 2071 5723 2357 5785; x_wconf 86' lang='lat' dir='ltr'><strong>parentum</strong></span> <span class='ocrx_word' id='word_1_772' title='bbox 2386 5723 2693 5770; x_wconf 80' lang='lat' dir='ltr'><strong>nostrorum</strong></span> <span class='ocrx_word' id='word_1_773' title='bbox 2720 5712 3099 5768; x_wconf 84' lang='lat' dir='ltr'><strong>inviolabiliter</strong></span> <span class='ocrx_word' id='word_1_774' title='bbox 3125 5727 3384 5769; x_wconf 86' lang='lat' dir='ltr'><strong>conserva</strong></span> 
     </span>
    </p>
   </div>
  </div>
