3936 6330
507 340 641 400 ίῡῢθ

1611 341 1932 402 LUDOVICI
1971 345 1992 400 Ι
2030 340 2495 404 COGNOMENTO
2534 340 2618 402 PII

3628 352 3764 406 £060

499 463 656 512 retur
679 493 696 521 ,
731 453 978 509 misimus
1007 453 1172 509 alium
1203 454 1441 534 missum
1473 463 1717 511 nostrum
1750 456 2084 510 Witharium
2107 465 2159 519 Α
2253 460 2310 512 In
2343 460 2559 514 nomine
2590 459 2803 513 Domini
2835 456 2930 512 Dei
2974 467 3030 513 et
3073 457 3376 513 Salvatoris
3422 461 3591 514 nostri
3639 460 3767 514 Jesu

456 595 460 599 .
499 545 726 610 scilicet,
775 554 836 600 ut
885 553 939 600 et
985 545 1098 616 ipse
1140 545 1456 616 praedictum
1501 547 1735 602 waldum
1763 549 1984 618 perlatis
2009 549 2082 602 si-

498 636 728 706 gnisque
753 634 920 689 certis
948 633 1288 706 designaret,
1307 643 1361 690 et
1386 645 1597 705 partem
1624 639 1818 694 exinde
1838 639 2080 708 przedicti

500 725 812 781 monasterii
857 725 1143 780 revestiret
1175 739 1189 779 :
1221 715 1362 795 quod
1389 728 1462 781 ita
1491 735 1548 781 et
1594 727 1745 784 fecit.
1800 728 1907 784 Sed
1953 730 2095 784 dum'

497 816 656 871 nobis
686 799 802 870 haec
829 817 1011 870 omnia
1041 831 1100 870 se
1127 815 1322 872 fecisse
1351 817 1649 884 retulisset,
1688 835 1787 888 pro
1816 820 2082 874 mercedis

497 921 611 962 sua:
639 915 928 976 augmento
947 907 1211 977 jussimus
1246 894 1388 964 hanc
1419 911 1797 966 auctoritatem
1838 920 2080 966 nostram

498 996 637 1060 ﬁeri.
666 1004 721 1051 et
746 997 982 1066 primum
1020 998 1530 1055 determinationem
1557 1001 1841 1055 memorati
1876 1001 2036 1056 waldi
2065 1043 2079 1067 ,

495 1096 553 1144 et
583 1089 723 1144 sicut
761 1103 793 1142 a
836 1090 1004 1144 misso
1045 1099 1230 1145 nostro
1265 1091 1603 1162 designatum
1646 1098 1749 1156 est,
1788 1092 1956 1146 inseri
1985 1108 2083 1161 per

496 1179 617 1235 loea
655 1179 1000 1235 denominata
1025 1221 1040 1246 ,
1072 1182 1124 1236 id
1156 1190 1239 1236 est
1261 1183 1486 1236 marcha
1513 1182 1579 1236 de
1614 1182 1991 1236 Romarisviila
2025 1182 2080 1236 in

495 1271 688 1326 dextra
722 1279 878 1340 parte
921 1271 1240 1326 monasterii
1283 1271 1338 1324 in
1389 1269 1820 1335 Lindinawinca,
1869 1271 1995 1326 inde
2025 1271 2080 1324 in

495 1361 798 1429 Folkeﬁelt,
822 1373 876 1418 et
901 1379 998 1433 per
1023 1363 1239 1432 longum
1272 1362 1622 1432 'Pyrumbach
1652 1377 1826 1431 usque
1855 1363 1909 1416 in
1945 1362 2080 1416 Pru-

495 1453 626 1507 mia.
656 1451 785 1507 Inde
808 1445 1054 1521 pergunt.
1073 1451 1420 1505 Marisburias
1443 1491 1458 1512 ,
1497 1451 1619 1506 inde
1648 1467 1747 1521 per
1773 1451 2080 1506 Hundines-

494 1541 657 1604 bach,
681 1557 781 1611 per
806 1543 952 1597 viam
975 1557 1096 1610 quae
1119 1541 1296 1611 pergit
1322 1541 1392 1596 ad
1412 1540 1740 1614 Steinbuhil,
1765 1551 1820 1596 et
1847 1556 1944 1610 per
1969 1557 2083 1596 me-

496 1635 646 1690 dium
671 1634 994 1700 Steinbuliil,
1025 1635 1149 1690 inde
1175 1635 1241 1690 ad
1274 1634 1626 1690 Sconenbacb
1645 1675 1658 1698 ,
1698 1634 1823 1688 inde
1850 1634 1916 1688 ad
1945 1634 2080 1688 Sco-

497 1723 771 1787 nensceid,
801 1724 925 1786 inde
951 1724 1006 1777 in
1035 1723 1324 1778 Firnibacb
1345 1764 1358 1788 ,
1404 1723 1527 1778 inde
1557 1739 1741 1787 susum
1765 1738 1862 1792 per
1889 1723 2081 1778 Albam

2181 548 2404 615 Christi,
2420 549 2745 616 Ludovicus,
2759 549 2940 607 divina
2954 549 3239 604 ordinante
3254 549 3617 618 providentia,
3634 552 3767 622 imp.

2181 637 2473 708 Augustus.

2253 725 2312 780 Si
2349 742 2479 798 erga
2524 728 2640 782 loca
2679 728 2878 784 divinis
2918 728 3152 784 cultibus
3202 728 3510 798 mancipata
3550 739 3776 802 propter

2181 831 2423 872 amorem
2460 819 2552 873 Dei
2599 820 2652 873 in
2691 820 2894 874 eisdem
2919 819 3054 875 locis
3090 819 3478 876 famulanlibus
3508 824 3770 892 quiddam

2182 905 2532 972 conferimus,
2565 910 2847 978 praemium
2871 909 3026 963 nobis
3056 909 3197 978 apud
3226 909 3512 964 Dominum
3551 921 3775 967 aeterna:

2183 996 2631 1050 remunerationis
2657 987 2876 1066 rependi
2914 1012 3024 1051 non
3053 996 3367 1052 difﬁdimus.
3414 999 3655 1056 Proinde
3682 1017 3776 1056 no-

2181 1087 2321 1140 verit
2357 1086 2597 1141 omnium
2619 1085 2859 1142 ﬁdelium
2890 1096 2999 1141 tam
3039 1091 3389 1157 praesentium
3423 1107 3594 1160 quam
3632 1095 3776 1149 futu~

2183 1191 2368 1231 rorum
2392 1176 2628 1242 solertia,
2656 1179 2780 1246 quia
2807 1178 3012 1248 placuit
3031 1180 3187 1234 nobis
3207 1195 3430 1250 propter
3455 1185 3660 1238 anima:
3684 1202 3777 1239 no-

2183 1274 2309 1320 stra:
2356 1266 2668 1322 remedium.
2692 1277 2746 1321 et
2795 1278 3014 1323 mternaa
3069 1272 3445 1327 retributionis
3491 1273 3774 1340 fructum,

2183 1356 2513 1411 monasterio
2560 1357 2705 1425 quod
2750 1358 2950 1412 dicitur
2999 1359 3326 1424 Suricinum,
3379 1363 3488 1416 sito
3535 1364 3592 1416 in
3643 1381 3777 1434 pago

2185 1446 2452 1500 Tolosano
2473 1486 2487 1511 ,
2517 1447 2572 1500 in
2600 1447 2858 1501 honorem
2884 1448 2982 1502 Dei
3003 1450 3279 1516 genitricis
3308 1459 3362 1505 et
3388 1452 3632 1506 aliorum
3664 1470 3780 1509 san-

2183 1544 2394 1589 ctorum
2420 1543 2757 1600 constructo,
2784 1537 2876 1590 ubi
2904 1553 3048 1592 nunc
3074 1539 3408 1596 Bertrandus
3438 1543 3615 1598 abbas
3638 1560 3778 1612 pra:-

2183 1627 2363 1682 sidere
2399 1627 2750 1696 dignoscitur,
2788 1637 2935 1682 certa
2965 1630 3084 1683 loca
3117 1630 3389 1696 conferre,
3419 1648 3546 1702 qum
3568 1634 3597 1673 δ
3625 1636 3783 1688 Aria—

2185 1730 2279 1769 cas
2321 1714 2449 1770 olim
2480 1730 2666 1773 comes
2707 1717 2863 1770 nobis
2905 1731 3003 1785 per
3028 1718 3520 1776 dinumerationem
3560 1726 3783 1779 tradidit

493 1825 670 1881 usque
694 1812 747 1866 in
771 1805 1078 1879 Hildibach,
1116 1812 1240 1868 inde
1282 1828 1451 1882 usque
1481 1811 1951 1880 Centbuzzi,_inde
1979 1811 2085 1867 Ga-
2116 1802 2158 1861 Β
2187 1807 2241 1861 in
2267 1823 2406 1878 pago
2433 1807 2739 1872 Ausciensi,
2762 1807 3017 1863 videlicet
3037 1809 3219 1864 villam
3241 1813 3306 1866 de
3335 1813 3633 1879 Blizentia,
3661 1832 3782 1870 cum

495 1903 761 1967 ranbach,
793 1903 884 1956 ubi
917 1902 1030 1972 ipse
1065 1903 1240 1973 surgit
1279 1918 1375 1972 per
1413 1903 1629 1973 longqu
1654 1917 1826 1971 usque
1855 1902 1910 1956 in
1936 1901 2083 1956 Hura

496 2001 549 2048 et
572 2003 669 2061 per
688 1991 891 2046 Huram
922 1994 988 2047 ad
1013 2004 1246 2047 montem
1270 2010 1440 2063 usque
1467 1996 1534 2048 ad
1563 1994 1826 2058 Barbacb,
1855 2010 1973 2063 quae
1997 2003 2085 2050 est

497 2081 563 2136 de
592 2082 815 2136 sinistra
844 2090 998 2151 parte
1039 2085 1379 2149 monasterii,
1411 2092 1465 2137 ct
1495 2085 1616 2139 inde
1645 2101 1818 2154 usque
1843 2087 1915 2139 -in
1947 2086 2086 2141 Buo-

495 2164 707 2238 elia,et
755 2171 882 2227 inde
931 2187 1104 2241 usque
1151 2174 1203 2226 in
1234 2173 1601 2238 Huochonloe,
1635 2174 1758 2228 inde
1787 2190 1896 2245 per
1941 2176 2085 2230 viam

501 2277 673 2330 usque
719 2262 776 2316 in
801 2262 1117 2329 Sturenl‘elt,
1153 2264 1277 2318 inde
1326 2279 1422 2333 per
1471 2263 1842 2320 Sclusunbach
1871 2266 1924 2320 in
1952 2265 2086 2321 Ger-

496 2353 1028 2423 brchetesprunnon,
1060 2353 1185 2408 inde
1218 2355 1272 2408 in
1302 2353 1755 2424 Suindinesbrath
1776 2395 1789 2418 ,
1831 2356 1954 2409 inde
1989 2370 2087 2425 per

497 2443 854 2513 Bodilenpath
881 2460 1054 2514 usque
1093 2445 1501 2510 Bodilcnbrath,
1531 2448 1654 2501 inde
1688 2448 1779 2502 ubi
1811 2445 1984 2515 surgit
2012 2450 2084 2502 ri-

494 2534 654 2590 vulus
682 2535 891 2590 Melana
916 2535 1272 2612 Hurspringa,
1303 2536 1424 2589 inde
1461 2537 1513 2590 in
1542 2536 1747 2591 Melana
1782 2552 1881 2606 per
1906 2538 2083 2607 ipsum

497 2626 756 2692 rivulum,
784 2627 908 2681 inde
930 2643 1027 2697 per
1053 2627 1258 2682 Melana
1289 2626 1469 2696 josnm
1505 2643 1696 2696 usque,
1715 2629 1782 2682 ad
1812 2629 2084 2695 strictam,

501 2717 628 2772 inde
664 2731 762 2784 per
796 2717 985 2773 stricta
1014 2733 1186 2786 usque
1223 2719 1293 2772 ad
1332 2716 1697 2782 Deofansleid,
1721 2719 1847 2781 inde
1886 2719 1939 2772 in
1971 2719 2082 2772 Ila-

494 2820 635 2876 gaua
666 2846 682 2871 ,
717 2805 842 2860 inde
876 2806 944 2860 ad
975 2806 1228 2862 Merbach
1260 2807 1394 2861 ﬁnit.
1426 2807 1808 2877 Prmcipientes
1836 2823 1967 2878 ergo
1998 2807 2086 2876 ju-

496 2895 689 2949 bemus
721 2904 781 2950 ut
810 2894 989 2950 nullus
1021 2896 1218 2950 abhinc
1269 2896 1506 2952 ﬁdelium
1534 2907 1737 2951 sancta:
1775 2897 1870 2951 Dei
1901 2898 2086 2952 Eccle-

497 2985 594 3044 sia:
613 3025 629 3052 ,
677 2996 1096 3054 nostrorumque
1145 2985 1210 3040 de
1240 2987 1496 3055 prmdicto
1524 2986 1699 3041 \valdo
1726 2997 1936 3056 partem
1959 3004 2087 3043 me—

500 3075 698 3128 morati
744 3075 1063 3128 monasterii
1110 3075 1414 3145 inquietare
1443 3085 1537 3130 aut
1572 3076 1773 3146 aliquid
1810 3075 2086 3148 refragare

2185 1897 2429 1951 ecclesiis
2458 1897 2654 1950 ibidem
2696 1894 2936 1951 fundatis
2977 1899 3030 1951 in
3064 1899 3320 1955 honorem
3356 1903 3451 1956 Dei
3501 1906 3781 1974 genitricis

2185 1995 2239 2040 et
2265 1987 2436 2042 sancti
2457 1986 2701 2048 Joannis,
2727 2002 2849 2041 cum
2865 1989 3265 2044 territoriisdec
3294 1992 3558 2062 Peyrault
3583 2004 3641 2048 et
3665 1995 3782 2049 tedi-

2186 2075 2323 2130 ﬁciis
2353 2076 2466 2130 suis
2491 2084 2546 2130 et
2571 2077 2855 2147 mancipiis
2876 2118 2889 2143 ,
2917 2085 2970 2133 et
3013 2079 3175 2133 aliam
3200 2081 3383 2136 villam
3411 2099 3540 2152 qua:
3583 2087 3779 2141 dicitur

2187 2163 2464 2238 Montlieu,
2496 2173 2550 2219 et
2583 2166 2843 2235 quidquid
2867 2167 2920 2220 in
2957 2168 3099 2222 dicta
3128 2171 3420 2226 donatione
3444 2177 3777 2240 continetur,

2186 2272 2308 2312 cum
2339 2257 2627 2327 mancipiis
2647 2258 2786 2323 suis;
2817 2267 2872 2313 et
2890 2259 3071 2313 villam
3099 2276 3218 2329 qua:
3241 2263 3443 2317 dicitur
3467 2263 3775 2336 Exartigas,

2186 2363 2309 2402 cum
2339 2349 2590 2403 omnibus
2619 2348 2866 2404 aediﬁciis
2886 2360 2938 2405 et
2961 2353 3308 2421 pertinentiis
3329 2355 3478 2420 suis;
3511 2367 3570 2409 et
3602 2357 3772 2412 villam

2184 2453 2304 2506 quae
2327 2438 2525 2492 dicitur
2547 2438 2853 2505 Waccaria,
2878 2457 3000 2494 cum
3025 2442 3250 2496 ecclesia
3275 2443 3331 2496 S.
3349 2443 3611 2524 doannis,
3636 2447 3776 2500 simi-

2184 2526 2308 2581 liter
2344 2543 2468 2584 cum
2499 2527 2742 2583 :ediﬁciis
2774 2528 3176 2597 adjacentibus;
3209 2541 3262 2586 et
3291 2533 3479 2587 villam
3505 2551 3627 2604 quze
3650 2537 3772 2590 dici-

2184 2623 2276 2670 tur
2309 2617 2706 2684 Marcillanum,
2749 2634 2872 2672 cum
2900 2619 3144 2675 aediﬁciis
3173 2631 3228 2675 et
3256 2623 3612 2692 pertinentiis
3650 2626 3771 2687 suis,

2185 2723 2310 2763 cum
2354 2709 2603 2763 domibus
2651 2717 2707 2762 et
2751 2711 3066 2778 mancipiis,
3113 2720 3167 2765 et
3203 2723 3692 2783 quantumcunque
3724 2730 3769 2768 ιιι

2187 2796 2305 2866 ipso
2330 2796 2449 2860 loco
2473 2798 2540 2851 ad
2564 2813 2662 2852 nos
2677 2795 2802 2864 jure
2827 2800 3174 2868 proprietatis
3199 2803 3476 2871 pertinere
3511 2805 3768 2872 dignosci-

2187 2895 2295 2952 tur,
2324 2902 2444 2940 cum
2484 2887 2713 2942 ecclesia
2743 2889 2795 2941 in
2831 2889 3019 2942 eodem
3053 2890 3172 2944 loco
3194 2900 3512 2945 constructa
3538 2895 3591 2945 in
3619 2895 3770 2948 hono-

2187 2993 2300 3032 rem
2327 2978 2500 3032 sancti
2527 2977 2772 3043 Martini;
2800 2986 2856 3032 et
2884 2980 3251 3034 molendinum
3281 2997 3448 3051 super
3470 2981 3690 3037 ﬂuvium
3714 2986 3768 3037 de

2189 3066 2342 3133 ϐενε,
2374 3067 2719 3136 et-quidquid
2747 3068 2802 3121 in
2839 3069 3026 3124 eodem
3051 3069 3169 3124 loco
3198 3071 3300 3125 visi
3325 3087 3519 3135 sumus
3560 3074 3764 3128 habere.

494 3173 825 3233 praesumat,
853 3164 938 3218 vel
978 3135 1232 3235 quiddam
1278 3165 1492 3222 molesti
1529 3135 1728 3222 inferre
1773 3135 2085 3233 tentet,vsed
2112 3135 2157 3198 δ
2189 3157 2414 3228 insuper
2449 3135 2504 3212 ίέι
2526 3135 2664 3229 βειέο
2695 3158 2892 3229 Παθηί»
2927 3169 2980 3214 ει
3023 3160 3076 3213 in
3117 3160 3240 3213 Villa
3274 3176 3396 3230 (Ιητε
3428 3163 3634 3215 diem"
3657 3163 3769 3215 Αλο-

497 3250 567 3305 ab
595 3251 858 3308 hodierno
909 3253 996 3308 die
1033 3261 1089 3308 et
1143 3253 1400 3325 deinceps
1447 3264 1804 3312 memoratum
1850 3259 2088 3313 waldum

497 3339 682 3411 quiete
705 3354 758 3394 et
788 3356 978 3397 secure
1002 3341 1154 3411 juxta
1172 3359 1328 3398 suam
1355 3345 1857 3403 determinationem
1886 3350 2086 3404 nostris

497 3426 802 3499 futurisque
827 3431 935 3485 Deo
957 3433 1193 3501 propitio
1228 3436 1559 3505 temporibus
1602 3436 1818 3490 valeant
1847 3440 2085 3507 posside-

496 3534 580 3585 re,
609 3531 663 3574 et
691 3521 875 3575 facere
899 3522 1162 3591 quidquid
1198 3540 1296 3593 pro
1335 3527 1740 3594 opportunitate
1781 3530 2084 3584 communis

496 3610 933 3680 congregationis
978 3611 1277 3681 elegerint;
1325 3610 1596 3683 quatenus
1647 3631 1743 3684 pro
1795 3618 1978 3682 nobis,
2031 3627 2085 3674 et

496 3704 1031 3774 conjuge,,proleque
1067 3717 1247 3761 nostra
1279 3748 1293 3773 ,
1333 3723 1424 3762 seu
1457 3723 1556 3777 pro
1584 3711 1877 3764 stabilitate
1921 3713 2083 3767 totius

497 3783 711 3860 imperii
741 3794 913 3847 nostri
938 3809 968 3847 a
995 3793 1112 3849 Deo
1140 3795 1296 3850 nobis
1344 3797 1525 3851 collati
1554 3806 1608 3852 et
1635 3796 1751 3865 ejus
1782 3799 2084 3855 clementis-

496 3873 634 3936 sima
672 3883 1023 3940 miseratione
1049 3893 1312 3953 perpetuo
1343 3887 1730 3951 conservandi,
1751 3887 1954 3956 jugiter
1980 3889 2086 3944 Do-

497 3971 632 4024 mini
683 3973 1115 4034 misericordiam
1169 3988 1398 4028 exorare
1460 3974 1712 4030 delectet.
1770 3976 1898 4032 Haec
1955 3992 2085 4034 vero

497 4059 797 4115 auctoritas
835 4060 914 4114 uti
964 4076 994 4114 a
1034 4060 1282 4117 ﬁdelibus
1331 4072 1550 4118 sanctae.
1582 4063 1679 4118 Dei
1733 4064 1988 4120 Ecclesia:
2031 4074 2087 4120 et

497 4148 722 4202 nostris'
750 4151 931 4205 verius
971 4142 1347 4217 credatur,‘et
1375 4152 1686 4222 diligentius
1713 4163 2080 4220 conservetur,

497 4253 658 4292 manu
690 4240 907 4312 propria
932 4249 1118 4295 nostra
1151 4242 1574 4310 subscripsimus
1616 4250 1671 4297 et
1695 4244 1879 4297 annuli
1913 4245 2085 4300 nostri

497 4329 855 4400 impressione
882 4330 1086 4401 signari
1108 4332 1390 4402 jussimus.

570 4419 792 4491 Signum
832 4421 1014 4476 domni
1043 4412 1303 4478 Ludovici
1334 4423 1667 4479 serenissimi
1704 4423 1950 4495 Augusti.

569 4511 856 4566 Durandus
875 4513 1133 4568 diaconus
1153 4513 1221 4567 ad
1242 4514 1415 4568 vicem
1432 4513 1746 4568 Helisachar
1771 4517 2078 4585 recognovi.

571 4599 704 4658 Data
730 4619 781 4657 vr
810 4603 932 4658 Idus
954 4602 1294 4669 Novembris,
1339 4620 1480 4658 anno
1501 4606 1554 4669 3,
1586 4605 1799 4659 Christo
1828 4605 2078 4675 pr0pitio,

501 4693 710 4762 imperii
756 4693 937 4748 domni
991 4693 1247 4758 Ludovici
1289 4695 1620 4750 serenissimi
1673 4695 1944 4765 Augusti,
1996 4697 2079 4752 in-

499 4782 736 4853 dictione
774 4780 861 4838 10.
889 4781 1084 4839 Actum
1110 4785 1442 4854 Compendio
1466 4785 1668 4855 palatio
1707 4786 1855 4857 regio
1901 4787 1954 4840 in
1985 4788 2079 4842 Dei

499 4875 718 4931 ﬂamine
746 4873 994 4929 feliciter.
1023 4872 1218 4929 Amen.

1195 4967 1376 5022 LXIII.

852 5073 876 5100 ⁸
891 5076 993 5116 PRO
1007 5075 1340 5116 IIONASTEBIO
1357 5076 1722 5116 SORICINIENSI.

1107 5149 1297 5221 (Amm
1320 5149 1474 5220 817.)

499 5239 678 5314 [Apud
715 5239 777 5293 D.
806 5237 1093 5308 Bouqdet.,
1135 5231 1346 5293 Recueil
1377 5234 1468 5293 des
1494 5240 1641 5305 hisL,
1674 5248 1803 5293 tom.
1839 5237 1924 5305 Vl,
1952 5250 2074 5309 pag.

569 5331 695 5396 50l,
718 5345 782 5385 ex
810 5331 961 5386 brevi
987 5331 1245 5386 chronica
1280 5327 1514 5386 abbatiaz
1545 5327 1645 5385 SS.
1681 5331 1830 5385 Pauli
1852 5340 1907 5386 et
1931 5332 2074 5386 Petri

571 5423 624 5477 in
650 5438 787 5495 pago
812 5421 1123 5495 Blizentio.]

569 5547 592 5575 ο
623 5535 810 5616 Exstat
827 5534 1063 5616 diploma
1090 5533 1297 5616 Pippini
1323 5535 1464 5616 regis
1499 5535 1564 5590 de
1588 5534 1899 5616 fundatione
1921 5536 2079 5616 hujus

500 5605 764 5670 ctenotii,
808 5607 992 5660 datum
1022 5605 1345 5675 Aquisgrani
1385 5620 1526 5660 anno
1565 5606 1794 5673 septimo
1835 5607 1950 5675 ejus
1987 5607 2079 5675 im-

503 5675 635 5745 perii
653 5693 682 5745 7:,
704 5676 796 5730 sed
824 5675 953 5730 illud
982 5689 1088 5745 non
1116 5674 1214 5745 sat;
1223 5675 1512 5744 genuinum
1541 5676 1816 5745 existimat
1841 5674 2078 5730 Habilio-

500 5743 627 5801 iiius
651 5743 742 5800 lib.
767 5759 942 5800 uvm
965 5744 1157 5798 Annal.
1189 5743 1494 5811 Benedict.,
1529 5759 1679 5798 num.
1705 5743 1793 5799 65.

2187 3251 2388 3314 manui,
2433 3250 2570 3304 etin
2595 3249 2720 3304 villa
2749 3249 3076 3320 Modolingo,
3125 3266 3249 3305 cum
3291 3252 3547 3306 ecclesiis
3584 3254 3768 3307 ibidem

2185 3340 2516 3394 constructis
2537 3341 2591 3394 in
2620 3340 2827 3395 honore
2842 3340 2936 3396 Dei
2954 3342 3234 3411 genitricis
3254 3351 3309 3396 et
3332 3346 3515 3397 sancti
3539 3342 3766 3414 Sulpicii,

2185 3445 2310 3484 cum
2337 3431 2620 3500 mancipiis
2649 3440 2703 3486 et
2732 3431 2958 3497 colonis,
2995 3448 3119 3486 cum
3143 3433 3398 3487 domibus
3426 3444 3480 3487 et
3507 3435 3767 3489 habitato.

2185 3519 2338 3576 ribus
2377 3534 2597 3585 carum;
2633 3529 2688 3574 et
2716 3522 2975 3590 quidquid
3020 3521 3217 3576 ibidem
3257 3523 3326 3576 ad
3353 3539 3456 3577 nos
3485 3523 3612 3590 jure
3652 3541 3768 3594 pro-

2184 3610 2432 3681 prietatis
2452 3611 2728 3678 pertinere
2753 3611 3116 3681 dignoscitur,
3157 3628 3279 3666 cum
3315 3614 3572 3670 ecclesiis
3595 3629 3650 3669 et
3670 3632 3771 3670 ser-

2186 3701 2269 3754 vis
2301 3709 2354 3755 et
2381 3701 2589 3754 colonis
2613 3701 2894 3770 utriusque
2924 3716 3085 3755 sexus
3105 3742 3120 3765 ,
3146 3717 3267 3756 cum
3292 3703 3575 3769 domibus,
3613 3705 3770 3759 πάιῶ

2186 3791 2306 3857 ciis,
2334 3791 2526 3855 terris,
2561 3791 2756 3856 vineis,
2782 3791 2968 3863 pratis,
2999 3793 3237 3859 pascuis,
3267 3794 3426 3861 aquis
3448 3809 3775 3864 aquarumre

2186 3880 2503 3934 decursibus
2522 3921 2534 3944 ,
2561 3881 2884 3934 molendin’is
2905 3920 2918 3943 ,
2966 3881 3254 3936 mobilibus
3298 3891 3353 3936 et
3389 3884 3771 3950 immobilibus,

2186 3969 2389 4022 cultum
2406 3977 2460 4022 et
2483 3968 2773 4032 incultum,
2797 3971 3083 4038 qumsitum
3101 3979 3154 4024 et
3170 3973 3590 4040 acquirendum,
3613 3984 3772 4029 totum

2185 4068 2241 4114 et
2267 4059 2335 4114 ab
2360 4060 2570 4128 integro
2591 4069 2646 4114 et
2671 4061 2737 4114 ad
2761 4059 3029 4129 integrum
3053 4060 3316 4115 donamus
3340 4061 3454 4115 Deo
3477 4103 3490 4125 ,
3529 4074 3588 4118 et
3619 4079 3770 4134 supra

2186 4158 2487 4205 memorato
2517 4149 2851 4204 monasterio
2891 4147 3183 4212 Suricinii,
3223 4153 3322 4219 pro
3364 4151 3544 4205 salute
3591 4153 3770 4205 anima:

2185 4246 2387 4293 nostrae
2411 4238 2479 4292 ad
2505 4237 2774 4307 stipendia
2792 4237 3022 4291 fratrum
3043 4237 3241 4292 ibidem
3261 4239 3371 4293 Deo
3395 4242 3766 4304 servientium,

2186 4337 2242 4383 et
2264 4328 2333 4382 ad
2361 4327 2735 4398 eleemosynas
2760 4325 3034 4382 faciendas
3071 4335 3126 4382 et
3165 4329 3231 4382 ad
3257 4329 3390 4384 alias
3424 4331 3639 4398 praefati
3668 4347 3769 4388 cm-

2187 4420 2334 4473 nobii
2385 4418 2644 4474 utilitates
2697 4419 2799 4474 hac
2847 4420 3136 4476 donatione
3187 4425 3532 4478 auctoritatis
3581 4437 3769 4480 nostra

2189 4509 2577 4583 perpetualiter
2616 4510 2955 4581 delegamus;
2989 4521 3044 4564 et
3076 4519 3136 4564 ut
3176 4512 3242 4566 de
3290 4513 3421 4581 ipsis
3454 4515 3681 4570 abbates
3720 4523 3770 4569 et

2190 4601 2441 4656 monachi
2487 4600 2655 4656 libere
2681 4607 2736 4656 et
2777 4601 2960 4670 quiete
3003 4603 3285 4670 providere
3334 4605 3576 4659 valeant.
3628 4606 3694 4660 Et
3714 4614 3767 4660 ut

2188 4694 2306 4748 hzec
2325 4694 2512 4747 charta
2535 4693 2840 4748 donationis
2867 4701 3065 4747 nostra:
3089 4691 3281 4748 futuris
3303 4697 3642 4764 temporibus
3659 4713 3768 4766 per-

2186 4791 2404 4854 petuam
2443 4784 2684 4838 obtineat
2728 4781 3073 4848 ﬁrmitatem,
3111 4791 3166 4837 et
3207 4799 3237 4837 a
3287 4784 3537 4839 ﬁdelibus
3576 4786 3766 4840 nostris

2187 4873 2380 4929 melius
2413 4874 2760 4938 observetur,
2805 4889 2967 4928 manu
3001 4882 3187 4928 nostra
3219 4874 3661 4932 subﬁrmavimus
3715 4885 3764 4931 et

2186 4964 2370 5018 annuli
2403 4959 2758 5034 impressione
2785 4963 2986 5032 signari
3013 4964 3293 5032 iussimus.

2259 5053 2484 5124 Signum
2509 5049 2767 5108 Ludovici
2795 5053 3129 5108 serenissimi
3156 5054 3518 5124 imperatoris.

2254 5143 2540 5199 Durandus
2554 5143 2811 5199 diaconus
2824 5144 2891 5197 ad
2909 5144 3081 5199 vicem
3101 5143 3419 5200 I’Ielisacbar
3435 5148 3754 5216 recognovit.

2253 5233 2388 5286 Data
2405 5248 2463 5286 ιιι
2476 5230 2656 5286 Nonas
2671 5231 2816 5297 Maii,
2831 5241 2990 5296 anno,
3008 5230 3222 5288 Christo
3234 5235 3490 5304 propitio,
3505 5233 3536 5287 4
3556 5235 3753 5303 imperii

2187 5321 2390 5377 domini
2409 5321 2639 5390 piissimi
2664 5321 2943 5386 Ludovici,
2959 5320 3253 5376 indictione
3269 5323 3352 5376 l0.
3366 5323 3558 5377 Actum
3572 5323 3756 5392 Aquis-

2187 5413 2337 5483 grani
2361 5412 2564 5482 palatio
2585 5411 2730 5482 regio
2756 5411 2810 5465 in
2836 5411 2932 5466 Dei
2962 5411 3181 5467 nomine
3205 5411 3454 5468 feliciter.
3486 5415 3669 5468 Amen.

2259 5531 2288 5570 δ
2318 5529 2474 5584 Hunc
2507 5527 2797 5581 Arecatum
2823 5532 2984 5578 vocat
3015 5524 3356 5581 Mabillonius
3383 5525 3502 5580 loco
3532 5541 3646 5580 mox
3683 5525 3750 5578 ci-

2188 5607 2319 5658 tato.
2345 5607 2394 5653 et
2420 5605 2609 5652 auctor
2636 5596 2816 5650 brevis
2840 5592 3111 5649 Chronici.

2259 5681 2279 5708 ε
2305 5669 2482 5722 Verba
2512 5665 2740 5729 Gallica,
2764 5678 2882 5734 qua:
2910 5665 3114 5734 passim
3144 5663 3200 5717 in
3225 5665 3330 5718 hoc
3353 5663 3634 5734 diplomate
3655 5676 3742 5718 oc-

2186 5745 2437 5808 currunt,
2458 5737 2524 5795 ab
2545 5743 2765 5790 auctore
2787 5732 3039 5789 Chronici
3074 5734 3279 5789 inserta
3307 5732 3572 5790 videntur.
