3936 6378
148 445 288 503 €061

857 544 1036 603 LXIV.

219 684 325 726 PRO
343 677 619 724 ωυκιειε
636 674 893 719 εοειεειιε
916 672 963 712 S.
986 665 1241 710 STEPHANI
1263 654 1657 725 ιεὶιῡγιεειὴθιε.

754 769 936 841 (Anno
977 759 1136 835 817.)

393 885 571 960 [Apud
601 884 665 937 D.
694 880 980 948 Bouquet.,
1007 872 1159 939 ibid.,
1193 885 1314 942 pag.
1342 865 1491 939 502.]

224 1003 283 1057 in
325 998 542 1054 nomine
574 994 667 1048 Dei
701 1000 757 1047 et
791 987 1090 1045 Salvatoris
1132 984 1305 1040 nostri
1344 981 1471 1037 Jesu
1505 979 1727 1045 Christi,

144 1091 477 1154 Ludovicus,
503 1085 682 1141 divina
711 1081 995 1136 ordinante
1020 1074 1385 1149 providentia,
1437 1073 1733 1141 imperator

145 1185 445 1253 Augustus.

226 1250 288 1329 si
317 1268 667 1343 petitionibus
690 1263 1033 1320 sacerdotum
1056 1257 1220 1329 justis
1243 1263 1296 1311 et
1324 1250 1733 1309 rationabilibus

145 1341 334 1418 divini'
346 1358 523 1414 cultus
544 1368 730 1410 amore
743 1351 1005 1413 favemus,
1031 1344 1251 1417 superni
1270 1343 1513 1399 muneris
1534 1341 1753 1407 donum_

146 1451 314 1506 nobis
340 1464 370 1503 a
410 1446 637 1503 Domino
675 1439 943 1511 impertiri
982 1437 1271 1494 credimus.
1309 1433 1515 1489 Idcirco
1546 1438 1733 1485 notum

148 1543 230 1598 sit
254 1541 505 1598 omnibus
525 1537 773 1593 ﬁdelibus
793 1540 997 1589 sanctae
1015 1530 1113 1584 Dei
1150 1527 1405 1583 Ecclesia:
1426 1534 1483 1581 et
1506 1524 1729 1591 nostris,

149 1645 270 1690 tam
309 1628 666 1702 praesentibus
690 1639 852 1694 quam
891 1622 1117 1685 futuris,
1155 1619 1281 1688 quia
1306 1619 1391 1673 vir
1414 1615 1736 1671 venerabilis
1796 1630 1799 1639 τ

153 1720 541 1791 Regimpertus
565 1714 867 1770 Lemoviea:
890 1712 1042 1789 urbis
1076 1710 1357 1779 episcopus
1381 1708 1570 1762 adiens
1589 1720 1734 1761 sere-

151 1814 383 1866 nitatem
408 1808 657 1865 culminis
680 1806 873 1870 nostri,
910 1803 1144 1859 innotuit
1163 1801 1321 1856 nobis
1354 1814 1420 1855 eo
1447 1800 1591 1870 quod
1615 1798 1733 1867 qui-

1293 416 1687 481 DlPLOMATA
1724 408 2275 472 ECCLESIASTICA.

1755 528 1811 590 Α

3270 394 3407 452 1062

2548 519 2684 575 LXV

2048 649 2148 689 PRO
2181 647 2528 689 LEMOVICENSl
2557 648 2601 687 S.
2630 642 2887 687 STEPHANI
2925 639 3194 683 εοϐιῑδιλ.

2440 724 2621 797 (Anno
2648 723 2805 795 817..)

2245 815 2421 890 [Apud
2448 816 2511 870 D.
2542 815 2829 884 Bouquet.,
2858 810 3011 885 ibid.]

1906 908 1965 963 In
2001 908 2220 963 nomine
2264 907 2477 962 Domini
2518 906 2613 960 Dei
2650 914 2705 959 et
2734 903 3031 959 Salvatoris
3072 902 3243 958 nostri
3280 900 3408 959 Iesu

1836 998 2059 1064 Christi,
2081 997 2404 1065 Ludovicus,
2426 997 2607 1052 divina
2622 994 2905 1051 ordinante
2923 995 3279 1064 providentia,
3304 994 3408 1048 iut-

1835 1098 2056 1160 perator
2092 1087 2385 1158 Augustus.

1910 1176 1968 1231 Si
2018 1174 2360 1232 liberalitatis
2404 1183 2604 1231 nostra:
2647 1187 2871 1229 rnuuere
2909 1170 3042 1227 locis
3080 1172 3187 1227 Deo
3219 1171 3412 1227 dicatis

1838 1266 2093 1337 quiddam
2114 1263 2442 1319 conferimus
2471 1263 2715 1319 beneﬁcii
2735 1303 2749 1328 ,
2776 1270 2831 1317 et
2868 1262 3217 1316 necessitates
3240 1261 3413 1317 eccle-

1840 1357 2085 1413 siasticas
2111 1356 2177 1412 ad
2204 1346 2491 1426 petitiones
2521 1356 2863 1410 sacerdotum
2894 1364 3081 1410 nostro
3111 1355 3414 1411 relevan'tus

1832 1448 2128 1518 juvamine,
2152 1456 2312 1517 atque
2341 1447 2605 1519 imperiali
2641 1456 2855 1505 tuemur
2882 1447 3197 1511 munimine,
3236 1447 3287 1501 id
3314 1463 3414 1502 no-

1838 1538 1923 1594 bis
1944 1546 1997 1593 et
2025 1537 2092 1592 ad
2114 1536 2395 1591 mortalem
2421 1537 2586 1591 vitam
2612 1536 2976 1607 temporaliter
2994 1535 3414 1605 transigendam,

1840 1638 1891 1684 et
1923 1629 1989 1683 ad
2020 1636 2277 1683 mternam
2310 1626 2540 1682 feliciter
2566 1628 2944 1691 obtinendam,
2984 1625 3324 1696 profuturum
3356 1625 3418 1679 li-

1840 1718 2002 1790 quido
2025 1717 2311 1773 credimus.
2335 1716 2554 1773 Noverit
2576 1719 2779 1772 interea
2808 1718 3072 1788 sagacitas
3091 1731 3185 1771 seu
3209 1715 3412 1770 utilitas

1840 1812 2080 1867 omnium
2105 1810 2341 1870 ﬁdelium
2370 1818 2678 1865 nostrorum
2705 1851 2720 1876 ,
2749 1820 2857 1864 tam
2879 1811 3225 1878 praesentium
3255 1824 3418 1878 quam

153 1900 284 1954 dam
336 1899 616 1963 diaconus:
655 1894 875 1950 nomine
902 1888 1283 1947 Mathu‘salam
1304 1928 1318 1953 ν
1364 1902 1431 1942 οἵ(
1480 1886 1738 1942 ὒέιυθυίεεὶ
1772 1893 1818 1951 Β
1845 1912 1901 1958 et
1941 1901 2265 1967 futurorum,
2301 1902 2424 1970 quia
2451 1901 2536 1955 vir
2561 1900 2885 1955 venerabilis
2916 1898 3292 1969 Regimpcrtus
3320 1898 3422 1953 Lc—

152 1991 434 2062 praedictae
457 1987 626 2053 urbis,
656 2000 775 2056 quas
801 1993 887 2040 est
910 1989 1226 2039 constructa
1255 1980 1309 2033 in
1337 1978 1544 2032 honore
1566 1977 1740 2031 sancti

156 2081 463 2153 Stephani,
497 2078 815 2149 jamdudum
838 2076 888 2131 ei
936 2072 1197 2143 quasdam
1224 2085 1313 2125 res
1338 2067 1478 2137 juris
1501 2066 1744 2139 proprie-

156 2174 293 2230 tatis
318 2187 428 2228 suae
455 2169 781 2233 tradidisset,
808 2180 928 2236 qute
949 2171 1077 2220 sunt
1100 2164 1152 2217 in
1180 2161 1368 2217 eodem
1391 2175 1528 2229 pago
1549 2159 1743 2213 Lemo-

157 2267 364 2331 vicino,
390 2265 446 2318 in
475 2263 594 2318 loco
613 2265 957 2329 nuncupante
977 2254 1373 2323 Carentenago,
1400 2250 1452 2305 id
1473 2258 1557 2305 est
1581 2249 1744 2319 celtu:

156 2358 275 2412 lam
304 2369 468 2426 quam
493 2353 607 2423 ipse
632 2354 1037 2411 construxerat,
1062 2352 1118 2399 et
1144 2345 1198 2398 in
1232 2343 1436 2398 honore
1458 2338 1671 2395 Domini
1691 2346 1746 2392 et

162 2445 470 2502 Salvatoris
501 2442 673 2498 nostri
702 2441 979 2495 dicaverat
1006 2454 1019 2490 :
1044 2435 1139 2491 sed
1168 2435 1339 2505 ipsam
1360 2430 1605 2487 cellulam
1636 2437 1745 2484 tam

162 2542 285 2611 ipse
324 2552 484 2609 quam
530 2534 786 2605 pratl'atus
828 2531 1112 2602 episcopus
1151 2529 1217 2584 de
1268 2528 1429 2595 rebus
1470 2524 1748 2595 acquisitis

160 2640 376 2705 postea,
409 2628 670 2699 largiente
705 2625 838 2690 Deo,
870 2623 1081 2693 plenius
1107 2613 1436 2691 ditaverunt,
1473 2625 1527 2672 et
1559 2630 1748 2671 omnes

162 2726 270 2781 has
306 2739 395 2779 res
419 2721 487 2777 ad
516 2718 781 2791 stipendia
805 2714 1189 2772 canonicorum
1226 2712 1278 2766 in
1304 2710 1559 2780 pradieta
1588 2723 1750 2764 cano-

164 2817 292 2872 nica
335 2812 641 2885 degentium
676 2811 730 2865 in
760 2815 943 2890 nostra
974 2812 1031 2860 et
1057 2818 1243 2859 eorum
1280 2800 1622 2869 eleemosyna
1649 2812 1746 2867 per

164 2920 362 2962 eorum
388 2908 768 2958 testamentum
795 2898 1194 2967 delegaverunt.
1225 2890 1306 2947 0b
1336 2906 1498 2960 quam
1529 2902 1751 2944 causam

165 2997 331 3068 petiit
374 2991 713 3050 clementiam
757 2986 1068 3044 serenitatis
1094 2991 1296 3039 nostra
1327 2988 1388 3035 ut
1418 2993 1581 3049 super
1605 2993 1668 3033 ea
1694 2989 1755 3030 re

171 3095 424 3144 nostrum
448 3090 776 3155 praeceptum
809 3081 878 3136 ob
906 3079 1182 3134 ﬁrmitatis
1206 3078 1435 3150 gratiam
1464 3074 1579 3131 ﬁeri
1600 3074 1757 3145 jube-

171 3193 383 3244 retnus,
409 3191 507 3246 per
535 3174 679 3245 quod
699 3172 901 3228 nostris
935 3180 991 3226 et
1018 3171 1214 3225 futuris
1250 3168 1578 3238 temporibus
1618 3179 1755 3234 pra:-

168 3268 323 3324 dicta
364 3234 710 3322 cellula-eum
755 3264 1005 3318 omnibus
1037 3263 1105 3317 ad
1148 3276 1207 3316 se
1246 3234 1631 3330 aspicientibus
1670 3254 1756 3309 vel
1782 3234 1827 3297 Ο

173 3357 620 3432 pertinentibus,
677 3355 745 3410 ad
795 3353 1058 3424 stipendia
1105 3360 1169 3430 et.
1206 3366 1337 3406 usus
1375 3348 1754 3405 canonicorum

173 3450 452 3521 prmdicta:
483 3447 625 3502 sedis
647 3446 950 3516 degentium
981 3442 1285 3514 proﬁceret.
1312 3439 1480 3521 Cujus
1508 3437 1755 3509 petitioni

174 3516 461 3595 assensum
476 3535 797 3607 prtebentes,
824 3549 888 3588 ac
908 3542 1105 3588 nostra:
1122 3516 1461 3611 auctoritatis
1489 3536 1755 3600 prtecepto

178 3626 588 3691 conﬁrmantes,
629 3623 970 3693 pracipimus
1007 3630 1167 3691 atque
1196 3619 1456 3694 jubemus‘
1485 3626 1546 3673 ut
1582 3617 1759 3672 nullus

178 3733 252 3772 ex
279 3714 527 3771 ﬁdelibus
557 3712 790 3777 nostris,
824 3720 930 3765 tam
962 3710 1316 3780 praesentibus
1348 3723 1509 3783 quam
1537 3715 1593 3762 et
1617 3705 1755 3760 futu-

181 3807 285 3871 ris,
311 3806 375 3861 de
394 3803 662 3875 prtedietis
682 3803 846 3857 rebus
871 3816 969 3871 per
986 3800 1287 3870 cupidinem
1309 3799 1394 3854 vel
1418 3799 1759 3853 occasionem

184 3895 685 3968 aliquamminuere
698 3899 987 3962 prtesumat
1010 3909 1023 3945 :
1048 3891 1138 3946 sed
1158 3890 1412 3961 praedicta
1431 3887 1622 3943 cellula
1638 3902 1762 3942 cum

182 3986 440 4044 omnibus
464 3971 530 4041 ad
551 3999 609 4041 se
629 3983 869 4055 legaltter
882 3990 937 4037 et
950 3980 1335 4036 rationabiliter
1356 3978 1761 4048 aspicientibus,

186 4082 335 4138 sicut
352 4080 420 4134 ab
441 4079 629 4134 eodem
652 4076 904 4146 episcopo
932 4072 1251 4143 dispositum
1274 4078 1436 4140 atque
1460 4069 1764 4124 ordinatum

186 4180 299 4235 est,
326 4172 403 4225 ita
429 4167 680 4237 deinceps
700 4164 902 4220 nostris
929 4170 1090 4231 atque
1112 4160 1309 4216 futuris
1330 4160 1657 4229 temporibus
1684 4159 1767 4214 ina

189 4260 519 4319 violabiliter
558 4262 943 4319 conservetur;
983 4262 1039 4308 et
1071 4252 1248 4307 nullus
1288 4251 1515 4333 quilibet
1551 4266 1620 4307 ex
1650 4265 1770 4305 suc-

186 4352 505 4413 cessoribus
530 4351 642 4422 jam
667 4345 1041 4418 prrenominati
1065 4342 1299 4412 episcopi
1334 4341 1579 4421 eamdem
1604 4338 1769 4394 cellu-

191 4450 303 4504 lam
336 4447 393 4501 in
420 4417 740 4507 beneﬁcium
766 4437 924 4492 alicui
954 4436 1081 4490 dare
1113 4432 1333 4494 audeat,
1368 4417 1538 4484 aut-in
1570 4428 1768 4484 alteros

193 4551 329 4592 usus
362 4540 676 4599 retorquere
712 4530 1004 4596 praesumat
1036 4536 1051 4575 :
1078 4520 1170 4576 sed
1198 4520 1337 4575 sicut
1367 4519 1434 4574 ab
1470 4519 1559 4573 illo
1592 4527 1646 4575 et
1672 4533 1771 4589 per

196 4627 348 4682 illmn
370 4620 738 4683 constitutum,
766 4624 820 4670 et
846 4628 941 4684 per
955 4613 1095 4667 hanc
1121 4618 1361 4666 nostram
1392 4599 1769 4664 auctoritatem

196 4712 581 4769 conﬁrmatum
612 4714 714 4771 est,
745 4705 821 4759 ita
842 4710 1103 4774 perpetuo
1132 4707 1350 4755 maneat
1374 4698 1768 4755 inconvulsum.

202 4806 329 4860 llmc
351 4816 481 4859 vero
507 4795 846 4855 conﬁrmatio
862 4800 920 4847 ut
944 4790 1012 4846 ab
1036 4788 1286 4846 omnibus
1308 4787 1551 4843 ﬁdelibus
1575 4795 1774 4843 sanctae

201 4893 300 4949 Dei
332 4888 587 4946 Ecclesite
623 4892 677 4939 et
706 4881 908 4937 nostris
933 4880 1111 4935 verius
1142 4878 1413 4943 credatur,
1465 4884 1519 4931 et
1553 4876 1776 4947 diligen-

204 4988 313 5041 tius
345 4966 725 5041 conservetur,
754 4974 822 5029 de
858 4971 1054 5027 annulo
1090 4978 1276 5025 nostro
1316 4969 1500 5025 subter
1518 4966 1777 5036 jussimus

208 5071 451 5145 sigillari.
924 5140 929 5143 τ

281 5162 506 5234 Signum
535 5157 786 5214 Ludovici
818 5151 1148 5210 serenissimi
1176 5149 1538 5219 imperatoris.

280 5251 567 5310 Durandus
588 5250 846 5305 diaconus
860 5246 925 5301 ad
940 5246 1110 5299 vicem
1136 5241 1454 5297 llclisacltar
1474 5238 1782 5310 recognovi.

280 5346 415 5402 Data
440 5358 551 5397 xvn
577 5339 844 5394 Kalendas
866 5334 1114 5406 Augusti,
1128 5348 1288 5397 anno,
1305 5330 1520 5386 Cltristo
1534 5328 1785 5398 propitio,

212 5439 249 5494 Δ
273 5434 487 5506 imperii
512 5431 713 5488 domini
728 5429 978 5485 Ludovici
992 5426 1216 5499 piissimi
1232 5422 1474 5495 Augusti,
1494 5420 1786 5477 indictione

218 5530 308 5584 t0.
342 5526 540 5581 Actum
573 5519 894 5593 Aquisgrani
931 5518 1129 5590 palatio
1156 5515 1303 5587 regio
1343 5514 1397 5569 in
1445 5511 1539 5568 Dei
1570 5508 1786 5566 nomine

218 5620 466 5679 feliciter.
496 5615 688 5673 Amen.

1846 1995 2070 2049 movica:
2100 1993 2248 2047 urbis
2269 1992 2465 2075 prtesul
2493 1993 2688 2047 obtulit
2709 1992 2985 2047 obtutibus
3007 1994 3211 2047 nostris
3238 2000 3421 2047 aucto-

1846 2087 2063 2141 ritatem
2092 2084 2451 2140 immunitatis
2489 2084 2669 2139 domui
2701 2091 2756 2139 et
2781 2084 3041 2154 genitoris
3070 2082 3242 2145 nostri
3272 2082 3425 2136 bona:

1846 2178 2120 2233 memoria:
2154 2176 2331 2232 Caroli
2366 2175 2540 2245 Magni
2573 2175 2949 2242 imperatoris,
2978 2175 3032 2229 in
3064 2189 3169 2242 qua
3197 2182 3316 2228 erat
3341 2174 3423 2227 itt-

1846 2278 2051 2324 sertum
2084 2268 2226 2337 quod
2247 2283 2353 2323 non
2383 2266 2557 2321 solum
2582 2266 2723 2320 idem
2755 2266 2965 2335 genitor
2998 2272 3211 2329 noster,
3237 2278 3425 2317 verum

1848 2360 2012 2415 etiam
2032 2358 2458 2428 przndecessores
2471 2354 2607 2424 ejus,
2633 2370 2788 2426 reges
2804 2354 3050 2426 videlicet
3072 2352 3426 2417 Francorum,

1849 2450 2031 2507 sedem
2060 2450 2299 2519 ejusdem
2324 2448 2474 2503 urbis
2496 2488 2511 2513 ,
2538 2462 2659 2516 qua:
2682 2454 2767 2501 est
2797 2452 3107 2500 constructa
3135 2444 3189 2497 in
3222 2444 3435 2503 honore

1850 2542 2024 2598 sancti
2068 2540 2328 2609 Stephani
2359 2538 2612 2609 martyris
2642 2538 2724 2592 vel
2751 2545 3067 2602 cmtetorum
3091 2544 3429 2601 sanctorum,

1851 2633 1936 2689 cui
1964 2641 2188 2687 auctore
2216 2630 2326 2685 Deo
2359 2630 2471 2699 ipse
2501 2630 2786 2698 episcopus
2812 2636 3007 2698 prtecst
3028 2666 3043 2691 ,
3081 2626 3180 2681 sub
3207 2640 3304 2680 suo
3334 2637 3431 2679 no-

1852 2724 1998 2778 mine
2027 2729 2082 2776 et
2113 2721 2429 2775 defensione
2459 2735 2585 2774 cum
2612 2719 2989 2783 monasteriis,
3023 2718 3266 2782 cellulis,
3297 2716 3433 2773 vicis

1854 2814 1956 2868 sibi
1986 2812 2264 2881 subjectis,
2288 2819 2343 2865 et
2366 2811 2527 2866 rebus
2554 2809 2639 2863 vel
2665 2809 2972 2864 hominibus
2993 2809 3059 2862 ad
3085 2823 3141 2863 se
3163 2807 3432 2877 aspicien-

1857 2905 2019 2967 tibus,
2066 2902 2366 2957 consistere
2389 2898 2662 2964 fecerant,
2690 2908 2744 2954 et
2789 2914 2977 2953 eorum
3029 2898 3432 2952 inununitatum

1856 2993 2272 3048 auctoritatibus
2293 2992 2575 3047 -ltactenus
2614 2992 2682 3046 ab
2723 2988 3094 3063 inquietudine
3124 2988 3429 3057 judiciaria:

1856 3085 2142 3155 potestatis
2162 3084 2349 3139 eadem
2380 3083 2585 3137 munita
2614 3092 2773 3150 atque
2803 3081 3021 3136 defensa
3054 3079 3244 3146 l‘tttsset
3262 3078 3437 3134 cccle-

1858 3178 1958 3233 sia.
1990 3176 2097 3232 Sed
2132 3191 2232 3246 pro
2269 3176 2347 3230 rei
2377 3175 2633 3229 ﬁrmitate
2670 3173 2961 3245 postulavit
2999 3173 3153 3227 nobis
3180 3169 3438 3241 praefatus

1860 3269 2237 3340 Regimpertus
2255 3267 2556 3337 episcopus,
2589 3275 2647 3320 ut
2675 3274 2958 3336 paternum
2986 3262 3092 3335 [ΑΙ.
3127 3260 3437 3335 parentum]

1862 3375 1954 3416 seu
1986 3360 2443 3431 prtedeccssorum
2474 3370 2658 3429 regum
2686 3372 2891 3411 morem
2916 3364 3221 3424 sequentes,
3252 3353 3440 3421 hujus-

1860 3450 2072 3505 cemodi
2108 3458 2308 3504 nostra:
2338 3447 2695 3502 immunitatis
2722 3454 3071 3517 praeceptum,
3103 3444 3171 3497 ob
3200 3456 3441 3497 amorem

1861 3541 1957 3596 Dei
1977 3549 2030 3596 et
2056 3540 2415 3595 reverentiam
2447 3538 2617 3609 ipsius
2643 3538 2813 3592 sancti
2838 3536 2961 3601 loci,
2998 3550 3126 3606 erga
3159 3535 3328 3603 ipsam
3353 3548 3443 3590 ec-

1862 3631 2081 3687 clesiam
2105 3629 2220 3684 ﬁeri
2256 3644 2620 3685 censeremus.
2650 3626 2813 3698 Cujus
2838 3624 3083 3696 petitioni
3107 3624 3337 3679 libenter
3357 3638 3445 3678 as-

1863 3736 2081 3777 sensum
2105 3721 2453 3790 pratbuimus,
2481 3727 2536 3773 et
2578 3719 2680 3772 hoc
2721 3727 2921 3772 nostra:
2946 3716 3285 3770 auctoritatis
3306 3728 3445 3783 pra:-

1863 3819 2086 3880 ccptum
2116 3824 2243 3881 erga
2289 3810 2459 3879 ipsam
2504 3795 2832 3871 ecclesiam,
2885 3804 3242 3859 immunitatis
3281 3814 3445 3872 atque

1863 3899 2111 3978 tuitionis
2160 3898 2353 3970 gratia,
2386 3912 2484 3967 pro
2530 3897 2697 3951 divini
2734 3897 2912 3952 cultus
2952 3911 3135 3951 amore
3171 3902 3227 3951 et
3251 3893 3449 3948 anima:

1866 3996 2065 4044 nostra:
2097 3988 2335 4042 remedio
2362 3986 2479 4042 ﬁeri
2508 3985 2863 4049 decrevimus.
2882 4000 2996 4057 .per
3029 3985 3172 4056 quod
3200 3984 3447 4056 ptmcipi-

1868 4095 1989 4135 mus
2014 4088 2176 4148 atque
2196 4079 2447 4149 jubemus
2472 4088 2530 4132 ut
2548 4077 2723 4133 nullus
2740 4076 2905 4147 judex
2931 4076 3195 4146 publicus,
3221 4077 3302 4130 vel
3328 4076 3419 4146 qtti

1867 4170 1997 4225 libet
2022 4184 2089 4223 ex
2126 4168 2415 4238 judiciaria
2445 4176 2708 4236 potestate
2737 4168 2788 4221 in
2821 4166 3080 4222 ecclesias
3109 4176 3201 4220 aut
3226 4165 3339 4219 loca
3364 4164 3446 4220 vel

1869 4273 2028 4329 agros
2057 4272 2152 4312 seu
2180 4256 2412 4327 reliquas
2435 4257 2833 4325 possessiones,
2867 4270 3001 4324 quas
3024 4256 3284 4309 moderno
3318 4263 3424 4309 tem

1866 4366 2000 4424 pore
2025 4351 2080 4407 in
2092 4349 2417 4422 quibuslibet
2439 4349 2590 4419 pagis
2614 4348 2697 4403 vel
2720 4347 3003 4402 territoriis
3030 4347 3171 4400 infra
3191 4342 3449 4401 ditionem

1871 4442 2084 4513 imperii
2116 4441 2285 4496 nostri
2319 4440 2467 4511 juste
2492 4449 2549 4495 et
2584 4439 2826 4509 legaliter
2854 4447 3153 4497 memorata
3184 4447 3329 4493 tenet
3364 4438 3448 4492 vel

1875 4538 2111 4609 possidet
2139 4535 2385 4599 ecclesia,
2423 4533 2507 4588 vel
2547 4548 2611 4588 ea
2642 4548 2760 4602 qua:
2786 4533 3036 4601 deinceps
3062 4532 3113 4585 in
3130 4530 3256 4598 jure
3282 4532 3452 4600 ipsius

1878 4626 2118 4681 ecclesia:
2140 4623 2368 4679 voluerit
2392 4623 2572 4677 divina
2605 4622 2778 4692 pietas
2811 4621 3016 4692 augeri,
3046 4620 3113 4674 ad
3141 4635 3332 4675 causas
3361 4636 3453 4675 au-

1881 4725 2132 4790 diendas,
2186 4722 2270 4776 vel
2325 4720 2475 4776 freda
2534 4719 2826 4789 exigenda,
2865 4725 2956 4771 aut
3005 4717 3313 4771 mansiones
3367 4713 3454 4771 vel

1878 4826 2099 4890 paratas
2147 4814 2440 4878 faciendas,
2499 4820 2594 4867 aut
2636 4810 2980 4880 lidejussores
3020 4807 3305 4872 tollendos,
3360 4813 3455 4861 aut

1880 4910 2127 4967 homines
2188 4908 2356 4977 ipsius
2412 4904 2655 4961 ecclesiae
2702 4900 3116 4970 distringendos,
3172 4914 3272 4954 nec
3318 4897 3455 4952 ullas

1882 4998 2269 5056 redbibitiones
2315 5003 2407 5049 aut
2452 4994 2664 5048 illicitas
2700 4991 3015 5047 occasiones
3058 4989 3452 5058 requirendas,

1884 5089 2085 5146 nostris
2113 5103 2214 5145 nec
2250 5085 2447 5140 futuris
2488 5083 2815 5152 temporibus
2858 5079 3064 5151 ingredi
3100 5078 3323 5145 audeat,
3356 5092 3457 5132 nec

1884 5195 1948 5235 ea
1987 5194 2107 5249 qure
2130 5192 2290 5247 supra
2332 5183 2629 5229 memorata
2659 5179 2804 5236 sunt,
2840 5170 3055 5240 penitus
3085 5167 3299 5237 exigere
3318 5179 3457 5235 pra:-

1886 5279 2091 5336 sumat;
2124 5270 2217 5324 sed
2251 5268 2410 5321 liceat
2445 5272 2742 5320 memorato
2763 5260 2977 5333 praesuli
3004 5260 3222 5328 suisque
3244 5272 3457 5313 succes-

1890 5362 2103 5418 soribus
2142 5377 2228 5414 res
2268 5358 2536 5428 przedicttc
2582 5354 2845 5419 ecclesiae,
2892 5367 3014 5408 cum
3058 5350 3307 5406 omnibus
3353 5347 3457 5404 sibi

1889 5451 2165 5521 subjectis,
2191 5457 2247 5504 et
2273 5447 2435 5503 rebus
2455 5445 2537 5501 vel
2560 5444 2869 5499 hominibus
2897 5442 2965 5496 ad
2986 5455 3045 5496 se
3070 5437 3458 5509 aspicientibus

1887 5542 1970 5598 vel
2002 5539 2411 5611 pertinentibus,
2464 5536 2563 5591 sub
2609 5532 2853 5593 tuitionis
2900 5540 3062 5599 atque
3106 5524 3460 5584 immanitatis

1887 5642 2086 5690 nostra:
2106 5629 2416 5687 defensione
2436 5665 2453 5692 ,
2481 5632 2686 5679 remota
2712 5623 2879 5678 totius
2906 5619 3204 5692 judiciarite
3230 5623 3460 5686 potesta-

1891 5725 1961 5779 tis
1988 5719 2386 5791 inquietudine,
2413 5716 2596 5788 quieto
2628 5714 2816 5769 ordine
2841 5712 3117 5782 possidere
3136 5749 3150 5773 ,
3181 5714 3236 5761 et
3272 5714 3460 5761 nostro

1893 5812 2125 5874 ﬁdeliter
2142 5824 2335 5883 parere
2362 5805 2587 5878 imperio
2605 5844 2621 5873 ,
2650 5811 2812 5876 atque
2848 5816 2949 5874 pro
2974 5795 3343 5855 incolumitate
3368 5807 3459 5849 no-
