3936 6322
125 376 269 431 Νὶϐδ

1256 373 1647 431 DIPLOMATA
1692 370 2239 432 ECCLESIASTICA.

3245 374 3383 449 quas

122 490 407 545 memoria:
444 490 623 559 magni
668 489 1029 558 imperatoris,
1088 489 1140 543 in
1181 506 1286 559 qua
1333 489 1713 544 continebatur
1740 486 1789 543 Λ
1816 482 2016 540 Christi
2045 487 2368 554 Ludovicus,
2396 488 2572 543 divina
2592 488 2875 545 ordinante
2902 489 3258 560 providentia,
3289 492 3387 545 ini-

124 584 394 655 iusertum
424 582 656 652 qualiter
697 581 798 652 ipsi
832 579 1115 652 praefatum
1161 581 1551 635 monasterium
1594 592 1716 647 pro—
1816 587 2035 645 perator
2061 578 2347 649 Augustus.

120 680 255 739 pter
279 672 517 727 divinum
560 686 799 727 amorem
827 678 885 726 et
925 672 1285 727 reverentiam
1328 670 1495 725 divini
1540 668 1716 723 cultus

124 774 349 831 semper
381 762 482 816 sub
532 760 845 831 plenissima
887 760 1201 815 defensione
1230 759 1530 815 consistere
1566 767 1621 812 et
1650 758 1717 811 ab

124 847 538 919 omni-publica
578 848 854 904 functione
875 856 933 903 et
970 848 1256 918 judiciaria
1298 846 1587 901 exactione
1620 846 1719 900 im-

125 954 356 994 munem
386 930 723 1009 liberumque
749 939 1124 995 reddidissent.
1150 938 1304 1006 Quod
1328 954 1524 995 munus
1543 939 1720 993 eidem

128 1029 469 1086 monasterio
499 1032 820 1096 exhibitum,
869 1029 979 1085 Deo
1008 1038 1299 1095 annuente,
1338 1029 1722 1085 inviolabiliter

130 1119 405 1175 hactenus
432 1129 645 1175 constat
690 1136 810 1176 esse
852 1130 1253 1176 conservatum.
1294 1121 1400 1176 Pro
1451 1120 1723 1175 ﬁrmitatis

131 1225 375 1280 namque
420 1212 599 1265 studio
634 1210 1005 1281 hujuscemodi
1050 1212 1375 1268 beneﬁcium
1419 1227 1548 1284 erga
1593 1226 1725 1282 prae-

134 1298 313 1354 fatum
369 1301 677 1357 venerabile
730 1303 1115 1357 monasterium
1170 1309 1355 1357 nostra
1405 1301 1726 1357 auctoritate

133 1390 419 1446 humiliter
444 1391 696 1462 precibus
717 1392 914 1462 quibus
936 1392 1105 1447 valuit
1134 1390 1251 1447 ﬁeri
1277 1392 1588 1460 postulavit.
1626 1389 1729 1445 Cu-

130 1477 229 1547 jus
256 1479 497 1549 petitioni
527 1478 597 1534 ob
624 1495 865 1536 amorem
912 1481 1007 1536 Dei
1055 1489 1111 1536 et
1155 1481 1514 1535 reverentiam
1558 1479 1728 1533 divini

137 1569 322 1624 cultus
354 1568 586 1624 libenter
616 1584 897 1626 assensum
944 1572 1187 1641 praebere
1234 1572 1391 1626 nobis
1429 1584 1732 1641 usquequa-

137 1674 253 1730 que
274 1660 445 1715 libuit.
475 1660 816 1732 Quapropter
838 1662 1089 1717 volumus
1114 1671 1277 1732 atque
1302 1662 1648 1717 decernimus
1671 1668 1733 1714 ut

138 1766 335 1807 omnes
362 1767 450 1808 res
490 1753 731 1824 ejusdem
768 1754 1087 1809 monasterii
1125 1769 1250 1809 cum
1290 1753 1601 1808 hominibus
1630 1751 1733 1806 sibi

1887 665 2157 737 Quidquid
2183 668 2253 723 ob
2278 683 2519 723 amorem
2566 668 2661 723 Dei
2703 684 2803 738 pro
2839 670 3242 740 opportunitate
3278 686 3395 727 ser-

1819 772 2009 811 vorum
2052 758 2147 812 Dei
2178 760 2405 829 agimus,
2444 761 2549 813 hoc
2582 760 2736 815 nobis
2772 762 2838 815 ad
2865 771 3119 817 aeternam
3159 764 3391 818 beatitu-

1820 847 2001 901 dinem
2028 846 2373 902 obtinendam
2411 849 2688 918 pertinere
2734 838 3071 906 confidimus.
3100 851 3271 923 Igitur
3299 868 3397 907 no—

1823 946 1936 991 tum
1986 938 2055 993 sit
2080 938 2330 993 omnibus
2360 937 2613 995 ﬁdelibus
2648 940 2869 1004 nostris,
2898 942 3257 1009 praesentibus
3295 948 3400 995 sct-

1822 1026 1949 1080 licet
2008 1034 2063 1081 et
2122 1026 2340 1092 futuris,
2395 1028 2525 1096 quia
2587 1029 2657 1083 ob
2725 1027 3146 1083 emolumentum
3204 1030 3401 1084 animae

1825 1123 2025 1170 nostrae
2084 1117 2375 1185 quamdam
2422 1117 2731 1186 piscariam,
2773 1132 2934 1187 quam
2987 1117 3117 1173 olim
3167 1133 3401 1188 proavus

1826 1213 2011 1259 noster
2044 1206 2198 1262 bona:
2234 1207 2509 1261 memoria:
2548 1206 2771 1262 Carolus
2796 1208 2849 1261 in
2878 1222 3015 1278 pago
3036 1206 3399 1267 Pinciaeense.

1829 1295 1883 1349 in
1908 1295 2037 1350 villa
2064 1312 2185 1365 qua
2206 1306 2434 1354 vocatur
2480 1298 2705 1364 Rioilus,
2741 1299 2794 1353 in
2824 1297 2987 1353 ﬁuvio
3015 1298 3281 1354 videlicet
3308 1298 3406 1355 Se-

1830 1399 2024 1454 quana:
2050 1384 2167 1441 fieri
2195 1386 2380 1456 jussit,
2409 1388 2475 1441 ad
2504 1387 2891 1442 monasterium
2923 1388 3095 1442 sancti
3126 1388 3403 1451 Germani.

1832 1474 1924 1529 ubi
1946 1484 2191 1531 sanctum
2217 1486 2274 1533 et
2298 1480 2606 1534 venerabile
2643 1480 2763 1547 ejus
2782 1495 2978 1550 corpus
3009 1481 3315 1550 requiescit,
3353 1491 3408 1536 et

1832 1564 1925 1619 ubi
1966 1565 2213 1637 Hirmino
2246 1568 2331 1622 vir
2361 1570 2686 1625 venerabilis
2712 1570 2965 1640 pastorali
2998 1570 3239 1642 fungitur
3289 1572 3413 1627 ofﬁ-

1835 1653 1939 1719 cio,
1963 1654 2029 1708 ad
2051 1656 2351 1712 subsidium
2368 1659 2754 1713 monachorum
2784 1660 2838 1713 in
2859 1661 3050 1715 eodem
3080 1669 3266 1715 sancto
3286 1661 3409 1716 loco

1836 1742 1950 1799 Deo
1979 1743 2351 1802 famulantium
2396 1748 2749 1804 libentissime
2797 1752 3189 1816 concessimus,
3236 1760 3289 1806 et
3314 1767 3414 1821 per

139 1844 424 1916 snbjectis,
451 1822 561 1900 tam
604 1846 851 1916 ingenuis
879 1860 1040 1915 quam
1081 1854 1138 1901 et
1184 1845 1378 1909 servis,
1405 1844 1507 1900 sub
1534 1850 1733 1899 nostrae

1849 1833 1943 1889 bos
1973 1835 2155 1906 apices
2194 1837 2654 1903 conﬁrmavimus,
2686 1853 2748 1893 ea
2776 1838 2983 1894 scilicet
3009 1840 3316 1894 conditione
3356 1849 3419 1894 ut

141 1934 480 1991 defensionis
537 1937 837 1991 munimine
889 1937 1065 1992 modis
1112 1938 1363 1992 omnibus
1410 1937 1729 1992 consistant.

143 2025 532 2096 Praecipientes
552 2042 683 2098 ergo
700 2026 955 2097 jubemus
982 2036 1143 2098 atque
1169 2028 1513 2098 praecipimus
1544 2035 1603 2080 ut
1624 2026 1737 2081 nul-

144 2115 231 2171 lus
245 2114 412 2184 judex
434 2117 679 2187 publicus
702 2126 797 2171 aut
824 2117 1051 2186 quilibet
1078 2117 1371 2188 superioris
1399 2126 1493 2171 aut
1518 2116 1735 2170 inferio—

142 2207 227 2263 ris
249 2207 457 2262 ordinis
482 2208 793 2277 reipublicae
819 2216 1145 2277 procurator
1170 2206 1238 2262 ad
1278 2221 1476 2262 causas
1513 2205 1739 2277 judicia-

148 2297 237 2353 rio
265 2313 416 2353 more
442 2299 739 2354 audiendas
784 2300 839 2353 in
881 2299 1140 2355 ecclesias
1178 2308 1273 2353 aut
1296 2298 1452 2353 villas
1479 2314 1573 2353 seu
1620 2297 1741 2352 reli-

146 2404 292 2458 quas
310 2390 680 2461 possessiones
702 2405 838 2460 quas
876 2391 1135 2446 modemo
1160 2397 1402 2458 tempore
1444 2387 1741 2457 in‘quibus-

147 2482 286 2537 libet
332 2481 485 2553 pagis
531 2481 615 2536 vel
668 2482 960 2537 territoriis
1016 2481 1454 2551 imperii'nostri
1497 2479 1643 2550 juste
1687 2487 1741 2533 et

148 2575 400 2646 legaliter
426 2581 591 2639 tenet,
618 2574 705 2630 vel
736 2575 991 2644 deinceps
1018 2575 1073 2628 in
1090 2574 1219 2643 jure
1236 2574 1406 2643 ipsius
1428 2571 1742 2626 monasterii

148 2666 337 2721 divina
363 2667 539 2735 pietas
564 2666 796 2721 voluerit
825 2667 1030 2737 augeri,
1062 2663 1271 2737 ingredi
1297 2671 1607 2734 prazsumat,
1642 2678 1743 2718 nec

151 2756 333 2822 freda,
371 2767 463 2811 aut
504 2758 725 2822 tributa,
756 2766 850 2811 aut
894 2758 1223 2821 mansiones,
1258 2764 1350 2810 aut
1376 2763 1617 2825 paratas,
1648 2763 1744 2809 aut

152 2845 502 2915 ﬁdcjussores
536 2847 742 2910 tollere,
768 2855 862 2900 aut
887 2848 1131 2902 homines
1156 2854 1265 2901 tam
1289 2846 1551 2917 ingenuos
1576 2861 1743 2917 quam

148 2945 214 2993 et
241 2952 427 2992 servos
454 2938 622 3007 ipsius
649 2934 964 2991 monasterii
996 2938 1336 3008 distringere,
1366 2951 1468 2991 nec
1487 2935 1625 2993 ullas
1651 2951 1747 3010 pu-

150 3031 327 3088 blicas
354 3032 678 3097 functiones,
696 3042 791 3087 aut
809 3034 1221 3099 redhibitiones,
1242 3036 1328 3090 vel
1355 3035 1571 3092 illicitas
1593 3052 1747 3093 occa-

153 3122 339 3177 siones
363 3123 660 3190 requirere,
683 3123 880 3191 quibus
907 3124 960 3177 in
986 3124 1165 3192 aliquo
1189 3124 1331 3179 idem
1356 3126 1742 3181 monasterium

154 3213 370 3281 sibique
392 3213 621 3282 subjecti
652 3212 851 3282 aliquid
899 3214 1175 3282 patiantur
1201 3214 1625 3278 incommodum.
1653 3232 1746 3271 no—

156 3303 289 3358 stris
336 3302 638 3372 futurisque
690 3305 1024 3373 temporibus
1072 3306 1358 3373 quisquam
1413 3314 1519 3359 tam
1579 3314 1745 3362 teme-

159 3394 341 3449 rarius
363 3393 561 3447 existat
581 3394 671 3463 qui
701 3394 752 3448 id
775 3392 1004 3449 faciendi
1030 3395 1270 3449 illicitam
1302 3397 1400 3450 sibi
1426 3405 1747 3467 potestatem

159 3483 459 3539 attribuere
490 3484 707 3539 audeat.
740 3484 1007 3554 Quidquid
1032 3502 1163 3557 ergo
1198 3488 1470 3557 saepcfatis
1507 3489 1746 3557 ejusdem

161 3573 477 3627 monasterii
524 3572 689 3628 rebus
740 3575 794 3629 in
831 3574 920 3642 jus
967 3576 1081 3631 ﬁsci
1134 3579 1347 3648 exigere
1392 3580 1593 3641 debuit,
1626 3589 1679 3634 et
1717 3597 1747 3634 a

162 3664 653 3733 praedecessoribus
677 3665 877 3719 nostris
900 3665 1151 3720 collatum
1174 3682 1298 3722 esse
1338 3670 1751 3739 constat,-largi-

165 3751 328 3805 tionis
356 3760 554 3806 nostrae
577 3768 799 3809 munere
843 3755 1223 3811 libenteresse
1251 3757 1497 3811 volumus
1523 3775 1619 3828 per
1658 3760 1749 3811 im-

166 3856 415 3897 mensum
445 3844 620 3899 eidem
660 3847 993 3901 monasterio
1034 3863 1350 3903 concessum
1381 3866 1393 3913 ;
1427 3860 1500 3914 ut,
1543 3860 1749 3905 remoto

168 3932 286 3987 fisci
312 3934 609 3999 dominatu,
636 3939 703 3991 ad
728 3937 1016 3990 luminaria
1038 3938 1273 3993 basilica:
1296 3940 1537 4007 pnedicti
1568 3956 1753 3994 mona-

166 4026 321 4079 sterii
352 4025 727 4081 concinnanda
755 4036 809 4080 et
848 4030 913 4081 ad
958 4029 1407 4083 sustentationem
1455 4044 1752 4098 pauperum

165 4130 260 4170 seu
286 4114 611 4169 clericorum
636 4115 689 4168 in
718 4117 909 4169 eodem
940 4116 1057 4170 loco
1085 4117 1312 4171 Domino
1335 4118 1751 4171 deservientium

166 4205 239 4259 sit
265 4205 720 4274 supplementum.
753 4206 819 4259 Et
844 4214 903 4260 ut
933 4207 1047 4261 hinc
1089 4209 1385 4261 auctoritas
1430 4207 1638 4260 ﬁrmior
1664 4208 1753 4259 ha-

166 4295 384 4357 beatur,
431 4303 485 4347 et
535 4303 795 4363 perpetuo
845 4304 1087 4363 tempore
1135 4294 1328 4348 melius
1376 4304 1752 4353 conservetur.

168 4401 333 4439 manu
381 4386 597 4454 propria
642 4386 827 4439 subter
877 4385 1230 4451 ﬁrmavimus,
1261 4394 1316 4439 et
1353 4387 1537 4441 annuli
1582 4392 1754 4442 nostri

167 4475 526 4544 impressione
552 4476 753 4544 signari
777 4476 1057 4545 jussimus.

242 4565 467 4633 Signum
505 4563 759 4617 Ludovici
790 4566 1119 4621 serenissimi
1158 4568 1519 4637 imperatoris.

241 4654 530 4709 Durandus
584 4656 842 4711 diaconus
892 4656 960 4711 ad
1006 4658 1180 4713 vicem
1232 4658 1547 4714 Helisachar
1604 4675 1756 4715 reco-

168 4747 352 4817 gnovL

198 4828 208 4839 ’
247 4836 380 4887 Data
410 4852 527 4889 viui
555 4836 674 4889 Kal.
695 4837 986 4907 Augustas,
1015 4855 1177 4907 anno,
1204 4842 1419 4897 Christo
1446 4844 1702 4914 propitio,
1724 4844 1756 4897 4

176 4927 390 4994 imperii
419 4927 601 4981 domui
637 4928 890 4983 Ludovici
928 4932 1155 5000 piissimi
1194 4934 1439 5003 Augusti,
1470 4936 1759 4991 indictione

180 5018 267 5070 i0.
296 5017 488 5071 Actum
518 5020 837 5091 Aquisgrani
886 5024 1085 5093 palatio
1127 5027 1276 5096 regio
1304 5028 1357 5081 in
1411 5029 1502 5083 Dei
1546 5032 1764 5085 nomine

182 5109 432 5164 feliciter.
464 5110 655 5165 Amen.

842 5246 1068 5302 LXVIII.

360 5346 367 5355 ’
403 5374 502 5413 rao
539 5374 872 5415 ιιοιιιιδτειιιο
910 5376 956 5415 s.
996 5377 1231 5418 cannam
1271 5380 1304 5418 ,ι
1342 5380 1550 5422 ranis.

808 5492 978 5563 (Anno
1014 5494 1160 5565 817.)

196 5620 443 5695 [Mabill.,
498 5622 611 5673 Act.
684 5625 799 5676 0rd.
833 5625 890 5678 S.
925 5626 1145 5689 Bened.,
1180 5638 1320 5697 part.
1358 5646 1419 5693 ιι,
1450 5644 1572 5700 pag.
1612 5630 1759 5702 118.]

264 5716 321 5769 lu
358 5714 570 5768 nomine
622 5715 828 5768 Domini
862 5716 955 5771 Dei
988 5728 1043 5772 et
1089 5720 1383 5776 Salvatoris
1420 5724 1590 5777 nostri
1635 5720 1760 5778 Jcsu

594 5823 867 5884 ΡΑτιιοι..
916 5824 1068 5885 CIV.

1780 4507 1834 4566 D

1838 1924 1928 1981 illa
1986 1934 2245 1981 nocturna
2296 1926 2406 1998 (Id
2448 1938 2557 1995 est,
2609 1928 2699 1998 jus
2746 1928 2988 1999 piscandi
3047 1944 3153 1984 una
3209 1931 3415 2003 nocte)

1837 2031 1999 2086 quam
2027 2018 2417 2072 monasterium
2447 2019 2619 2073 sancti
2648 2018 2889 2089 Dionysii
2912 2020 3103 2074 exinde
3130 2021 3329 2091 accipit
3361 2030 3422 2077 et

1838 2107 2012 2161 sancti
2066 2107 2213 2161 Petri
2261 2110 2674 2174 monasterium,
2722 2108 3031 2165 nullatenus
3088 2111 3166 2165 eis
3218 2126 3252 2165 'a
3285 2127 3421 2181 quo-

1839 2216 2002 2271 quam
2040 2184 2391 2258 subtraha'tur
2447 2224 2459 2258 :
2514 2207 2607 2263 sed
2656 2207 2843 2262 eadem
2893 2209 3219 2264 monasteria
3272 2211 3421 2266 omni

1841 2302 2084 2361 tempore
2107 2308 2207 2363 pro
2236 2310 2331 2350 sua
2356 2297 2602 2366 portione
2640 2299 3017 2353 restaurationi
3048 2315 3235 2355 vennae
3256 2310 3423 2371 atque

1838 2383 2202 2438 emendationi
2246 2379 2634 2441 adminiculum
2674 2396 2953 2458 praestent,
2983 2398 3145 2459 prout
3195 2405 3423 2445 necesse

1841 2470 2025 2525 fuerit.
2060 2472 2346 2542 Reliquum
2378 2491 2509 2531 vero
2542 2476 2593 2530 in
2626 2477 2893 2546 integrum
2925 2478 3101 2533 eidem
3126 2470 3424 2535 venerabili

1840 2562 2011 2615 sancti
2040 2562 2257 2631 quidem
2293 2561 2549 2617 Germani
2585 2565 2848 2619 cessimus
2877 2567 3223 2622 monasterio.
3255 2564 3422 2622 Jube-

1844 2667 1964 2705 mus
2008 2667 2221 2721 quoque
2281 2662 2443 2722 atque
2495 2654 2855 2719 decernimus,
2896 2664 2957 2710 ut
3001 2656 3068 2712 de
3125 2665 3423 2711 memorata

1841 2743 2074 2813 piscaria
2124 2743 2306 2799 nullus
2372 2746 2688 2813 praedictum
2755 2749 3147 2802 monasterium
3193 2750 3425 2819 ejusque

1843 2841 2225 2903 procuratores
2262 2834 2563 2903 inquietare
2608 2837 2809 2890 nostris
2833 2836 3138 2907 futurisque
3159 2840 3421 2907 tempori-

1842 2924 1946 2979 bus
1984 2933 2294 2994 praesumat,
2349 2939 2522 2994 neque
2556 2926 2792 2995 aliquam
2856 2928 3297 2983 contrarietatem
3353 2944 3422 2983 ex

1844 3014 1960 3085 ipsa
2027 3013 2201 3068 cidem
2264 3015 2593 3070 monasterio
2656 3015 2856 3081 facere,
2906 3001 3001 3072 aut.
3037 3018 3244 3087 aliquid
3295 3020 3425 3075 inde

1848 3105 2165 3159 abstrahere
2200 3113 2473 3175 pertentet
2515 3126 2527 3160 :
2574 3106 2667 3162 sed
2714 3108 2906 3162 amodo
2947 3121 3001 3163 et
3047 3109 3299 3180 deinceps
3349 3110 3422 3165 ita

1850 3196 2016 3251 libere
2064 3207 2283 3252 teneant
2336 3199 2437 3266 ipsi
2476 3200 2724 3255 monachi
2780 3200 2922 3254 hanc
2956 3199 3421 3269 Caroli-vennam,

1848 3289 2298 3357 quemadmodum
2324 3290 2535 3361 genitor
2574 3299 2758 3347 noster
2789 3290 3013 3347 Carolus
3046 3293 3426 3349 serenissimus

1850 3380 2144 3455 imperator
2184 3388 2239 3435 et
2264 3380 2560 3451 Augustus,
2583 3397 2715 3436 avus
2740 3384 2904 3437 etiam
2933 3392 3117 3439 noster
3142 3383 3423 3455 Pippinus,

1850 3474 2014 3535 atque
2054 3452 2287 3535 proavus
2338 3466 2562 3524 Carolus
2591 3511 2605 3533 ,
2657 3470 2749 3539 qui
2808 3472 3050 3526 eamdem
3110 3452 3429 3528 construere

1844 3553 2005 3622 jussit
2053 3562 2366 3621 wpturam;
2423 3569 2522 3608 nos
2573 3571 2787 3624 quoque
2858 3558 3104 3611 eamdem
3159 3560 3428 3614 tenuimus

1851 3643 2159 3695 hactenus:
2194 3642 2401 3697 scilicet
2444 3644 2519 3697 uti
2561 3646 2705 3719 omni
2749 3655 2989 3716 tempore
3018 3647 3091 3701 sit
3136 3649 3280 3703 salva
3323 3666 3427 3704 un-

1852 3730 2015 3800 dique
2058 3733 2127 3785 ab
2166 3733 2419 3788 omnibus
2465 3734 2763 3789 obstaculis
2794 3751 2951 3805 aqua,
2981 3738 3138 3791 sicuti
3166 3740 3304 3808 apud
3329 3757 3429 3796 nos

1852 3821 2026 3875 adhuc
2065 3831 2263 3876 exstat.
2312 3822 2423 3879 Nec
2467 3824 2599 3879 ﬁant
2654 3842 2890 3895 unquam
2937 3827 3044 3882 ulla
3082 3844 3247 3899 opera
3296 3832 3423 3886 huic

1852 3928 2040 3967 veunae
2076 3915 2319 3969 nocitura
2374 3930 2473 3970 nec
2523 3924 2648 3971 ante
2681 3918 2764 3971 vel
2815 3926 2987 3983 retro;
3032 3920 3294 3989 siquidem
3338 3939 3428 3977 cu-

1846 4000 2149 4070 juscunque
2197 4005 2479 4071 potestatis
2518 4006 2626 4059 sint
2656 4006 2835 4060 littora
2878 4017 3087 4072 nostra,
3131 4018 3308 4063 tamen
3344 4021 3430 4065 est

1853 4092 2055 4161 regalis
2080 4108 2239 4162 aqua.
2288 4094 2430 4164 Ergo
2475 4111 2635 4163 super
2660 4097 2799 4151 hanc
2848 4099 3107 4153 cessionis
3131 4102 3429 4156 auctoritao

1854 4191 1961 4235 tem
1994 4183 2097 4236 hoc
2137 4191 2378 4238 nostrum
2427 4186 2604 4255 regale
2634 4196 2959 4257 praeceptum
3004 4188 3119 4243 ﬁeri
3142 4191 3425 4259 jussimus,

1852 4287 1950 4340 per
1989 4273 2130 4341 quod
2155 4274 2495 4330 decernimus
2524 4286 2685 4346 atque
2702 4278 2953 4346 jubemus
2985 4289 3043 4334 ut
3068 4282 3245 4335 nullus
3274 4284 3433 4352 quili-

1854 4359 1946 4414 bet
2005 4361 2431 4419 Christianitatis
2502 4367 2677 4420 cultor
2732 4370 2927 4422 audeat
2985 4370 3069 4423 vel
3136 4382 3429 4441 praesumat

1863 4463 2062 4509 nostra:
2090 4456 2278 4511 salutis
2307 4458 2615 4513 donativum
2660 4459 2971 4531 infringere,
3006 4478 3178 4532 neque
3203 4478 3300 4533 per
3324 4466 3438 4519 vio~

1860 4548 2098 4613 lentiam,
2152 4564 2326 4617 neque
2369 4565 2465 4619 per
2502 4551 2673 4605 ullum
2712 4554 3017 4610 calliditatis
3062 4556 3430 4625 prmjudicium

1859 4639 2247 4723 Caroli-venare
2272 4643 2577 4696 nociturum
2628 4661 2639 4694 :
2689 4645 2780 4698 sed
2832 4646 3010 4714 potius
3050 4648 3163 4699 sine
3186 4646 3289 4699 ulla
3312 4648 3439 4701 sub-

1861 4730 2126 4783 tractione
2171 4730 2253 4783 vel
2286 4732 2641 4785 diminutione
2668 4743 2829 4801 atque
2882 4736 3226 4789 damnatione
3269 4735 3431 4791 liceat

1860 4818 2139 4871 monachis
2177 4818 2348 4871 sancti
2404 4820 2669 4874 Vincentii
2711 4824 2988 4891 sanctique
3025 4823 3277 4878 Germani
3310 4841 3435 4879 cum

1862 4906 2007 4961 omni
2034 4907 2341 4977 integritate
2363 4909 2465 4964 hoc
2490 4925 2683 4963 munus
2706 4913 2846 4979 quod
2874 4913 2953 4967 eis
2984 4902 3328 4977 conferimus,
3367 4915 3433 4967 ad

1864 5008 2105 5053 nostram
2136 5000 2377 5068 requiem
2409 5001 2791 5069 sempiternam
2838 5005 3221 5073 perpetualiter
3263 5006 3435 5073 possi~

1867 5090 1994 5143 dere
2023 5098 2076 5141 et
2104 5088 2229 5141 frui.
2260 5090 2401 5159 Ergo
2431 5091 2543 5145 brec
2574 5099 2765 5144 nostra!
2788 5094 3124 5147 auctoritatis
3143 5095 3435 5163 prmccptio

1868 5189 1926 5233 ut
1952 5180 2175 5233 ﬁrmiter
2207 5181 2626 5234 continuationis
2656 5182 2894 5249 vigorem
2918 5170 3155 5237 obtineat
3182 5199 3277 5252 per
3313 5199 3435 5237 suc-

1870 5274 2114 5327 cedentia
2146 5288 2410 5326 annorum
2461 5274 2747 5338 curricula,
2784 5290 2945 5329 manu
2981 5275 3195 5343 propria
3249 5275 3435 5329 subter

1870 5364 2186 5416 roborantes
2210 5362 2410 5415 annulo
2445 5371 2629 5416 nostro
2665 5379 2782 5415 eam
2807 5363 3066 5430 jussimus
3096 5364 3358 5433 insigniri.

1939 5456 2164 5523 Signum
2194 5456 2450 5509 Ludovici
2484 5457 2813 5509 serenissimi
2856 5457 3210 5525 imperatoris.

1940 5546 2224 5600 Durandus
2280 5546 2536 5599 diaconus
2582 5547 2645 5599 ad
2700 5547 2873 5600 vicem
2928 5546 3241 5599 liciisachar
3290 5552 3435 5603 reco-

1868 5638 2043 5708 gnovL

1940 5726 2067 5779 Data
2093 5727 2253 5781 tertio
2275 5726 2387 5779 Kal.
2417 5725 2711 5795 Septemb,
2736 5744 2874 5785 anno
2896 5728 3109 5785 Christo
3131 5729 3354 5797 propitio
3398 5730 3433 5786 5

2966 5833 3052 5899 3’s
