3936 6322
531 364 670 422 6067

1666 365 1990 423 LUDO\'lCl
2026 367 2048 421 ι
2086 366 2559 429 COGNOMENTO
2598 372 2684 429 PII

3684 376 3704 430 Ι
3718 378 3812 431 2-58

521 476 733 550 imperii
777 476 960 532 domui
988 476 1248 533 Ludovici
1276 476 1504 547 piissimi
1529 477 1779 549 Augusti,
1810 480 2103 535 indictione
2133 484 2185 543 Α
2211 481 2391 538 nullus
2428 482 2596 553 judex
2646 486 2916 555 publicus,
2959 496 3053 543 aut
3094 488 3327 558 quilibet
3375 490 3678 561 superioris
3727 503 3819 547 aut

519 567 750 626 decima.
807 568 1003 625 Actum
1052 569 1380 641 Aquisgrani
1450 570 1653 641 palatio
1698 571 1850 643 regio
1895 572 1951 626 in
2009 572 2107 628 Dei

517 661 740 717 nomine
766 659 1015 717 feliciter.
1054 662 1248 717 Amen.
1283 659 1438 735 (Cum
1463 661 1637 733 sigillo
1663 662 1856 733 cerea.)

1216 750 1407 807 LXIX.

755 863 857 904 I‘IO
895 862 1191 905 TURONENSI
1233 864 1281 905 8.
1323 864 1549 905 ΙΑΒἹΊΝΙ
1589 865 1861 906 εοειεειλ.

1120 940 1306 1011 (Anno
1349 940 1502 1010 8-17.)

515 1028 693 1104 [Apud
742 1028 991 1097 Martem,
1024 1029 1275 1101 Ampliu.
1315 1026 1562 1096 ϐοηθοίη
1615 1040 1747 1086 tom.
1777 1028 1827 1096 l,
1858 1044 1982 1102 pag.
2014 1028 2104 1095 65,

925 1136 993 1177 ex
1020 1121 1296 1177 chartario
1344 1120 1403 1177 8.
1434 1120 1701 1193 Martini.]

585 1212 643 1267 In
688 1212 906 1267 nomine
932 1212 1149 1269 Domini
1181 1212 1276 1268 Dei
1324 1221 1381 1268 et
1410 1211 1712 1271 Salvatoris
1758 1212 1928 1268 nostri
1976 1220 2106 1279 Jesu

512 1305 739 1373 Christi,
763 1305 1072 1363 Ludovicus
1096 1306 1283 1363 divina
1311 1306 1602 1362 ordinante
1628 1305 1970 1377 providentia
2001 1306 2116 1360 ειη--

513 1405 731 1465 peratnr
765 1398 1068 1469 Augustus.

584 1490 644 1547 Si
686 1490 1036 1564 petitionibus
1070 1504 1353 1547 servorum
1382 1488 1479 1545 Dei
1527 1503 1625 1559 pro
1656 1488 1987 1559 quibuslibet
2015 1503 2106 1545 ec-

510 1581 835 1639 clesiasticis
870 1580 1291 1637 necessitatibus
1319 1594 1485 1635 aures
1525 1586 1744 1635 nostras
1769 1577 2104 1648 pulsantium

510 1671 744 1729 libenter
786 1672 1098 1738 annuimus,
1129 1680 1185 1727 et
1232 1671 1302 1726 ad
1327 1668 1823 1740 divinaepotentize
1867 1669 1921 1723 in
1968 1668 2105 1723 locis

506 1764 622 1821 Deo
650 1764 845 1820 dicatis
881 1762 1107 1820 uberius
1136 1760 1511 1819 famulandum
1557 1760 1817 1815 auxilium
1862 1759 2101 1831 porrigi-

2213 572 2486 631 inferioris
2521 575 2729 633 ordinis
2774 580 2853 635 rei
2882 580 3111 649 publicte
3141 589 3491 651 procurator,
3522 582 3595 637 ad
3623 599 3817 639 causas

2206 661 2495 731 judiciario
2535 682 2687 729 more
2726 670 3046 737 audiendas,
3086 671 3141 725 in
3170 672 3456 737 ecclesias,
3499 683 3598 728 aut
3631 676 3817 741 villas,

2210 770 2305 811 seu
2353 757 2592 829 reliquas
2635 762 3032 831 possessiones,
3078 779 3215 834 quas
3257 766 3523 823 moderno
3563 776 3819 839 tempore

2211 844 2265 899 in
2296 847 2628 915 quibuslibet
2668 850 2964 919 provinciis
2996 862 3090 915 aut
3127 856 3425 912 territoriis
3466 859 3687 929 imperii
3723 876 3819 915 no.

2209 936 2310 991 stri
2342 934 2493 1004 juste
2541 947 2598 993 et
2646 938 2897 1009 legaliter
2945 952 3113 1010 tenet,
3144 946 3244 1000 vel
3291 947 3555 1018 deinceps
3596 950 3654 1002 in
3688 949 3815 1019 jure

2210 1026 2382 1096 ipsius
2412 1030 2737 1095 monasterii
2768 1031 2950 1086 divina
2990 1034 3166 1103 pictas
3191 1036 3428 1092 voluerit
3467 1040 3689 1110 augeri,
3733 1041 3814 1095 in.

2209 1119 2360 1190 gredi
2402 1130 2733 1191 praesumat,
2771 1138 2874 1180 nec
2911 1124 3086 1192 freda,
3128 1138 3223 1184 aut
3260 1131 3491 1197 tributa,
3528 1142 3637 1187 aut.
3664 1151 3815 1190 man~

2209 1212 2417 1279 siones,
2451 1222 2545 1268 aut
2580 1223 2787 1284 pastus,
2822 1223 2917 1271 aut
2946 1217 3230 1286 tclonium,
3260 1222 3403 1276 sicut
3446 1224 3501 1277 in
3537 1234 3813 1295 praet-pta

2209 1305 2391 1373 domui
2424 1307 2687 1378 genitoris
2720 1310 2891 1364 nostri
2920 1311 3252 1376 continetur,
3283 1314 3527 1385 exigere,
3560 1325 3664 1369 aut
3687 1315 3810 1371 ﬁde-

2206 1394 2447 1465 iussores
2491 1396 2714 1463 tollere,
2754 1408 2849 1453 aut
2884 1401 3138 1457 homines
3177 1410 3288 1457 tam
3333 1404 3610 1475 ingenuos
3652 1416 3808 1475 quam

2210 1501 2591 1557 servossuper
2617 1496 2818 1543 terram
2847 1491 3019 1561 ipsius
3046 1494 3365 1548 monasterii
3392 1506 3808 1551 commanentcs

2207 1575 2554 1648 distringere,
2591 1593 2693 1633 nec
2721 1578 2856 1634 ullas
2880 1580 3127 1650 publicas
3157 1581 3472 1639 functiones
3497 1593 3597 1639 aut
3629 1586 3807 1640 redhi-

2206 1669 2473 1736 bitiones,
2512 1670 2599 1726 vel
2636 1670 2852 1726 illicitas
2887 1674 3204 1728 occasiones
3250 1676 3567 1744 requirere,
3617 1678 3806 1746 quibus

2207 1761 2350 1816 idem
2387 1762 2781 1817 monasterium
2824 1762 3036 1833 sibique
3077 1763 3307 1833 subjecti
3342 1766 3569 1835 aliquod
3613 1768 3806 1837 injuste

507 1869 654 1920 mus,
694 1854 750 1910 id
786 1855 943 1910 nobis
980 1853 1172 1924 procul
1210 1852 1377 1909 dubio
1420 1861 1475 1908 et
1514 1853 1582 1907 ad
1612 1852 1898 1907 mortalem
1931 1853 2099 1905 vitam
2128 1860 2175 1919 Β
2204 1853 2484 1924 patiantur
2523 1854 2948 1919 incommodum,
2993 1854 3197 1911 nostris
3248 1857 3557 1929 futurisque
3604 1869 3804 1931 tempe.

509 1942 884 2013 temporaliter
921 1941 1317 2007 deducendam,
1363 1949 1420 1996 et
1468 1941 1535 1995 ad
1584 1939 1822 1995 futuram
1871 1939 2102 1997 feliciter

505 2034 879 2101 obtinendam,
911 2034 1255 2091 commodum
1284 2034 1577 2105 provenire
1608 2033 1950 2091 conﬁdimus.
1984 2032 2099 2089 No-

509 2134 623 2181 tum
669 2124 833 2199 igitur
875 2140 998 2182 esse
1036 2125 1287 2182 volumus
1332 2126 1546 2182 cunctis
1585 2124 1831 2181 ﬁdelibus
1868 2126 2096 2191 nostris,

504 2216 777 2287 episcopis
822 2215 1097 2281 videlicet,
1147 2215 1439 2272 abbatibus
1484 2216 1728 2285 virisque
1774 2214 2096 2281 illustribus,

504 2308 755 2375 ducibus,
776 2308 1088 2373 comitibus,
1109 2307 1445 2371 domesticis,
1475 2305 1831 2377 graﬁonibus,
1855 2304 2095 2369 vicariis,

503 2399 838 2456 centenariis
879 2412 1179 2466 eorumque
1220 2398 1551 2467 junioribus,
1602 2410 1703 2451 nec
1758 2411 1866 2450 non
1915 2395 2098 2449 missis

501 2488 708 2544 nostris
749 2500 850 2558 per
897 2486 1216 2541 universum
1255 2484 1542 2553 imperium
1589 2492 1837 2539 nostrum
1887 2481 2098 2536 discur-

500 2579 772 2646 rentibus,
806 2593 903 2635 seu
928 2577 1094 2633 etiam
1121 2577 1335 2632 caeteris
1359 2574 1838 2631 ﬁdelibus-sanctae
1862 2573 1960 2628 Dei
1988 2572 2094 2629 Ec-

500 2669 686 2727 clesiae
729 2671 1041 2739 nostrisque
1087 2667 1447 2740 praesentibus
1509 2667 1820 2723 scilicet'et
1874 2664 2092 2731 futuris,

502 2762 631 2832 quia
671 2761 809 2818 adiit
850 2762 1200 2817 serenitatem
1244 2760 1498 2817 culminis
1552 2760 1723 2815 nostri
1768 2758 2097 2814 venerabilis

503 2852 591 2909 vir
618 2851 932 2924 Fridegisus
961 2852 1100 2908 abba
1134 2867 1203 2907 ex
1234 2853 1568 2908 monasterio
1596 2852 1889 2923 peculiaris
1917 2853 2092 2906 nostri

504 2944 720 3007 patroni
756 2944 930 3000 sancti
960 2943 1202 3013 Martini,
1262 2944 1353 3000 ubi
1399 2942 1639 3015 ejusdem
1688 2945 2091 3015 przeclarissimi

498 3035 604 3091 viri
649 3035 961 3091 venerabile
1009 3036 1565 3106 corpus-requiescit,
1614 3035 1795 3091 ferens
1845 3036 2093 3090 manibus

500 3124 872 3180 immunitates
891 3125 1205 3194 priscorum
1240 3140 1431 3197 regum
1459 3125 1817 3189 Francorum,
1861 3140 1960 3180 nec
1985 3140 2090 3179 non

2206 1943 2358 1999 ribus
2401 1944 2699 2014 quisquam
2751 1954 2859 2000 tam
2902 1948 3227 2003 temerarius
3265 1949 3490 2014 existat,
3533 1952 3685 2019 quod
3728 1951 3797 2005 fa-

2209 2032 2391 2089 cicndi
2430 2032 2674 2087 illicitam
2715 2033 2818 2090 sibi
2857 2043 3184 2106 potestatem
3237 2039 3546 2095 attribuere
3590 2042 3798 2096 audeat.

2204 2123 2476 2194 Quidquid
2505 2139 2635 2192 ergo
2662 2125 2731 2181 de
2752 2125 2995 2196 praefatis
3023 2128 3266 2198 ejusdem
3295 2133 3618 2185 monasterii
3650 2133 3797 2189 rebus

2205 2214 2259 2268 in
2285 2212 2376 2283 jus
2404 2214 2523 2270 ﬁsci
2552 2215 2855 2270 cedendum
2883 2215 3002 2280 fuit,
3037 2226 3093 2272 et
3127 2233 3157 2272 a
3181 2219 3579 2288 'decessoribus
3608 2224 3797 2277 nostris

2204 2303 2571 2373 comperimus
2594 2303 2871 2369 collatum,
2900 2314 2955 2359 et
2980 2306 3284 2378 largitionis
3309 2324 3543 2365 munere
3575 2310 3799 2367 libenter

2202 2391 2456 2447 volumus
2483 2405 2605 2447 esse
2633 2406 2731 2462 per
2752 2394 3066 2449 universum
3098 2396 3275 2459 eidem
3302 2400 3649 2454 monasterio
3684 2415 3796 2455 con-

2202 2496 2440 2547 cessum,
2481 2490 2541 2535 ut
2576 2481 2631 2536 id
2669 2490 2880 2539 remoto
2919 2482 3034 2539 ﬁsci
3078 2485 3360 2540 dominatu
3403 2489 3475 2543 ad
3520 2488 3793 2545 luminaria

2202 2569 2440 2626 basilicae
2481 2568 2539 2625 S.
2568 2569 2785 2625 Martini
2821 2572 3221 2638 concinnanda,
3256 2582 3313 2628 et
3351 2575 3418 2629 ad
3444 2580 3789 2640 sustentatio-

2202 2675 2326 2715 nem
2353 2670 2653 2732 pauperum
2683 2676 2777 2717 seu
2795 2674 2834 2721 ει
2858 2662 3186 2717 clericorum
3227 2664 3282 2718 in
3314 2666 3511 2720 eodem
3547 2668 3665 2725 loco
3694 2668 3785 2721 De.
3855 2714 3863 2727 .

2201 2758 2349 2812 mino
2374 2757 2816 2821 deservientium,
2852 2759 2925 2812 sit
2948 2758 3406 2828 supplementum.
3466 2759 3528 2815 Si
3560 2764 3683 2833 quis
3706 2778 3788 2817 au—

2202 2856 2311 2901 tem
2347 2848 2401 2901 in
2439 2855 2648 2902 tantam
2679 2862 3032 2919 prorumpere
3072 2863 3237 2904 ausus
3277 2849 3448 2906 fuerit
3490 2853 3783 2916 audaciam,

2202 2946 2263 2992 ut
2293 2936 2454 3007 hujus
2492 2938 2749 3008 praecepti
2794 2940 2966 2993 nostri
2998 2939 3236 2995 violator
3273 2943 3579 3008 exstiterit,
3614 2960 3787 3013 quem-

2202 3029 2497 3094 admodum
2538 3030 2591 3083 in
2624 3031 2989 3100 praeceptione
3028 3031 3212 3086 domui
3249 3040 3306 3087 et
3331 3033 3601 3103 genitoris
3629 3037 3785 3090 nostri

2197 3119 2531 3186 continetur,
2570 3116 2692 3176 non'
2717 3119 2893 3175 solum
2939 3121 2991 3174 in
3031 3119 3295 3176 olfensam
3338 3130 3584 3176 nostram
3621 3122 3784 3191 lapsu-

502 3214 591 3270 avi
638 3214 809 3271 nostri
851 3214 1066 3286 Pippini
1113 3215 1388 3285 quondam
1426 3216 1593 3287 regis,
1641 3230 1737 3271 seu
1782 3216 1945 3270 etiam
1991 3215 2093 3285 pize
2120 3210 2165 3272 C
2198 3226 2341 3275 rum,
2383 3225 2573 3266 verum
2612 3211 2779 3265 etiam
2819 3218 3205 3267 sexcentorum
3246 3212 3550 3268 solidorum
3581 3215 3695 3268 auri
3724 3216 3783 3269 ad

502 3303 896 3361 recordationis
937 3304 1122 3360 domui
1175 3314 1230 3361 et
1272 3306 1532 3375 genitoris
1579 3306 1748 3362 nostri
1776 3305 1960 3363 Caroli
2009 3322 2094 3363 se-

502 3394 771 3449 renissimi
819 3394 1203 3465 imperatoris,
1258 3397 1459 3466 quibus
1507 3397 1649 3453 idem
1700 3399 2093 3453 monasterium

500 3486 683 3555 quiete
708 3486 763 3540 in
793 3485 890 3541 Dei
919 3488 1143 3543 servitio
1191 3504 1416 3544 manere
1464 3492 1787 3555 sanxerunt,
1817 3498 1872 3545 et
1901 3506 2092 3547 omnes

501 3591 591 3633 res
638 3574 850 3647 przefati
897 3579 1214 3632 monasterii
1265 3578 1319 3633 in
1366 3580 1651 3644 universo,
1707 3579 1925 3635 Christo
1987 3580 2069 3635 lar

500 3667 717 3739 gieute,
780 3682 949 3739 regno
1004 3683 1123 3734 suo,
1175 3670 1230 3723 in
1276 3668 1496 3723 Austria
1551 3669 1780 3737 scilicet,
1818 3669 2091 3737 Ncustria,

502 3756 836 3829 Burgundia,
864 3756 1181 3826 Aquitania,
1213 3757 1523 3823 Provincia,
1552 3758 1727 3825 Italia,
1761 3769 1817 3814 et
1845 3762 1897 3815 in
1929 3769 2092 3815 caete-

500 3847 579 3903 ris
614 3848 766 3919 regni
795 3848 880 3903 sui
915 3849 1162 3919 partibus
1204 3851 1588 3915 consistentes,
1627 3864 1747 3920 qua:
1783 3868 1886 3906 non
1918 3854 2091 3907 solum

502 3939 571 3994 ab
604 3940 921 3995 orthodoxis
958 3942 1319 4013 principibus,
1360 3960 1551 3999 verum
1590 3945 1753 3999 etiam
1801 3962 1830 4000 a
1878 3947 2091 4002 caeteris

501 4029 752 4087 ﬁdelibus
770 4031 999 4099 collatae,
1022 4033 1104 4087 vel
1131 4048 1228 4103 per
1248 4034 1521 4104 quoslibet
1548 4044 1865 4091 contractus
1893 4044 1949 4092 et
1973 4052 2091 4091 mu-

504 4119 712 4175 nimina
744 4121 1061 4176 chartarum
1092 4122 1147 4176 in
1181 4121 1272 4190 jus
1309 4122 1553 4192 ejusdem
1594 4124 1841 4192 legaliter
1880 4124 2091 4180 tradita:

502 4218 631 4264 sunt
671 4211 1020 4276 monasterii,
1069 4210 1170 4266 sub
1218 4212 1576 4268 immanitatis
1620 4228 1731 4267 suae
1778 4213 2091 4269 defensione

502 4298 825 4367 consistere,
857 4306 912 4355 et
942 4300 1011 4354 ab
1039 4300 1187 4356 omni
1218 4300 1432 4371 publica
1463 4300 1740 4356 functione
1779 4312 1828 4355 et
1854 4302 2088 4371 judicia-

504 4389 585 4444 ria
607 4390 891 4445 exactione
921 4390 1191 4445 immunes
1216 4390 1524 4460 liberasque
1553 4391 1921 4457 tradidissent,
1946 4391 2091 4462 quod

503 4493 701 4533 munus
727 4479 904 4534 eidem
931 4481 1264 4537 monasterio
1300 4481 1623 4547 exhibitum,
1653 4482 1764 4537 Deo
1793 4490 2087 4548 annuente,

2196 3306 2393 3372 puram
2430 3302 2642 3357 excocti
2685 3316 2745 3357 se
2779 3302 2995 3357 noverit
3028 3315 3193 3373 paena
3228 3302 3627 3369 mulctandum,
3656 3305 3782 3359 unde

2196 3395 2329 3450 duas
2362 3403 2548 3466 partes
2588 3403 2830 3451 rectores
2868 3396 3154 3451 memorati
3193 3397 3539 3459 monasterii,
3576 3399 3777 3452 tertiam

2196 3498 2325 3539 vero
2358 3482 2447 3553 jus
2484 3485 2602 3539 ﬁsci
2644 3484 2888 3553 recipiat.
2930 3484 3164 3555 Dignum
3201 3500 3440 3555 namque
3474 3485 3779 3557 iustumque

2195 3582 2278 3630 est
2321 3582 2381 3628 ut
2430 3582 2510 3628 tot
2552 3574 2767 3651 piorum
2810 3588 2999 3646 regum
3048 3574 3394 3631 decessorum
3452 3585 3789 3641 nostrorum,

2195 3664 2476 3733 nostrique
2516 3664 2772 3733 praecepti
2814 3663 3051 3719 violator
3088 3664 3398 3734 hujusmodi
3451 3666 3643 3721 subeat
3680 3683 3781 3737 pae-

2195 3770 2343 3819 nam,
2370 3763 2431 3808 ut
2457 3762 2512 3809 ct
2541 3770 2600 3809 se
2629 3763 2797 3809 tantae
2831 3754 3157 3810 temeritatis
3185 3756 3383 3810 merito
3410 3756 3569 3826 argui
3601 3771 3779 3827 cogno-

2194 3852 2333 3909 scat,
2356 3853 2413 3897 et
2433 3844 2647 3899 czeteris
2674 3858 2742 3899 ne
2766 3844 2819 3899 id
2842 3859 3006 3914 agere
3030 3844 3269 3913 quolibet
3290 3860 3427 3899 ausu
3454 3853 3776 3914 pertentent,

2193 3937 2445 3992 timorem
2478 3938 2738 4004 incutiat;
2768 3946 2827 3993 ut
2847 3938 3027 3994 nullus
3053 3937 3261 3993 scilicet
3290 3938 3561 3993 beneﬁcia
3590 3938 3776 4009 regalia

2194 4028 2330 4083 locis
2359 4029 2469 4083 Deo
2504 4029 2701 4085 dicatis
2742 4038 3067 4085 veneranter
3106 4029 3351 4085 exhibita
3389 4039 3663 4086 temerare
3697 4045 3778 4084 co-

2194 4126 2372 4172 netur.
2416 4118 2677 4173 Volumus
2714 4119 2896 4187 itaque
2939 4108 3101 4187 atque
3140 4133 3430 4173 censemus
3466 4129 3551 4185 ut,
3585 4127 3774 4174 remota

2192 4208 2360 4262 totius
2396 4206 2702 4277 judiciariae
2742 4208 3025 4276 potestatis
3066 4208 3464 4278 inquietudine,
3492 4211 3672 4278 quieto
3698 4225 3774 4262 or-

2193 4299 2318 4353 dine
2350 4306 2683 4354 memeratus
2712 4298 2848 4353 abba
2883 4300 3075 4369 suique
3103 4315 3450 4355 successores
3479 4316 3571 4355 res
3594 4300 3771 4370 pnedi-

2194 4389 2268 4443 cti
2296 4389 2636 4454 monasterii,
2667 4404 2793 4443 cum
2819 4390 3072 4444 omnibus
3100 4389 3201 4444 sibi
3234 4388 3495 4456 subjectis
3520 4388 3605 4443 vel
3632 4388 3694 4441 ad
3721 4402 3771 4440 se

2196 4480 2584 4548 aspicientibus
2624 4494 2717 4533 seu
2758 4479 3155 4550 pertinentibus
3195 4478 3511 4532 hominibus
3547 4478 3646 4532 sub
3680 4479 3768 4530 im-

504 4567 884 4623 inviolabiliter
935 4569 1197 4625 hactenus
1243 4579 1461 4626 constat
1507 4586 1627 4627 esse
1681 4583 2083 4628 conservatum.
2113 4548 2168 4606 D
2196 4569 2478 4624 munitatis
2513 4576 2675 4638 atque
2701 4567 3056 4637 protectiouis
3085 4576 3287 4621 nostrae
3312 4567 3627 4623 defensione
3655 4582 3769 4622 con-

502 4658 608 4713 Pro
636 4658 909 4715 ﬁrmitatis
957 4670 1158 4716 nostra:
1207 4677 1443 4732 namque
1493 4664 1731 4719 studium
1778 4665 2086 4736 hujusmodi

503 4749 825 4803 beneﬁcium
865 4765 994 4821 erga
1023 4751 1305 4821 prazfatum
1350 4756 1659 4810 venerabile
1697 4758 2086 4811 monasterium

505 4847 691 4894 nostra
736 4840 1062 4896 auctoritate
1096 4841 1373 4897 humiliter
1408 4845 1661 4912 precibus
1700 4844 1897 4914 quibus
1923 4847 2092 4901 valuit

503 4928 619 4984 tieri
660 4928 972 4998 postulavit.
1007 4929 1174 4997 Cujus
1214 4932 1485 5000 petitioni,
1524 4934 1592 4987 ob
1623 4950 1865 4989 amorem
1907 4934 2002 4990 Dei
2035 4944 2090 4991 et

502 5015 903 5069 venerationem
946 5018 1244 5073 beatissimi
1276 5019 1512 5085 Martini,
1544 5021 1776 5078 libenter
1806 5039 2085 5079 assensum

503 5104 748 5174 praebere
786 5107 943 5161 nobis
981 5123 1367 5178 usquequaque
1404 5111 1580 5166 libuit.
1618 5116 1958 5183 Quapropter
1993 5130 2085 5169 vo-

505 5197 682 5261 lumus
712 5206 875 5267 atque
904 5200 1245 5257 decernimus
1282 5212 1339 5256 ut
1372 5220 1561 5260 omnes
1590 5221 1677 5261 res
1703 5206 1940 5273 ejusdem
1974 5225 2087 5264 rno-

504 5289 747 5353 nasterii,
782 5304 904 5344 cum
944 5292 1254 5349 hominibus
1293 5295 1393 5349 sibi
1436 5296 1716 5365 subjectis,
1759 5299 1857 5352 sub
1888 5311 2088 5355 nostra:

506 5376 836 5435 defensionis
882 5382 1178 5437 munimine
1235 5385 1411 5439 modis
1453 5386 1707 5441 omnibus
1763 5389 2085 5443 consistant.

505 5465 889 5539 Prascipientes
934 5487 1065 5545 ergo
1112 5474 1366 5545 jubemus
1420 5484 1583 5547 atque
1636 5479 1981 5548 prmcipimus
2029 5489 2090 5534 ut

582 5595 605 5623 ι
644 5582 722 5637 Ex
750 5586 853 5659 hoc
883 5586 1001 5644 loco
1026 5596 1173 5656 patet
1200 5591 1491 5659 monachos
1520 5589 1577 5645 S.
1598 5590 1811 5644 Martini
1832 5590 1942 5659 jam
1977 5600 2088 5645 tum

508 5652 562 5705 in
592 5656 879 5730 canonicos
906 5652 1200 5730 conversos
1224 5658 1389 5714 fuisse
1416 5675 1538 5713 cum
1568 5662 1798 5730 diploma
1832 5652 1971 5716 istud
1995 5662 2089 5715 da-

507 5737 623 5799 tum
657 5733 763 5799 est.
792 5726 1129 5799 __E_t_quidem
1171 5738 1346 5799 togam
1397 5726 1752 5784 monasticam
1799 5732 2088 5785 retinuisse

510 5798 623 5846 toto
651 5791 829 5849 Caroli
856 5791 1030 5869 Magni
1062 5791 1367 5868 principatu
1397 5809 1577 5854 censet
1606 5799 1975 5868 Mabillonius;
2026 5816 2092 5856 eo

2195 4650 2412 4731 sistant,
2445 4673 2739 4733 nostroque
2765 4662 2996 4717 ﬁdeliter
3023 4670 3278 4730 parentes
3318 4662 3548 4731 imperio
3574 4676 3669 4730 pro
3695 4661 3769 4713 in-

2194 4758 2507 4813 columitate
2543 4765 2744 4810 nostra:
2781 4753 3029 4824 conjugis
3058 4763 3112 4808 et
3150 4752 3337 4823 prolis,
3369 4768 3463 4806 seu
3502 4754 3659 4807 etiam
3689 4760 3765 4805 to-

2194 4851 2302 4904 tius
2334 4848 2546 4919 imperii
2581 4863 2611 4902 a
2644 4847 2754 4902 Deo
2785 4846 2941 4901 nobis
2971 4845 3173 4909 collati,
3206 4843 3434 4913 ejusque
3474 4843 3764 4915 gratissima

2195 4938 2544 4994 miseratione
2587 4945 2849 5007 perpetuo
2889 4934 3267 4999 conservandi,
3313 4949 3421 4987 una
3468 4949 3587 4988 cum
3628 4932 3766 4986 clero

2194 5029 2298 5083 sibi
2347 5028 2657 5091 commisso,
2690 5027 2785 5082 Dei
2832 5026 3155 5080 immensam
3204 5024 3544 5079 clementiam
3579 5022 3765 5093 jugiter

2195 5126 2441 5173 exorent.
2486 5116 2543 5171 Si
2586 5118 2718 5187 quid
2753 5132 2883 5171 vero
2921 5117 2986 5170 de
3025 5114 3233 5184 praefati
3268 5116 3577 5175 monasterii
3614 5114 3761 5168 rebus

2194 5225 2291 5279 per
2328 5208 2663 5278 tepiditatem
2706 5216 2760 5260 et
2796 5206 3177 5277 negligentiam
3222 5206 3478 5261 abbatum
3520 5213 3606 5259 aut
3634 5218 3761 5272 prte-

2195 5302 2550 5369 sumptionem
2577 5299 2820 5368 judicum
2858 5298 3056 5369 injuste
3094 5298 3430 5353 abstractum
3458 5306 3557 5359 est,
3590 5295 3636 5349 id
3672 5309 3760 5363 per

2196 5391 2339 5445 hanc
2380 5400 2621 5445 nostram
2664 5390 3042 5445 auctoritatem
3083 5404 3306 5460 prorsus
3362 5387 3755 5443 restaurandum

2192 5481 2551 5550 praecipimus.
2590 5480 2658 5534 Et
2689 5490 2747 5534 ut
2776 5482 2889 5537 lucc
2923 5482 3224 5536 auctoritas
3269 5479 3640 5535 inviolabiliter
3668 5475 3756 5530 ob-

2192 5592 2626 5665 vero_dei'uncto,
2667 5593 2849 5665 statim
2879 5607 2998 5665 eam
3028 5591 3316 5665 abjecisse,
3348 5592 3631 5665 faventeiu
3654 5586 3753 5665 pri-

2192 5663 2297 5733 mis
2322 5662 2615 5733 Fridugiso
2636 5663 2863 5733 abbate,
2899 5663 2991 5729 qui
3028 5660 3291 5733 laxiorem
3325 5662 3486 5715 etiam
3524 5662 3671 5733 vitam
3700 5660 3749 5709 in

2195 5728 2574 5785 Scithicnsi'S.
2600 5732 2803 5786 Bcrtiui
2829 5728 3182 5797 monasterio,
3211 5732 3297 5786 cui
3328 5740 3555 5802 przrcrat
3580 5728 3742 5791 abbas,

2200 5802 2456 5858 inducere
2488 5806 2724 5863 tentavit.
