3936 6350
213 370 239 424 1
255 368 365 426 069

3084 0 3177 9 π

1368 362 1753 420 υειηωιιιτιι
1794 323 2343 421 ECCLESIASTICA.

3345 367 3479 423 i670

210 481 394 537 tineat
421 478 667 534 cﬁ‘ectum
698 487 752 532 et
787 493 816 531 a
848 477 1089 532 ﬁdelibus
1119 483 1317 531 sanctae
1344 475 1435 529 Dei
1466 474 1721 530 Ecclesiae
1745 481 1800 527 et
1826 477 1873 534 Α
1902 483 2063 543 atque
2105 489 2293 530 secure
2340 475 2418 528 ire
2464 481 2516 528 et
2559 474 2752 540 redire,
2796 484 2955 545 prout
3004 478 3103 532 sibi
3135 479 3473 536 commodum

207 571 426 626 nostris
462 569 643 624 verius
682 569 937 624 credatur
974 582 1037 621 ac
1076 566 1385 636 diligentius
1426 572 1794 631 conservetur,

208 677 385 715 manu
414 660 630 731 propria
658 661 844 715 subter
867 658 1200 713 ﬁrmavimus
1222 664 1274 709 et
1304 654 1485 709 annuli
1507 654 1675 709 nostri
1709 654 1800 707 im-

208 753 504 821 pressione
538 752 736 821 signari
767 750 1049 819 jussimus.

292 840 521 911 Signum
547 839 803 895 Ludovici
834 837 1170 893 serenissimi
1201 837 1562 907 imperatoris.

296 918 612 985 Ilelisacliar
652 928 988 999 recognovit.
1022 928 1158 983 Data
1194 943 1253 981 ιιι
1292 926 1409 981 Kal.
1441 926 1798 998 Septembris,

210 1036 385 1086 anno,
430 1021 648 1076 Christo
692 1019 944 1090 propitio,
995 1021 1029 1075 5
1057 1019 1267 1090 imperii
1309 1019 1490 1074 domui
1544 1018 1800 1073 Ludovici

210 1110 451 1179 piissimi
475 1108 724 1179 Augusti,
754 1109 1048 1164 indictione
1072 1107 1158 1162 10.

288 1199 487 1252 Actum
512 1198 839 1269 Aquisgrani
866 1196 1067 1267 palatio
1094 1197 1244 1268 regio
1272 1197 1325 1250 in
1358 1195 1452 1251 Dei
1481 1196 1696 1251 nomine
1726 1194 1793 1250 fe-

210 1288 418 1343 liciter.
446 1287 639 1342 Amen.

927 1375 1091 1433 LXX.

455 1486 557 1527 PRO
596 1487 643 1527 8.
685 1486 911 1525 MARTINI
952 1485 1245 1525 TURONENSI
1288 1483 1557 1525 ECCLESIA.

823 1560 997 1631 (Anno
1030 1559 1180 1632 817.)

210 1672 397 1745 [Apud
424 1673 674 1737 Martem,
706 1673 879 1745 Ampl.
903 1672 1143 1745 Collega,
1174 1683 1321 1745 tom._
1344 1675 1397 1740 l,
1445 1688 1566 1745 pag.
1610 1674 1699 1738 (iii,
1733 1689 1798 1728 ex

671 1743 944 1799 chartario
973 1743 1031 1799 S.
1065 1743 1326 1815 Martini]

286 1855 345 1908 In
373 1855 589 1910 nomine
618 1853 832 1909 Domini
881 1852 979 1909 Dei
1016 1862 1071 1908 et
1118 1852 1416 1910 Salvatoris
1448 1855 1623 1939 nostri
1672 1853 1799 1909 Jesu

209 1942 461 2010 Christi,
510 1944 836 2010 Ludovicus,
880 1944 1060 1999 divina
1100 1944 1389 2000 ordinante
1434 1945 1797 2015 providentia,

209 2035 515 2103 imperator
536 2035 832 2107 Augustus.

291 2123 348 2177 Si
392 2138 521 2195 erga
560 2124 677 2179 loca
718 2124 914 2179 divinis
939 2124 1172 2180 cultibus
1201 2126 1506 2195 mancipata
1534 2124 1801 2194 imperiali

208 2206 370 2268 more
396 2213 658 2269 beneﬁcia
687 2222 990 2284 opportuna
1018 2214 1298 2286 largimur,
1328 2216 1382 2270 id
1414 2214 1667 2270 nobis'ad
1693 2223 1804 2269 sta-

208 2304 483 2360 liilitatem
515 2305 727 2377 imperii
757 2306 949 2371 nostri,
979 2313 1033 2360 et
1068 2307 1135 2361 ad
1162 2306 1357 2361 animae
1406 2306 1635 2361 salutem
1669 2305 1805 2360 obti—

212 2397 492 2461 nendam,
536 2394 879 2465 profuturum
931 2395 1156 2450 minime
1212 2396 1545 2451 dubitamus.
1604 2395 1800 2450 Notum

214 2488 293 2543 sit
322 2489 486 2558 igitur
513 2488 765 2543 omnibus
804 2487 1073 2565 episcopis
1098 2528 1112 2553 ,
1149 2488 1433 2543 abbatibus
1456 2528 1472 2554 ,
1532 2487 1757 2542 ducibus
1782 2527 1797 2551 ,

211 2579 533 2645 comitibus,
562 2577 800 2651 vicariis,
847 2577 1195 2643 centenariis,
1251 2576 1582 2642 toloneariis,
1635 2577 1803 2631 actio—

210 2670 409 2735 nariis,
451 2668 630 2724 missis
656 2668 856 2723 nostris
884 2683 980 2739 per
1006 2667 1290 2737 imperium
1321 2674 1564 2722 nostrum
1592 2665 1802 2721 discur—

213 2765 483 2829 rentibus,
499 2762 584 2818 vel
598 2762 849 2819 omnibus
869 2762 1255 2832 rempublicam
1275 2760 1799 2824 administrantibus,

212 2871 314 2910 seu
364 2855 529 2909 etiam
574 2853 785 2909 caeteris
830 2851 1080 2909 ﬁdelibus
1127 2862 1329 2909 sanctae
1371 2851 1466 2906 Dei
1502 2850 1756 2905 Ecclesia:
1784 2891 1799 2916 ,

215 2947 531 3015 nostrisque
567 2945 926 3016 prmsentibus
978 2944 1186 2999 scilicet
1220 2952 1383 3012 atque
1429 2940 1646 3007 futuris,
1676 2941 1802 3011 quia

215 3036 415 3092 detulit
450 3037 606 3092 nobis
635 3035 957 3091 venerabilis
997 3036 1082 3090 vir
1124 3034 1439 3105 Fridugisus
1467 3075 1480 3099 ,
1531 3033 1699 3089 abbas
1736 3047 1801 3087 ex

215 3127 553 3182 monasterio
605 3125 663 3181 S.
724 3125 941 3181 Martini
986 3126 1170 3181 eximii
1218 3125 1541 3181 confessoris
1592 3124 1795 3180 Christi
1824 3157 1869 3218 Ε

214 3218 503 3289 nostrique
550 3218 787 3288 patroni,
834 3217 926 3272 ubi
970 3218 1278 3273 venerabile
1324 3216 1439 3285 ejus
1485 3232 1679 3286 corpus
1715 3231 1798 3271 re-

213 3310 472 3382 quiescit,
524 3317 848 3380 prmceptum
889 3310 1227 3364 auctoritatis
1255 3309 1436 3364 domni
1462 3316 1516 3364 et
1541 3308 1800 3379 genitoris

216 3403 395 3457 nostri
425 3401 528 3470 pia:
554 3400 943 3456 recordationis
978 3398 1157 3455 Caroli
1189 3398 1520 3455 serenissimi
1544 3399 1795 3470 Augusti,

217 3492 276 3546 in
306 3505 414 3559 quo
435 3489 818 3545 continebatur
840 3489 983 3559 quod
1016 3490 1082 3544 ad
1128 3504 1345 3560 precem
1374 3489 1674 3545 decessoris
1715 3489 1799 3543 sui

216 3580 452 3635 Wlfardi
479 3579 752 3649 quondam
792 3580 1024 3644 abbatis,
1055 3579 1195 3634 idem
1247 3580 1458 3649 genitor
1502 3586 1686 3634 noster
1730 3580 1798 3634 ob

215 3685 462 3726 amorem
511 3669 605 3723 Dei
643 3676 698 3724 et
736 3669 1138 3724 venerationem
1184 3667 1243 3722 S.
1296 3668 1530 3733 Martini,
1560 3683 1715 3722 carra
1744 3676 1799 3722 et

216 3760 580 3816 samnaticum
620 3759 930 3814 hominibus
982 3758 1069 3813 his
1109 3758 1379 3828 praelatis,
1427 3773 1547 3826 quae
1579 3764 1798 3828 propter

216 3852 512 3906 utilitatem
541 3860 594 3906 et
638 3849 1015 3904 necessitatem
1047 3849 1331 3903 memorati
1360 3847 1674 3902 monasterii
1701 3862 1799 3917 per

218 3944 466 3999 diversos
495 3941 645 4012 regni
670 3941 753 3995 sui
788 3948 1062 3995 mercatus
1103 3939 1452 3995 mittebantur
1480 3979 1494 4002 ,
1545 3938 1613 3992 ab
1650 3938 1797 3992 omni

221 4034 425 4089 tclonio
454 4032 713 4086 immunia
743 4039 799 4086 et
832 4019 1186 4086 secura‘esse
1237 4029 1524 4085 sanxisset.
1575 4028 1681 4083 Pro
1721 4029 1797 4082 rei

219 4139 438 4195 quoque
470 4122 724 4176 ﬁrmitate
755 4128 997 4176 nostram
1017 4120 1310 4190 postulavit
1338 4119 1708 4181 serenitatem,
1738 4124 1799 4169 ut

219 4228 430 4269 rnorem
470 4221 753 4282 paternum
784 4219 1088 4280 sequentes,
1132 4208 1433 4276 huiusmodi
1475 4206 1796 4262 beneﬁcium

218 4305 398 4359 eidem
451 4312 635 4357 sancto
689 4302 806 4356 loco
855 4300 1290 4354 concederemus.
1342 4295 1506 4363 Cujus
1551 4297 1795 4366 petitioni

220 4397 457 4450 libenter
478 4408 660 4449 aurem
693 4391 1230 4453 accommodavimus,
1267 4398 1323 4443 et
1346 4390 1450 4443 hoc
1466 4397 1796 4459 praeceptum

1902 572 2329 633 prOSpexerunt,
2389 572 2443 617 et
2475 565 2543 618 ab
2576 564 2662 619 bis
2700 565 2791 634 qui
2838 580 2951 620 rem
2994 566 3266 634 publicam
3308 570 3478 624 admio

1903 655 2158 720 nistrant,
2192 670 2489 725 eorumque
2515 653 2822 724 junioribus
2856 656 3056 711 nullam
3096 659 3371 728 patiantur
3400 660 3470 715 in-

1900 745 2357 800 commoditatem.
2387 745 2680 801 Teloneum
2710 759 2838 800 vero
2884 748 3026 815 quod
3054 749 3120 803 de
3166 751 3477 804 memoratis

1902 833 2161 890 vehiculis
2202 844 2257 890 et
2279 836 2565 891 homnibus
2589 835 2713 907 jure
2741 836 2855 891 ﬁsci
2877 838 3017 907 exigi
3043 845 3272 908 poterat,
3301 839 3476 894 cidem

1903 935 2090 981 sancto
2118 926 2237 981 loco
2276 926 2632 982 libentissime
2656 968 2671 987 .
2717 927 3168 997 quemadmodum
3214 930 3270 984 et
3312 930 3366 984 in
3392 945 3472 1001 ge-

1903 1017 2097 1073 nitoris
2135 1018 2305 1073 nostri
2349 1019 2657 1073 continetur
2692 1026 2986 1088 przecepto,
3020 1020 3072 1073 in
3124 1029 3309 1076 nostra
3350 1036 3479 1077 con-

1903 1107 2165 1162 cessimus
2209 1106 2551 1178 cleemosyna
2579 1146 2596 1174 ,
2628 1116 2898 1177 quatenus
2927 1119 3285 1165 memoratum
3315 1112 3480 1167 abba-

1904 1203 2011 1251 tem
2060 1212 2297 1267 suosque
2341 1211 2684 1253 successores
2732 1213 2854 1253 cum
2891 1199 3038 1255 clero
3064 1201 3165 1255 sibi
3194 1203 3484 1256 commisso

1900 1299 2001 1354 pro
2029 1285 2184 1341 nobis
2207 1328 2222 1351 ,
2254 1286 2603 1359 conjugeque,
2638 1288 2895 1359 proleque
2918 1330 2933 1355 ,
2965 1290 3286 1361 imperiique
3320 1293 3482 1348 stabi-

1902 1376 2074 1440 litate,
2104 1374 2305 1446 jugiter
2350 1360 2637 1432 Dominum
2677 1377 2958 1446 deprecari
3004 1360 3251 1434 delectet.
3306 1380 3373 1434 Et
3426 1390 3485 1435 ut

1904 1466 2019 1519 hazc
2043 1466 2339 1521 auctoritas
2365 1466 2728 1522 inviolabilem
2768 1467 3013 1524 obtineat
3050 1469 3297 1527 effectum
3323 1513 3338 1538 ,
3369 1482 3423 1528 et
3455 1488 3485 1527 a

1903 1555 2151 1612 fidelibus
2196 1564 2396 1613 sancta:
2420 1556 2515 1612 Dei
2543 1557 2797 1613 Ecclesiae
2824 1568 2878 1614 ct
2910 1561 3111 1616 nostris
3154 1562 3335 1618 verius
3370 1579 3487 1619 crc—

1902 1643 2102 1711 datur,
2157 1657 2212 1701 et
2259 1646 2571 1716 diligentius
2621 1663 2993 1716 conservetur,
3050 1668 3212 1708 manu
3265 1657 3485 1725 propria

1904 1736 2092 1790 subter
2131 1735 2481 1801 ﬁrmavimus,
2537 1744 2591 1791 et
2654 1738 2839 1793 annuli
2900 1742 3069 1796 nostri
3132 1742 3487 1812 impressione

1832 1816 1875 1874 B
1903 1825 2103 1896 signari
2140 1824 2415 1895 jussimus.

1975 1935 2198 2008 Signum
2240 1938 2495 1995 Ludovici
2526 1942 2857 1998 screnissimi
2887 1943 3249 2013 imperatoris.

1974 2028 2257 2083 Durandus
2310 2028 2571 2085 diaconus
2630 2031 2699 2086 ad
2761 2032 2935 2087 vicem
2992 2032 3269 2091 Helisacar
3333 2052 3486 2094 reco—

1901 2121 2101 2189 gnovit.

1974 2210 2108 2264 Data
2156 2228 2217 2265 ιιι
2273 2212 2540 2269 Kalendas
2602 2214 2978 2285 Septembris,
3038 2218 3330 2276 indictione
3375 2223 3483 2288 10,

1902 2316 2046 2356 anno
2068 2303 2101 2356 3
2127 2302 2335 2372 imperii
2361 2304 2545 2360 domni
2574 2305 2832 2362 Ludovici
2864 2308 3204 2378 imperatoris
3234 2310 3481 2382 Augusti.

1900 2390 2089 2445 Actum
2134 2389 2460 2465 Aquisgrani
2500 2394 2698 2464 palatio
2726 2396 2875 2466 regio
2901 2396 2955 2451 in
2980 2396 3074 2453 Dei
3106 2398 3326 2456 nomine
3365 2400 3484 2456 feli-

1902 2479 2057 2535 citer.
2088 2479 2281 2537 Amen.

2595 2597 2782 2653 LXXI.

2271 2723 2373 2764 PRO
2410 2724 2750 2766 ιίοΝΑδτειιιο
2790 2726 3134 2767 TORNACENSI.

2512 2799 2687 2871 (Anno
2729 2796 2883 2871 817.)

1907 2888 2082 2960 [Apud
2141 2892 2203 2961 D.
2251 2891 2537 2961 Bouquet.,
2588 2891 2801 2947 Recueil
2847 2892 2937 2947 de:
2991 2892 3155 2958 Hist,
3208 2901 3338 2949 tom.
3392 2894 3484 2960 Vl,

1974 2959 2267 3082 i.5109,
2298 2976 2366 3016 ex
2385 2959 2714 3033 Foppensio,
2741 2962 2795 3018 in
2831 2961 3100 3033 Supplem.
3129 2964 3198 3017 ad
3247 2959 3480 3035 Diplom.

2028 3028 2186 3102 mea]

1971 3120 2030 3174 in
2082 3122 2298 3177 nomine
2338 3123 2558 3178 Domini
2594 3124 2690 3180 Dei
2740 3134 2796 3180 et
2824 3124 3123 3182 Salvatoris
3145 3129 3320 3182 nostri
3357 3127 3489 3184 Iesu

1900 3209 2126 3277 Christi,
2161 3211 2489 3279 Ludovicus,
2543 3214 2724 3270 divitia
2781 3216 3068 3272 ordinante
3113 3217 3480 3287 providentia,

1901 3299 2194 3369 imperator
2221 3301 2514 3373 Augustus.

1972 3390 2165 3445 Notum
2201 3392 2271 3446 sit
2310 3392 2547 3446 omnium
2589 3391 2826 3448 ﬁdelium
2865 3401 3172 3448 nostrorum
3205 3402 3315 3451 tam
3342 3412 3483 3466 prae-

1900 3480 2133 3535 sentium
2178 3495 2338 3550 quam
2384 3479 2689 3537 futurorum
2725 3481 2978 3548 solertiae,
3016 3483 3142 3551 quia
3190 3486 3481 3553 postulavit

1899 3570 2057 3624 nobis
2099 3570 2184 3623 vir
2211 3570 2535 3627 venerabilis
2564 3570 2969 3627 Wendilmarus
3006 3573 3364 3630 Tornacensis
3392 3591 3485 3630 ur—

1896 3660 1981 3713 bis
2023 3659 2328 3730 episcopus,
2366 3669 2426 3715 ut
2474 3670 2649 3716 terras
2713 3663 2974 3733 quasdam
3023 3663 3137 3718 ﬁsci
3200 3667 3373 3721 nostri
3424 3667 3480 3721 in

1896 3749 2085 3804 eadem
2115 3752 2249 3805 urbe
2276 3752 2325 3805 ei
2356 3751 2408 3806 in
2449 3751 2827 3822 ampliﬁcanda
2866 3761 2921 3808 et
2949 3754 3221 3809 dilatanda
3249 3756 3484 3812 claustra

1898 3842 2281 3896 canonicorum
2323 3843 2378 3897 in
2422 3855 2609 3898 nostra
2653 3844 2995 3913 eleemosyna
3033 3846 3479 3904 concederemus.

1899 3929 2009 3985 Nos
2050 3931 2234 4003 itaque
2262 3931 2329 3986 ad
2355 3933 2458 3988 hoc
2501 3933 2905 4002 przevidendum
2955 3942 3011 3987 et
3051 3935 3483 4003 inspiciendum,

1898 4017 2185 4075 Irmionem
2232 4022 2593 4077 venerabilem
2638 4023 2890 4077 abbatem
2938 4032 2991 4077 et
3041 4022 3385 4092 [ngobertum
3428 4035 3486 4081 et

1898 4109 2290 4164 Hartmannum
2313 4112 2506 4166 missos
2527 4117 2741 4166 nostros
2764 4112 3080 4176 direximus,
3102 4112 3193 4181 qui
3220 4114 3323 4168 hoc
3345 4129 3484 4183 prae-

1897 4200 2163 4265 viderent,
2203 4208 2259 4256 et
2275 4200 2429 4270 juxta
2458 4201 2602 4269 quod
2632 4201 2928 4255 necessitas
2965 4200 3033 4254 ad
3057 4202 3305 4255 eamdem
3334 4201 3483 4255 clau-

1898 4296 2104 4344 sturam
2134 4289 2434 4345 faciendam
2456 4291 2725 4361 exigebat,
2760 4291 2825 4345 de
2850 4289 2980 4345 ﬁsco
3000 4298 3186 4346 nostro
3207 4304 3271 4345 ex
3292 4299 3482 4346 nostra

1899 4381 2223 4437 auctoritate
2267 4382 2317 4436 ei
2346 4383 2745 4453 consignarent.
2800 4382 2952 4461 Quod
2981 4383 3057 4435 ita
3096 4390 3153 4437 et
3185 4381 3433 4438 fecerunt
3462 4398 3477 4436 :

219 4487 339 4543 ﬁeri
378 4485 717 4548 censuimus,
749 4497 847 4552 per
889 4480 1030 4550 quod
1062 4479 1400 4550 praecipimus
1430 4488 1591 4548 atque
1639 4478 1795 4547 jube-
1826 4496 1878 4554 υ
1902 4472 1957 4524 id
1982 4479 2083 4535 est,
2110 4472 2175 4525 de
2201 4471 2418 4541 proprio
2444 4471 2575 4526 ﬁsco
2607 4478 2793 4526 nostro
2824 4471 2879 4523 in
2903 4470 3093 4524 eodem
3125 4469 3243 4525 loco
3275 4470 3341 4525 de
3372 4480 3481 4526 ter-

222 4594 345 4634 mus
382 4586 442 4632 ut
478 4576 901 4646 quotiescunque
939 4570 1193 4641 praefatus
1242 4570 1410 4625 abbas
1449 4570 1636 4638 suique
1673 4585 1794 4624 suc-

222 4683 471 4726 cessores
498 4674 552 4720 et
580 4665 762 4721 clerici
785 4664 839 4718 in
864 4662 1053 4717 eodem
1076 4661 1195 4715 loco
1210 4659 1426 4714 Christo
1446 4658 1790 4722 famulantes,

222 4775 321 4830 pro
344 4758 575 4812 utilitate
616 4763 670 4809 et
710 4744 1030 4809 necessitate
1058 4765 1153 4805 sua
1182 4749 1530 4814 sublevanda,
1560 4765 1716 4804 carra
1742 4758 1797 4804 et

224 4848 523 4905 samnatica
573 4843 877 4915 negotiandi
921 4842 1091 4913 gratia
1127 4841 1180 4893 in
1219 4839 1485 4908 quoslibet
1526 4848 1798 4895 mercatus

226 4940 441 5010 imperii
464 4938 761 5002 nostri,aut
787 4937 840 4990 in
861 4943 1045 5005 partes
1073 4931 1304 4987 Austria:
1330 4940 1493 5000 atque
1512 4932 1794 4997 Neustriae,

225 5041 317 5085 aut
350 5028 669 5097 Burgundia:
691 5066 705 5089 ,
756 5032 849 5079 aut
876 5023 1198 5092 Aquitaniae,
1224 5030 1316 5076 aut
1354 5021 1672 5087 Provinciae,
1707 5030 1799 5075 aut

410 5160 425 5185 ,
457 5126 550 5172 aut
574 5124 891 5171 czeterarum
918 5116 1153 5183 partium
1192 5111 1307 5166 loca
1362 5112 1575 5178 imperii
1628 5112 1796 5165 nostri

226 5211 527 5267 direxerint
549 5249 562 5273 ,
594 5207 796 5261 nullum
824 5205 1081 5279 telopium
1111 5206 1179 5258 ab
1221 5203 1305 5257 his
1334 5242 1348 5267 ,
1396 5217 1568 5271 neque
1608 5202 1672 5256 ab
1703 5202 1798 5255 bo-

226 5300 465 5353 minibus
508 5296 599 5366 qui
637 5296 715 5350 eis
757 5301 1037 5362 praesunt,
1109 5307 1210 5345 nec
1269 5290 1642 5359 pontaticum,
1699 5306 1799 5344 nec

226 5388 555 5459 portaticum
577 5426 591 5450 ,
618 5400 719 5439 nec
742 5385 1055 5447 rotaticum,
1090 5396 1190 5436 nec
1221 5381 1611 5449 pulveraticum
1639 5421 1653 5444 ,
1699 5395 1799 5434 nec

229 5478 622 5547 ccspitaticum,
653 5490 752 5530 nec
777 5474 909 5528 alias
934 5472 1341 5535 redhibitiones,
1374 5472 1655 5539 quisquam
1686 5472 1799 5525 exi—

230 5585 375 5642 gere,
393 5576 485 5622 aut
509 5567 743 5636 aliquam
765 5568 842 5621 eis
860 5566 1294 5621 contrarietatem
1320 5572 1411 5616 aut
1434 5562 1797 5617 detentlonem

232 5664 475 5732 ingerere
523 5669 832 5737 pnesumat,
862 5659 955 5713 sed
986 5658 1144 5712 liceat
1170 5656 1249 5709 eis
1277 5668 1372 5723 per
1396 5656 1532 5707 hanc
1558 5661 1795 5707 nostram

232 5753 608 5815 auctoritatem
633 5765 728 5821 per
754 5753 1002 5807 universa
1027 5750 1235 5819 imperii
1264 5748 1431 5803 nostri
1469 5747 1607 5811 loca,
1633 5745 1798 5800 libere

1904 4578 1961 4615 ra
1991 4561 2225 4615 habente
2272 4562 2327 4615 in
2372 4562 2599 4616 circuitu
2633 4561 2868 4631 perticas
2898 4576 3116 4625 LXXXIV,
3147 4574 3247 4615 nec
3288 4575 3395 4615 non
3426 4572 3483 4614 et

1898 4652 1953 4706 in
1979 4651 2167 4707 eodem
2194 4652 2313 4706 loco
2353 4653 2418 4707 de
2458 4651 2588 4708 ﬁsco
2622 4660 2830 4717 nostro,
2868 4664 3027 4719 quem
3079 4648 3478 4704 Weriml'rcdus

1900 4744 1952 4796 in
1983 4742 2305 4797 beneﬁcium
2354 4743 2535 4807 habet,
2576 4742 2813 4811 perticas
2856 4755 3018 4803 xcrx;
3057 4738 3307 4793 similiter
3334 4746 3387 4791 et
3421 4741 3485 4791 de

1899 4831 2029 4886 ﬁsco
2050 4838 2258 4893 nostro,
2290 4845 2449 4899 quem
2474 4829 2799 4891 Hruoculfus
2822 4843 3007 4882 comes
3032 4828 3085 4880 in
3110 4827 3475 4881 ministerium

1900 4920 2085 4985 habet,
2130 4919 2367 4989 perticas
2398 4935 2565 4972 xxxu.
2600 4918 2707 4974 Sed
2734 4928 2796 4973 ut
2823 4919 3050 4973 ﬁrmiter
3078 4919 3269 4973 eadem
3298 4917 3474 4973 eccle-

1898 5012 1977 5066 sia
2026 5021 2079 5065 et
2107 5012 2224 5080 ejus
2270 5019 2508 5064 rectores
2548 5010 2804 5078 prtedicta
2828 5009 2941 5063 loca
2974 5016 3028 5063 et
3071 5009 3307 5063 claustra
3338 5007 3475 5061 dila-

1900 5102 2060 5155 tanda
2103 5110 2158 5156 et
2184 5099 2557 5170 ampliﬁcanda
2592 5100 2854 5169 perpetim
2886 5101 3149 5155 haberent
3195 5099 3277 5153 vel
3306 5100 3481 5168 possi-

1901 5194 2109 5256 derent,
2162 5199 2402 5244 nostram
2432 5191 2811 5244 auctoritatem
2852 5202 3015 5258 super
3066 5190 3170 5244 hac
3200 5202 3258 5243 re
3292 5196 3477 5256 postu-

1899 5282 2049 5345 lavit,
2081 5296 2176 5351 per
2200 5296 2361 5349 quam
2408 5280 2639 5334 ﬁrmiter
2674 5289 2835 5350 atque
2864 5279 3250 5333 inviolabiliter
3277 5278 3477 5334 nostris

1899 5382 1954 5426 et
1980 5372 2176 5426 futuris
2204 5372 2539 5441 temporibus
2568 5371 2620 5423 in
2641 5372 2730 5441 jus
2778 5369 3047 5439 przcdicta:
3076 5369 3320 5424 ecclesia:
3347 5384 3474 5437 per-

1899 5469 2199 5515 manerent.
2252 5459 2418 5529 Cujus
2474 5459 2761 5529 precibus,
2815 5473 2913 5528 pro
2966 5457 3231 5514 mercedis
3276 5465 3476 5513 nostra:

1900 5565 2187 5627 augmento
2215 5566 2267 5611 et
2298 5557 2593 5611 reverentia
2624 5555 2791 5625 ipsius
2848 5555 3019 5610 sancti
3049 5554 3169 5617 loci,
3201 5553 3357 5607 nobis
3381 5568 3472 5607 ac-

1900 5652 2179 5719 quiescere
2220 5649 2396 5712 libuit,
2425 5657 2481 5702 ct
2505 5646 2757 5716 prmfatas
2798 5656 2973 5702 terras
3012 5644 3185 5698 eidem
3233 5644 3471 5697 ecclesia:

1902 5741 2193 5797 secundum
2242 5739 2627 5795 dimensionem
2693 5746 2747 5792 et
2804 5735 3267 5795 .collaterationem
3318 5750 3468 5787 suam
