3936 6332
423 302 555 361 Ν)Ἱὶ

1539 294 1863 359 LUDOVlCl
1905 295 1923 348 ι
1958 287 2427 349 COGNOMENTO
2467 285 2549 341 Ρη

3571 274 3713 329 κ)τέ

419 415 835 491 praesentialiter
879 415 1088 473 tradere
1140 414 1312 468 libuit.
1368 412 1705 483 Quapropter
1759 411 2006 467 volumus
2036 414 2084 473 Α
2111 404 2163 456 in
2206 419 2314 472 quo
2343 414 2527 456 sumus
2566 394 3058 491 auctoreDOminO
3081 392 3385 491 οοηειίξιιιὶ,
3519 389 3712 489 εοάεέξιι

421 521 585 582 atque
620 510 873 579 iubemus
912 516 972 561 ut
1014 521 1113 576 per
1157 507 1297 582 hanc
1328 516 1571 560 nostram
1603 506 2005 567 auctoritatem,

423 603 625 658 nostris
666 600 918 656 videlicet
963 606 1017 653 et
1070 597 1268 652 futuris
1318 598 1676 667 temporibus,
1726 596 2012 667 praedictas

422 704 599 750 terras
637 692 934 748 secundum
982 690 1379 747 dimensionem
1402 698 1458 745 et
1493 689 1955 745 collaterationem
1980 703 2010 741 a

419 783 605 838 missis
656 781 858 836 nostris
910 780 1226 853 dispositam
1281 778 1578 849 praedictus
1609 778 2013 833 Wendilmarus

422 879 709 948 episcopds
731 876 957 946 ejusque
974 887 1338 937 successores,
1362 871 1451 928 vel
1474 871 1825 943 congregatio
1846 868 2017 938 ipsius

424 967 600 1023 sancti
625 965 731 1020 loci
766 964 822 1019 in
853 972 1042 1030 nostra
1063 962 1408 1033 eleemosyna
1430 976 1723 1018 concessas
1754 960 2013 1026 habeant,

424 1063 589 1123 atque
614 1053 737 1123 jure
767 1060 1030 1122 perpetuo
1063 1050 1117 1105 in
1154 1050 1360 1107 ditione
1388 1051 1560 1121 ipsius
1604 1048 1855 1105 ecclesiae
1881 1063 2012 1103 con-

424 1149 645 1213 sistant;
672 1147 748 1201 ita
769 1145 1034 1201 duntaxat
1057 1153 1119 1198 ut
1143 1144 1403 1215 quidquid
1434 1144 1501 1198 de
1525 1143 1641 1213 ipsa
1669 1140 1755 1196 vel
1792 1140 1846 1194 in
1877 1140 2016 1208 ipsa,

424 1239 495 1293 ob
545 1237 835 1291 utilitatem
880 1244 936 1290 et
962 1234 1265 1306 profectum
1292 1234 1462 1304 ipsius
1503 1226 1912 1299 ecclesitn,jure
1938 1244 2023 1285 ec-

426 1329 734 1385 olesiastico
772 1326 955 1382 facere
986 1325 1277 1390 voluerint,
1326 1323 1497 1378 libero
1536 1322 1591 1376 in
1621 1321 1872 1377 omnibus
1898 1333 2022 1389 per-

427 1419 683 1474 fruantur
710 1416 947 1472 «arbitrio
986 1413 1249 1470 faciendi.
1299 1412 1452 1467 Hane
1492 1411 1690 1481 quippe
1731 1408 2025 1464 auctorita-

428 1518 560 1575 tem,
605 1516 666 1562 ut
696 1507 995 1579 pleniorem
1026 1504 1081 1559 in
1120 1503 1215 1559 Dei
1242 1501 1462 1557 nomine
1489 1499 1734 1554 obtineat
1763 1498 2021 1567 vigorem,

429 1604 486 1652 et
514 1612 545 1651 a
572 1595 821 1651 ﬁdelibus
856 1600 1061 1649 sanctae
1110 1592 1207 1646 Dei
1238 1588 1499 1645 Ecclesia:
1527 1602 1592 1641 ac
1613 1585 1820 1641 nostris
1844 1585 2027 1640 verius

428 1686 709 1750 credatur,
755 1690 811 1739 et
852 1682 1165 1752 diligentius
1200 1686 1566 1742 conservetur,
1598 1678 1666 1732 de
1695 1675 1894 1731 annulo
1933 1690 2027 1730 no-

431 1786 548 1833 stro
578 1776 767 1832 subter
790 1774 1056 1845 jussimus
1090 1772 1338 1844 sigillari.

503 1866 838 1929 Roimundus
859 1861 1278 1937 [Faramundus]
1310 1860 1377 1916 ad
1400 1861 1572 1917 vicem
1590 1858 1906 1917 Helisachar
1936 1872 2024 1911 re-

434 1958 708 2029 cognovit.

506 2049 641 2103 Data
685 2063 762 2102 xu
810 2046 929 2101 Kal.
963 2044 1301 2110 Decembris,
1329 2058 1491 2107 anno,
1529 2042 1745 2099 Christo
1770 2040 2025 2111 propitio,

436 2139 655 2209 imperii
700 2137 906 2193 domini
962 2136 1135 2189 nostri
1185 2134 1240 2198 4,
1292 2147 1317 2175 ιι
1372 2133 1665 2190 indictione
1710 2133 1795 2185 ll.
1836 2130 2030 2185 Actum

437 2226 767 2298 Aquisgrani
820 2224 1023 2295 palatio
1073 2223 1221 2293 regio
1272 2223 1327 2276 in
1384 2222 1478 2277 Dei
1511 2221 1728 2277 nomine
1777 2219 2026 2275 feliciter.

442 2317 617 2372 Amen
648 2316 698 2370 δ.

1138 2401 1326 2457 LXXII

913 2509 1011 2549 PRO
1039 2508 1289 2549 ECCLESIA
1320 2506 1581 2547 RHEIENSI

1060 2582 1233 2655 (Anno
1279 2580 1430 2653 817d

475 2676 654 2750 [Apud
776 2676 1062 2797 Bouguetq
1091 2673 1247 2736 ibid.,
1270 2687 1391 2742 pag.
1419 2670 1545 2735 5l0,
1574 2685 1640 2724 ex
1677 2669 1999 2734 Flodoardo,

694 2746 791 2797 lib.
821 2761 858 2797 ιι
941 2754 1029 2797 ist.
1062 2742 1265 2797 Eccles.
1302 2741 1473 2797 Rom..
1505 2756 1624 2797 can.
1658 2738 1789 2797 19.l

694 2746 791 2800 lib.
821 2761 858 2799 tt
886 2738 1029 2798 Hist.
1052 2738 1473 2803 Eccum—Rom"
1505 2756 1624 2810 cap.
1658 2740 1744 2793 19.
1770 2738 1789 2809 ]

500 2859 572 2913 ιιη
614 2858 831 2912 nomine
868 2855 1079 2911 Domini
1126 2854 1223 2909 Dei
1263 2862 1318 2907 et
1361 2851 1661 2906 Salvatoris
1703 2852 1872 2905 nostri
1911 2848 2038 2905 .lesu

444 2948 671 3012 Christi,
694 2946 1020 3011 Ludovicus,
1045 2945 1225 3000 divina
1248 2942 1533 2998 ordinante
1556 2941 1915 3011 providentia,
1945 2940 2040 2993 im-

447 3045 668 3107 perator
691 3034 985 3106 Augustus.

2114 492 2456 547 dominorum
2507 487 2736 542 Domino
2787 484 3043 553 deinceps
3097 480 3529 543 constituendis,
3584 479 3711 547 quia

2114 582 2227 637 Eho
2259 578 2580 635 venerabilis
2603 576 3045 646 archiepiscOpus
3075 572 3399 628 Rbemensis
3428 570 3711 632 Ecclesiae,

2113 682 2169 728 et
2200 670 2654 728 reverentissimte
2684 669 2829 723 sedis
2860 666 3035 723 sancti
3062 665 3296 733 Remigii
3327 661 3714 734 gloriosissimi

2114 761 2390 834 pontiﬁcis
2417 768 2472 816 et
2498 758 2748 830 specialis
2774 758 2985 829 patroni
3009 756 3186 813 nostri
3211 754 3413 825 praesul
3429 795 3451 833 ,.
3471 752 3715 809 elemen-

2117 855 2204 909 tiae
2229 860 2427 908 nostrae
2471 850 2737 915 innotuit,
2784 850 2909 918 quia
2960 847 3243 902 vetustatis
3283 846 3437 901 senio
3473 842 3714 899 contrita

2111 940 2224 1010 jam
2251 943 2407 997 dictae
2448 938 2764 1009 metropolis
2787 939 2941 993 urbis
2966 945 3155 993 sancta
3192 944 3364 991 mater
3389 942 3581 989 nostra
3610 932 3717 987 Ec—

2119 1033 2304 1099 clesia,
2331 1034 2387 1087 in
2414 1034 2620 1088 honore
2642 1038 2843 1087 sanctae
2865 1043 3187 1099 semperque
3212 1026 3439 1104 virginis
3466 1042 3534 1080 ac
3562 1025 3717 1097 geni-

2120 1124 2273 1180 tricis
2303 1123 2483 1178 Marite
2509 1130 2828 1178 consecrata
2849 1163 2863 1187 ,
2913 1121 3191 1175 existeret.
3232 1119 3289 1172 ln
3319 1133 3425 1188 qua
3444 1159 3459 1182 ,
3489 1127 3717 1171 auctore

2121 1212 2265 1277 Deo,
2314 1220 2368 1267 et
2413 1218 2768 1281 coOperatore
2810 1217 3000 1264 sancto
3045 1207 3325 1278 Remigio,
3358 1222 3492 1277 gens
3528 1214 3716 1259 nostra

2122 1299 2478 1364 Francorum,
2508 1314 2631 1354 cum
2657 1299 2933 1367 aequivoco
2960 1307 3147 1351 nostro
3171 1310 3295 1367 rege
3321 1296 3569 1363 ejusdem
3594 1310 3719 1365 gen-

2125 1394 2215 1460 tis,
2251 1382 2399 1449 sacri
2421 1391 2585 1446 fontis
2618 1391 2945 1460 baptismate
2974 1389 3118 1444 ablui
3155 1404 3219 1443 ac
3255 1387 3564 1457 septiformi
3599 1387 3719 1457 Spi-

2126 1482 2263 1537 ritus
2289 1481 2461 1539 sancti
2492 1480 2668 1549 gratia
2714 1478 2972 1533 illustrari
3014 1478 3335 1547 promeruit.
3379 1476 3491 1532 Sed
3518 1487 3577 1531 et
3606 1479 3721 1548 ipse

2128 1590 2222 1629 rex
2249 1572 2618 1627 nobilissimus
2658 1573 2726 1626 ad
2760 1571 2960 1641 regiam
3007 1578 3330 1639 potestatem
3362 1570 3595 1640 perungi
3628 1569 3722 1624 Dei

2129 1666 2413 1723 clementia
2446 1664 2641 1734 dignus
2670 1662 2920 1718 inventus
2948 1659 3068 1715 fuit.
3094 1660 3198 1716 Ubi
3228 1660 3392 1714 etiam
3422 1670 3479 1713 et
3506 1675 3611 1714 nos
3644 1662 3724 1714 di-

2055 1768 2103 1827 B
2130 1755 2253 1809 vina
2283 1754 2593 1825 dignatione
2622 1766 2720 1823 per
2748 1766 2941 1805 manus
2970 1750 3155 1806 domni
3186 1748 3449 1818 Stephani
3484 1747 3721 1803 Romani

2129 1846 2325 1902 summi
2352 1844 2625 1915 pontiﬁcis
2646 1843 2713 1897 ad
2739 1831 2933 1898 nomen
2959 1848 3013 1896 et
3036 1849 3362 1911 potestatem
3386 1840 3725 1910 imperialem

2129 1935 2377 1991 coronari
2406 1935 2723 1989 meruimus.
2749 1932 2919 1999 Quam
2942 1947 3039 2001 pro
3065 1931 3229 1986 tantis
3254 1930 3538 1985 beneﬁciis
3566 1932 3724 1985 nobis

2133 2025 2331 2081 ibidem
2362 2040 2394 2078 a
2428 2024 2540 2078 Deo
2578 2022 2788 2078 collatis
2830 2035 3092 2076 renovare
3132 2021 3411 2090 cupientes
3433 2061 3447 2084 ,
3481 2028 3537 2074 et
3574 2019 3646 2073 ad
3674 2021 3725 2073 id

2134 2115 2539 2185 exsequendum
2568 2113 2672 2169 loci
2702 2112 3194 2167 incommoditatem
3236 2119 3551 2173 cernentes,
3601 2124 3727 2164 con-

2134 2209 2377 2265 cedimus
2401 2207 2467 2262 ad
2494 2208 2596 2261 hoc
2623 2220 2759 2275 Opus
2789 2215 2844 2259 et
2873 2203 2938 2257 ad
2972 2210 3166 2257 caetera
3196 2218 3426 2271 qumque
3468 2217 3569 2269 pro
3608 2215 3725 2255 ser-

2137 2316 2323 2355 vorum
2367 2299 2460 2353 Dei
2508 2298 2704 2352 ibidem
2754 2296 3061 2366 degentium
3099 2294 3523 2349 necessitatibus
3561 2293 3725 2347 :ediﬁ—

2136 2390 2330 2453 canda,
2363 2402 2578 2442 murum
2607 2400 2824 2443 omnem
2853 2400 2975 2439 cum
3000 2385 3173 2453 portis
3203 2383 3374 2453 ipsius
3393 2382 3657 2445 civitatis,
3675 2393 3725 2437 et

2135 2495 2349 2534 omnem
2378 2493 2621 2549 operam,
2656 2492 2779 2531 cum
2805 2466 3014 2531 eunetis
3052 2474 3339 2545 impendiis
3361 2515 3376 2537 ,
3409 2490 3533 2544 qua:
3562 2489 3626 2527 ex
3650 2492 3726 2529 re-

2137 2570 2238 2623 bus
2288 2576 2344 2622 et
2382 2566 2729 2621 facultatibus
2782 2565 2949 2635 ipsius
2994 2564 3238 2619 ecclesia:
3282 2572 3339 2617 ct
3385 2564 3725 2631 episcopatus

2138 2660 2460 2714 Rhemensis
2486 2658 2656 2728 Aquis
2685 2658 2883 2727 palatio
2913 2664 3098 2711 nostro
3134 2656 3283 2726 regio
3328 2656 3518 2726 peragi
3551 2666 3605 2708 et
3638 2672 3724 2708 ex-

2139 2749 2272 2803 solvi
2304 2749 2520 2805 solitum
2552 2748 2746 2813 fuerat,
2774 2748 2825 2801 in
2858 2748 3200 2817 elcemosyna
3241 2746 3499 2799 videlicet
3529 2755 3723 2808 nostra.

2138 2851 2193 2897 et
2226 2857 2327 2913 pro
2357 2842 2598 2896 remedio
2628 2842 2820 2895 anima:
2845 2840 3026 2894 domui
3062 2856 3126 2895 ac
3154 2840 3421 2910 genitoris
3452 2841 3627 2894 nostri
3646 2848 3725 2892 at-

2139 2948 2245 3004 que
2271 2941 2592 2988 cancrorum
2620 2933 3079 3002 praedecessorum
3103 2942 3436 2993 nostrorum,
3476 2933 3568 3000 qui
3590 2948 3727 2986 eunt-

2142 3025 2263 3079 dem
2305 3025 2673 3095 episcopatum
2720 3032 2909 3077 eontra
2953 3023 3180 3077 salutem
3224 3039 3378 3077 suam
3421 3024 3727 3093 aliquan.liu

522 3125 581 3179 Si
630 3123 763 3179 locis
791 3120 1190 3177 venerabilibus
1221 3134 1287 3175 ea
1311 3134 1429 3189 quae
1456 3118 1651 3173 exinde
1690 3133 1718 3171 a
1747 3117 2039 3187 prmdeces—
2066 3114 2110 3175 C
2146 3124 2448 3180 tenuerant,
2476 3125 2528 3169 et
2555 3116 2607 3169 in
2640 3130 2765 3170 suos
2789 3131 2918 3169 usus
2944 3125 3134 3169 contra
3155 3115 3566 3171 ecclesiasticas
3590 3132 3731 3187 regu-

450 3218 666 3272 soribus
696 3215 898 3271 nostris
939 3214 1158 3283 regibus
1189 3211 1272 3265 vel
1303 3209 1721 3280 imperatoribus
1752 3209 1818 3262 ad
1862 3209 2040 3279 reipu-

448 3308 605 3363 blicte
634 3322 766 3362 usus
796 3306 1173 3376 exigebantur,
1212 3303 1461 3373 religiosa
1492 3301 1817 3356 liberalitate
1855 3300 1907 3353 in
1938 3301 2042 3352 uti-

450 3398 698 3453 litatibus
720 3405 775 3452 et
800 3396 1216 3452 necessitatibus
1237 3393 1551 3449 eorumdem
1567 3401 1876 3447 sanctorum
1906 3391 2042 3446 loco-

454 3504 572 3542 rum
597 3486 965 3557 expendendis
1004 3484 1353 3547 remittimus,
1386 3491 1441 3537 et
1470 3482 1705 3536 ﬁdelium
1734 3470 2041 3535 nostrorum

454 3576 832 3631 saluberrimis
873 3590 972 3644 pro
1017 3575 1119 3628 hac
1159 3572 1347 3626 eadem
1398 3587 1457 3625 re
1505 3568 1937 3641 suggestionibus
1981 3585 2046 3623 ac

455 3666 809 3735 petitionibus
831 3665 1126 3733 benignum
1167 3661 1571 3717 commodamus
1600 3674 1898 3723 assensum,
1932 3673 2047 3711 ma-

459 3740 665 3809 ximum
695 3764 749 3808 et
775 3755 970 3808 anima:
998 3760 1221 3815 nostrre,
1254 3759 1309 3805 et
1335 3751 1493 3819 regiae
1522 3765 1585 3803 ac
1608 3763 1775 3816 regno
1802 3747 2048 3816 provide~

458 3861 577 3900 mus
598 3845 943 3899 consultum:
985 3844 1111 3911 quia
1151 3843 1285 3896 nihil
1320 3844 1563 3897 cernitur
1603 3841 1908 3911 reipublicae
1948 3840 2050 3893 im-

459 3934 745 3995 minutum,
780 3932 1041 4001 quidquid
1068 3946 1135 3985 ex
1161 3930 1349 3985 eadem
1384 3930 1658 3999 republica
1689 3929 1792 3998 piis
1818 3929 2046 3991 actibus,

457 4022 669 4076 et'locis
691 4021 977 4090 religiosis,
1009 4034 1071 4074 ac
1093 4019 1449 4075 ecclesiarum
1476 4019 1569 4074 Dei
1592 4020 1935 4082 utilitatibus,
1956 4032 2048 4072 seu

460 4128 736 4166 servorum
769 4112 861 4164 Dei
890 4111 1057 4164 fuerit
1089 4110 1457 4165 commoditati
1486 4110 1770 4164 indultum.
1802 4110 2048 4180 Quapro-

459 4213 581 4272 pter
628 4210 815 4255 notum
859 4215 981 4255 esse
1015 4200 1265 4254 volumus
1314 4200 1567 4253 omnibus
1612 4199 1911 4270 [Ecclesiae]
1957 4200 2052 4254 Dei

462 4293 739 4356 ﬁdelibus,
784 4290 1144 4361 praesentibus
1190 4289 1396 4344 scilicet
1425 4298 1479 4343 et
1517 4289 1745 4352 futuris,
1785 4291 2054 4360 praecipue

464 4396 677 4452 quoque
716 4379 1124 4435 successoribus
1156 4378 1359 4433 nostris
1388 4376 1443 4430 in
1472 4378 1755 4446 potestatis
1786 4378 2048 4443 culmine,

536 4492 842 4617 «blndietio
901 4492 1186 4547 undecima
1247 4490 1548 4546 inchoanda
1607 4507 1637 4545 a
1692 4506 1875 4545 mense
1927 4490 2052 4562 Sep-

536 4578 577 4616 m
621 4580 687 4616 ῐἹ.

469 4564 687 4618 tembri.

540 4634 567 4672 δ
606 4631 688 4686 Ad
716 4646 915 4685 annum
946 4632 1046 4686 817
1097 4629 1334 4685 refertur
1362 4629 1597 4700 diploma
1626 4644 1657 4683 a
1687 4630 1906 4684 Baluzio
1945 4631 2055 4684 vul-

468 4710 653 4771 gatum
684 4709 829 4771 tomo
857 4702 873 4754 l
903 4700 1316 4771 Capitularium,
1346 4714 1471 4771 pag.
1512 4701 1635 4763 59l,
1665 4716 1773 4771 quo
1818 4700 2053 4771 Ludovi-

469 4769 566 4824 cus
596 4770 724 4825 Pius
753 4769 1071 4824 donationes
1111 4769 1366 4823 Ecclesiae
1403 4769 1659 4824 Romanae
1685 4770 1753 4823 ab
1789 4784 1889 4823 avo
1931 4770 2057 4839 Pip-

470 4840 597 4962 p‘ino
630 4849 685 4893 et
734 4856 764 4893 a
791 4839 984 4894 Carolo
1030 4847 1182 4907 patre
1228 4838 1401 4893 factas
1463 4838 1787 4895 conﬁrmare
1835 4838 2051 4893 dicitur.

523 4924 619 4961 aue
668 4908 926 4962 Ludovici
981 4909 1326 4961 donationem
1377 4924 1483 4962 non
1523 4910 1701 4962 minus
1735 4910 2051 4962 commenti-

523 4924 619 4961 aue
668 4908 926 4963 Ludovici
981 4909 1326 4961 donationem
1377 4924 1483 4962 non
1523 4910 1701 4962 minus
1735 4910 2055 4962 commenti-

474 4979 604 5047 tiam
648 4992 811 5047 quam
842 4992 961 5045 quae
984 4976 1339 5047 Constantino
1364 4978 1555 5047 Magno
1578 4975 1870 5047 alﬁngitur,
1907 4986 2059 5046 putat

474 5046 679 5115 Pagius’
694 5048 761 5101 ad
783 5062 869 5099 an.
900 5046 1026 5111 817,
1050 5062 1197 5100 num.
1223 5047 1273 5099 7.
1304 5048 1381 5100 Ex
1408 5046 1485 5100 tot
1506 5048 1669 5111 enim,
1706 5046 1899 5115 inquit,
1924 5048 2061 5102 Pon-

476 5117 712 5170 tiﬁeibus
735 5116 992 5171 Romanis
1018 5116 1108 5184 qui
1133 5116 1269 5168 dona
1292 5132 1320 5169 a
1338 5116 1564 5185 Pippino
1580 5117 1841 5170 etCarolo
1867 5116 2060 5185 Magno

478 5187 621 5240 facta
671 5194 1059 5248 memorarunt,
1103 5185 1279 5239 nullus
1306 5196 1388 5239 est
1418 5186 1509 5253 qui
1541 5186 1848 5240 donationis
1888 5186 2061 5240 Ludo-

478 5255 585 5308 vici
624 5254 702 5308 Pii
733 5254 1071 5317 meminerit;
1105 5255 1229 5323 quia
1262 5269 1454 5323 nempe
1477 5254 1834 5323 justissimum
1863 5256 2064 5309 haben-

480 5336 562 5379 tes
581 5324 792 5377 titulum
824 5338 1004 5377 rerum
1036 5324 1103 5377 ab
1128 5323 1367 5392 Ecclesia
1389 5331 1779 5392 possesSarum,
1811 5325 2060 5378 ﬁctilium

480 5401 870 5461 contempsere.
903 5392 1171 5447 Praeterea
1204 5391 1327 5447 Otto
1355 5391 1466 5447 l’et
1489 5392 1749 5447 Henricus
1778 5392 1798 5446 1
1827 5394 2060 5462 impera—

484 5472 631 5516 tores
654 5461 930 5531 sigillatim
960 5470 1279 5531 enumerant
1304 5477 1421 5529 quae
1458 5462 1715 5531 Pippinus
1740 5471 1795 5517 et
1833 5461 2060 5517 Carolus

484 5530 723 5599 Magnus
746 5530 999 5584 Ecclesiae
1040 5530 1295 5585 Romanae
1326 5530 1633 5601 donarunt,
1683 5546 1855 5600 eaque
1893 5532 2065 5601 diplo-

482 5600 722 5655 matibus
742 5601 855 5654 suis
868 5600 1218 5663 conﬁrmant;
1246 5600 1339 5653 sed
1361 5600 1671 5654 donationis
1689 5600 2063 5655 Ludovicianrc

488 5669 814 5726 mentionem
845 5685 949 5725 non
978 5669 1173 5725 fecere.
1204 5670 1313 5725 Leo
1335 5669 1617 5736 Ostiensis,
1650 5671 1830 5725 szeculi
1856 5671 2059 5725 duode-

2077 4453 2130 4512 D

2147 3207 2224 3260 las
2254 3221 2341 3260 res
2370 3222 2433 3261 ac
2461 3206 2745 3260 facultates
2772 3206 3027 3260 Ecclesia:
3054 3206 3223 3275 ipsius
3252 3208 3659 3274 expenderant;
3682 3221 3732 3263 et

2143 3297 2212 3351 ob
2240 3298 2343 3351 hoc
2370 3296 2567 3360 minus,
2600 3312 2761 3364 quam
2790 3295 3081 3357 debuerat,
3114 3294 3361 3349 utilitatis
3406 3297 3584 3350 sacris
3610 3297 3732 3353 locis

2146 3386 2200 3441 in
2226 3388 2414 3441 eodem
2443 3386 2751 3455 episcopatu
2793 3385 3102 3439 constitutis
3146 3385 3345 3441 exinde
3388 3397 3728 3454 provenerat.

2148 3477 2406 3531 Volumus
2435 3478 2597 3530 etiam
2624 3485 2683 3529 ut
2704 3477 2920 3531 vassalli
2942 3485 2995 3530 et
3020 3477 3333 3546 quicunque
3360 3477 3552 3533 ﬁdeles
3574 3479 3733 3533 nostri

2148 3580 2211 3619 ex
2245 3565 2407 3619 rebus
2428 3564 2669 3632 ejusdem
2701 3565 3043 3633 episcopatus
3070 3562 3273 3633 aliquid
3302 3564 3532 3629 habent,
3571 3567 3735 3619 eidem

2148 3656 2295 3724 operi
2325 3654 2642 3719 inserviant,
2679 3655 2818 3708 sicut
2862 3653 3214 3707 constitutum
3258 3661 3343 3707 est
3379 3667 3410 3705 a
3453 3654 3613 3708 bonae
3642 3670 3738 3707 me-

2149 3749 2337 3803 moria:
2361 3748 2557 3801 domno
2578 3755 2631 3799 et
2658 3746 2899 3815 genitore
2926 3752 3147 3808 nostro;
3188 3753 3243 3798 et
3280 3744 3424 3798 sicut
3464 3745 3737 3798 decretum

2151 3848 2228 3893 est
2262 3856 2291 3893 a
2326 3840 2427 3909 pia:
2467 3837 2859 3893 recordationis
2891 3837 3106 3891 domino
3144 3847 3199 3890 et
3241 3851 3342 3890 avo
3389 3846 3583 3891 nostro
3625 3836 3740 3904 Pip-

2151 3931 2299 4000 pino,
2325 3930 2563 3984 decimas
2582 3938 2637 3983 et
2658 3944 2827 3983 nonas
2850 3928 3023 3982 eidem
3047 3928 3293 3983 ecclesiae
3315 3944 3380 3981 ex
3420 3929 3588 3982 rebus
3613 3943 3740 3996 quas

2152 4020 2275 4073 inde
2308 4018 2529 4079 habent,
2560 4017 2887 4086 persolvant.
2920 4016 3047 4070 Vias
3073 4016 3235 4069 etiam
3259 4016 3509 4083 publicas
3531 4032 3738 4080 omnes,

2152 4130 2271 4182 quze
2292 4114 2432 4169 circa
2458 4116 2700 4169 eamdem
2728 4114 3011 4169 ecclesiam
3041 4112 3263 4174 vadunt,
3282 4120 3335 4164 et
3357 4112 3740 4179 impedimento

2152 4222 2272 4260 esse
2298 4216 2523 4276 possunt
2549 4208 2615 4261 ad
2645 4206 2879 4260 claustra
2912 4215 2965 4259 et
2992 4218 3271 4258 servorum
3304 4203 3395 4256 Dei
3434 4202 3738 4257 habitacula

2155 4298 2536 4359 construenda,
2580 4306 2639 4349 ut
2684 4295 2960 4350 transferri
2992 4304 3155 4363 atque
3197 4295 3475 4348 immutari
3511 4296 3737 4364 possint,

2157 4384 2526 4439 concedimus.
2556 4384 2621 4437 Et
2641 4383 2685 4437 si
2716 4384 2917 4452 aliquid
2938 4383 3012 4436 ibi
3040 4384 3105 4437 de
3128 4383 3257 4437 ﬁsco
3282 4392 3470 4437 nostro
3492 4383 3735 4447 habetur,

2157 4496 2283 4551 cimi
2316 4495 2468 4550 initio
2517 4496 2850 4559 demortuus,
2883 4496 3089 4564 primus
3129 4493 3227 4548 fuit
3263 4496 3353 4561 qui
3398 4496 3518 4564 ejus
3553 4497 3739 4549 memi-

2157 4566 2331 4631 nerit,
2382 4566 2609 4634 ideoque
2661 4581 2766 4619 non
2819 4565 2987 4618 multo
3028 4572 3153 4617 ante
3196 4565 3501 4633 excogitata
3543 4564 3732 4618 fuerat.

2158 4634 2463 4714 Ludovicus
2508 4650 2571 4714 ea
2619 4634 3573 4714 donationencpnceditmaplostolieae
3622 4636 3736 4714 sedi

2158 4704 2361 4757 insulas
2398 4704 2664 4758 Corsicam
2710 4712 2757 4757 et
2789 4703 3094 4758 Sardiniam
3125 4712 3172 4756 et
3203 4701 3443 4757 Siciliam
3476 4703 3572 4756 sub
3614 4706 3736 4757 inte-

2158 4773 2345 4843 gritate
2390 4791 2507 4827 cum
2556 4774 2792 4827 omnibus
2823 4774 3185 4843 adjacentibus
3228 4774 3509 4843 territorii:
3538 4791 3551 4825 τ
3583 4783 3636 4827 et
3662 4783 3735 4826 ta-

2160 4839 2283 4895 inen
2311 4839 2495 4897 Sicilia
2526 4858 2801 4911 nunquam
2853 4839 2906 4895 in
2938 4850 3203 4911 potestate
3229 4842 3407 4895 Caroli
3439 4842 3614 4910 Magni
3644 4858 3734 4897 nec

2161 4926 2536 4967 successorum
2569 4911 2685 4965 fuit.
2736 4912 2977 4980 Denique
3007 4912 3058 4964 in
3095 4926 3155 4964 ea
3194 4912 3483 4980 donatione
3513 4913 3727 4965 Ludovi-

2161 4998 2259 5035 cus
2316 4982 2503 5035 statuit
2545 4990 2624 5049 ut.
2683 4979 2903 5035 mortuo
2938 4979 3192 5047 pontiﬁce
3256 4979 3520 5043 Romano,
3581 4996 3728 5049 quem

2162 5066 2352 5106 omnes
2378 5047 2604 5104 Romadi
2633 5050 2914 5119 elegerint,
2944 5050 3061 5120 sine
3087 5050 3266 5119 aliqua
3304 5047 3651 5120 ambiguitate
3680 5058 3731 5103 et

2164 5120 2591 5173 contradictione
2632 5135 2784 5173 more
2828 5118 3090 5173 canonico
3118 5118 3487 5173 consecretur.
3518 5120 3584 5171 Et
3621 5135 3728 5171 eum

2165 5198 2497 5243 consecratus
2546 5189 2727 5257 fuerit,
2772 5188 2968 5257 inquit,
2999 5186 3154 5256 legati
3182 5189 3249 5241 ad
3278 5204 3369 5241 nos
3396 5188 3472 5241 vel
3511 5190 3578 5240 ad
3616 5204 3729 5239 suc-

2166 5274 2392 5311 cessores
2434 5255 2637 5310 nostros
2679 5273 2821 5325 reges
2850 5255 3205 5310 Francorum
3264 5257 3579 5325 dirigantur,
3628 5266 3723 5309 etc.

2168 5325 2319 5391 Quod
2366 5341 2573 5380 merum
2616 5334 2980 5379 commentum
3027 5333 3129 5390 est,
3159 5341 3304 5387 cum,
3333 5328 3448 5392 ipso
3478 5326 3727 5379 Ludovico

2166 5395 2263 5449 Pio
2289 5396 2521 5459 vivente,
2564 5395 2834 5464 Eugenius
2855 5395 2896 5448 Il
2940 5409 3075 5464 papa
3102 5395 3167 5448 ad
3205 5395 3613 5464 postulationem
3637 5394 3725 5464 Lo-

2168 5463 2331 5517 tharii
2373 5464 2583 5533 imperii
2609 5462 2816 5531 paterni
2868 5462 3084 5533 collega:
3135 5463 3386 5517 statuerit
3428 5462 3724 5532 utpontilex

2166 5532 2459 5587 Romanus
2479 5550 2581 5586 non
2613 5532 3095 5587 consecretnr‘nisi
3129 5534 3178 5585 in
3218 5535 3505 5601 praesentia
3545 5534 3726 5601 legato-

2168 5618 2288 5655 rum
2319 5603 2677 5683 imperialium
2710 5620 2720 5655 :
2753 5604 2893 5671 quod
2936 5611 3045 5656 toto
3085 5604 3185 5656 hoc
3215 5602 3414 5657 szeculo
3443 5612 3496 5657 et
3525 5600 3650 5655 ultra
3674 5600 3721 5651 in

2167 5687 2267 5726 usu
2294 5672 2527 5742 positum
2570 5672 2688 5725 lunt.
