3936 6356
245 444 391 503 1073

1380 444 1775 501 DIPLOMATA
1813 443 2371 513 ECCI.ESIASTICA.

3366 448 3506 505 16ηῶ

241 573 350 628 per
402 559 504 613 hoc
548 563 745 613 nostra:
801 556 1137 613 auctoritatis
1191 567 1517 628 prteccptum
1569 567 1829 630 perpetuo
1855 560 1903 618 Δ
1932 558 2200 626 quondam
2248 554 2493 612 locellum
2545 554 2941 629 nuncupantem
2991 547 3144 613 Stilla
3177 570 3231 624 ε,
3282 564 3425 629 quod
3473 581 3505 619 a

243 663 405 719 aeque
416 649 780 715 concedimus,
795 657 855 703 ut
872 650 1049 705 nullus
1063 648 1249 717 iudex,
1271 664 1477 715 comes,
1496 659 1589 704 aut
1612 650 1829 715 missus,

244 742 369 798 sive
396 743 588 813 aliquis
613 759 679 799 ex
694 742 981 814 iudiciaria
1011 747 1279 813 potestate
1306 741 1469 794 ullam
1496 742 1621 795 inde
1655 741 1829 796 eidem

245 842 458 888 sanctae
482 833 575 887 Dei
600 833 869 903 praedicue
896 831 1188 885 Rhemensi
1222 829 1466 885 ecclesirc
1505 827 1830 899 inquietudi-

239 937 377 977 nem
407 931 499 976 aut
532 922 701 976 ullum
724 920 1015 977 calumnia:
1040 920 1479 989 impedimentum
1508 914 1708 974 inferre
1737 934 1831 972 un-

238 1022 412 1080 quam
432 1019 755 1079 przcsumat:
786 1010 1134 1065 obsecrantes
1162 1023 1502 1065 successores
1528 1017 1744 1065 nostros
1772 1017 1832 1063 ut

239 1099 438 1155 salutis
465 1115 575 1155 sua:
604 1112 890 1162 memores,
920 1098 1203 1168 praesentis
1237 1098 1446 1153 scilicet
1481 1108 1539 1153 et
1578 1106 1824 1163 aeternae;

238 1205 518 1245 memores
541 1189 704 1244 etiam
738 1186 1122 1242 beneﬁciorum
1155 1202 1275 1256 quae
1304 1186 1459 1242 nobis
1487 1195 1542 1240 et
1564 1186 1710 1263 genti
1734 1201 1831 1241 no-

238 1287 377 1334 stra:
402 1295 466 1335 ac
488 1278 975 1349 praedecessoribus
996 1277 1197 1331 nostris
1220 1277 1273 1329 in
1295 1276 1483 1331 eodem
1504 1286 1691 1332 sancto
1710 1277 1829 1333 loco

236 1385 346 1441 per
372 1372 587 1426 beatum
614 1370 921 1441 Remigium
948 1368 1159 1423 meritis
1196 1376 1396 1423 sanctae
1421 1367 1600 1422 Mariae
1633 1368 1827 1423 collata

238 1470 406 1528 sunt;
448 1463 586 1517 sicut
610 1476 707 1516 sua
734 1461 873 1515 bene
898 1469 1047 1530 gesta
1075 1473 1104 1512 a
1125 1458 1238 1512 suis
1258 1458 1664 1513 successoribus
1698 1473 1826 1513 con-

236 1555 452 1610 servari
479 1552 767 1617 voluerint,
798 1552 871 1605 ita
913 1564 1032 1620 qum
1059 1565 1158 1621 pro
1184 1564 1368 1604 amore
1398 1550 1491 1604 Dei
1520 1565 1585 1605 ac
1625 1557 1827 1604 sancta:

235 1643 363 1715 ejus
407 1642 684 1713 genitricis
732 1656 795 1695 ac
841 1640 984 1695 beati
1025 1640 1350 1710 protectoris
1381 1640 1550 1694 nostri
1595 1638 1824 1709 Remigii

234 1733 499 1804 smpefato
539 1741 726 1788 sancto
768 1732 887 1787 loco
916 1730 1273 1796 contulimus,
1314 1738 1576 1800 perpetuo
1605 1730 1825 1784 inviola-

234 1822 426 1879 biliter
453 1839 775 1879 conservare
804 1831 1115 1892 procurent.
1148 1822 1215 1875 Et
1239 1830 1299 1875 ut
1334 1822 1449 1876 hmo
1468 1830 1667 1876 nostrae
1696 1836 1824 1876 con-

1932 649 2088 719 longo
2128 658 2367 718 tempore
2407 662 2505 718 per
2546 648 2983 705 conﬁrmationes
3030 666 3215 720 regum
3253 652 3508 720 praedicta

1930 739 2172 808 possidet
2199 738 2447 800 ecclesia,
2478 746 2718 793 rectores
2740 738 2910 808 ipsius
2937 740 3181 795 ecclesia:
3215 756 3339 796 cum
3361 740 3509 809 judi-

1930 827 2084 881 cibus
2106 827 2378 897 regalibus
2404 828 2711 882 habuerant
2730 828 3101 894 intentionem,
3120 838 3174 885 et
3194 830 3511 900 praedictum

1930 917 2109 973 locum
2137 932 2234 988 per
2253 917 2369 973 loca
2399 918 2765 983 denominata,
2798 918 2853 972 id
2880 928 2982 984 est,
3004 934 3103 989 per
3140 921 3285 993 regia
3315 930 3508 985 strata,

1930 1021 2049 1076 qua:
2075 1008 2251 1077 pergit
2273 1022 2435 1076 super
2458 1008 2713 1073 rivulum,
2737 1007 2831 1078 qui
2859 1008 3055 1063 dicitur
3086 1008 3239 1064 Stilla
3270 1010 3288 1049 τ
3302 1053 3316 1077 ,
3347 1026 3513 1081 super

1927 1109 2055 1150 casa
2077 1095 2382 1150 Ruminaldi
2407 1105 2451 1160 ε,
2473 1097 2665 1151 deinde
2684 1096 2775 1150 ubi
2800 1097 2997 1151 dicitur
3016 1097 3435 1167 Paphinisnaida
3457 1102 3507 1161 ιι.

1929 1185 2053 1239 inde
2074 1192 2246 1240 totum
2265 1195 2496 1240 montem
2522 1188 2613 1257 qui
2630 1196 2855 1243 vocatur
2868 1188 3246 1261 Arlegisbergo
3275 1194 3320 1256 ί,
3336 1208 3510 1262 usque

1929 1274 2020 1329 ubi
2065 1275 2270 1331 rivulus
2308 1276 2483 1346 surgit
2523 1278 2615 1347 qui
2660 1279 2860 1333 dicitur
2886 1279 3045 1334 Hasla
3077 1277 3092 1330 ἱ
3127 1298 3141 1346 ;
3184 1282 3375 1336 deinde
3412 1284 3502 1337 ubi

1930 1363 2144 1419 Wichia
2168 1366 2193 1405 ¹ι
2220 1366 2412 1437 surgit,
2444 1382 2618 1435 usque
2648 1383 2755 1436 quo
2783 1370 2837 1423 in
2870 1370 3070 1426 Brusca
3112 1371 3127 1409 ι
3166 1372 3505 1443 ingreditur;

1930 1453 2051 1507 inde
2078 1454 2272 1508 iterum
2296 1470 2396 1524 per
2416 1455 2571 1526 longa
2597 1457 2822 1523 Brusca,
2850 1474 3018 1528 usque
3039 1460 3164 1514 dum
3189 1459 3343 1514 Stilla
3364 1461 3510 1518 intus

1929 1542 2261 1613 ingreditur,
2296 1544 2364 1598 ad
2406 1554 2614 1615 partem
2656 1547 2925 1615 praedicta:
2966 1549 3208 1604 ecclesia:
3246 1551 3511 1618 acquisie-

1928 1644 2090 1699 runt;
2141 1642 2196 1689 et
2250 1636 2479 1692 domnus
2522 1646 2577 1691 et
2634 1639 2847 1708 genitor
2900 1650 3084 1695 noster
3121 1656 3219 1711 per
3266 1644 3508 1698 eamdem

1927 1727 2310 1782 auctoritatem
2347 1729 2414 1783 ad
2444 1729 2612 1798 ipsam
2646 1731 2827 1785 sedem
2852 1733 3161 1800 perenniter
3201 1734 3267 1786 ad
3306 1734 3511 1789 haben-

1927 1818 2053 1872 dum
2077 1818 2441 1875 conﬁrrnaret.
2476 1820 2544 1875 Et
2564 1820 2885 1890 deprecatus
2905 1831 2989 1879 est
3010 1832 3069 1877 ut
3088 1833 3373 1892 paternum
3395 1840 3511 1879 mo-

233 1914 504 1969 cessionis
531 1915 829 1968 auctoritas
876 1927 975 1981 per
1011 1910 1191 1965 futura
1236 1919 1477 1981 tempora
1514 1912 1568 1965 in
1607 1913 1699 1966 Dei
1728 1928 1820 1967 no-
1851 1914 1897 1972 B
1925 1924 2039 1965 rem
2090 1920 2378 1981 sequentes
2421 1920 2605 1966 nostra
2653 1913 3102 1969 conﬁrmaremus
3151 1914 3507 1979 auctoritate,

234 2005 387 2059 mine
420 2004 719 2074 pleniorem
746 2004 989 2059 obtineat
1015 2002 1289 2057 ﬁrmitatis
1329 2003 1589 2073 vigorem,
1636 2004 1817 2057 annuli

235 2097 414 2152 nostri
445 2097 801 2168 impressione
825 2094 1216 2166 subtersignari
1248 2094 1603 2150 decrevimus.

913 2203 1144 2260 LXXIII.

597 2308 621 2337 ³
654 2310 756 2351 Ριιο
781 2309 1033 2351 εοοιιεειλ
1061 2308 1470 2358 ΔΒΟΕΝΤῙΝΕΝΒΗ

855 2384 1028 2457 (Anno
1050 2383 1200 2455 817.)

234 2476 417 2550 [Apud
438 2477 778 2542 Grandidier,
818 2475 960 2550 Hist.
1000 2476 1063 2530 de
1093 2474 1258 2550 ﬂigi.
1289 2475 1355 2550 de
1389 2473 1594 2529 Strasb.
1620 2516 1633 2541 ,
1663 2476 1815 2545 prob.

745 2556 877 2601 tom.
905 2546 948 2600 ll
969 2586 984 2611 ,
1006 2560 1127 2615 pag.
1161 2544 1307 2616 165.]
1578 2564 1588 2579 -

311 2633 369 2689 In
394 2634 611 2690 nomine
634 2633 843 2690 Domini
863 2640 917 2687 et
935 2631 1233 2687 Salvatoris
1251 2633 1423 2686 nostri
1445 2630 1573 2687 Jesu
1593 2631 1816 2697 Christi,

236 2721 544 2779 Ludovicus
590 2723 771 2779 divina
816 2721 1099 2777 ordinante
1147 2721 1486 2791 providentia
1528 2721 1820 2792 imperator

235 2810 532 2882 Augustus.

308 2899 446 2956 Cum
473 2901 821 2970 petitionibus
848 2915 1129 2957 servorum
1152 2900 1247 2955 Dei
1263 2900 1521 2970 justis,et
1540 2914 1818 2957 servorum

235 2991 336 3048 Dei
366 2992 394 3032 ιι
416 2992 830 3047 rationabilibus
850 2992 1016 3047 divini
1039 2993 1215 3050 cultus
1242 3008 1425 3049 amore
1450 2992 1708 3055 favemus,
1736 3008 1818 3046 su-

232 3099 404 3155 perna
428 3098 526 3139 nos
546 3084 719 3155 gratia
747 3084 944 3138 muniri
982 3100 1089 3139 non
1128 3084 1452 3139 dubitamus.
1486 3084 1689 3139 Idcirco
1723 3099 1815 3138 no-

234 3172 377 3227 verit
413 3173 653 3228 omnium
693 3172 924 3228 ﬁdelium
969 3182 1280 3229 nostrorum
1320 3181 1426 3258 tam
1472 3175 1812 3243 praesentium

1922 2001 2065 2069 quod
2086 2002 2159 2055 ita
2187 2016 2287 2055 nos
2314 2000 2506 2057 fecisse
2530 2003 2769 2057 omnium
2808 2003 3044 2059 ﬁdelium
3078 2012 3387 2059 nostrorum
3419 2019 3511 2059 eo-

1920 2098 2143 2160 gnoscat
2165 2091 2448 2146 industria.
2465 2092 2848 2162 Praacipientes
2862 2108 2991 2164 ergo
2998 2092 3274 2161 iubemus,
3291 2102 3351 2149 ut
3367 2094 3511 2152 sicut

1924 2182 1976 2235 in
2003 2194 2275 2253 praecepto
2300 2184 2483 2239 domni
2515 2193 2569 2239 et
2595 2186 2858 2256 genitoris
2886 2186 3060 2241 nostri
3087 2188 3426 2253 continetur,
3455 2200 3511 2245 ct

1923 2274 2176 2342 prasdicta
2200 2275 2429 2330 ecclesia
2454 2277 2713 2337 moderno
2743 2284 2988 2348 tempore
3021 2278 3291 2347 possidet,
3314 2279 3387 2334 ita
3413 2281 3509 2337 de-

1922 2360 2104 2431 inceps
2128 2363 2331 2434 absque
2353 2364 2514 2423 ullius
2537 2365 3125 2436 impedimentoteneat
3152 2376 3316 2437 atque
3338 2370 3509 2438 possi-

1921 2451 2159 2516 deat,.et
2186 2454 2450 2524 quidquid
2476 2455 2540 2509 de
2564 2456 2681 2525 ipso
2711 2456 2794 2509 vel
2821 2456 2874 2510 in
2904 2457 3020 2526 ipso
3044 2465 3284 2513 rectores
3314 2460 3523 2529 prazdi-A

1921 2548 2021 2595 ctaa
2046 2540 2189 2595 sedis
2210 2541 2278 2595 ob
2305 2542 2592 2599 utilitatem
2623 2551 2677 2598 et
2698 2542 2999 2613 profectum
3029 2544 3197 2614 ipsius
3221 2545 3398 2601 facere
3423 2548 3507 2601 vel

1912 2628 2159 2697 judicare
2179 2633 2473 2698 .volucrint,
2493 2632 2616 2701 jure
2636 2632 3007 2690 ecclesiastico
3030 2637 3357 2704 perennibus
3382 2645 3509 2692 tem-

1918 2720 2140 2788 poribus
2164 2721 2335 2776 libero
2376 2723 2654 2790 potiantur
2681 2723 2911 2787 arbitrio
2937 2714 3187 2800 faciendi.
3232 2724 3357 2780 llaec
3381 2741 3507 2781 vero

1921 2813 2240 2879 auctoritas,
2283 2823 2342 2868 ut
2373 2813 2665 2868 ﬁrmiorem
2697 2815 2749 2869 in
2777 2816 2870 2870 Dei
2899 2816 3119 2869 nomine
3157 2815 3402 2871 obtineat
3428 2820 3506 2873 vi-

1918 2917 2122 2972 gorem,
2152 2912 2207 2957 et
2231 2918 2260 2957 a
2290 2903 2534 2959 ﬁdelibus
2559 2914 2761 2960 sanctae
2804 2906 2897 2960 Dci
2940 2906 3195 2962 Ecclesiae
3222 2916 3276 2963 et
3307 2912 3507 2966 nostris

1916 2994 2097 3049 verius
2121 2995 2373 3048 credatur
2401 3002 2455 3049 et
2478 2995 2787 3065 diligentius
2809 3006 3176 3063 conservetur,
3201 3015 3361 3054 manu
3381 3016 3504 3070 pro—

1915 3084 2032 3152 pria
2063 3085 2249 3140 subter
2274 3083 2609 3139 ﬁrmavimus
2630 3126 2644 3149 ,
2686 3094 2740 3139 et
2783 3086 2965 3139 annuli
2997 3088 3165 3142 nostri
3199 3101 3236 3127 τη
3274 3091 3503 3160 impres-

1917 3171 2069 3227 sione
2096 3172 2296 3243 signari
2315 3172 2574 3240 jussimus
2599 3183 2646 3225 ιι.

233 3276 400 3331 quam
429 3271 485 3316 et
511 3261 813 3317 futurorum
861 3262 1145 3328 industria,
1197 3262 1323 3331 quia
1353 3247 1451 3316 'vir
1493 3262 1815 3318 venerabilis
1841 3247 1885 3309 (ἶ
1991 3261 2215 3332 Signum
2245 3262 2862 3323 Ludoviciserenissimi
2896 3267 3255 3335 imperatoris.

231 3350 477 3408 Adaloch
503 3350 996 3421 Argentoratensis,
1027 3336 1140 3405 sive
1177 3350 1619 3426 Strazburgensis
1643 3352 1813 3406 eccle—

234 3441 332 3497 siae
357 3449 583 3496 vocatus
601 3441 910 3511 episcopus,
940 3455 1059 3509 qua:
1078 3448 1162 3495 est
1187 3448 1492 3496 constructa
1528 3442 1581 3496 in
1609 3442 1814 3497 honore

233 3538 441 3587 sanctze
470 3530 567 3584 Dei
594 3529 871 3598 genitricis
894 3543 1212 3599 semperque
1238 3531 1463 3598 virginis
1492 3530 1695 3595 Marize,
1725 3533 1815 3587 de-

234 3618 360 3673 tulit
378 3618 655 3673 obtutibus
674 3619 877 3673 nostris
892 3629 914 3656 ο
934 3619 1216 3686 quamdam
1235 3620 1610 3675 auctoritatem
1632 3622 1812 3675 domui

232 3716 292 3762 et
336 3707 598 3779 genitoris
640 3707 811 3762 nostri
853 3706 1031 3762 Caroli
1074 3708 1227 3762 bona:
1268 3711 1542 3764 memoriae
1586 3711 1811 3779 piissimi

235 3797 469 3869 Augusti
516 3795 567 3861 ά,
603 3796 658 3851 in
702 3811 808 3866 qua
857 3797 1234 3852 continebatur
1280 3800 1539 3855 insertum
1582 3800 1813 3869 qualiter

309 3963 337 3991 α
359 3948 475 4004 Hoc
496 3948 729 4019 diploma
753 3948 1001 4004 mutilum
1017 3957 1195 4004 exstat
1212 3949 1350 4019 apud
1369 3948 1811 4015 Guillimaunum,

234 4022 303 4075 de
332 4018 601 4097 Episcop;
613 4018 834 4089 Argent.
863 4019 1147 4097 pagg-318;
1183 4018 1490 4097 Gelu-tium,“
1519 4021 1570 4074 in
1616 4019 1810 4075 Annal.

235 4087 536 4145 ecclésiast.
561 4087 781 4158 Fran'c.,
808 4088 1057 4158 tom.Vll,
1082 4104 1201 4158 pag.
1232 4088 1356 4153 258i,
1379 4096 1434 4143 et
1455 4090 1810 4158 Bouquetum,

236 4160 293 4214 in
336 4158 598 4226 Scriptor.
625 4157 752 4211 Ber.
792 4157 1063 4222 Francic.,
1091 4157 1222 4213 tom.
1256 4158 1344 4222 Vl,
1372 4173 1490 4227 pag.
1522 4158 1813 4227 505.1nte-

273 4243 393 4282 rum
418 4242 561 4291 vero,
594 4228 687 4282 sed
722 4227 1042 4295 quibusdam
1082 4229 1137 4281 in
1165 4226 1296 4282 locis
1325 4237 1656 4295 corruptum,
1700 4226 1814 4281 edi-

273 4245 393 4282 rurn
418 4245 561 4291 vero,
594 4245 687 4282 seu
722 4245 1042 4295 quinusuam
1082 4245 1137 4281 in
1165 4245 1296 4282 IOCIS
1325 4245 1656 4295 corruptum,
1700 4245 1813 4281 eul-

233 4245 433 4352 ﬁerunt
458 4295 644 4351 Gallia:
667 4296 867 4353 Christ.
910 4298 1178 4360 editores,
1221 4306 1349 4349 tom.
1378 4294 1419 4347 V
1448 4296 1590 4349 inter
1615 4296 1813 4349 instru-

236 4374 441 4430 menta,
457 4381 578 4435 pag.
600 4366 724 4430 462,
746 4374 800 4435 et
821 4364 1200 4435 Schoepﬁinus,
1222 4364 1660 4435 Alsatadiplomq
1679 4373 1810 4435 tom.

237 4435 291 4495 l,‘
310 4450 431 4507 pag.
460 4432 555 4499 65,
582 4450 741 4507 ηιηῃ.Δ
757 4433 847 4498 81,
874 4435 965 4499 qui
986 4432 1137 4507 illud
1163 4449 1271 4507 aere
1310 4432 1539 4487 incisum
1571 4433 1751 4507 tabula
1780 4434 1814 4488 8

240 4502 970 4584 repra'zsentavnit..Sincerum
1001 4504 1089 4557 hic
1117 4518 1184 4557 ex
1212 4502 1329 4573 ipso
1356 4503 1691 4572 autographo
1721 4504 1811 4558 de-

233 4572 496 4639 scriptum
525 4572 828 4626 referimus.

309 4643 336 4682 δ
360 4641 486 4724 Haec
511 4643 758 4724 repetitio
778 4657 1050 4724 servorum,
1065 4641 1162 4721 Dei
1183 4648 1361 4724 exstat
1387 4641 1440 4695 in
1467 4641 1698 4710 ipsomet
1720 4657 1811 4696 au-

239 4712 525 4834 tographo,
545 4711 775 4792 forsitan
800 4711 1020 4791 incuria_
1035 4711 1332 4778 scriptoris.
1437 4779 1449 4790 .

310 4794 331 4820 ο
363 4780 404 4835 ll
427 4788 589 4835 ustrts
614 4780 780 4834 abbas
804 4778 1127 4833 Godefrtdus
1148 4780 1211 4833 de
1232 4779 1412 4833 Bessel
1436 4796 1488 4832 In
1515 4794 1614 4834 suo
1648 4779 1813 4841 Chro-

237 4851 361 4905 nico
385 4849 730 4911 Gotwicensi,
757 4857 886 4902 tom.
923 4848 961 4911 l,
995 4862 1117 4916 pag.
1151 4846 1240 4911 76,
1281 4863 1346 4902 ex
1391 4849 1491 4902 hac
1534 4850 1729 4904 usitata
1757 4850 1810 4904 in

237 4918 476 4987 antiquis
519 4918 904 4987 imperatorum
934 4917 1313 4985 diplomatibus
1350 4917 1579 4971 formula
1626 4918 1809 4972 detulit

238 4986 500 5043 obtutibus
530 4986 719 5041 nostris
746 4996 1023 5057 praecepta,
1053 4992 1168 5057 sive!
1199 4988 1535 5057 auctoritates
1569 4999 1809 5057 anteces-

236 5074 413 5114 sarum
441 5055 766 5121 nostrorum,
796 5064 1021 5109 conatur
1057 5055 1287 5123 probare
1302 5055 1416 5123 jam
1447 5055 1588 5111 nono
1614 5056 1809 5111 saeculo

237 5127 529 5184 constituta
560 5124 726 5181 fuisse
767 5122 1072 5193 imperialia’
1106 5122 1407 5179 Germaniae
1443 5126 1660 5179 archiva
1682 5164 1697 5189 ,
1740 5142 1805 5179 ex

237 5197 435 5275 quibus
468 5195 695 5275 allegata
724 5194 1018 5275 diplomata
1056 5193 1283 5275 ‘fuerunut
1325 5194 1657 5275 deprompta.
1702 5194 1808 5275 Sed

238 5261 356 5322 haec
387 5279 492 5317 non
515 5261 807 5333 probantur
837 5277 903 5333 ex
928 5261 1182 5332 praedicta
1204 5261 1454 5333 formula,
1479 5261 1606 5333 quin
1629 5264 1809 5332 potius

238 5332 574 5389 demonstrat
597 5333 723 5387 talia
751 5332 1035 5402 diplomata
1059 5346 1166 5385 non
1192 5332 1488 5402 exiscrinio
1519 5332 1808 5402 imperato-

239 5404 503 5472 rum,rsed
525 5416 592 5456 ex
613 5403 743 5472 ipsis
766 5400 1113 5472 ecclesiarum
1137 5400 1413 5472 tabulariis
1436 5400 1803 5472 eruta’fuisse.

308 5471 551 5541 (Exstat
572 5469 686 5525 haéc
711 5470 1013 5541 auctoritas
1034 5470 1147 5523 sive
1168 5470 1401 5539 diploma
1428 5469 1604 5541 Cpaproli
1634 5471 1811 5541 Magni

239 5540 308 5612 de
332 5540 420 5594 die
441 5542 671 5612 septima
712 5538 1019 5612 Μιξςείῇηῖἶό
1045 5538 1418 5612 εῃριζδ-,Μηωα
1451 5539 1538 5603 65,
1566 5555 1685 5612 pag.
1724 5538 1810 5597 'ch

241 5606 584 5678 {Patrolojiw
605 5620 744 5663 tomo
765 5606 858 5678 XC
877 5606 1004 5678 VU,
1029 5607 1128 5661 col.
1157 5608 1301 5677 926).

315 5688 341 5716 ο
373 5676 1264 5750 Ηοᾴἰοῌνὶοᾳ-δ-διίιιηΟοηδιιίδιιιυν
1296 5688 1433 5734 noue
1471 5680 1709 5750 prtetlicti
1735 5681 1813 5735 di-

244 5746 493 5818 plomgtis
514 5746 694 5818 Caroli
712 5746 914 5818 Magni.

321 5814 341 5857 ί
372 5814 595 5879 Rivulus
619 5816 774 5872 hodie
796 5814 1005 5889 quoque
1029 5816 1199 5872 dictus
1226 5814 1367 5872 Still.

1987 3353 2273 3407 Durandus
2301 3353 2562 3407 diaconus
2589 3361 2613 3387 ο
2646 3354 2713 3407 ad
2737 3355 2908 3408 vicem
2952 3354 3267 3410 llelisachar
3295 3368 3320 3406 P
3350 3373 3501 3414 recoo

1916 3444 2071 3515 gnovi
2101 3452 2156 3498 et
2178 3444 2494 3514 subscripsi.

1986 3536 2120 3591 Data
2144 3550 2176 3587 v
2199 3534 2463 3589 Kalendas
2488 3533 2833 3604 Septembres
2850 3576 2864 3600 ,
2895 3549 3059 3601 anno,
3082 3535 3298 3591 Christo
3320 3539 3499 3608 prepi-

1917 3626 2015 3689 tio,
2044 3626 2203 3679 tertio
2226 3626 2438 3694 imperii
2462 3626 2643 3681 domni
2673 3626 2928 3681 Ludovici
2956 3627 3184 3696 piissimi
3227 3628 3455 3697 Augusti
3479 3671 3492 3694 ,

1915 3716 2205 3771 indictione
2228 3717 2455 3771 decima.
2492 3716 2687 3770 Actum
2731 3717 3054 3788 Aquisgrani
3090 3718 3293 3786 palatio
3324 3721 3491 3790 regio,

1913 3802 1966 3855 in
1990 3802 2084 3858 Dei
2110 3804 2327 3859 nomine
2353 3803 2601 3869 feliciter,
2626 3804 2796 3861 Amen
2834 3816 2882 3859 ct.

1989 3959 2012 3996 8
2042 3955 2207 4013 Vicus
2237 3957 2443 4012 Urmat.

1986 4027 2013 4065 ιι
2045 4026 2219 4098 Locus
2244 4028 2475 4098 ignotus.

1992 4098 2007 4135 ί
2045 4095 2430 4165 Ηεὶιίθεῂὺενθ.

1988 4174 2000 4212 J
2044 4163 2210 4218 Rivus
2239 4163 2422 4217 Hasel.

1987 4233 2011 4271 ιι
2043 4231 2267 4287 Rivulus
2295 4233 2465 4287 Wiclt.

1996 4301 2007 4339 ¹
2048 4301 2267 4357 Fluvius
2289 4302 2541 4356 Brusche.

1984 4383 2023 4410 ω
2051 4370 2178 4427 Haec
2202 4372 2364 4426 verba
2385 4373 2567 4426 annuli
2599 4377 2762 4429 nostri
2791 4376 2843 4429 in
2877 4376 3186 4432 authentico
3224 4388 3494 4437 vetustate

1914 4448 2036 4496 sunt
2065 4456 2240 4495 erasa.

1988 4508 2272 4566 “Adnotat
2319 4510 2604 4587 Theganus
2644 4511 2708 4564 ad
2729 4527 2827 4587 ap.
2862 4515 3001 4587 βυ,
3044 4530 3163 4587 cap.
3212 4517 3308 4587 [0,
3352 4520 3494 4587 apud

1838 4575 1891 4643 D
1917 4580 2270 4648 Bouquetum,
2296 4575 2547 4651 tomJYl,
2579 4595 2701 4651 pag.
2729 4581 2827 4645 76,
2862 4575 3193 4639 Ludovicum
3228 4575 3494 4643 Pium-re-

1919 4664 2145 4726 novasse
2173 4649 2361 4726 omnia
2389 4648 2686 4726 diplomata
2722 4652 2966 4709 ecclesiis
3006 4670 3264 4726 concessa
3295 4672 3326 4710 a
3357 4672 3492 4726 prac-

1918 4718 2300 4799 decessoribus
2321 4719 2459 4799 suis,
2485 4734 2603 4788 quae
2627 4720 2733 4789 ipse
2765 4737 2925 4776 manu
2963 4725 3177 4793 propria
3218 4742 3336 4779 cum
3357 4718 3494 4780 ’σιώ-

1916 4789 2195 4857 scriptione
2224 4789 2500 4840 roboravit.
2964 4789 2972 4793 ’
3060 4789 3068 4793 ’

1991 4863 2016 4934 9
2048 4855 2334 4934 Durandus
2357 4857 2738 4934 diaconusfuit
2761 4860 3014 4934 Ludovici
3046 4861 3152 4934 Pii_
3150 4864 3493 4934 imperatoris

1918 4926 2160 5048 'ri‘tliltarligs
2197 4927 2297 4981 sub
2330 4926 2664 4981 cancellariis
2695 4928 3069 4996 Helisachare,
3113 4926 3399 5004 Fridugiso
3436 4944 3492 4990 et

2001 5010 2066 5048 eo
2126 5010 2211 5048 ne.

2001 5004 2211 5049 θοιθηθ.

1991 5075 2019 5113 p
2063 5064 2419 5141 ﬂetisacbar,_
2443 5067 2558 5141 sive
2596 5064 2873 5141 Elisacha‘r
2912 5067 3013 5123 fuit
3055 5070 3245 5126 ordine
3283 5072 3492 5141 primus

1920 5134 2270 5209 cancellarius
2301 5133 2562 5209 Isttdovici
2600 5136 2721 5209 Pii,
2746 5137 3020 5209 multaque
3054 5133 3301 5208 prostant
3332 5141 3492 5209 hujus

1920 5203 2269 5280 imperatoris
2283 5203 2595 5280 diplomata,
2612 5203 2813 5280 quibus
2832 5207 2920 5280 ille
2933 5203 3272 5280 subscripsit.
3298 5203 3491 5280 Appel-

1918 5272 2150 5358 lat‘ur‘ab
2178 5272 2508 5358 liginhardo-
2524 5284 2584 5358 et
2605 5272 2889 5358 Agohardp
2924 5272 3185 5358 presbyter
3204 5279 3273 5331 'et
3289 5272 3489 5358 gibbus;

1918 5342 2146 5418 abbatis:
2175 5342 2319 5418 enim
2341 5345 2511 5398 sancti
2538 5342 2812 5418 Maximini
2836 5342 3168 5418 Trevirentas
3195 5342 3489 5418 multisque

1916 5411 2329 5483 aliis‘cmnobiis
2348 5427 2410 5483 ea
2434 5423 2591 5468 aetate
2616 5415 2827 5483 praefuit
2854 5416 3008 5470 titulo
3040 5415 3270 5472 abbatis.

1985 5490 2014 5566 ft
2306 5482 2478 5566 hujus
2504 5479 2821 5566 diplomatis
2842 5500 2940 5553 per
2984 5486 3484 5566 longa‘temporum

1911 5548 2195 5619 intervalla
2222 5548 2575 5619 deperditum
2592 5563 2713 5619 est;
2754 5548 2882 5608 olim
2918 5570 3043 5609 vero
3068 5548 3329 5610 cxs‘tantis
3358 5566 3486 5610 nota

1914 5627 2156 5692 remanet
2180 5618 2239 5692 in
2256 5618 2568 5692 membrana
2598 5618 2924 5692 nigricante,
2973 5634 3027 5677 et
3067 5625 3391 5678 decussatim
3427 5626 3484 5680 in

1914 5687 2091 5808 crtlicis
2120 5690 2345 5747 modum
2363 5691 2528 5747 incisa
2547 5732 2562 5757 ,
2603 5687 2829 5748 rc'vulsis
2858 5694 3102 5748 incisum:
3129 5703 3359 5763 quatuor
3388 5710 3484 5751 an-

1914 5772 1977 5808 zu
2003 5772 2067 5808 is.

1910 5772 2067 5826 gulis.
