3936 6332
519 361 653 417 f075

1191 479 1419 536 LXXIV.

975 583 1076 623 PRO
1110 584 1448 626 IONASTERIO
1476 587 1519 626 S.
1552 588 1728 629 GALLI.

1148 660 1321 731 (Anno
1353 661 1504 734 817.)

579 749 758 825 [Apud
780 753 1062 824 Neugart.,
1089 752 1270 808 Codex
1301 754 1696 822 Alemannictts,
1723 773 1846 829 pag.
1878 758 2026 831 163.]

573 865 634 918 In
674 865 891 920 nomine
938 865 1148 920 Domini
1181 865 1276 921 Dei
1322 875 1378 922 et
1423 867 1723 925 Salvatoris
1759 871 1928 926 nostri
1967 871 2095 927 Jesu

503 953 730 1020 Christi,
764 953 1068 1011 Ludovicus
1096 955 1276 1011 divina
1305 957 1590 1013 ordinante
1619 959 1961 1028 providentia
1996 959 2097 1014 im-

500 1055 723 1114 perator
754 1045 1051 1117 Augustus,
1083 1048 1334 1102 omnibus
1368 1049 1656 1104 comitibus
1695 1050 1941 1120 partibus
1971 1051 2096 1106 Ala-

500 1137 754 1201 manniae,
785 1151 880 1192 seu
913 1138 1319 1193 successoribus
1354 1147 1514 1208 atque
1535 1131 1843 1208 junioribus
1875 1143 2089 1209 vestris,

497 1226 583 1281 vel
613 1228 865 1282 omnibus
901 1227 1149 1283 ﬁdelibus
1175 1229 1394 1293 nostris,
1424 1237 1609 1284 notum
1629 1230 1700 1284 sit
1728 1231 1851 1300 quia
1890 1232 2095 1302 placuit

497 1317 654 1373 nobis
678 1332 779 1386 pro
805 1319 1042 1373 remedio
1069 1317 1264 1373 anima:
1292 1328 1511 1385 nostras,
1541 1327 1596 1374 et
1615 1327 1832 1375 aeternae
1857 1322 2091 1376 retribu-

499 1409 661 1464 tionis
693 1408 949 1470 l'ructum,
979 1408 1310 1463 monasterio
1351 1408 1408 1463 S.
1444 1407 1606 1473 Galli,
1631 1409 1774 1478 quod
1798 1418 1882 1464 est
1924 1410 2090 1466 situm

495 1499 551 1553 in
572 1513 711 1569 pago
735 1498 1071 1569 Durguowm,
1103 1499 1194 1552 ubi
1217 1497 1556 1553 Gauzbertus
1579 1500 1902 1555 venerabilis
1921 1501 2089 1556 abbas

493 1598 708 1658 prmest,
767 1595 822 1643 et
843 1589 1249 1659 congregationi
1278 1589 1444 1657 ipsius
1476 1589 1791 1644 monasterii
1817 1590 2087 1658 quoddam

490 1694 716 1748 censum
738 1679 805 1734 de
825 1687 1012 1749 supter
1040 1680 1255 1750 scriptis
1275 1680 1500 1744 mansis,
1533 1679 1661 1735 illud
1681 1682 1823 1751 quod
1843 1684 2088 1752 partibus

491 1771 751 1824 comitum
788 1770 940 1825 exire
975 1769 1205 1836 solebat,
1240 1771 1386 1825 salva
1417 1780 1600 1826 tamen
1634 1771 1932 1840 iunctione,
1965 1789 2086 1843 quae

1651 368 1975 431 LUDOVIGI
2013 372 2032 426 1
2072 371 2542 433 COGNOMENTO
2578 377 2661 432 ΡΠ

2131 499 2181 556 Α
2207 504 2453 545 mansum
2513 491 2826 560 Hniieperti,
2874 501 2928 549 et
2969 510 3217 551 mansum
3256 497 3492 555 Ilerirati
3529 504 3596 557 de
3649 505 3785 559 Tan-

3653 389 3785 444 1076

2199 579 2528 651 ninghouum
2553 590 2576 629 .'
2605 581 2707 636 :de
2743 583 3046 640 ministerio
3082 587 3315 643 Odalrici
3367 594 3584 648 comitis
3635 612 3785 652 man-

2198 684 2319 722 sum
2361 669 2595 726 Bihwini
2644 673 2712 727 de
2758 672 2952 729 Stetim
2984 685 3006 711 ι
3034 676 3100 730 de
3151 676 3467 735 Mavacdorf
3486 695 3544 722 ιε
3579 688 3784 742 mansis

2196 759 2475 817 lsamberti
2507 803 2523 828 ,
2552 770 2606 817 et
2634 763 2946 832 Ruadberti,
2987 775 3044 822 et
3085 767 3392 838 Ruatbaldi,
3441 781 3497 829 et
3549 776 3779 840 Arnolti,

2195 859 2252 905 et
2275 867 2523 907 mansum
2537 853 2798 909 Walberti
2813 855 2880 910 de
2893 855 3123 912 Fisbacb
3142 859 3223 924 δι’,
3241 868 3298 915 et
3325 877 3577 919 mansum
3606 866 3782 922 Theo-

2195 944 2392 997 tramni
2408 946 2472 1000 de
2495 945 2859 1003 Cblustumon
2885 959 2965 1013 σε,
2989 964 3108 1019 qua:
3123 949 3258 1006 fiunt
3283 952 3442 1006 simul
3468 970 3638 1020 mm,
3664 957 3780 1010 nul-

2195 1032 2305 1111 lum
2335 1049 2554 1089 censum
2587 1043 2677 1088 aut
2710 1037 2993 1103 tributum,
3037 1047 3132 1092 aut
3168 1054 3353 1109 opera,
3379 1042 3468 1096 vel
3500 1054 3779 1108 aratur-as,

2194 1132 2286 1178 aut
2321 1126 2456 1181 alias
2494 1127 2762 1196 quaslibet
2798 1129 3103 1186 functiones
3138 1132 3353 1202 exigere
3394 1143 3494 1188 aut
3524 1145 3779 1192 exaaare

2191 1216 2554 1284 praesumatis,
2593 1218 2688 1273 sed
2709 1219 2848 1274 sicut
2877 1236 2975 1275 nos
3001 1221 3055 1275 in
3079 1230 3264 1276 nostra
3285 1223 3631 1296 eleemosyna
3653 1240 3777 1279 con-

2192 1307 2475 1371 cessimus,
2533 1308 2605 1362 ita
2649 1320 2908 1378 perpetuo
2949 1322 3225 1367 maneant.
3273 1313 3382 1368 Has
3410 1330 3546 1369 vero
3580 1327 3776 1371 nostra:

2192 1401 2532 1455 auctoritatis
2558 1401 2785 1466 litteras,
2807 1411 2866 1457 ut
2891 1403 2959 1457 ab
2983 1404 3234 1458 omnibus
3258 1405 3450 1460 melius
3485 1407 3772 1461 credantur

2191 1498 2352 1560 atque
2391 1501 2804 1558 conserventur,
2834 1492 2901 1548 de
2939 1494 3142 1550 annulo
3171 1504 3378 1557 nostro.
3409 1497 3602 1552 subter
3616 1495 3771 1565 jussi-

2188 1597 2309 1637 mus
2335 1581 2576 1653 sigillari.

2257 1671 2544 1730 Durandus
2566 1673 2830 1729 diaconus
2857 1674 2926 1728 ad
2947 1675 3120 1730 vicem
3143 1675 3464 1732 Helisacbar
3489 1677 3767 1748 recognovi

2186 1769 2242 1816 et
2261 1762 2577 1832 subscripsi.
3430 1756 3434 1758 Ὗ

490 1869 602 1918 tam
631 1877 698 1917 ex
723 1879 967 1926 censum,
992 1878 1155 1933 quam
1182 1879 1249 1918 ex
1284 1865 1565 1930 tributum,
1594 1865 1677 1920 vel
1711 1866 1816 1920 alia
1846 1867 2086 1936 qualibet
2112 1853 2159 1911 B
2258 1851 2391 1907 nam
2426 1854 2601 1922 Pridie
2627 1853 2810 1910 Nonas
2838 1853 3045 1921 lunias:
3085 1873 3228 1912 ³ηηο
3263 1856 3482 1913 (Ππίδιο
3517 1859 3768 1928 ΡΡοΡίίίον

488 1967 549 2007 re
568 1952 1022 2022 partibuspalatii
1044 1953 1216 2006 nostri
1243 1953 1395 2008 exire
1427 1955 1646 2019 debent,
1684 1969 1782 2024 per
1815 1955 1955 2011 hanc
1989 1972 2085 2011 no-

486 2032 673 2100 stram°
687 2045 1064 2099 auctoritatem
1110 2045 1430 2100 concedere.
1459 2045 1527 2099 Et
1552 2053 1837 2116 pr0pterea
1859 2048 1958 2102 bas
1987 2063 2084 2103 no—

484 2148 611 2194 strze
659 2140 1084 2210 praescriptionis
1148 2139 1361 2194 litteras
1427 2140 1688 2210 praedicto
1749 2141 2082 2196 monasterio

484 2233 713 2304 ejusque
741 2233 1148 2303 congregationi
1201 2231 1319 2287 ﬁeri
1354 2230 1640 2301 iussimus,
1662 2247 1760 2301 per
1797 2247 1934 2302 quas
1961 2248 2079 2289 om-

484 2326 643 2381 nibus
679 2325 836 2381 vobis
871 2325 1215 2396 przecipimus
1251 2333 1311 2379 ut
1348 2325 1415 2380 de
1443 2324 1648 2380 mansis
1695 2325 2080 2389 denominatis,

480 2419 587 2475 hoc
631 2425 758 2474 est:
791 2418 846 2472 in
887 2417 1192 2472 ministerio
1240 2416 1518 2471 Frumaldi
1564 2415 1781 2470 comitis
1828 2431 2075 2469 mansum

481 2509 738 2566 Weisarii
763 2509 818 2564 in
847 2507 1184 2578 Huntingun,
1215 2520 1240 2548 ι
1271 2517 1326 2562 et
1352 2506 1626 2562 Puadonis
1658 2506 1711 2559 in
1735 2505 2015 2577 Chenigun
2046 2507 2072 2546 ι)

479 2611 536 2658 et
583 2603 636 2658 in
692 2601 997 2656 ministerio
1035 2599 1336 2655 Cunthardi
1374 2598 1590 2653 comitis
1637 2597 1704 2652 ad
1750 2596 1998 2668 Pisingas
2047 2609 2068 2636 ο

481 2708 728 2750 mansum
745 2693 968 2747 Tatonis
997 2690 1352 2755 et-Cuatonis,
1377 2699 1431 2744 et
1455 2704 1707 2744 mansum
1728 2688 1987 2755 Geilonis,
2021 2698 2074 2742 ct

479 2800 726 2841 mansum
755 2783 1032 2849 Gozberti,
1056 2792 1109 2837 ct
1144 2792 1392 2838 manSnm
1426 2781 1708 2844 Wolfonis,
1740 2793 1795 2837 et
1822 2798 2072 2838 mansum

478 2877 750 2933 Altmanni
775 2894 790 2944 ;
815 2878 867 2930 in
898 2876 1199 2931 ministerio
1227 2874 1557 2930 Karamanni
1588 2873 1800 2930 comitis
1823 2876 1890 2929 ad
1914 2874 2073 2929 Scer-

478 2970 662 3040 zingas
685 2967 710 3007 ἀ
738 2967 942 3022 mansis
966 2966 1126 3020 Atoltl
1154 2974 1204 3022 et
1229 2966 1534 3032 Liutboldi;
1571 2966 1639 3019 ad
1668 2964 2027 3035 Swanningas
2046 2977 2068 3004 ο

478 3075 727 3114 mansum
772 3059 1029 3122 Liubolti,
1062 3066 1117 3112 et
1151 3059 1219 3113 ad
1249 3058 1624 3113 Wilarcsbach
1662 3058 1678 3096 τ
1717 3059 1921 3112 mansis
1961 3058 2069 3131 Ba-

477 3152 596 3206 tolti
635 3160 690 3206 et
742 3150 1025 3229 Herigeri:
1080 3151 1218 3205 etin
1278 3151 1581 3206 ministerio
1629 3149 1926 3205 Hhuadarii
1977 3165 2069 3205 c0-

2186 1952 2384 2013 quarto
2415 1943 2628 2013 imperii
2655 1945 2838 2002 domni
2864 1946 3117 2002 Ludovici
3147 1949 3375 2018 piissimi
3406 1951 3663 2020 Augusti,
3687 1951 3763 2005 in-

2183 2031 2418 2089 dictione
2451 2035 2517 2090 lO
2543 2034 2623 2088 δά.
2650 2036 2845 2092 Actum
2895 2037 3222 2109 Aquisgrani
3259 2041 3463 2111 palatio
3493 2043 3668 2114 regio,
3714 2044 3764 2097 in

2183 2123 2281 2178 Dei
2315 2125 2531 2181 nomine
2570 2125 2803 2181 feliciter
2842 2128 3035 2183 Amen.

2871 2242 3082 2298 LXXV.

2622 2346 2721 2385 PRO
2756 2346 2930 2385 EODEI
2971 2347 3328 2389 IONASTBRIO.

2797 2422 2971 2493 (Anno
3004 2423 3153 2494 818.)

2393 2519 2396 2526 ’
2463 2511 2639 2584 [Apud
2667 2513 2948 2585 Neugart.,
2973 2516 3127 2582 ibid.,
3155 2532 3279 2588 pag.
3313 2517 3464 2590 169.]

2247 2603 2303 2656 In
2356 2605 2572 2658 nomine
2618 2605 2826 2658 Domini
2859 2605 2951 2660 Dei
2983 2614 3032 2660 et
3092 2606 3395 2662 Salvatoris
3422 2611 3590 2663 nostri
3636 2610 3756 2665 Jcsu

2177 2691 2410 2758 Christi,
2459 2693 2785 2760 Ludovicus,
2830 2696 3011 2750 divina
3058 2697 3346 2752 ordinante
3399 2700 3746 2768 providentia,

2177 2781 2470 2851 imperator
2496 2781 2790 2854 Angustus.

2245 2871 2377 2927 Cum
2409 2874 2542 2929 locis
2572 2876 2753 2930 divino
2797 2875 2961 2931 cultui
3015 2879 3336 2949 mancipatis
3368 2881 3619 2951 quiddam
3649 2881 3744 2935 lar-

2175 2965 2398 3034 gitionis
2444 2975 2644 3020 nostra:
2692 2983 2917 3021 munere
2967 2969 3239 3039 quippiam
3285 2973 3650 3036 conferimus,
3696 2975 3743 3028 id

2175 3056 2327 3109 nobis
2357 3064 2408 3109 et
2433 3057 2499 3108 ad
2523 3055 2876 3111 stabilitatem
2907 3058 3114 3127 imperii
3154 3067 3348 3126 nostri,
3381 3071 3437 3117 et
3457 3063 3521 3116 ad
3543 3073 3746 3118 mternz

2174 3146 2296 3199 \itm
2321 3147 2599 3215 prmmium
2626 3150 3014 3217 capessendum
3041 3149 3380 3219 profuturum
3417 3153 3620 3223 liquido
3639 3170 3742 3209 cre-

480 3243 631 3298 mitis
649 3245 674 3284 8
703 3241 771 3296 ad
789 3219 1082 3316 Teiningas
1104 3242 1129 3281 ιι
1164 3243 1372 3297 mansis
1397 3242 1698 3307 Amalonis,
1723 3241 2066 3306 etGerbarti,
2096 3209 2140 3270 Ο
2173 3237 2370 3290 dimns.
2419 3236 2650 3293 Proinde
2678 3247 2865 3293 notum
2922 3256 3049 3296 esse
3071 3241 3317 3297 volumus
3349 3246 3589 3298 omnium
3625 3245 3740 3300 [ide-

475 3342 529 3387 et
550 3333 843 3398 Luitharii,
870 3341 926 3388 et
945 3331 1255 3398 Wolfoerti,
1298 3342 1352 3387 et
1380 3332 1588 3388 Nilonis
1613 3351 1648 3398 ;,
1680 3334 1748 3388 ad
1779 3332 2015 3402 Filingas
2046 3333 2060 3371 ί

475 3423 680 3477 mansis
708 3423 944 3477 Witonis
968 3433 1022 3479 et
1055 3423 1364 3490 Heimonis;
1397 3425 1465 3479 ad
1508 3422 1834 3479 Nordstetim
1863 3421 1876 3472 i
1915 3437 2068 3476 man-

474 3529 592 3569 sum
618 3513 810 3570 Otonis
830 3521 882 3569 et
911 3513 1231 3584 Reginkeri;
1258 3515 1323 3569 ad
1351 3513 1577 3568 Forrum
1600 3514 1627 3552 ιι
1661 3529 1904 3568 mansum
1932 3513 2068 3566 Pru-

474 3604 619 3673 ningi
655 3605 713 3658 'et
739 3603 1021 3674 Waningi;
1049 3605 1116 3660 ad
1145 3604 1498 3674 Speicbingas
1525 3603 1541 3642 ι
1573 3620 1819 3659 mansum
1852 3603 2066 3658 Ottonis

471 3704 526 3752 et
574 3698 944 3761 Waramanni,
986 3709 1042 3752 et
1091 3697 1403 3762 Adalmari;
1438 3698 1506 3752 ad
1552 3697 1815 3751 Tanhcim
1844 3707 1882 3735 ιη
1913 3711 2064 3751 man-

474 3808 596 3846 sum
648 3792 908 3847 Tuatonis
947 3811 958 3845 :
992 3793 1047 3845 in
1089 3791 1395 3845 ministerio
1455 3790 1823 3860 ErchangariL
1848 3789 2062 3844 comitis

473 3901 723 3940 mansum
759 3884 1085 3940 Ruadleozzi
1112 3883 1179 3939 de
1209 3881 1470 3937 Heimbak
1503 3893 1552 3946 η,
1584 3891 1640 3936 et
1663 3897 1911 3936 mansum
1934 3880 2063 3934 Fre-

473 3977 605 4032 hotﬁ
640 3977 704 4031 de
734 3976 1043 4030 Talahusun
1075 3983 1099 4009 ο
1121 3983 1176 4027 et
1211 3975 1416 4044 Otgarii
1438 3975 1503 4028 de
1528 3973 1806 4027 Puahhcin
1840 3984 1896 4037 P;
1925 3980 1978 4025 et
2006 3972 2058 4023 in

469 4066 774 4121 ministerio
801 4065 1037 4120 Rihwini
1058 4075 1085 4114 ς
1103 4064 1318 4119 comitis
1341 4079 1587 4118 mansum
1611 4062 1830 4117 Snizolti
1848 4061 1913 4116 de
1928 4061 2062 4115 Ilut—

470 4155 740 4210 tinvillare
770 4166 816 4221 τ,
867 4170 1116 4210 mansum
1154 4152 1442 4209 Gundwini
1473 4155 1536 4208 de
1575 4151 2002 4207 Chezzinvillarc
2035 4162 2054 4188 ³

469 4247 612 4299 inter
650 4245 932 4299 Kiselmari
963 4254 1016 4299 et
1062 4245 1294 4299 Facconi
1322 4259 1566 4299 mansum
1607 4259 1791 4306 unum,
1827 4251 1884 4296 ct
1909 4258 2058 4295 man-

468 4352 588 4390 sum
619 4335 898 4405 Roatperti
940 4336 1007 4390 de
1026 4335 1457 4390 Lancbasalachi
1496 4337 1536 4398 ί,
1569 4343 1625 4389 et
1674 4334 1808 4387 duos
1837 4348 2056 4386 mansos

468 4427 534 4481 de
557 4426 830 4481 Zillcslata
859 4439 908 4493 υ,
939 4435 995 4481 et
1023 4441 1270 4482 mansum
1299 4425 1576 4491 Amalrici,
1602 4433 1656 4479 et
1685 4423 1961 4477 Balduvini
1990 4421 2056 4476 de

2171 3325 2301 3380 lium
2332 3336 2642 3383 nostrorum
2659 3330 3007 3400 prresen'tium
3037 3339 3091 3386 et
3115 3331 3422 3389 futurorum
3444 3337 3732 3406 sagacitati.

2168 3417 2292 3485 quia
2336 3418 2420 3470 vir
2461 3420 2787 3475 venerabilis
2829 3421 3169 3478 Gauzbertus
3214 3424 3386 3480 abbas
3437 3427 3744 3481 monasterii

2167 3508 2340 3562 sancti
2369 3507 2530 3575 Galli,
2554 3511 2694 3580 quod
2725 3519 2811 3566 est
2835 3512 2998 3565 situm
3030 3513 3082 3566 in
3116 3528 3254 3585 pago
3284 3514 3737 3587 Durguowc,sug-

2165 3600 2333 3667 gessit
2375 3610 2572 3655 nostra:
2596 3603 2905 3668 serenitati,
2936 3619 3001 3658 eo
3040 3607 3181 3673 quod
3211 3606 3434 3675 quidam
3466 3607 3626 3663 homo
3654 3624 3737 3660 no-

2165 3691 2311 3745 mine
2338 3692 2654 3763 kingrimus
2679 3694 2807 3748 olim
2864 3710 2960 3763 per
3004 3704 3304 3751 stramenta
3335 3697 3644 3752 chartarum
3672 3698 3736 3751 le-

2163 3781 2356 3850 galiter
2393 3782 2708 3837 tradidisset
2751 3785 3012 3853 quasdam
3062 3799 3150 3839 res
3179 3787 3530 3856 proprietatis
3559 3803 3662 3842 sua!
3687 3790 3734 3842 in

2161 3876 2450 3942 praesentia
2487 3875 2746 3930 nobilium
2777 3877 3016 3932 virorum
3048 3919 3062 3943 ,
3116 3895 3237 3949 quae
3282 3889 3411 3934 sunt
3465 3881 3521 3934 in
3560 3881 3733 3935 eodem

2161 3979 2315 4033 pago,
2345 3966 2677 4021 monasterio
2702 3967 2788 4020 cui
2810 3967 2945 4036 ipse,
2971 3976 3193 4023 auctore
3209 3970 3342 4034 Deo,
3359 3971 3614 4040 prmlatus
3638 3981 3730 4034 est,

2160 4063 2214 4108 et
2241 4057 2536 4110 secundum
2565 4056 2734 4125 legem
2759 4058 3077 4112 vestituram
3105 4058 3401 4128 legitimam
3427 4061 3728 4129 praedictum

2160 4147 2440 4202 babuissct
2477 4149 2886 4202 monasterium.
2935 4147 3041 4203 Sed
3099 4151 3224 4205 dum
3265 4151 3558 4220 praedictus
3610 4153 3729 4207 lsin~

2158 4237 2364 4307 grimus
2392 4239 2625 4294 inﬁdelis
2656 4239 2811 4294 nobis
2842 4241 3119 4305 existeret,
3153 4250 3210 4296 et
3248 4242 3303 4295 in
3332 4243 3522 4297 eadem
3551 4243 3725 4297 inﬁde-

2159 4328 2308 4383 litate
2335 4331 2672 4396 interfectus,
2703 4347 2789 4386 res
2816 4334 3084 4402 proprias,
3119 4350 3255 4402 quas
3291 4335 3558 4401 habebat,
3607 4337 3726 4391 ﬁsco

2159 4421 2394 4476 reductae
2432 4430 2586 4476 sunt:
2615 4423 2867 4477 similiter
2900 4435 2956 4478 et
3013 4425 3169 4487 istas,
3199 4443 3337 4496 quas
3379 4427 3577 4483 dudum
3607 4429 3726 4499 legi-

471 4516 767 4581 llcbinhow
795 4527 842 4584 ',
869 4527 925 4573 et
950 4534 1197 4572 mansum
1225 4517 1478 4572 Puwonis
1507 4516 1573 4570 de
1593 4515 1900 4568 lﬁnwiltarc
1930 4527 1976 4578 ι,
1999 4524 2052 4567 et
2077 4542 2130 4601 Β
2158 4511 2289 4565 timo
2328 4513 2517 4568 ordine
2553 4513 2808 4582 prmdicto
2845 4515 3138 4569 tradiderat
3193 4521 3553 4584 monasterio,
3604 4520 3725 4576 ﬁsco

539 4680 566 4742 ξ
607 4668 949 4742 ῌοιιάἰηθεη,
972 4687 1142 4741 prope
1164 4669 1781 4742 arcemiFurstenbergh.

538 4738 568 4778 δ
600 4736 897 4812 (Ξᾳῃὶηρὲη,
921 4736 1121 4812 ἱηόειῤ.
1153 4757 1266 4812 rur.
1299 4741 1616 4808 Wurmh'ng.

540 4819 564 4896 ξ
604 4809 879 4896 ξὶᾑηάςη,
895 4813 1037 4893 inter
1052 4809 1347 4896 Bablin-gcn
1364 4819 1612 4866 etarcem
1628 4809 2043 4864 Hohcnzollern.

536 4877 564 4919 δ
597 4877 972 4951 S‘cher'zingen,
1008 4882 1060 4935 in
1093 4887 1206 4948 cap.
1235 4877 1428 4951 Ebing.

543 4959 567 5020 9
614 4947 984 5020 δριιωεηὶἱιθεη
1004 4993 1016 5016 ,
1049 4952 1114 5005 ad
1141 4947 1285 5003 Nicri
1307 4947 1502 5013 fontes,
1529 4966 1696 5020 prope
1741 4949 2025 5020 Villingcn.

542 5017 558 5056 ί
616 5017 969 5074 Weilersbdch
981 5062 996 5084 ,
1017 5022 1158 5075 inter
1173 5020 1457 5075 Rotwilam
1474 5017 1749 5075 etdic‘tum
1772 5017 2045 5088 oppidum.

539 5090 566 5128 ⁸
604 5088 714 5154 AL,
740 5089 1037 5144 Ruadharii
1057 5108 1188 5143 com.

537 5161 565 5198 ιι
609 5157 938 5229 Ϊαρηὶηςεη,
963 5175 1152 5214 versus
1191 5159 1631 5215 Fami-Montem.

548 5231 564 5299 ξ
617 5225 841 5299 Yflh'ngé
875 5230 1151 5299 oppidum,
1180 5239 1234 5284 et
1265 5231 1415 5284 vicus
1442 5230 1616 5284 Haud.

539 5296 554 5347 i
607 5296 968 5368 Uordstetteit,
995 5315 1160 5368 prope
1187 5299 1348 5368 Horb.

542 5369 568 5407 ι
612 5366 913 5434 Pforheim,
941 5366 1010 5423 ad
1042 5366 1341 5424 Danubium
1373 5370 1514 5423 inter
1553 5385 1731 5425 arcem
1754 5371 1998 5426 \Varten.

544 5437 572 5522 lg
608 5436 978 5522 ﬂcio/tinget},
998 5441 1053 5522 in
1082 5441 1267 5522 comit.
1302 5439 1676 5510 Hochenberg.

538 5519 578 5547 ιη
619 5507 872 5562 Tan/acim
907 5509 985 5565 dit
1015 5509 1196 5563 Furst.

539 5588 564 5615 ο
610 5576 934 5649 [leimbacln
985 5595 1151 5649 prope
1191 5579 1440 5634 Dorbnan
1482 5579 1757 5649 oppidum.

540 5655 564 5682 ο
605 5647 923 5712 Tltalausen,
949 5647 1097 5702 infra,
1117 5649 1398 5704 Rotwilam
1430 5652 1496 5704 ad
1519 5647 1758 5702 Nicrum.

541 5727 566 5766 ιτ
605 5718 868 5783 Bacchea,
907 5720 1178 5784 Burheim,
1205 5722 1346 5788 quod
1373 5736 1494 5774 cum
1537 5723 1747 5773 exteris
1769 5719 1897 5772 locis
1921 5719 2045 5773 bac-

471 5796 624 5842 t.;nus
672 5791 951 5844 recensitis
979 5790 1047 5844 ad
1087 5798 1319 5845 veterem
1358 5789 1856 5845 Bcrtlioldesbai'am
1909 5791 2046 5847 refc-

2159 4675 2350 4744 rimus,
2407 4675 2484 4728 uti
2531 4682 2588 4728 et
2635 4673 2864 4728 comites
2904 4673 3278 4744 Frumoldmn,
3338 4673 3722 4744 Cuntbardum,

2159 4743 2579 4815 Karamannum,
2597 4744 2987 4815 Rbuadatjum,
3012 4751 3067 4815 et
3097 4743 3537 4815 Ercbangarium.

2227 4825 2252 4862 α
2297 4813 2586 4878 Rihwinus,
2614 4827 2798 4868 comes
2826 4812 3128 4882 Turgovize.

2233 4894 2253 4920 τ
2296 4882 2486 4936 Uzweil
2515 4899 2581 4953 ap
2593 4883 2842 4953 Toggios.

2229 4965 2249 4991 ιι
2303 4953 2578 5006 Kesweilen
2608 4953 2660 5007 in
2687 4953 2848 5022 Turg.

2230 5026 2248 5060 ί
2290 5022 2673 5092 Landschlacht
2699 5023 2968 5092 parocbize
3006 5023 3204 5077 Altnau
3235 5025 3305 5079 ib.

2223 5105 2250 5174 tt
2305 5091 2605 5174 .Z'illschlact
2625 5091 2900 5174 parocbize
2928 5092 3221 5174 Sitterdorf
3251 5095 3328 5150 ib.

2223 5172 2247 5200 τ
2299 5161 2550 5226 Hennau,
2588 5161 2739 5218 vicus
2782 5178 2905 5217 cum
2955 5162 3187 5218 ecclesia
3226 5169 3447 5233 parocb.
3482 5182 3562 5238 ap.
3587 5167 3716 5238 Tog-

2149 5235 2282 5305 gios.

2224 5319 2248 5346 ι
2291 5302 2462 5378 uincit
2483 5302 2752 5378 paruolum
2785 5301 3062 5378 Bicbelsee
3086 5305 3139 5360 in
3178 5305 3343 5378 Turg.

2222 5383 2249 5422 7
2289 5372 2546 5428 Dwnikon
2597 5373 2679 5427 vel
2707 5372 3035 5428 Tennicken.

2225 5453 2246 5480 ³
2299 5443 2704 5514 διειιεηΑρτουρ
2739 5443 3129 5514 Marisburgum
3155 5447 3207 5500 in
3241 5445 3706 5514 Linzaovia,cujus

2152 5528 2331 5567 comes
2355 5522 2473 5567 erat
2501 5512 2784 5568 Odaricus.

2224 5597 2279 5623 η
2323 5584 2521 5654 ξιτοτβ
2552 5583 2757 5638 librarii
2782 5600 2880 5654 pro
2901 5583 3221 5650 Maracdorf,
3264 5587 3545 5642 Mail'tiurf.

2224 5654 2284 5693 Μ)
2325 5652 2636 5706 Fischbach.

2225 5735 2278 5760 οε
2313 5722 2578 5790 lt'luftem.

2221 5793 2272 5831 «Id
2295 5792 2519 5847 lndictio
2545 5794 2604 5848 lt}
2625 5796 2875 5851 currebat
2895 5809 2978 5850 an.
2997 5796 3118 5862 817,
3138 5798 3390 5852 Ludmiu
3408 5797 3481 5850 l‘ii
3507 5801 3695 5863 quat!"-
