3936 6360
245 352 386 409 1877

1385 350 1774 408 DIPLOMATA
1817 351 2368 410 ECCLESIASTICA.

3372 366 3504 422 I078

239 468 464 523 sociate
501 473 646 520 sunt.
681 464 788 520 Nos
812 480 938 520 vero
962 464 1226 533 jussimus
1275 465 1537 521 iiichoiuo
1587 466 1768 520 comiti
1794 479 1817 505 ιι
1850 469 1900 525 Α
1925 466 2177 533 possidet,
2205 467 2287 521 vel
2316 483 2436 537 quac
2488 470 2741 540 deinceps
2769 471 2819 523 in
2841 471 2965 539 jure
2995 473 3162 542 ipsius
3198 480 3368 530 sancti
3400 479 3504 534 ιοςί

241 557 388 612 hanc
414 573 528 611 rem
553 557 840 627 diligenter
875 557 1185 626 inquirere,
1240 563 1296 612 et
1351 558 1506 612 nobis
1547 558 1817 610 nuntiare.

243 648 350 716 Qui
379 649 444 702 ad
469 663 566 702 nos
593 649 849 713 veniens,
905 657 960 702 et
1006 663 1120 702 rem
1171 647 1458 717 diligenter
1505 648 1819 718 inquisitam

241 741 516 795 nuntiavit
546 741 620 794 ita
644 755 702 795 se
725 741 946 805 habere,
962 741 1102 794 sicut
1124 740 1239 810 ipse
1260 739 1596 809 Gauzpertus
1617 753 1823 795 assere-

240 829 357 884 bat.
397 829 546 885 Unde
575 829 775 900 placuit
810 829 1144 884 excellentiae
1187 837 1386 884 nostra:
1407 828 1476 884 ob
1512 828 1704 882 anima:
1727 843 1823 882 no-

235 927 376 975 stne
400 919 822 974 emolumentum
849 919 1194 989 praescriptas
1242 933 1350 983 res,
1383 933 1518 988 quas
1566 915 1822 987 praefatus

237 1009 556 1079 Isingrimus
584 1011 843 1082 praedicto
870 1009 1092 1065 tradidit
1137 1009 1488 1075 monasterio,
1515 1024 1625 1064 non
1648 1008 1819 1063 solum

241 1100 491 1168 reddere,
522 1117 710 1156 verum
739 1102 901 1156 etiam
925 1112 980 1156 et
1000 1117 1097 1172 per
1136 1102 1276 1156 hanc
1304 1109 1503 1156 nostra;
1531 1100 1823 1155 auctorita-

238 1187 319 1247 tis
373 1192 835 1248 confirmationem
873 1194 1128 1262 prtedicto
1176 1192 1292 1247 ﬁeri
1351 1192 1700 1256 monasterio,
1727 1207 1824 1260 per

236 1263 407 1351 quam
428 1282 697 1337 modernis
726 1281 1028 1352 futurisque
1053 1281 1385 1350 temporibus
1426 1290 1666 1336 rectores
1686 1295 1823 1351 pra:-

237 1373 507 1428 nominati
533 1374 848 1430 monasterii
881 1383 1104 1429 teneant
1150 1383 1310 1443 atque
1339 1374 1670 1443 possideant.
1726 1375 1823 1431 De-

236 1467 518 1522 cernimus
549 1467 711 1536 igitur
745 1474 909 1536 atque
947 1465 1199 1535 jubemus
1220 1507 1234 1531 ,
1267 1475 1326 1520 ut
1385 1465 1562 1521 nullus
1601 1465 1826 1537 quilibet

236 1557 444 1610 nostris
503 1565 556 1611 et
586 1555 780 1612 futuris
844 1558 1176 1627 temperibus
1211 1557 1499 1628 prtedictas
1523 1572 1647 1622 res,
1686 1573 1822 1627 quas

231 1645 587 1714 praescriptus
624 1645 936 1716 Isingrimus
974 1645 1122 1715 juste
1176 1654 1232 1701 et
1278 1645 1522 1716 iegaliter
1566 1647 1823 1716 praedicto

233 1735 461 1790 tradidit
491 1735 840 1801 monasterio,
875 1736 941 1791 de
962 1736 1151 1790 eodem
1185 1736 1434 1791 coenobio
1473 1737 1818 1800 abstrahere,

1925 555 2153 609 voluerit
2175 557 2355 610 divina
2407 558 2577 627 pietas
2625 561 2828 630 augeri,
2857 561 2924 616 ad
2950 578 3142 618 causas
3176 565 3504 638 audiendas,

1923 644 2006 697 vel
2034 644 2181 701 frcda
2208 656 2229 684 ε
2258 647 2543 717 exigenda,
2575 659 2666 704 aut
2692 653 3000 708 mansiones
3025 653 3051 692 ἀ
3082 655 3164 711 vel
3210 667 3427 726 paratas
3454 672 3503 729 ο,

1924 734 2195 792 faciendas
2219 778 2234 802 ,
2291 746 2385 791 aut
2424 737 2765 806 fidejussores
2794 742 3088 809 tollendos,
3129 755 3223 800 aut
3259 747 3508 806 homines

1922 828 2090 896 ipsius
2119 830 2457 896 monasterii,
2494 836 2604 884 tam
2631 830 2889 900 ingenuos
2913 849 3076 904 quant
3106 847 3162 890 et
3187 852 3507 905 servos,.su-

1923 934 2022 988 per
2056 927 2258 974 terram
2287 921 2456 990 ipsius
2477 930 2906 989 commaneutes,
2952 924 3402 983 irrationabiliter
3427 930 3508 986 di-

1924 1010 2286 1080 stringendos,
2316 1026 2416 1067 nec
2445 1012 2582 1068 ullas
2602 1012 3015 1080 redhibitiones,
3037 1026 3126 1070 aut
3160 1017 3378 1074 illicitas
3416 1035 3509 1074 oc-

1923 1101 2170 1156 casiones
2200 1101 2552 1172 requirendas
2598 1105 2800 1160 nostris
2842 1113 2898 1159 et
2943 1104 3138 1162 futuris
3168 1111 3508 1180 temporibus

1924 1193 2131 1264 ingredi
2156 1194 2396 1260 auderet,
2427 1195 2511 1251 vel
2548 1210 2611 1250 ea
2650 1211 2768 1265 quae
2809 1212 2971 1267 supra
2998 1211 3295 1256 memorata
3345 1213 3507 1271 sunt,

1923 1285 2140 1353 penitus
2185 1285 2401 1356 exigere
2457 1297 2817 1358 prtesumant;
2861 1291 2954 1344 sed
3001 1290 3159 1348 liccat
3211 1305 3510 1350 memorato

1925 1373 2137 1437 abbati,
2188 1373 2406 1442 suisque
2437 1374 2863 1440 successoribus,
2913 1391 3002 1431 res
3039 1378 3280 1448 prmdicti
3324 1397 3510 1436 mona~

1925 1463 2076 1518 sterii
2111 1479 2236 1518 cum
2279 1464 2530 1519 omnibus
2573 1466 2674 1523 sibi
2707 1465 2994 1534 subjectis,
3049 1478 3105 1525 et
3136 1473 3304 1529 rebus
3333 1473 3511 1528 etho—

1925 1554 2160 1609 minibus
2201 1554 2268 1608 ad
2322 1570 2379 1617 se
2447 1555 2589 1625 juste
2644 1557 3034 1626 aspicientibus
3082 1561 3167 1617 vel
3227 1563 3511 1631 pertinen-

1924 1644 2067 1698 tibus
2111 1644 2211 1698 sub
2259 1644 2500 1698 tuitionis
2527 1653 2690 1714 atque
2747 1647 3106 1706 immunitatis
3159 1662 3360 1708 nostra:
3412 1654 3507 1709 dc‘

1927 1731 2202 1798 fensione,
2261 1743 2468 1789 remota
2527 1736 2692 1790 totius
2739 1735 3039 1804 judiciaria:
3082 1743 3368 1812 potestatis
3425 1744 3509 1797 in-

232 1834 334 1878 aut
354 1825 588 1896 aliquam
634 1825 889 1894 injustam
907 1827 1368 1893 calumniam,aut
1396 1828 1823 1896 inquietudinem
1852 1819 1898 1878 B
1926 1823 2260 1892 quietudine,
2290 1824 2473 1892 quieto
2505 1824 2693 1879 ordine
2742 1827 3041 1896 possidere,
3078 1838 3133 1884 et
3166 1841 3356 1886 nostro
3383 1831 3514 1887 fide-

231 1925 426 1968 contra
451 1915 627 1984 ipsum
672 1915 1001 1980 coenobium,
1039 1915 1266 1986 ejusque
1319 1910 1617 1970 rectoribus
1646 1914 1824 1970 facere

232 2015 334 2057 aut
383 2005 629 2075 ingerere
658 2014 952 2075 praesumat
991 2019 1004 2058 :
1037 2004 1132 2060 sed
1168 2005 1429 2074 quidquid
1458 2006 1524 2059 de
1561 2006 1691 2075 ipsis
1740 2005 1824 2059 vel

231 2096 294 2148 in
325 2094 456 2163 ipsis
489 2095 698 2163 prmiati
722 2096 890 2165 ipsius
911 2095 1230 2149 monasterii
1258 2136 1272 2160 ,
1322 2095 1390 2148 ob
1421 2094 1711 2148 utilitatem
1768 2103 1823 2148 et

231 2184 538 2255 profectum
569 2182 808 2253 ejusdem
846 2186 1025 2241 facere
1057 2185 1348 2250 voluerint,
1377 2185 1548 2240 libero
1568 2185 1622 2239 in
1651 2186 1824 2240 omni-

232 2277 338 2330 bus
367 2275 718 2346 perfruantur
748 2275 1004 2331 arbritrio
1024 2275 1280 2331 faciendi.
1307 2275 1374 2329 Et
1415 2284 1474 2330 ut
1497 2275 1612 2330 hajc
1640 2285 1826 2331 aucto-

231 2364 374 2418 ritas
406 2363 701 2418 firmiorem
727 2364 970 2419 obtineat
1017 2365 1278 2434 vigorem,
1312 2366 1377 2420 de
1408 2364 1608 2418 annulo
1639 2373 1824 2420 nostro

232 2454 423 2508 subter
444 2468 564 2507 eam
586 2451 852 2521 jussimus
875 2454 1116 2524 sigillari.

306 2544 595 2599 Durandus
623 2544 886 2600 diaconus
899 2545 967 2600 ad
982 2545 1157 2601 vicem
1185 2545 1502 2601 Heiisachar
1532 2546 1822 2617 recognovi

231 2642 292 2689 et
326 2633 642 2705 subscripsi.

306 2728 441 2781 Data
463 2743 517 2781 tv
533 2726 926 2781 Nonas‘Juuias
948 2740 1112 2791 anno,
1133 2724 1348 2780 Christo
1367 2725 1620 2796 propitio,
1634 2725 1830 2794 quinto

233 2819 452 2889 imperii
488 2819 670 2874 domui
723 2817 983 2872 Ludovici
1013 2817 1343 2872 serenissimi
1380 2817 1636 2888 Augusti,
1686 2817 1824 2872 indi-

231 2912 415 2967 ctione
445 2911 504 2965 11
539 2911 590 2964 b.
626 2909 818 2965 Actum
845 2909 1166 2980 Aquisgrani
1213 2909 1410 2980 palatio
1447 2910 1596 2980 regio
1631 2911 1688 2964 iu
1727 2911 1822 2964 Dei

234 3001 461 3058 nomine
493 3000 746 3056 feliciter.
778 3005 968 3055 Amen.

906 3091 1136 3145 LXXVI.

683 3199 783 3240 PRO
819 3199 994 3239 EODEM
1035 3199 1387 3240 )IONASTERIO.

849 3273 1020 3347 (Αηηο
1060 3275 1207 3344 818.)

235 3368 424 3442 [Apud
474 3366 759 3438 Neugart.,
799 3365 950 3442 ἱρέα.-
988 3363 1410 3442 εἶξιροιζεοιίοηε
1459 3367 1818 3437 diplomatica,
1893 3382 1907 3394 ‘

828 3434 893 3488 D.
920 3437 985 3490 de
1009 3434 1217 3506 Halle.]

305 3530 365 3585 ln
402 3529 621 3584 nomine
654 3525 866 3580 Domini
907 3525 1004 3580 Dei
1035 3532 1090 3580 et
1123 3524 1418 3580 Salvatoris
1470 3527 1641 3581 nostri
1694 3525 1820 3582 Jesu

230 3623 458 3687 Christi,
484 3619 810 3683 Ludovicus,
833 3617 1013 3672 divina
1039 3617 1326 3672 ordinante
1346 3617 1706 3686 providentia,
1723 3617 1824 3674 im-

234 3717 454 3778 perator
479 3708 752 3776 Augustus

308 3798 442 3852 Cum
467 3794 813 3866 petitionibus
835 3807 1112 3848 servorum
1139 3791 1235 3846 Dei
1255 3790 1416 3859 justis
1442 3801 1498 3846 et
1517 3792 1820 3847 rationabi-

232 3890 376 3944 libus
405 3887 569 3943 divini
600 3887 776 3942 cultus
802 3900 988 3940 amore
1030 3882 1293 3948 favemus,
1320 3883 1536 3952 superni
1580 3884 1820 3938 muneris

233 3980 438 4035 donum
464 3978 622 4034 nobis
667 3993 698 4030 a
735 3976 964 4031 Domino
1010 3973 1275 4045 impertiri
1319 3973 1707 4046 [confidimus].
1741 3973 1822 4028 Id-

233 4071 386 4127 circo
416 4079 602 4125 notum
628 4085 749 4126 esse
779 4070 1026 4124 volumus
1067 4065 1314 4121 omnibus
1349 4064 1596 4121 fidelibus
1622 4072 1821 4120 sancta:

234 4161 335 4217 Dei
381 4160 655 4225 Ecclesiae,
680 4167 734 4214 et
763 4158 983 4222 nostris,
1020 4157 1375 4227 praesentibus
1402 4155 1605 4215 scilicet
1635 4163 1690 4208 et
1733 4154 1818 4208 fu-

233 4252 398 4317 turis,
431 4252 557 4321 quia
592 4250 982 4306 monasterium
1014 4247 1071 4303 S.
1123 4247 1257 4302 Galli
1281 4288 1294 4309 ,
1348 4247 1492 4316 quod
1528 4254 1612 4300 est
1656 4246 1820 4300 situm

234 4341 294 4396 in
319 4357 456 4412 pago
485 4343 813 4412 Durguowe‘,
841 4339 932 4392 ubi
989 4337 1312 4392 venerabilis
1341 4337 1426 4390 vir
1485 4335 1821 4392 Ganzbertus

236 4432 406 4487 abbas
435 4439 649 4501 przeest,
688 4430 830 4498 quod
856 4427 1158 4496 subjectum
1199 4427 1302 4482 fuit
1325 4428 1658 4499 episcopatui
1687 4444 1816 4484 san-

1926 1914 2048 1969 liter
2071 1929 2263 1983 parere
2292 1915 2521 1986 imperio
2546 1935 2558 1969 :
2587 1926 2856 1986 quatenus
2910 1921 3055 1989 ipsos
3085 1924 3386 1978 monachos
3416 1924 3520 1994 qni-

1928 2005 2126 2059 ibidem
2153 2005 2264 2060 Deo
2287 2005 2536 2060 famulari
2565 2008 2836 2074 videntur,
2862 2011 3042 2078 quiete
3069 2013 3513 2080 consistentibus,

1924 2111 2022 2166 pro
2057 2095 2213 2149 nobis
2238 2103 2294 2149 et
2321 2095 2572 2167 conjuge,
2601 2098 2862 2168 proleque
2883 2107 3086 2167 nostra,
3122 2111 3282 2171 atque
3310 2103 3518 2159 stabili-

1925 2194 2038 2241 tate
2071 2187 2236 2241 totius
2265 2187 2478 2257 imperii
2507 2190 2536 2240 a
2565 2187 2676 2242 Deo
2707 2189 2863 2244 nobis
2895 2189 3095 2257 collati,
3122 2190 3346 2262 ejusque
3399 2193 3514 2249 cic-

1926 2277 2265 2336 mentissima
2293 2264 2645 2332 miseratione
2679 2292 2778 2347 per
2811 2278 3516 2342 immensamconservandi

1920 2364 2122 2434 jugiter
2143 2365 2358 2420 Domini
2383 2365 2815 2422 misericordiam
2835 2382 3064 2424 exorare
3098 2369 3344 2425 delectet.
3364 2370 3518 2426 Hane

1924 2457 2108 2526 itaque
2142 2456 2540 2522 auctoritatem,
2567 2465 2626 2510 ut
2649 2457 2945 2527 pleniorem
2970 2459 3025 2513 in
3057 2460 3154 2514 Dei
3179 2461 3396 2516 nomine
3418 2463 3517 2516 ha-

1924 2551 2049 2605 beat
2076 2550 2410 2617 ﬁrmitatem,
2441 2557 2497 2606 et
2525 2566 2556 2604 a
2608 2550 2858 2609 fidelibus
2887 2560 3088 2608 sancta:
3125 2553 3383 2609 Ecclesia:
3406 2596 3420 2620 ,
3461 2562 3519 2609 et

1925 2641 2128 2696 nostris
2165 2641 2346 2695 verius
2374 2642 2645 2707 credatur,
2671 2649 2725 2696 et
2761 2642 3071 2711 diligentius
3121 2653 3508 2710 conservetur,

1926 2729 1992 2784 de
2025 2729 2224 2783 annulo
2251 2739 2436 2784 nostro
2466 2731 2653 2786 subter
2669 2729 2933 2799 jussimus
2965 2731 3210 2802 sigillari.

1999 2819 2288 2874 Durandus
2317 2820 2576 2875 diaconus
2602 2817 2668 2873 ad
2695 2819 2870 2874 vicem
2895 2818 3211 2876 Helisachar
3229 2821 3515 2892 recognovi

1927 2919 1981 2965 et
2004 2911 2320 2979 subscripsi.

1997 3000 2134 3054 Data
2183 3017 2243 3055 ιιι
2280 3001 2461 3056 Nonas
2488 2999 2679 3056 Junias
2705 3043 2718 3067 ,
2762 3017 2929 3068 anno,
2975 3001 3195 3058 Christo
3244 3002 3512 3072 propitio,

1928 3095 2117 3164 quinto
2155 3093 2366 3164 imperii
2392 3092 2651 3149 Ludovici
2683 3094 2911 3163 piissimi
2946 3095 3194 3166 Augusti,
3224 3096 3517 3151 indictione

1851 3156 1894 3216 (ἶ
1929 3156 1988 3235 1-1
2023 3181 2043 3218 τ
2057 3221 2069 3234 .
2099 3156 2292 3236 Actum
2331 3181 2652 3253 Aquisgrani
2683 3156 2894 3255 palatio
2919 3156 3068 3255 regio
3094 3184 3150 3239 iu
3175 3156 3270 3240 Dei
3299 3185 3516 3241 nomino

1924 3273 2176 3330 feliciter.
2205 3273 2395 3328 Amen.

2590 3363 2849 3420 LXXVII.

2281 3467 2380 3507 ι)ηο
2416 3466 2752 3508 κοκλετειιιο
2789 3467 3148 3508 ηοιιιλεεηει.

2528 3544 2714 3615 (Anno
2753 3542 2910 3614 818.)

1926 3633 2113 3715 [Apud
2141 3633 2203 3687 D.
2236 3633 2524 3703 Bouquet.,
2555 3633 2859 3755 ibidqlpag.
2908 3634 3044 3698 511,
3079 3649 3147 3689 ex
3175 3634 3416 3692 Perardo
3457 3635 3516 3692 in

2100 3711 2348 3755 lustrum.
2403 3718 2501 3755 pro
2536 3701 2680 3755 Hist.
2765 3703 3018 3755 uraund..
3050 3719 3169 3755 nae.
3200 3703 3332 3755 46.1

2100 3703 2348 3757 instrum.
2371 3701 2382 3703 ⁷
2403 3718 2501 3772 pro
2536 3701 2680 3756 Hist.
2719 3701 3018 3772 Burgund.,
3050 3719 3169 3774 pag.
3200 3703 3332 3777 46.]

1994 3791 2049 3844 In
2082 3791 2300 3845 nomine
2345 3789 2556 3845 Domini
2602 3790 2697 3844 Dei
2725 3799 2780 3843 et
2811 3789 3112 3845 Salvatoris
3152 3792 3324 3846 nostri
3376 3790 3507 3849 Jesu

1922 3880 2147 3945 Christi,
2170 3879 2493 3945 Ludovicus,
2525 3879 2704 3934 divina
2730 3880 3014 3935 Ordinante
3038 3881 3396 3950 providentia,
3415 3883 3512 3937 im-

1924 3978 2147 4041 perator
2173 3970 2466 4039 Augustus.

1992 4059 2127 4115 Cum
2161 4060 2512 4130 petitionibus
2539 4073 2819 4113 servorum
2848 4059 2943 4114 Dei
2993 4059 3153 4128 justis
3175 4069 3229 4115 et
3280 4064 3510 4118 rationa-

1921 4149 2120 4205 bilibus
2147 4150 2316 4205 divini
2346 4149 2522 4205 cultus
2575 4165 2760 4205 amore
2788 4149 3065 4216 favemus,
3121 4165 3355 4221 superna
3408 4169 3508 4209 nos

1923 4243 2098 4313 gratia
2126 4242 2328 4296 muniri
2357 4258 2463 4297 nou
2496 4242 2841 4311 ambigimus.
2869 4241 3066 4296 Notum
3095 4242 3167 4297 sit
3205 4243 3368 4314 igitur
3387 4261 3508 4300 om-

1923 4331 2083 4385 nibus
2115 4329 2596 4384 fidelibussanctae
2626 4330 2721 4384 Dei
2747 4329 3002 4387 Ecclesia:
3031 4339 3102 4386 'et
3146 4332 3366 4399 nostris,
3391 4342 3504 4388 tam

1925 4421 2282 4493 praesentibus
2313 4438 2474 4491 quam
2512 4420 2730 4487 futuris,
2759 4423 2902 4491 quod
2943 4422 3135 4477 detulit
3163 4424 3319 4479 nobis
3345 4440 3507 4481 vene-

233 4533 336 4581 ctze
363 4490 604 4576 ecclesize
634 4490 981 4584 Constantiae,
1013 4517 1105 4572 ubi
1136 4519 1295 4574 modo
1336 4490 1672 4577 Wolﬂeozuo
1704 4521 1818 4590 epi-
1844 4490 1896 4550 D
1923 4490 2108 4570 rabilis
2133 4515 2216 4568 vir
2247 4490 2590 4583 Adalgandus
2619 4490 2790 4568 abbas
2829 4527 2897 4568 ex
2949 4514 3277 4569 monasterio
3327 4518 3503 4571 sancti

235 4628 434 4684 scopus
463 4621 677 4680 prmest,
701 4625 825 4664 cum
877 4607 1160 4663 monachis
1187 4607 1382 4663 ibidem
1422 4607 1652 4664 Domino
1683 4609 1818 4666 mili-

235 4704 499 4770 tantibus,
533 4711 654 4765 cum
690 4699 852 4753 rebus
879 4705 935 4752 et
975 4698 1284 4753 hominibus
1312 4698 1412 4753 sibi
1442 4697 1731 4767 subjectis,
1763 4707 1818 4754 et

233 4791 478 4862 legaiiter
512 4787 897 4858 aspicientibus
922 4785 1006 4839 vel
1057 4786 1453 4855 pertinentibus
1500 4787 1601 4842 sub
1631 4797 1816 4843 nostra

233 4879 572 4948 suscepimus
633 4876 975 4942 defensione,
1035 4886 1091 4931 et
1163 4876 1518 4932 immunitatis
1565 4875 1811 4935 tui'tiOne.

234 4970 618 5039 Prtecipientes
645 4982 774 5038 ergo
807 4967 1089 5039 jubemus,
1137 4976 1196 5023 ut
1220 4969 1397 5024 nullus
1425 4967 1591 5037 judex
1643 4971 1817 5040 publi-

233 5079 355 5128 cus,
381 5060 736 5130 velquisiibet
763 5075 826 5115 ex
854 5059 1138 5128 judiciaria
1163 5068 1431 5128 potestate
1475 5060 1529 5114 in
1557 5061 1817 5117 ecclesias

233 5161 330 5210 aut
358 5151 499 5218 loca,
530 5150 615 5205 vel
641 5165 822 5220 agros,
854 5164 949 5205 seu
973 5149 1211 5218 reliquas
1262 5150 1655 5219 possessiones,
1681 5165 1814 5219 quas

236 5245 495 5299 moderno
535 5251 778 5311 tempore
806 5243 859 5296 in
908 5243 1234 5311 quibuslibet
1263 5243 1445 5312 pagis,
1485 5243 1570 5297 vel
1599 5244 1817 5299 territo~

237 5335 333 5389 riis
360 5332 500 5388 infra
526 5333 784 5389 ditionem
814 5333 1025 5402 imperii
1070 5333 1241 5387 nostri
1279 5331 1426 5401 juste
1467 5342 1523 5388 et
1573 5333 1816 5405 iegaliter

306 5477 334 5538 ξ
371 5465 691 5538 Βίειιοὶηυε,
722 5465 794 5519 al.
830 5465 1172 5538 Richwinus,
1199 5481 1378 5538 comes
1407 5465 1704 5538 Turgovite.

307 5533 336 5575 δ
372 5534 530 5591 Anno
553 5537 656 5593 818
685 5537 935 5591 currebat
957 5535 1176 5591 indictio
1216 5537 1302 5590 11.

310 5615 334 5676 ς
371 5604 625 5676 Eredum,
657 5607 873 5668 inuicta,
901 5605 984 5659 vel
1010 5609 1172 5660 etiam
1207 5605 1408 5676 quaevis
1437 5607 1668 5662 exactio.

307 5673 336 5714 ει
378 5674 581 5730 Mansio
603 5678 704 5731 hoc
727 5676 845 5731 loco
871 5691 968 5745 pro
995 5676 1171 5731 debito
1200 5673 1479 5745 accipitur,
1510 5677 1704 5732 missos
1718 5692 1812 5732 seu

238 5743 445 5812 legatos
473 5761 536 5813 pr
562 5747 750 5814 ucipis,
784 5743 978 5802 aliusve
1031 5748 1266 5813 publicas
1293 5743 1552 5812 personas
1579 5748 1810 5815 hospitio

1921 4607 2195 4663 Benedicti
2219 4605 2596 4670 Floriaceusis,
2614 4605 2755 4674 quod
2784 4613 2867 4659 est
2893 4611 3261 4661 constructum
3283 4605 3337 4660 iu
3359 4621 3500 4678 pago

1921 4700 2296 4756 Aurelianensi
2319 4712 2480 4766 super
2501 4697 2720 4751 fluvium
2760 4696 2988 4766 Ligeris,
3015 4698 3104 4752 ubi
3134 4697 3248 4767 ipse
3283 4707 3506 4753 sanctus

1922 4793 2245 4848 Benedictus
2272 4805 2499 4861 corpore
2527 4789 2836 4860 requiescit,
2864 4789 3214 4844 auctoritates
3243 4790 3499 4845 immuni-

1921 4879 2118 4948 t'atum,
2145 4881 2233 4936 avi
2270 4881 2521 4937 videlicet
2567 4876 2736 4934 nostri
2783 4878 2993 4948 Pippini
3039 4880 3305 4948 quondam
3333 4880 3495 4952 regis,

1920 4988 2015 5029 seu
2041 4971 2222 5028 domui
2254 4980 2310 5027 et
2349 4969 2609 5043 genitoris
2659 4969 2830 5023 nostri
2853 4967 3033 5025 Caroli
3065 4969 3291 5041 piissimi
3317 4970 3502 5041 Augu-

1919 5063 2009 5128 sti,
2042 5062 2094 5117 in
2121 5062 2318 5132 quibus
2353 5068 2470 5116 erat
2495 5060 2788 5123 insertum,
2816 5061 2955 5127 quod
2984 5058 3103 5114 sive
3134 5056 3257 5129 ipsi,
3281 5058 3392 5112 sive
3406 5073 3503 5111 an-

1917 5167 2218 5212 teccssores
2259 5169 2466 5216 eorum,
2497 5167 2649 5222 reges
2698 5150 2949 5206 videlicet
2977 5149 3332 5215 Francorum,
3360 5165 3500 5219 prm-

1917 5244 2087 5301 fatum
2125 5241 2512 5298 monasterium
2557 5256 2679 5295 cum
2715 5241 2878 5294 rebus
2905 5247 2960 5294 et
3006 5238 3313 5294 hominibus
3338 5238 3405 5292 ad
3436 5254 3504 5292 se,

1915 5335 2311 5406 pertinentibus
2338 5342 2394 5387 et
2420 5333 2825 5403 aspicientibus,
2852 5331 2952 5386 sub
2981 5331 3208 5385 tuitione
3232 5339 3289 5386 et
3308 5329 3492 5387 defen-

1918 5463 2251 5587 excipijeudi,
2305 5464 2491 5532 eisque
2549 5463 2747 5517 victum
2806 5461 3170 5518 necessarium
3233 5454 3509 5516 submini-a

1918 5543 2065 5587 stran
2109 5553 2143 5587 l.
2682 5552 2686 5556 '

1917 5543 2262 5727 δῗτῗῐιῗέὶθιω
2287 5645 2300 5666 ,
2357 5616 2606 5672 expensae
2636 5602 2688 5655 in
2717 5594 2989 5672 hospitum
3037 5600 3376 5668 susceptione
3405 5597 3487 5652 fa-

1917 5691 2032 5727 men
2072 5689 2136 5727 re.

1914 5689 2136 5730 mendae.

1992 5744 2009 5783 ί
2055 5743 2315 5799 Convenit
2340 5742 2558 5798 indietio
2589 5742 2643 5796 i-l
2675 5757 2812 5797 anno
2843 5739 2961 5796 818.
