3936 6318
532 310 665 369 ίοῖθ

525 434 678 488 sione
710 448 808 489 sua
835 433 1152 491 habuissent
1180 478 1195 502 ,
1249 445 1303 493 et
1330 452 1518 494 eorum
1561 440 1992 500 immunitatibus
2021 460 2117 500 au-
2143 447 2190 504 Α

528 523 843 579 ctoritatum
872 541 902 581 a
937 526 1239 597 iudiciariae
1257 533 1547 600 potestatis
1571 536 1939 604 inquietudine
1968 554 2119 594 sem-

521 631 620 686 per
640 616 922 674 defensum
949 628 1005 675 et
1036 623 1303 677 munitum
1326 622 1538 681 fuisset.
1571 626 1653 681 0b
1692 630 1770 684 rei
1798 638 1979 687 tamen
2010 630 2105 686 ﬁr-

518 708 763 764 mitatem
787 710 1082 781 postulavit
1105 714 1262 771 nobis
1291 716 1549 787 praefatus
1579 720 1745 777 abbas
1769 733 1831 777 ut
1864 724 1935 780 ob
1955 740 2104 782 amo—

516 813 631 854 rem
671 798 768 855 Dei
794 809 850 857 et
877 804 1238 869 reverentiam
1266 808 1442 864 sancti
1462 808 1607 866 Petri
1653 821 1709 867 et
1733 815 1907 870 sancti
1933 813 2104 872 Bene-

512 888 644 943 dicti
667 897 955 960 paternum
969 908 1065 951 seu
1078 896 1537 966 priedccessorum
1558 910 1870 959 nostrorum
1891 919 2102 962 morem

510 987 822 1049 sequentes,
850 983 1208 1044 immanitatis
1237 997 1438 1045 nostra
1476 1003 1811 1064 praeceptum
1836 995 1985 1052 circa
2020 998 2099 1068 ip-

508 1084 628 1124 sum
653 1082 903 1129 sanctum
932 1086 960 1116 α
991 1075 1169 1133 locum
1224 1078 1344 1136 ﬁeri
1369 1094 1739 1140 censeremus.
1768 1085 1932 1155 Cujus
1956 1091 2098 1158 peti-

506 1164 642 1219 tioni
672 1180 953 1223 assensum
978 1170 1329 1239 pmbuimns,
1358 1182 1415 1229 et
1433 1174 1540 1230 hoc
1572 1185 1773 1233 nostra:
1794 1182 2096 1236 auctorita-

502 1255 577 1309 tis
608 1250 943 1328 praaceptum
973 1261 1121 1317 circa
1146 1262 1320 1332 ipsum
1352 1273 1599 1320 sanctum
1646 1266 1825 1324 locum
1861 1268 1978 1326 ﬁeri
2003 1272 2096 1328 de-

502 1346 816 1403 crevimus:
846 1364 947 1419 per
973 1352 1123 1421 quod
1157 1355 1501 1426 praecipimus
1527 1366 1690 1428 atque
1734 1359 1994 1428 iubemus
2037 1372 2095 1420 ut

499 1438 681 1495 nullus
707 1441 872 1511 iudex
907 1444 1176 1513 publicus,
1203 1454 1257 1501 et
1295 1448 1550 1516 quislibet
1580 1464 1649 1506 ex
1684 1449 1975 1520 iudiciaria
1996 1470 2091 1525 po-

499 1537 717 1596 testate,
750 1532 805 1587 in
834 1533 1091 1591 ecclesias
1116 1544 1210 1590 aut
1234 1537 1372 1606 loca,
1396 1547 1450 1593 et
1490 1554 1669 1611 agros,
1708 1557 1804 1597 seu
1854 1544 2091 1615 reliquas

495 1620 884 1688 possessiones,
913 1639 1049 1692 quas
1081 1624 1341 1681 moderno
1372 1634 1616 1697 tempore
1666 1632 1721 1685 in
1760 1634 2090 1702 quibuslibet

493 1712 649 1781 pagis
676 1719 769 1766 aut
811 1714 1104 1769 territoriis
1150 1716 1291 1771 infra
1341 1717 1598 1775 ditionem
1650 1722 1860 1793 imperii
1912 1728 2087 1782 nostri

485 1797 635 1867 iuste
662 1809 718 1856 et
746 1800 993 1873 iegaliter
1019 1806 1290 1874 possidet,
1342 1817 1396 1861 et
1422 1800 1564 1878 q'uod
1587 1811 1843 1884 deinceps
1866 1815 1920 1869 in
1962 1815 2085 1885 iure

494 1889 665 1959 ipsius
693 1892 866 1947 sancti
899 1892 1003 1947 loci
1042 1893 1275 1949 voluerit
1319 1896 1501 1952 divina
1527 1901 1700 1969 pietas
1729 1906 1954 1973 augeri,
2016 1908 2083 1962 ad

493 1997 688 2037 causas
712 1984 1028 2051 audiendas,
1058 1994 1113 2041 et
1146 1986 1295 2042 freda
1326 1990 1610 2062 exigenda,
1644 2003 1738 2049 aut
1772 2000 2084 2057 mansiones

490 2078 547 2125 et
573 2082 792 2144 paratas
839 2073 1138 2143 faciendas,
1169 2087 1263 2134 aut
1294 2079 1639 2151 ﬁdeiussores
1670 2085 1956 2161 tollendos,
1988 2099 2083 2145 aut

489 2165 738 2222 homines
765 2168 933 2239 ipsius
960 2173 1272 2226 monasterii
1304 2188 1466 2243 super
1506 2182 1709 2231 terram
1740 2178 1909 2247 ipsius
1933 2195 2081 2237 com-

486 2265 771 2315 manentes
799 2259 1220 2331 distringendos,
1266 2279 1369 2319 nec
1404 2264 1539 2321 ullas
1569 2267 1963 2326 redlribitiones
1986 2282 2080 2326 aut

482 2345 702 2404 illicitas
724 2350 1037 2406 occasiones
1074 2353 1466 2421 requirendas,
1521 2357 1725 2413 nostris
1777 2367 1834 2413 et
1882 2359 2081 2417 futuris

481 2438 817 2507 temporibus
844 2439 1061 2511 ingredi
1077 2442 1293 2508 audeat,
1324 2453 1381 2498 et
1402 2459 1465 2498 ea
1507 2460 1629 2514 quae
1669 2450 1916 2515 superius
1958 2466 2075 2507 me-

479 2534 689 2582 morata
740 2537 883 2591 sunt,
922 2530 1140 2600 penitus
1178 2531 1394 2603 exigere
1424 2544 1743 2604 praesumat;
1792 2538 1885 2594 sed
1914 2536 2077 2595 liceat

478 2627 783 2675 memorato
813 2622 997 2697 abbati
1022 2624 1244 2693 suisque
1276 2627 1679 2683 successoribus
1702 2632 1791 2686 res
1829 2633 2071 2701 praedicti

477 2710 795 2765 monasterii
821 2712 923 2767 sub
946 2712 1306 2769 i‘mmunitatis
1325 2724 1523 2770 nostraa
1550 2716 1865 2774 defensione
1888 2721 2071 2790 quieto

474 2800 669 2857 ordine
696 2804 993 2871 possidere.
1009 2804 1078 2859 Et
1104 2807 1321 2876 quando
1347 2808 1563 2877 quidem
1589 2810 1770 2864 divina
1787 2814 2068 2869 vocatione

474 2890 816 2959 supradictus
842 2892 1011 2948 abbas
1057 2901 1114 2950 et
1142 2911 1485 2953 successores
1523 2897 1641 2967 eius
1684 2900 1751 2955 de
1795 2902 1899 2956 hac
1947 2902 2066 2959 luce

474 2984 849 3056 migraverint,
877 2988 1116 3058 quandiu
1139 2990 1525 3058 ipsi-monachi
1573 2993 1716 3047 inter
1736 3010 1793 3048 se
1825 2988 1961 3051 tales
1983 2996 2065 3050 in-

471 3076 660 3130 venire
679 3078 983 3146 potuerint,
1022 3080 1115 3148 qui
1148 3080 1325 3150 ipsam
1352 3084 1830 3153 congregationem
1862 3099 2069 3141 secun-

472 3163 600 3221 dum
629 3165 873 3234 regulam
925 3169 1097 3223 sancti
1125 3167 1403 3224 Benedicti
1446 3186 1634 3240 regere
1662 3172 1909 3240 valeant,
1964 3190 2063 3245 per
2089 3158 2133 3220 C

472 3254 613 3309 hanc
637 3262 878 3310 nostram
926 3258 1310 3313 auctoritatem
1340 3268 1395 3315 et
1421 3276 1750 3317 consensum
1790 3263 2065 3332 licentiam

469 3344 706 3401 habeant
728 3347 963 3418 eligendi
992 3350 1250 3417 abbates;
1289 3361 1559 3421 quatenus
1593 3342 1738 3422 ipsos
1760 3358 2062 3412 monachos

469 3438 562 3508 qui
592 3438 793 3494 ibidem
809 3440 921 3495 Deo
949 3440 1201 3496 famulari
1229 3443 1501 3510 videntur,
1528 3462 1628 3515 pro
1660 3447 1816 3503 nobis
1844 3457 1899 3503 et
1927 3464 2063 3503 con-

460 3527 590 3599 iuge
619 3528 878 3599 proleque
914 3539 1124 3597 nostra,
1150 3540 1324 3602 atque
1363 3535 1662 3591 stabilitate
1690 3539 1858 3593 totius
1886 3539 2059 3609 impe-

466 3618 540 3672 rii
560 3619 742 3674 nostri
761 3635 792 3674 a
825 3621 936 3677 Deo
970 3622 1127 3679 nobis
1157 3619 1418 3682 'concessi
1469 3636 1631 3698 atque
1659 3633 2017 3687 conservandi
2042 3674 2057 3696 ,

459 3709 667 3783 iugiter
688 3711 902 3769 Domini
927 3714 1357 3773 misericordiam
1396 3733 1626 3776 exorare
1650 3720 1882 3777 delectet
1906 3724 1953 3776 ι).
1994 3725 2062 3779 Ει

465 3799 729 3871 quidquid
773 3804 935 3879 rebus
989 3804 1199 3873 praefati
1256 3809 1573 3864 monasterii
1623 3810 1785 3868 ﬁscus
1843 3814 2059 3883 exigere

464 3896 700 3957 poterat,
730 3890 954 3960 prtefato
986 3894 1317 3949 monasterio
1370 3895 1599 3966 ejusque
1649 3902 2057 3971 congregationi

464 3979 665 4039 ibidem
686 3981 797 4038 Deo
822 3980 1105 4038 famulanti
1147 3987 1519 4042 concessimus
1538 4028 1552 4051 ,
1602 3997 1661 4043 ut
1687 3991 1768 4045 eis
1794 3992 1860 4048 ad
1890 3991 2059 4047 servi-

465 4069 598 4127 tium
626 4073 992 4154 peragendum
1014 4076 1459 4143 augmentumvel
1485 4078 1917 4148 supplementum
1940 4083 2053 4137 ﬁat.

463 4160 530 4220 El
558 4162 676 4218 haec
694 4164 989 4221 auctoritas
1012 4171 1072 4220 ut
1096 4167 1300 4222 nostris
1339 4166 1646 4239 futurisque
1692 4173 2052 4241 temporibus,

464 4248 693 4309 Domino
731 4262 1067 4324 protegente,
1100 4253 1284 4311 valeat
1311 4257 1628 4319 inconvulsa
1660 4275 1903 4326 manere,
1932 4278 2054 4318 eam

462 4357 634 4401 manu.
669 4345 890 4417 propria
931 4347 1121 4404 subter
1151 4348 1490 4407 ﬁrmavimus
1514 4392 1529 4416 ,
1561 4357 1616 4406 et
1661 4354 1844 4408 annuli
1881 4357 2051 4411 nostri

463 4432 821 4505 impressione
844 4438 1033 4493 subter
1069 4422 1295 4510 sigillati
1310 4439 1593 4508 iussimus.

534 4522 760 4596 Signum
788 4526 1048 4583 Ludovici
1078 4530 1411 4588 serenissimi
1441 4532 1802 4603 imperatoris.

531 4612 819 4671 Durandus
875 4616 1134 4674 diaconus
1188 4621 1257 4676 ad
1302 4621 1478 4677 vicem
1532 4622 1849 4680 Helisachar
1895 4642 2047 4684 reco-

462 4705 643 4775 gnovL

533 4796 666 4851 Data
700 4811 752 4851 vi
790 4796 1060 4854 Kalendas
1096 4800 1390 4873 Augustas,
1423 4818 1581 4868 anno,
1620 4805 1839 4862 Christo
1865 4810 2046 4879 propi-

462 4885 559 4953 tio,
600 4895 792 4957 quinto
815 4888 1025 4959 imperii
1052 4890 1234 4946 damni
1259 4892 1517 4949 Ludovici
1558 4896 1890 4952 serenissimi
1936 4899 2046 4954 Au-

459 4976 629 5048 gusti,
666 4977 957 5035 indictione
996 4981 1298 5037 undecima.
1338 4983 1531 5040 Actum
1571 4985 1883 5044 Aurelianis
1915 4990 2045 5044 civi-

460 5075 571 5123 tate
599 5066 655 5123 in
683 5060 778 5124 Dei
804 5070 1023 5128 nomine
1049 5070 1297 5128 feliciter.
1327 5072 1518 5129 Amen.

534 5190 560 5254 3
599 5176 865 5254 gorrupte
887 5182 1197 5254 secundum,
1226 5186 1368 5254 apud
1391 5186 1707 5242 Perardum.

531 5247 561 5286 δ
600 5248 737 5305 Male
762 5247 902 5314 apud
928 5247 1197 5314 eumdem.
1221 5247 1481 5310 déberent.

534 5266 561 5286 υ
602 5266 737 5305 male
762 5266 792 5304 a
832 5266 902 5306 ua
928 5266 1197 5314 eumdem.
1221 5266 1481 5310 deberent.

530 5326 556 5389 _°
592 5266 835 5392 Memini:
858 5319 1016 5392 huius
1059 5323 1328 5392 privilegii
1357 5324 1692 5383 Adrevaldus
1723 5328 1775 5381 in
1808 5328 1947 5383 libro
1974 5330 2040 5385 de

461 5384 737 5462 Miraculis
756 5384 943 5462 sancti
962 5384 1408 5462 Benedictifcap.
1440 5396 1526 5461 19,
1557 5398 1642 5452 his
1666 5399 1874 5452 verbis:
1901 5418 1917 5449 ι
1943 5384 2042 5454 Re-

458 5455 565 5537 gaii
592 5458 959 5537 muniﬁcentia
1006 5461 1131 5537 huic
1180 5455 1548 5521 sacratissimo
1594 5468 1892 5522 coenobioa
1925 5470 2037 5537 pri-

460 5525 571 5582 Scis
595 5526 946 5607 _Francorum
978 5530 1194 5607 regibus
1236 5549 1333 5602 per
1358 5537 1625 5607 praecepti
1672 5538 1875 5605 preprii
1916 5525 2042 5607 syn-

459 5596 723 5672 graphum
755 5596 1070 5672 concessum
1095 5596 1271 5672 fuerat
1291 5596 1625 5672 uti'quatu'or
1648 5596 1813 5661 naves
1850 5596 2041 5661 immu-

461 5663 647 5749 nes'ab
664 5668 811 5721 omni
835 5669 1016 5749 debito
1033 5668 1151 5749 ﬁsci
1176 5663 1449 5749 liberrime
1479 5675 1809 5749 peralvemn
1834 5676 2039 5749 Ligeris

462 5732 844 5793 discurrerent.
868 5758 886 5790 ι
920 5737 1115 5796 Postea
1140 5751 1327 5797 narrat
1364 5732 1693 5801 Adrcvaldus
1718 5732 2036 5802 miraculum

1671 323 1992 381 LUDOV'lCl
2026 326 2049 380 ι
2085 323 2557 384 COGNOMENTO
2595 328 2679 384 Pii

3672 349 3797 406 1080

2875 447 3131 507 LXXVIII

2561 552 2662 593 PRO
2704 553 3040 597 IONASTEBIO
3068 560 3435 604 PLOBIACENSL

2826 628 3000 701 (Anno
3025 631 3175 705 818.)

2208 713 2384 786 [Apud
2430 716 2492 771 D.
2540 715 3037 792 Bouquet.,_ibid.,
3086 739 3153 779 ex
3204 726 3421 783 schedis
3468 729 3534 784 D.
3589 732 3796 792 Claudii

2847 788 3170 865 Estiennot.]

2273 871 2333 925 in
2360 874 2577 929 nomine
2620 874 2718 930 Dei
2766 885 2822 932 et
2858 878 3161 939 Salvatoris
3206 888 3377 941 nostri
3412 887 3545 945 Jesu
3571 892 3794 959 Christi,

2201 958 2526 1029 Ludovicus,
2555 964 2737 1020 divina
2773 969 3059 1029 ordinante
3086 975 3449 1045 providentia,
3492 958 3793 1053 imperator

2199 1049 2494 1122 Augustus.

2269 1136 2531 1196 Omnibus
2550 1140 2837 1215 episcopis,
2866 1148 3174 1219 abbatibus,
3200 1154 3451 1223 ducibus,
3474 1162 3787 1222 comitibus.

2199 1226 2438 1293 vicariis,
2499 1234 2855 1301 centenariis,
2917 1238 3253 1310 teloneariis,
3312 1248 3657 1317 actionariis,
3717 1254 3789 1307 vel

2196 1318 2449 1375 omnibus
2471 1322 2860 1390 rempublicam
2887 1327 3417 1403 administrantibus,
3444 1354 3546 1394 seu
3568 1345 3786 1399 caeteris

2196 1405 2671 1472 ﬁdelibussanctae
2716 1413 2813 1469 Dei
2860 1414 3117 1499 Ecclesia;
3143 1431 3199 1478 et
3239 1429 3463 1495 nostris,
3512 1439 3627 1485 tam
3658 1448 3786 1502 prae-

2194 1497 2442 1554 sentibus
2473 1514 2635 1569 quam
2678 1501 2897 1573 futuris,
2941 1494 3131 1564 notum
3174 1513 3246 1568 sit
3297 1518 3427 1585 quia
3458 1494 3780 1579 venerabilis

2192 1585 2277 1640 vir
2322 1587 2674 1660 Adalgaudus
2718 1594 2856 1649 abba
2906 1611 2973 1650 ex
3021 1606 3361 1660 monasterio
3414 1606 3779 1676 Flor-incensi,

2192 1678 2337 1746 quod
2376 1678 2461 1735 est
2507 1690 2878 1762 constructum
2915 1686 2971 1742 in
3019 1703 3162 1760 pago
3196 1692 3583 1754 Aurelianensi
3630 1718 3781 1773 super

2112 1787 2161 1846 Β
2185 1765 2410 1824 ﬂuvium
2444 1770 2672 1841 Ligeris,
2724 1774 2779 1829 in
2807 1775 3015 1832 honore
3060 1780 3313 1839 videlicet
3357 1785 3413 1841 S.
3448 1787 3598 1843 Petri
3638 1765 3777 1860 prin-

2189 1858 2324 1928 cipis
2351 1861 2719 1930 apostolorum
2748 1873 2806 1919 et
2850 1865 2907 1920 S.
2958 1867 3236 1927 Benedicti
3288 1858 3653 1941 confessoris,
3694 1882 3775 1936 ubi

2186 1950 2301 2019 ipse
2330 1950 2387 2005 S.
2416 1952 2740 2011 Benedich
2766 1972 2994 2027 corpore
3035 1965 3349 2031 requiescit,
3386 1968 3587 2023 detulit
3630 1974 3773 2027 nobis

2186 2039 2569 2097 auctoritatem
2594 2047 2977 2124 praeceptionis
3016 2050 3199 2107 domui
3232 2062 3286 2108 et
3310 2057 3583 2124 genitoris
3611 2066 3768 2117 nostri

2183 2129 2339 2183 bona:
2364 2133 2643 2190 memoriae
2678 2123 2857 2192 Caroli
2883 2139 3116 2209 piissimi
3139 2123 3391 2212 Augusti,
3436 2148 3493 2202 in
3519 2165 3631 2219 qua
3654 2168 3767 2208 cono

2184 2216 2460 2275 tinebatur
2504 2224 2648 2292 quod
2684 2237 3037 2297 avusnoster
3073 2230 3335 2303 Pippinus
3368 2216 3651 2306 quondam
3684 2259 3763 2299 rex

2180 2314 2235 2362 et
2260 2308 2401 2365 idem
2424 2312 2634 2382 genitor
2658 2325 2843 2371 noster
2861 2320 3219 2377 contulissent
3240 2329 3577 2384 monasterio
3600 2332 3760 2386 eidem

2180 2396 2452 2453 teloneum
2479 2401 2545 2455 de
2574 2410 2810 2471 quatuor
2835 2408 3083 2475 navibus,
3130 2426 3251 2481 quae
3286 2429 3387 2484 per
3423 2416 3640 2488 Ligeris
3672 2420 3760 2475 flu-

2177 2501 2299 2542 men
2328 2504 2425 2545 seu
2462 2502 2661 2548 caetera
2702 2494 2923 2552 ﬂumina
2936 2508 3175 2571 propter
3202 2506 3282 2558 sal
3309 2514 3368 2560 et
3392 2516 3596 2565 cetera
3615 2526 3757 2566 com-

2175 2579 2379 2633 mercia
2409 2580 2804 2651 discurrebant,
2850 2602 3058 2642 necnon
3082 2599 3136 2644 et
3166 2592 3231 2647 de
3260 2595 3438 2650 carris
3460 2606 3519 2651 et
3547 2613 3752 2669 sagma-

2175 2667 2272 2731 riis
2311 2672 2621 2727 necessaria
2646 2673 2816 2743 ipsius
2845 2681 3159 2743 monasterii
3207 2682 3287 2736 vel
3329 2667 3754 2756 congregationis

2172 2756 2374 2811 ibidem
2401 2758 2512 2815 Deo
2535 2758 2847 2818 famulantis
2876 2765 3266 2837 deferentibus,
3298 2780 3353 2827 et
3383 2774 3452 2830 de
3489 2777 3654 2842 villis,
3678 2779 3753 2833 vel

2170 2844 2237 2901 de
2281 2848 2553 2915 omnibus,
2606 2854 2965 2925 undecunque
3014 2856 3178 2916 ﬁscus
3224 2862 3502 2919 teloneum
3544 2870 3751 2939 exigere

2166 2945 2399 3006 peteret.
2458 2940 2565 2996 Pro
2616 2942 2888 2999 ﬁrmitatis
2938 2961 3173 3018 namque
3226 2954 3408 3007 studio
3464 2958 3747 3024 postulavit

2166 3030 2322 3084 nobis
2370 3030 2628 3098 prmfatus
2663 3034 2833 3090 abbas
2882 3045 2941 3089 ut
2987 3048 3275 3107 paternum
3321 3058 3417 3097 seu
3466 3048 3749 3114 praedeces-

2165 3132 2349 3173 sorum
2393 3128 2704 3187 nostrorum
2768 3140 2975 3180 morem
3017 3138 3344 3198 sequentes,
3390 3134 3757 3205 huiuscemodi,

2169 3210 2510 3267 auctoritatis
2555 3222 2756 3269 nostra:
2784 3228 2805 3254 ο
2845 3216 3168 3275 beneﬁcium
3212 3210 3391 3279 eidem
3426 3230 3746 3285 concedere-

2164 3315 2286 3355 mus
2316 3302 2401 3357 vel
2429 3304 2899 3363 conﬁrmaremus.
2932 3309 3087 3378 Quod
3114 3322 3170 3368 et
3204 3314 3457 3383 fecimus,
3486 3329 3591 3375 etc.

2236 3391 2461 3464 Signum
2490 3394 2747 3454 Ludovici
2779 3403 3113 3458 serenissimi
3144 3405 3512 3476 imperatoris.

2234 3483 2523 3541 Durandus
2574 3488 2835 3546 diaconus
2888 3493 2953 3547 ad
3005 3494 3179 3551 vicem
3231 3496 3552 3556 Helisachar
3601 3517 3754 3559 reco-

2162 3578 2365 3646 gnovit.

2231 3668 2367 3723 Data
2383 3684 2436 3722 γι
2454 3670 2572 3738 Kal.
2599 3672 2764 3743 Aug.,
2780 3688 2941 3741 anno,
2961 3674 3180 3733 Chrisw
3204 3682 3464 3752 pmpitio,
3484 3684 3517 3737 5
3539 3684 3742 3754 imperii

2160 3759 2343 3814 domui
2401 3760 2661 3819 Ludovici
2713 3765 2945 3835 piissimi
3000 3768 3248 3839 Augusti,
3308 3773 3602 3829 indictione
3659 3775 3738 3828 ii.

2158 3848 2355 3903 Actum
2397 3850 2705 3908 Aureliauis
2740 3854 2962 3912 civitate
3003 3857 3057 3912 in
3088 3859 3184 3915 Dei
3229 3862 3450 3917 nomine
3499 3862 3738 3920 felicita'.

2158 3934 2365 3993 Amen..

2825 4014 3062 4074 LXXIX.

2490 4096 2592 4138 PRO
2621 4098 2959 4143 IONASTERIO
2996 4103 3408 4145 IAGNILOCENSI.

2765 4172 2940 4244 (Anno
2980 4176 3131 4257 svis.)

2408 4261 2584 4333 [Apud
2612 4265 2674 4319 D.
2702 4266 2990 4336 Bouquet.,
3009 4269 3161 4334 ibid.,
3190 4286 3314 4341 pag.
3346 4272 3499 4346 513.]

2227 4350 2285 4403 ln
2313 4353 2533 4409 nomine
2577 4354 2793 4411 Domini
2838 4358 2934 4413 Dei
2979 4367 3032 4414 et
3076 4358 3380 4418 Salvatoris
3405 4366 3578 4420 nostri
3620 4366 3737 4423 Iesu

2156 4440 2378 4508 Christi,
2394 4441 2728 4513 Ludovicus,
2757 4448 2937 4503 divina
2962 4451 3247 4510 ordinante
3266 4456 3629 4523 providentia,
3653 4458 3718 4513 im

2074 4505 2129 4566 D
2152 4505 2373 4602 perator
2399 4534 2691 4606 Augustus.

2224 4624 2360 4680 Cum
2405 4626 2540 4683 locis
2598 4628 2781 4684 divino
2834 4631 3001 4687 cultui
3049 4636 3376 4705 mancipatis
3431 4640 3505 4694 ob
3553 4642 3736 4696 divinae

2152 4716 2431 4773 servitutis
2470 4719 2733 4774 honorem
2760 4736 2917 4792 opem
2948 4738 3247 4796 congruam
3292 4726 3553 4796 ferimus,
3580 4738 3636 4794 et
3661 4745 3735 4785 rc-

2153 4808 2298 4879 gium
2325 4823 2530 4864 morem
2554 4810 2812 4866 decenter
2855 4812 3161 4882 implemus,
3190 4824 3246 4870 et
3287 4817 3343 4871 id
3382 4818 3545 4875 nobis
3568 4818 3735 4890 profu.

2152 4906 2335 4953 turum
2362 4901 2429 4955 ad
2453 4908 2668 4957 aeterna:
2688 4906 3144 4961 remunerationis
3166 4908 3386 4977 praemia
3412 4910 3732 4981 capessenda

2153 4990 2420 5045 veraciter
2452 4992 2740 5049 credimus.
2769 4992 2964 5049 Notum
2988 4995 3153 5066 igitur
3175 5010 3297 5051 esse
3337 4998 3591 5054 volumus
3620 5000 3731 5055 ﬁde-

2151 5077 2293 5132 libus
2340 5088 2540 5135 sanctae
2572 5080 2679 5136 Dei
2716 5081 2971 5152 Ecclesia:
3006 5092 3060 5136 et
3105 5084 3328 5149 nostris,
3379 5088 3729 5156 praesentibus

2151 5200 2391 5260 tempore
2427 5191 2667 5247 Rahonis
2712 5192 2926 5247 comitis
2967 5192 3190 5248 factum.
3240 5194 3606 5259 Mabillonius,
3642 5196 3721 5253 lib.

2149 5276 2321 5315 xxvm
2348 5261 2542 5315 Annal.
2573 5261 2796 5327 Bened.,
2829 5277 2977 5317 num.
3028 5262 3118 5329 79,
3166 5264 3327 5319 vellet
3369 5266 3722 5321 Adrevaldum

2151 5331 2930 5415 habere‘vadem'consimilis
2973 5332 3237 5415 miraculi.
3288 5333 3562 5415 Observa}
3608 5350 3725 5415 prs?

2146 5410 2294 5456 terea
2336 5400 2491 5455 idem.
2520 5400 2857 5459 Mabillonius
2902 5416 3000 5470 per
3042 5403 3094 5457 id
3140 5411 3353 5470 tempus
3400 5400 3634 5459 Floriaci
3660 5404 3723 5458 vi-

2146 5471 2328 5539 guisse
2376 5471 2553 5525 studia
2598 5470 2922 5535 litterarum,
2953 5478 3187 5526 testante
3233 5470 3538 5529 Theodulfo
3568 5475 3621 5529 in
3645 5488 3720 5528 ca-

2144 5538 2379 5621 pitulari,
2423 5538 2576 5607 cujus
2605 5539 2780 5622 capite
2826 5540 3264 5622 i9_prcsbytcros
3293 5552 3482 5622 monet
3524 5553 3719 5622 utcon-

2144 5609 2470 5676 sangnineos
2521 5624 2649 5676 suos
2701 5610 2767 5663 ad
2833 5609 3095 5663 scholam
3125 5611 3342 5666 mittant
3394 5613 3447 5666 in
3501 5613 3714 5668 ecclesia

2145 5674 2357 5733 Sancta:
2388 5678 2595 5742 Crucis,
2619 5674 2764 5746 'quze
2798 5680 3122 5733 cathedralis
3168 5690 3270 5746 est,
3321 5692 3415 5736 aut
3446 5684 3502 5737 in
3546 5696 3715 5737 mom~

2141 5748 2305 5805 sterio
2339 5746 2395 5802 S.
2426 5748 2620 5804 Aniaui
2658 5756 2748 5804 aut
2780 5747 2835 5803 S.
2867 5747 3161 5805 Benedicti.
