3936 6314
519 343 660 400 1683

1655 340 1979 402 LUDOVlCl
2017 345 2038 399 1
2078 345 2550 402 COGNOMENTO
2588 343 2674 401 ΡΗ

3663 349 3792 403 1051

515 454 776 513 beneﬁcia
798 460 1095 524 opportuna
1135 451 1415 522 largimur,
1446 457 1725 527 [mentium
1771 457 1927 512 nobis
1950 454 2089 526 apud
2119 457 2170 516 Α
2195 455 2377 517 deant,
2430 456 2532 513 hoc
2581 464 2662 509 est
2703 473 2715 509 :
2776 458 2828 511 in
2877 456 3038 512 Sulza
3079 469 3100 497 ε’
3129 459 3305 514 curtis
3351 459 3629 514 dominica
3672 477 3798 517 cum

520 547 691 603 Deum
712 552 928 599 aeternae
943 547 1394 602 remunerationis
1421 546 1640 616 rependi
1665 562 1771 600 non
1793 545 2104 600 diﬂidimus.

516 638 728 697 Idcirco
782 639 994 692 noverit
1036 638 1278 692 omnium
1332 636 1570 692 ﬁdelium
1627 645 1940 692 nostrorum
1994 645 2108 690 tam

517 731 864 802 praesentium
907 744 1069 798 quam
1113 727 1418 782 futurorum
1452 727 1740 792 industria,
1787 726 1913 796 quia
1942 739 2107 779 vene-

518 821 708 875 rabilis
748 818 1115 888 Theopaldus,
1163 818 1330 873 abbas
1374 817 1691 872 monasterii
1730 815 1874 885 quod
1899 829 2109 868 nuncu-

515 921 678 982 patur
703 911 1026 966 Novientum
1053 911 1166 966 sive
1206 909 1545 974 Ebersheim,
1574 909 1718 979 quod
1747 916 1830 963 est
1862 907 2027 961 silum
2054 907 2108 960 in

513 1019 653 1073 pago
680 1002 944 1066 lllisacize,
974 1016 1136 1072 supra
1161 1002 1336 1071 ripam
1365 1001 1456 1056 1118
1489 1001 1744 1065 ﬂuminis,
1775 1001 1828 1055 in
1850 1000 2108 1055 comitatu

515 1092 854 1148 Kiricbhcim
885 1104 934 1156 ι,
965 1092 1109 1161 quod
1149 1092 1236 1145 vir
1268 1090 1480 1146 illuster
1510 1091 1663 1145 Etich
1695 1089 1802 1144 dux
1841 1091 1894 1144 in
1940 1091 2112 1145 hono-

515 1197 633 1237 rem
664 1182 877 1237 Domini
907 1183 1078 1237 nostri
1101 1181 1230 1236 Jcsu
1260 1180 1463 1237 Christi
1484 1190 1538 1236 et
1559 1190 1868 1236 sanctorum
1894 1189 2110 1250 aposto—

515 1274 692 1329 lorum
741 1273 885 1328 Petri
916 1281 971 1327 et
1007 1271 1181 1337 Pauli,
1223 1273 1508 1341 sanctique
1559 1272 1805 1335 Mauricii
1851 1272 2108 1341 martyris

517 1374 574 1421 et
598 1365 871 1441 sociorum
911 1362 1027 1432 ejus
1074 1378 1172 1432 per
1206 1363 1577 1432 magisterium
1619 1362 1792 1417 beatae
1835 1362 2109 1416 memoriae

513 1455 780 1532 Theodati
838 1455 1140 1510 sacerdotis
1185 1453 1387 1509 Christi
1438 1455 1744 1511 construxit
1777 1454 1829 1520 ι),
1879 1469 2111 1524 praesen-

517 1545 655 1599 tavit
679 1544 836 1600 nobis
861 1544 1260 1600 immunitatem
1289 1553 1342 1598 et
1364 1545 1644 1616 privilegia
1671 1544 1852 1600 domni
1879 1545 2108 1614 et-geni-

517 1639 655 1694 toris
703 1639 876 1693 nostri
932 1637 1110 1693 Caroli
1152 1641 1306 1694 bona:
1353 1641 1630 1695 memoriae
1676 1639 1924 1711 Augusti.
1975 1639 2108 1707 Quae

513 1737 641 1777 cum
669 1721 904 1790 perlecta
953 1722 1006 1775 in
1038 1722 1311 1778 audientia
1354 1723 1662 1797 principum
1705 1723 1934 1777 recitata
1981 1722 2107 1777 fuis-

2209 547 2460 600 omnibus
2489 547 2831 616 pertinentiis
2855 549 2967 603 suis
2988 588 3001 612 ,
3045 547 3098 603 id
3126 557 3211 604 est
3230 589 3244 614 ,
3288 549 3520 604 ecclesia
3550 565 3678 604 cum
3706 550 3800 604 de-

2208 636 2366 691 cimis
2397 637 2541 701 suis;
2577 637 2747 692 curtis
2787 647 2956 706 porta:
2991 654 3113 694 cum
3156 639 3306 693 omni
3351 639 3565 693 decima
3613 639 3800 695 salice

2210 735 2393 792 terrre,
2435 727 2548 781 sive
2585 727 2636 780 in
2660 727 2830 782 vineis
2855 767 2870 793 ,
2914 729 3027 783 sive
3067 728 3121 782 in
3166 728 3313 798 agris
3359 729 3444 782 vel
3474 730 3680 798 pratis,
3713 729 3802 783 vel

2208 817 2373 871 etiam
2429 815 2644 872 forestis
2682 827 2738 872 et
2769 819 3018 873 omnibus
3044 819 3334 873 novalibus
3383 819 3662 889 ipsorum,
3715 820 3801 872 vel

2209 913 2374 967 etiam
2401 913 2467 967 de
2505 912 2828 968 animalibus
2876 927 2997 982 quae
3035 912 3349 968 nutriuntur
3391 913 3443 966 in
3483 913 3599 983 ipsa
3653 914 3798 967 curti

2209 1001 2499 1056 dominica.
2524 1000 2738 1070 Capella
2768 1001 2953 1068 etiam,
2985 1017 3104 1071 qua:
3138 1000 3273 1057 cella
3305 1001 3487 1056 Sancti
3517 1001 3668 1055 Petri
3715 1002 3801 1055 di-

2211 1093 2369 1157 citur,
2400 1092 2454 1146 in
2481 1092 2846 1162 supradictam
2868 1094 3066 1148 curtim
3094 1101 3263 1163 porta
3291 1108 3414 1146 cum
3443 1093 3710 1147 omnibus
3733 1092 3800 1146 ad

2210 1198 2270 1238 se
2298 1181 2693 1254 pertinentibus
2721 1183 2988 1253 pertinet;
3028 1183 3234 1252 capella
3260 1184 3424 1237 etiam
3451 1184 3504 1237 in
3527 1183 3656 1236 villa
3679 1199 3800 1253 qua

2211 1272 2508 1327 Sarmeuza
2552 1271 2817 1338 fdicitur,
2877 1273 2930 1326 in
2975 1273 3146 1342 ipsam
3192 1273 3386 1327 curtim
3434 1281 3610 1342 portm
3636 1273 3800 1342 perti-

2209 1378 2370 1430 nens;
2397 1365 2449 1418 in
2479 1364 2658 1420 banno
2681 1365 3072 1435 Regenesbeim
3095 1367 3119 1404 ε
3139 1365 3360 1420 decimae
3389 1365 3622 1420 duorum
3647 1380 3800 1417 mau-

2210 1471 2398 1520 suum,
2431 1463 2485 1510 et
2512 1457 2566 1509 in
2595 1455 3050 1512 Gundolvesheim
3078 1459 3104 1497 h
3134 1458 3371 1527 quinque
3391 1472 3711 1519 mansuum,
3748 1465 3799 1510 et

2210 1547 2262 1601 in
2288 1546 2548 1600 Bercbolz
2586 1549 2599 1586 ί
2630 1547 2854 1602 decimae
2898 1549 3068 1603 vinea:
3097 1549 3258 1602 unius
3307 1550 3360 1602 in
3393 1549 3569 1618 ipsam
3603 1548 3794 1602 curtim

2209 1635 2444 1704 pertinet
2472 1652 2487 1700 ;
2529 1637 2584 1690 in
2614 1634 3003 1692 Baltcresheim
3042 1647 3055 1686 ι
3095 1678 3108 1697 .
3138 1645 3192 1690 et
3223 1638 3277 1691 in
3305 1637 3633 1691 Batenheim
3659 1637 3684 1675 ιι
3705 1677 3720 1700 ,
3747 1646 3796 1689 ct

2212 1724 2683 1780 Ruoleicbeslieim
2717 1725 2756 1791 ι,
2778 1735 2833 1780 ct
2859 1727 2910 1780 in
2934 1725 3173 1780 Hirzwit
3198 1739 3260 1791 ω,
3293 1735 3348 1782 et
3367 1727 3423 1780 in
3450 1725 3790 1780 l'tollevvilren

513 1821 658 1878 sent,
684 1815 970 1868 continere
1000 1815 1318 1869 videbantur
1343 1817 1486 1884 quod
1526 1816 1665 1871 idem
1694 1817 1907 1886 genitor
1926 1822 2113 1870 noster
2138 1812 2186 1872 B
2213 1814 2474 1885 quidquid
2516 1816 2570 1870 in
2621 1816 2987 1885 supradictam
3040 1818 3238 1872 curtim
3270 1818 3605 1873 dominicam
3641 1817 3792 1871 Sulza

511 1905 582 1958 ob
608 1919 849 1959 amorem
882 1906 1031 1975 regni
1068 1905 1329 1972 caelestis,
1380 1906 1687 1976 specialiter
1715 1915 1895 1960 tamen
1931 1905 2001 1960 ob
2032 1921 2113 1960 re-

513 1994 814 2063 verentiam
856 1994 1202 2051 Thebeorum
1246 2006 1567 2067 martyrum,
1601 2012 1667 2052 eo
1696 1997 1840 2066 quod
1870 1997 2111 2067 ipsorum

515 2080 786 2152 suﬂ‘ragiis
816 2093 939 2156 post
980 2084 1150 2138 multa
1186 2085 1462 2156 dispendia
1496 2101 1561 2142 ac
1605 2085 1973 2141 difﬁcultatem
2019 2101 2115 2156 pu-

516 2189 636 2244 gnae
666 2176 958 2245 resumptis
986 2174 1196 2230 viribus
1238 2175 1292 2229 in
1332 2175 1474 2230 festo
1520 2177 1790 2246 passionis
1831 2191 2016 2231 eorum
2047 2177 2113 2231 de

515 2267 773 2322 Barbaris
800 2267 1211 2337 triumphasset,
1234 2266 1552 2336 praedictum
1580 2267 1970 2322 monasterium
1999 2282 2114 2336 spe-

519 2356 646 2411 ciali
675 2356 909 2426 quodam
956 2354 1150 2411 aﬂ‘ectu
1200 2371 1416 2425 semper
1450 2357 1550 2411 sub
1592 2356 1906 2426 plenissima
1936 2356 2113 2410 defen-

519 2449 676 2504 sione
703 2449 866 2520 regize
907 2447 1266 2502 immunitatis
1295 2456 1502 2502 tutatus
1532 2448 1622 2502 sit.
1670 2447 2007 2516 Quapropter
2031 2461 2113 2501 ro-

517 2539 667 2611 gavit
704 2553 803 2593 nos
833 2538 974 2592 idem
1021 2537 1312 2608 praedictus
1359 2535 1529 2593 abbas
1556 2553 1685 2611 cum
1708 2538 1927 2593 domino
1971 2538 2112 2594 Vull-

519 2607 683 2682 baldo
703 2628 979 2682 advocato
1005 2607 1123 2693 suo,
1153 2636 1214 2684 ut
1237 2635 1524 2697 paternum
1549 2607 1758 2681 morem
1802 2633 2110 2695 sequentes,

520 2721 700 2791 ipsum
736 2719 1034 2789 supradicti
1059 2718 1293 2774 crenobii
1323 2706 1503 2774 lbcum
1535 2728 1590 2772 et
1616 2718 1785 2787 ipsius
1809 2718 2109 2788 praecipuas

516 2819 699 2866 curtes
746 2811 800 2864 in
854 2809 1076 2865 tutelam
1132 2818 1334 2865 nostrae
1394 2809 1691 2879 imperialis
1735 2809 2106 2876 defensionis,

521 2898 741 2954 exclusa
779 2898 925 2954 omni
960 2899 1221 2954 comitiali
1253 2915 1346 2955 seu
1376 2899 1546 2955 tiscali
1573 2907 1870 2969 potestate,
1898 2900 2111 2970 recipe-

523 3003 728 3044 remus.
769 2987 878 3044 Nos
905 3004 1036 3060 ergo
1075 2989 1337 3058 majorum
1362 2999 1674 3046 nostrorum
1701 2991 1950 3060 exemplo
1985 3006 2110 3061 pro-

522 3079 722 3144 vocati,
756 3079 1026 3148 simulque
1068 3079 1170 3150 ipsi
1200 3079 1305 3135 loci
1336 3081 1552 3135 utilitati
1604 3089 1659 3137 et
1706 3089 1905 3136 nostrze
1948 3081 2106 3136 saluti

2215 1907 2462 1976 respicit,
2491 1907 2731 1962 decimas
2765 1907 2818 1961 in
2848 1909 3044 1963 curtim
3071 1918 3239 1978 porte
3267 1909 3551 1978 persolvit.
3569 1908 3793 1962 Familia

2213 2005 2326 2052 tota
2345 2038 2359 2063 ,
2388 1997 2500 2052 sive
2522 1997 2775 2053 militaris
2793 1999 2954 2063 ,‘sive
2988 1999 3256 2054 censualis
3280 2039 3294 2064 ,
3327 1999 3411 2052 vel
3455 2009 3512 2053 et
3552 1999 3788 2060 servilis,

2214 2101 2337 2140 cum
2363 2087 2508 2140 omni
2537 2087 2716 2142 banno
2742 2088 2807 2142 de
2833 2087 2946 2157 ipsa
2970 2088 3095 2142 villa
3117 2089 3229 2142 sive
3253 2089 3482 2144 marcha
3502 2103 3631 2144 cum
3654 2090 3790 2143 omni

2214 2174 2383 2230 libera
2409 2175 2643 2230 utilitate
2673 2177 2728 2232 in
2753 2177 2926 2247 ipsam
2951 2178 3144 2231 curtim
3171 2177 3499 2232 dominicam
3521 2177 3783 2248 pertinet;

2214 2280 2334 2334 quae
2373 2266 2596 2320 marcha
2635 2266 2846 2321 orditur
2889 2267 2942 2320 in
2969 2266 3095 2337 jugo
3147 2252 3349 2320 montis
3396 2265 3492 2336 qui
3547 2265 3740 2320 Beleus
3767 2273 3788 2298 °

2213 2355 2432 2421 dicitur,
2463 2356 2606 2410 ultra
2633 2356 2809 2411 locum
2835 2357 2928 2425 qui
2965 2355 3410 2410 Breidenbrunno
3442 2363 3702 2418 vocatur,
3739 2363 3787 2407 et

2212 2449 2472 2520 pertingit
2500 2449 2552 2503 in
2582 2448 2895 2504 descensum
2925 2462 3094 2516 usque
3115 2462 3212 2516 per
3237 2447 3476 2501 medium
3507 2445 3650 2499 villae
3680 2460 3787 2515 qua:

2213 2538 2586 2594 Reteresheim
2631 2545 2947 2604 avocatur;
2975 2538 3028 2592 in
3054 2535 3338 2591 latitudine
3378 2552 3513 2591 vero
3539 2552 3572 2590 a
3602 2535 3787 2590 medie

2213 2635 2323 2682 tate
2354 2626 2494 2681 villa:
2537 2641 2656 2696 quae
2681 2626 2992 2680 Alreswilre
3018 2637 3047 2676 ιι
3073 2625 3291 2689 dicitur,
3321 2639 3497 2694 usque
3549 2625 3604 2678 in
3654 2625 3781 2678 anti-

2212 2732 2377 2788 quum
2410 2700 2620 2771 alveum
2675 2715 2821 2770 ﬂuvii
2875 2716 2968 2787 qui
3016 2715 3249 2771 Lorfaha
3283 2726 3305 2753 τ
3340 2716 3578 2779 dicitur,
3625 2725 3680 2769 et
3710 2725 3786 2770 est

2212 2807 2316 2861 sita
2352 2806 2405 2860 in
2437 2806 2694 2860 comitatu
2723 2805 2945 2861 lllechik
2975 2817 3017 2871 ι,
3052 2815 3105 2861 et
3136 2805 3189 2859 in
3225 2806 3545 2875 episcopatu
3583 2806 3779 2878 Argen-

2213 2899 2432 2954 tinensi.
2485 2899 2542 2952 ln
2595 2898 2952 2969 Egenesheim
3014 2899 3031 2934 ί
3084 2899 3257 2953 curtis
3304 2898 3620 2960 dominica,
3670 2912 3780 2952 cum

2212 2997 2404 3056 quarta
2442 2997 2600 3056 parte
2629 2987 2798 3042 banni
2850 2997 2904 3043 et
2951 2987 3176 3042 decimis
3224 2987 3394 3056 ipsius
3441 2986 3626 3042 allodii
3669 3002 3784 3042 cum

2169 3097 2176 3105 ·
2210 3080 2331 3134 aliis
2355 3079 2694 3149 pertinentiis
2721 3080 2852 3134 suis.
2893 3079 2951 3134 ln
2987 3078 3365 3150 Sigoltesbeim
3393 3090 3421 3118 ιι
3443 3119 3458 3144 ,
3498 3079 3667 3134 curtis
3701 3078 3780 3133 do-

521 3169 897 3241 providentes,
936 3169 1181 3238 petitioni
1213 3170 1453 3239 ipsorum
1496 3171 1550 3224 in
1589 3171 1838 3226 omnibus
1867 3185 2107 3226 annuere
2133 3163 2177 3226 C
2209 3168 2408 3224 minica
2435 3183 2558 3222 cum
2588 3168 2840 3223 omnibus
2860 3169 3190 3238 appendieiis
3211 3168 3348 3232 suis,
3370 3168 3548 3223 vineis
3576 3177 3631 3223 et
3650 3168 3780 3238 agris

519 3259 880 3315 decrevimus.
927 3257 1314 3329 Prmeipientes
1345 3261 1530 3331 itaque
1578 3259 1846 3330 imperiali
1876 3261 2107 3315 auctori-

520 3349 912 3417 tatejubemus
955 3359 1016 3404 ut
1052 3351 1231 3407 nullus
1255 3351 1423 3420 judex
1469 3350 1740 3421 publicus,
1773 3351 1916 3404 nulla
1969 3350 2109 3420 judi-

519 3441 687 3496 ciaria
710 3448 952 3510 potestas
993 3443 1193 3498 nostris
1211 3452 1308 3498 aut
1341 3441 1540 3498 futuris
1570 3444 1900 3512 temporibus
1930 3444 2106 3512 ipsum

522 3532 892 3602 supradictum
943 3532 1159 3598 locum,
1214 3534 1298 3588 vel
1352 3543 1536 3589 curtes
1579 3533 1747 3604 ipsius
1785 3535 2110 3604 potestative

523 3623 732 3694 ingredi
768 3633 1131 3694 prmsumant;
1167 3640 1266 3680 nec
1294 3634 1515 3696 paratas
1542 3666 1555 3691 ,
1601 3635 1694 3679 aut
1730 3627 2038 3681 mansiones
2082 3638 2103 3666 ο

523 3714 598 3769 ibi
628 3713 868 3778 faciant,
922 3728 1024 3769 nec
1051 3730 1378 3785 quemquam
1408 3715 1685 3770 hominum
1710 3716 2106 3786 constringant,

523 3817 626 3856 nec
653 3802 945 3872 quidquam
988 3803 1054 3858 de
1074 3805 1195 3874 jure
1221 3805 1338 3859 ﬁsci
1390 3806 1561 3859 nostri
1606 3805 1740 3860 inibi
1790 3807 2106 3876 regnirant;

525 3891 619 3946 sed
647 3892 941 3961 praedictus
975 3891 1315 3961 Theopaldus
1338 3894 1526 3959 abbas,
1563 3901 1618 3947 et
1648 3908 1839 3948 omnes
1889 3910 2108 3950 succes-

529 3994 680 4034 sores
717 3981 887 4050 ipsius
926 3981 1071 4051 ipsas
1099 3991 1281 4037 curtes
1319 3996 1386 4036 ex
1414 3982 1517 4038 hoc
1559 3990 1613 4037 et
1659 3983 1912 4053 deinceps
1959 3992 2111 4052 pote-

525 4073 722 4126 stative
765 4083 821 4127 et
849 4073 1087 4128 totaliter
1121 4085 1245 4128 cum
1285 4074 1433 4130 omni
1459 4075 1820 4130 mundiburde
1865 4074 1890 4115 ἀ
1938 4077 2110 4144 possi-

600 4223 627 4252 ι
651 4209 729 4264 De
768 4210 1029 4264 comitatu
1062 4209 1419 4273 Kirichbeim,
1451 4210 1542 4278 qui
1584 4217 1637 4264 et
1685 4225 1854 4331 pagus
1879 4209 2112 4265 Tronin-

600 4294 718 4331 rum
745 4279 965 4331 dicitur.
990 4279 1306 4331 consulatur
1335 4278 1714 4331 Schmuﬂinus.
1791 4279 1912 4331 lsat.
1943 4279 2107 4331 illust.

527 4294 718 4349 gorum
745 4279 1306 4349 dicituyconsulatur
1335 4278 1714 4348 Schmpﬂinus,
1742 4278 1912 4332 Alsat.
1943 4279 2107 4334 illust.

525 4347 882 4434 meum
922 4348 1019 4434 διε
1050 4357 1104 4434 ει
1130 4349 1255 4434 es»

597 4418 626 4457 δ
655 4417 787 4472 Vide
814 4417 1120 4472 Cltronicon
1146 4417 1524 4472 Novientense.

599 4497 621 4526 ε
659 4486 1008 4542 lncumbe‘bat
1038 4487 1469 4557 provincialibus
1499 4501 1636 4541 onus
1661 4487 1856 4540 missos
1884 4495 1939 4542 et
1970 4487 2114 4554 lega—
2139 4496 2194 4557 ι)

527 4563 612 4628 tos
639 4557 849 4628 regios,
874 4556 1120 4628 comites,
1150 4557 1323 4628 duces
1351 4556 1593 4628 aliosque
1635 4557 1987 4628 magistratus
2018 4572 2113 4628 pu-

523 4626 694 4680 blicos
735 4626 1064 4696 recipiendi,
1112 4627 1299 4696 eisque
1334 4625 1640 4696 mansiones
1668 4625 1782 4679 sive
1812 4625 2112 4696 diversoria

524 4709 626 4762 pro
662 4694 922 4764 cujusque
968 4694 1234 4764 dignitate
1269 4704 1324 4750 et
1352 4695 1658 4764 conditione
1697 4703 1977 4762 praestare.
2012 4694 2112 4749 Hic

526 4763 813 4833 sumuntur
836 4763 1143 4819 mansiones
1167 4780 1266 4833 pro
1305 4765 1520 4833 hOSpitii
1568 4763 1692 4832 jure
1726 4779 1832 4832 quo
1862 4764 2111 4833 praadicti

524 4830 852 4913 gaudebant,
904 4841 959 4888 et
986 4830 1189 4904 μαναεώ
1235 4849 1335 4905 pro
1383 4830 1638 4902 expensis
1670 4830 1958 4887 aid—eorum
1987 4848 2109 4888 sus-

526 4912 862 5054 οῗιᾷυῷηξέξι
879 4972 1056 5054 tutela.
1067 4981 1128 5054 et
1151 4972 1481 5054 defensione.
1499 4970 1959 5054 ‘Legeﬁlossaria
1982 4971 2110 5026 Wa-

525 5040 708 5126 cbteti‘
731 5050 798 5122 et.
819 5041 1105 5126 Haltausii,
1132 5057 1254 5126 pag.
1269 5041 1418 5126 ,1101
1461 5050 1516 5096 et
1546 5040 1702 5096 1575.

602 5122 627 5181 ξ
664 5109 989 5181 Qppidulum
1016 5109 1331 5166 Obcf-Sub.

602 5178 622 5218 ί
663 5177 834 5234 Hodie
886 5179 1280 5246 Sermcrsheim,
1311 5194 1473 5246 supra
1499 5177 1808 5235 Benfeldam
1836 5179 1993 5235 situs.
2027 5178 2104 5234 lbi

523 5246 705 5331 adhuc
729 5250 1129 5331 supersun't'ad‘
1155 5249 1326 5331 illurn
1361 5246 1582 5331 ﬂuvium
1613 5247 1809 5303 rudera
1867 5249 2105 5319 antiquae

523 5318 742 5388 capellae
777 5318 966 5374 sancto
995 5319 1249 5375 Udalrico
1277 5320 1483 5374 dicam.

592 5391 624 5468 ξ
663 5386 834 5468 Hodie
862 5387 1132 5468 {taliet-in,
1167 5403 1342 5468 prope
1368 5385 1790 5468 Ensishemj‘um.

592 5456 621 5496 ιι
665 5455 835 5526 Hodie
861 5454 1253 5522 Gundelsheim,
1276 5454 1434 5512 vicus
1458 5471 1624 5526 prope
1651 5454 1935 5526 Rufacum.

600 5527 617 5564 ί
665 5525 836 5597 Hodie
857 5526 1157 5597 Ijergholtz,
1191 5543 1358 5597 prope
1379 5525 1634 5597 oppidum
1666 5525 2009 5597 Gebweiller.

602 5543 617 5564 ι
669 5543 836 5581 ιιοαι8
857 5543 1157 5596 uergnouz,
1191 5543 1358 5597 prope
1379 5543 1448 5596 op
1491 5543 1634 5580 tuum
1666 5543 1866 5581 ueowe

595 5604 611 5667 ξ
660 5593 833 5667 Hodie
859 5595 1224 5667 Bqltershgeim,
1255 5613 1421 5667 prope
1450 5543 1866 5650 Ensishemium.

558 5661 625 5788 hi
656 5662 827 5743 Hodie
882 5666 1030 5722 vicus
1081 5661 1425 5728 Bauen'hciin,
1488 5681 1700 5734 quoque
1751 5681 1916 5735 prope
1953 5667 2107 5721 Ensi-

597 5747 814 5788 emtum.

530 5746 814 5789 snemtum.

2213 3280 2270 3326 et
2301 3273 2472 3342 pratis
2493 3314 2506 3339 ,
2535 3287 2758 3328 mansus
2785 3271 3066 3328 censuales
3108 3281 3163 3326 et
3208 3271 3467 3336 serviles,
3525 3273 3776 3342 mancipia

2209 3373 2494 3442 utriusque
2533 3387 2728 3439 sexus;
2770 3373 2973 3443 capella
3003 3371 3174 3441 ipsius
3201 3373 3374 3426 curtis
3396 3388 3522 3426 cum
3547 3374 3780 3430 omnibus

2210 3471 2433 3526 decimis
2467 3470 2634 3540 ipsius
2663 3471 2883 3540 pmdii:
2929 3471 3159 3527 decimze
3177 3485 3305 3525 vero
3332 3470 3518 3527 salies:
3554 3481 3706 3526 terra:
3732 3481 3778 3526 et

2210 3569 2490 3625 servilium
2518 3571 2903 3626 beneﬁciorum
2928 3572 2992 3626 ad
3028 3577 3240 3642 portam
3281 3571 3602 3627 monasterii
3633 3571 3778 3640 perti-

2209 3681 2382 3739 nent;
2422 3674 2688 3729 medietas
2716 3674 2958 3739 dominii,
3001 3675 3122 3732 sive
3152 3673 3318 3730 banni
3371 3675 3438 3729 de
3463 3683 3576 3729 tota
3614 3688 3780 3728 mare

2209 3772 2266 3826 in
2295 3772 2463 3842 ipsam
2493 3773 2689 3832 curtim
2717 3771 3040 3827 dominicam
3064 3786 3187 3825 cum
3211 3770 3410 3825 foreste
3430 3780 3487 3824 et
3514 3771 3659 3825 omni
3684 3770 3779 3824 nti-

2211 3871 2363 3926 litate
2407 3873 2661 3940 pertinet.
2715 3872 2837 3941 Ipsa
2873 3879 3052 3926 autem
3080 3871 3304 3925 marcha
3336 3870 3532 3939 incipit
3556 3886 3586 3923 a
3612 3870 3778 3924 villula

2211 3987 2332 4041 qua;
2360 3971 2591 4026 Mezeral
2615 3980 2639 4007 ν
2655 3971 2875 4036 dicitur,
2891 3979 2946 4025 et
2975 3971 3297 4025 terminatur
3317 3969 3371 4023 in
3394 3970 3514 4025 rivo
3535 3968 3679 4024 ﬂuvii
3701 3969 3782 4038 qui

2212 4067 2504 4122 Vaebonna
2523 4081 2549 4109 ι
2569 4068 2782 4132 dicitur,
2805 4064 2959 4135 juxta
2971 4065 3210 4120 villulam
3224 4081 3345 4136 quae
3360 4064 3731 4120 Scottenwilre
3752 4071 3775 4110 7

2289 4201 2304 4239 ι
2349 4200 2524 4274 Hodie
2573 4200 2923 4274 Burelslieinp,
2971 4199 3138 4274 etiam
3167 4197 3771 4274 p_rope_Ensishemiut_n.

2283 4284 2323 4311 ω
2355 4271 2525 4326 Hodie
2565 4269 2819 4334 Hirzvelt,
2842 4270 2994 4324 vicus
3017 4269 3158 4324 inter
3171 4266 3596 4323 ’Ensisbemium
3619 4277 3672 4322 et
3691 4266 3777 4320 No-

2219 4357 2339 4395 vum
2366 4341 2663 4394 Brisacum.

2286 4421 2313 4447 ιι
2349 4409 2520 4464 Hodie
2545 4407 2860 4471 Bollweiler,
2891 4407 3101 4463 duabus
3121 4421 3282 4471 supra
3311 4405 3578 4461 Rufacum
3605 4404 3774 4460 leucis.

2291 4486 2315 4514 °
2355 4471 2567 4542 Beletls,
2611 4479 2725 4532 sive
2762 4477 2921 4532 Belus
2972 4492 3148 4541 mons,
3179 4471 3503 4530 Germanice
3549 4475 3776 4536 Belclm,

2219 4548 2424 4608 Gallice
2453 4547 2642 4614 Balari,
2670 4547 2909 4616 omnium
2939 4545 3431 4616 Vogesi_inontium
3462 4544 3776 4616 babetural-

2219 4618 2481 4680 tissimus,
2518 4625 2574 4672 et
2621 4617 2830 4671 duabus
2876 4613 3046 4670 leucis
3076 4631 3106 4668 a
3135 4614 3396 4668 Murbaco
3446 4613 3632 4675 distat,
3682 4613 3773 4666 non

2216 4687 2627 4742 confundendus
2671 4700 2795 4740 cum
2831 4684 3014 4755 altero
3063 4683 3603 4755 ejusdemunominis
3622 4682 3674 4734 in
3698 4695 3780 4736 eo-

2217 4758 2438 4813 mitatus
2463 4755 2790 4827 Burgundici
2817 4754 3013 4827 finibus
3037 4751 3216 4827 prope
3235 4751 3538 4807 Belfortum
3559 4751 3683 4806 aito.

2292 4838 2318 4876 ι)
2357 4822 2698 4896 RetersItEt'm,
2727 4825 2888 4896 paulo
2902 4822 3074 4896 supra
3106 4822 3390 4896 Rufacum.

2287 4907 2315 4946 ιι
2356 4895 2663 4959 Almswiler,
2687 4889 2862 4964 prope
2895 4889 3239 4950 Sultzbacum
3279 4889 3623 4961 Suudgoviz.

2287 4911 2315 4946 ιι
2356 4911 2663 4959 Atmswuer,
2690 4911 2744 5017 £1

2286 4976 2308 5004 τ
2351 4966 2516 5020 Rivus
2544 4964 2687 5018 Lauc
2731 5006 2744 5018 .

2279 5044 2304 5075 ³
2350 5034 2587 5103 Legatur
2642 5032 2958 5104 Sehcepﬂini
3008 5031 3216 5088 Alsatia
3261 5030 3552 5097 illustrata,
3581 5035 3706 5086 tom.
3729 5024 3771 5091 I,

2209 5121 2332 5176 pag.
2367 5106 2489 5160 661.

2287 5178 2306 5212 τ
2347 5174 2610 5244 Εθίειιείνη

2279 5255 2309 5283 ιι
2341 5243 2672 5314 δίίῃοιεήεξηι.

2280 5321 2308 5350 ν
2347 5305 2517 5386 Hodie
2541 5309 2885 5386 vicu_s_Vall_is
2915 5309 3284 5386 Gregorianae,
3318 5305 3765 5386 "eaerulch

2210 5386 2406 5447 dictus,
2449 5382 2517 5437 ad
2550 5381 2804 5450 oppidum
2831 5379 3573 5501 Monasteriensecpertinens.

2283 5467 2310 5494 ι
2353 5452 2521 5507 Hodie
2549 5451 2695 5505 rivus
2740 5449 2984 5504 Fachina
3022 5450 3136 5504 sive
3172 5447 3249 5502 Fc
3296 5456 3357 5507 at,
3381 5456 3534 5501 ortus
3566 5459 3627 5499 ex
3652 5443 3764 5496 dno-

2211 5525 2314 5579 bus
2339 5488 2886 5576 Idlv‘li‘suco‘ntluentibus
2909 5488 3079 5590 prope
3102 5488 3292 5574 urbem
3324 5488 3487 5585 atque
3514 5511 3761 5570 abbatlam

2206 5591 2705 5648 'Monasteriensem.

2283 5670 2314 5710 γ
2352 5661 2522 5715 Hodie
2552 5660 2702 5728 vicus
2731 5657 2999 5725 Stoswihr,
3027 5673 3136 5714 non
3172 5658 3327 5727 longe
3356 5655 3424 5712 ab
3447 5653 3634 5728 oppido
3663 5648 3756 5706 Ho-

2213 5731 2530 5788 nastcriensi
2561 5726 2780 5784 distans.
