3936 6354
215 436 361 491 1083

1362 419 1753 484 DlPLDMATA
1795 432 2347 490 ECCLESIASTICA.

3337 441 3476 497 1086

211 557 487 612 vocatur;
532 547 584 600 in
625 545 908 601 latitudine
936 560 1065 600 vero
1095 544 1233 598 ultra
1259 545 1609 598 Vaclionnam
1641 541 1793 610 juxta
1824 548 1873 602 Α
1901 541 2158 597 tincntiis.
2194 544 2250 597 In
2279 543 2516 599 Northus
2555 546 2597 608 ί,
2649 545 2822 600 curtis
2854 545 3125 600 dominica
3157 561 3277 601 cum
3305 551 3477 602 minii—

211 637 572 693 Lucelvvilreal
596 651 766 706 usque
786 636 837 689 in
851 650 1063 689 amnem
1092 634 1183 703 qui
1202 633 1467 688 Mulibacli
1494 633 1521 671 δ
1551 640 1792 694 vocatur,

213 728 272 781 in
311 728 565 782 comitatu
586 727 858 793 Illichick,
905 735 959 782 et
991 727 1045 780 in
1073 725 1385 794 episcopatu
1415 722 1793 790 Argentinensi

210 820 342 875 sita.
394 821 452 874 In
482 818 781 874 Olleswilre
821 829 871 883 ε,
909 817 1081 872 curtis
1123 815 1394 870 dominica
1425 829 1546 868 cum
1597 812 1794 867 allodio

206 911 496 964 vinearum
541 918 597 964 et
623 924 873 979 agrorum
897 949 911 970 ,
951 921 1171 962 mansus
1217 903 1498 959 censuales
1527 911 1581 957 et
1619 902 1792 957 servi-

207 1002 322 1066 les;
364 1003 580 1056 decimze
610 1002 779 1072 ipsius
802 999 989 1070 prmdii
1020 997 1257 1052 totaliter
1273 997 1340 1051 ad
1365 1003 1578 1064 portam
1607 1008 1794 1047 mona-

206 1092 364 1146 sterii
399 1093 450 1159 in
472 1108 603 1146 usus
624 1104 918 1160 pauperum
944 1096 997 1143 et
1019 1087 1296 1156 hospitum
1326 1085 1619 1154 pertinent.
1651 1083 1795 1136 Ban-

204 1197 317 1237 nus
343 1182 508 1251 ipsius
538 1182 715 1236 allodii
738 1195 859 1235 cum
875 1179 1020 1234 omni
1047 1176 1402 1232 mundiburde
1418 1191 1514 1230 sua
1541 1175 1594 1228 in
1621 1174 1792 1242 ipsam

204 1271 408 1328 curtim
453 1271 716 1339 pertinet,
769 1270 872 1324 viis
895 1268 1104 1324 scilicet
1147 1277 1200 1322 et
1231 1266 1423 1330 inviis,
1456 1263 1694 1318 exitibus
1739 1271 1795 1316 et

205 1361 545 1426 redditibus;
596 1359 897 1414 communis
911 1373 1039 1413 vero
1060 1358 1271 1412 bannus
1295 1371 1466 1425 usque
1496 1355 1550 1407 in
1578 1353 1790 1407 alveum

201 1452 530 1522 Eggenbach
572 1452 598 1491 (ι
649 1461 702 1507 et
748 1451 956 1504 alveum
1008 1449 1101 1503 llle
1158 1447 1397 1502 ﬂuminis
1425 1487 1440 1511 ,
1494 1460 1624 1500 usus
1660 1457 1791 1496 vero

199 1543 473 1613 lignorum
489 1551 543 1598 et
563 1558 762 1613 pascua
802 1543 870 1595 ad
892 1541 1218 1611 saginandos
1253 1537 1641 1609 quinquaginta
1669 1552 1768 1606 por

199 1647 304 1687 eos
329 1634 384 1686 in
414 1632 748 1688 Westerholz
797 1631 849 1685 in
881 1631 1054 1700 ipsam
1098 1638 1306 1684 curtem
1356 1627 1634 1698 pertinet:
1688 1625 1792 1679 sita

199 1735 294 1778 est
321 1732 498 1778 autem
533 1725 587 1778 in
637 1724 891 1779 comitatu
921 1721 1254 1776 Kirchheim.
1298 1720 1356 1774 In
1388 1717 1708 1774 Scerewilre
1738 1727 1789 1780 θ,

198 1815 379 1868 curtis
438 1814 706 1869 dominica
767 1827 889 1867 cum
952 1811 1126 1865 vineis
1176 1821 1232 1865 et
1285 1809 1429 1878 agris
1487 1817 1540 1862 et
1598 1807 1788 1876 pratis,

196 1911 427 1959 m'ansus
487 1903 767 1959 censuales
813 1911 868 1957 et
919 1910 1099 1957 curtes
1146 1901 1420 1971 ipsorum,
1482 1906 1536 1953 et
1576 1898 1787 1952 bannus
1814 1879 1861 1938 Β

197 1996 376 2065 ipsius
400 1995 583 2064 praedii
609 2002 665 2048 et
686 1993 944 2047 villicatio
970 1993 1024 2046 in
1048 1992 1219 2062 ipsam
1243 1991 1440 2046 curtim
1464 1988 1790 2044 dominicam

194 2086 476 2155 pertinet;
509 2084 730 2140 decima:
756 2084 934 2138 saliere
955 2091 1116 2139 terrae
1142 2083 1210 2137 ad
1228 2089 1442 2152 portam
1470 2079 1788 2136 monasterii

197 2176 523 2244 respiciunt.
556 2174 614 2229 In
641 2174 1007 2244 Chagenheim
1038 2173 1082 2240 ί,
1121 2173 1290 2227 curtis
1344 2171 1624 2226 Dominica
1659 2185 1786 2224 cum

199 2267 373 2322 salica
424 2275 592 2332 terra,
645 2273 845 2329 curtes,
895 2263 1198 2328 curtetlcia,
1239 2279 1459 2318 mansus
1485 2261 1707 2318 serviles
1734 2268 1790 2314 et

195 2357 506 2422 censuales,
542 2371 665 2410 cum
699 2354 1013 2410 molendino
1045 2361 1100 2409 et
1146 2353 1561 2424 piscationibus,
1613 2360 1668 2406 et
1700 2350 1784 2404 fa-

201 2446 355 2501 milia
409 2445 635 2514 aliisque
687 2445 1022 2513 appendiciis
1057 2453 1111 2499 et
1140 2444 1289 2499 o'mni
1329 2444 1496 2499 libera
1528 2443 1782 2498 utilitate.

195 2536 257 2588 In
312 2533 740 2588 Sarmeresheim
793 2536 840 2598 ε,
891 2535 1062 2589 curtis
1109 2535 1378 2589 dominica
1437 2549 1559 2587 cum
1619 2534 1785 2588 salica

203 2635 374 2691 terra,
406 2634 606 2690 cui-tes,
633 2639 852 2679 mansus
881 2625 1108 2679 serviles
1135 2632 1190 2678 et
1219 2624 1522 2690 censuales,
1551 2625 1782 2679 ecclesia

198 2715 375 2783 ipsius
403 2714 538 2768 villae
565 2729 688 2768 cum
720 2713 944 2768 decimis
993 2715 1106 2769 suis
1136 2731 1149 2780 ;
1190 2715 1413 2769 decimae
1443 2729 1573 2768 vero
1603 2714 1782 2768 salicae

192 2815 360 2861 terrae
416 2807 481 2860 ad
534 2813 745 2875 portam
799 2805 1112 2874 pertinent;
1152 2807 1364 2860 bannus
1419 2813 1474 2860 et
1521 2803 1781 2858 villicatio

194 2897 370 2964 ipsius
393 2895 581 2965 przedii
613 2894 697 2948 vel
747 2893 962 2949 familia:
987 2895 1042 2949 in
1090 2894 1261 2965 ipsam
1302 2894 1498 2949 curtim
1523 2894 1776 2964 pertinet.

193 2987 253 3040 In
286 2986 617 3039 Hittenheim
646 2986 697 3050 δ,
749 2986 918 3040 curtis
956 2985 1225 3040 dominica
1283 3000 1406 3040 cum
1436 2985 1602 3039 salica
1635 2993 1778 3040 terra

191 3085 252 3131 et
275 3075 530 3130 omnibus
556 3075 898 3145 pertinentiis
927 3075 1115 3144 ipsius,
1152 3074 1483 3140 molendino,
1518 3074 1778 3143 piseatio-

192 3167 395 3232 uibus;
433 3167 663 3222 ecclesia
727 3165 1052 3235 parochialis
1081 3181 1205 3220 cum
1258 3165 1511 3226 omnibus
1553 3165 1778 3221 decimis

1903 633 2000 686 bus
2032 634 2359 703 appendiciis
2387 637 2530 700 suis;
2574 635 2741 690 salica
2771 645 2915 690 terra
2940 651 3063 689 cum
3095 635 3319 690 decimis
3341 637 3474 701 suis,

1899 741 2018 794 quae
2047 728 2113 781 ad
2140 736 2353 796 portam
2407 728 2696 796 pertinent.
2728 728 2785 781 In
2816 729 2931 798 ipsa
2958 728 3109 794 villa,
3162 735 3217 780 et
3251 728 3302 780 in
3330 727 3478 780 Hun-

1898 821 2208 876 denesheim
2247 820 2296 887 i,
2323 828 2378 875 et
2404 821 2458 874 in
2503 821 2907 875 Lumeresheim
2941 822 2989 885 k,
3025 812 3284 875 medietas
3311 821 3475 874 etiam

1895 908 2061 963 banni
2091 911 2144 963 in
2175 911 2346 978 ipsam
2370 911 2564 965 curtim
2587 911 2841 978 pertinet.
2872 909 2930 963 ln
2962 910 3250 965 Utenheim
3286 910 3327 976 ι,
3353 927 3476 965 cur-

1899 1003 1968 1057 tis
2006 1003 2275 1057 dominiea
2309 1017 2432 1056 cum
2461 1002 2624 1056 salica
2655 1010 2796 1056 terra
2832 1009 2886 1056 et
2913 1001 3137 1056 decimis
3167 1001 3356 1070 ipsius,
3386 1016 3486 1057 ec-

1896 1093 2060 1147 clesia
2088 1108 2210 1147 cum
2237 1092 2461 1148 decimis
2482 1093 2596 1147 suis
2627 1107 2641 1145 :
2672 1101 2862 1160 quarta
2891 1107 3019 1162 pars
3041 1093 3207 1146 banni
3229 1093 3280 1145 in
3304 1093 3471 1162 ipsam

1897 1184 2090 1238 curtim
2143 1183 2399 1252 pertinet.
2431 1182 2489 1236 ln
2520 1182 2689 1235 Valva
2712 1193 2774 1247 ω,
2803 1183 2974 1236 curtis
3013 1181 3280 1236 dominiCa
3308 1189 3363 1234 et
3389 1197 3473 1235 sa-

1896 1272 1999 1326 lica
2053 1281 2198 1326 terra
2246 1287 2368 1340 cum
2394 1271 2638 1325 curtibus
2681 1280 2736 1324 et
2772 1271 2967 1340 pratis,
2998 1277 3053 1324 et
3104 1279 3293 1339 quarta
3320 1279 3473 1340 parte

1895 1362 2078 1416 banni.
2102 1362 2159 1415 In
2191 1361 2506 1416 Hiltesheim
2540 1371 2589 1425 υ,
2623 1361 2792 1416 curtis
2818 1361 3108 1425 dominica,
3141 1361 3303 1415 salica
3330 1369 3471 1414 terra

1895 1467 2019 1506 cum
2053 1450 2277 1506 decimis
2307 1452 2438 1514 suis,
2477 1451 2703 1506 ecclesia
2741 1467 2864 1504 cum
2911 1451 3134 1505 decimis
3177 1451 3309 1514 suis,
3340 1450 3470 1504 bau-

1896 1559 1998 1598 uus
2029 1544 2268 1597 totaliter
2297 1558 2419 1596 cum
2462 1543 2609 1596 omni
2657 1542 3030 1598 mundeburde
3052 1550 3106 1595 et
3128 1542 3270 1595 omni
3324 1541 3468 1594 utili-

1895 1641 2024 1687 tate.
2063 1634 2120 1687 ln
2157 1634 2545 1688 Witenesheim
2579 1641 2626 1699 ο,
2678 1634 2848 1688 curtis
2895 1634 3162 1689 dominica
3206 1648 3329 1687 cum
3357 1648 3471 1686 om-

1895 1723 2054 1778 nibus
2097 1722 2445 1792 pertinentiis
2486 1723 2620 1787 suis,
2676 1722 2843 1777 salica
2895 1730 3041 1775 terra
3071 1737 3192 1775 cum
3248 1720 3472 1775 decimis

1897 1815 2029 1878 suis,
2063 1814 2273 1867 bannus
2334 1828 2456 1868 cum
2494 1814 2642 1867 omni
2681 1813 2937 1868 dominio.
2981 1811 3195 1880 Capella
3248 1811 3471 1865 Nivera—

1892 1901 2118 1956 tcsheim
2148 1912 2194 1966 ι),
2245 1916 2368 1956 eum
2425 1901 2649 1956 decimis
2704 1901 2834 1956 suis.
2874 1901 2933 1954 In
2981 1899 3373 1955 Muoteresliolz
3410 1910 3463 1963 οι,

1896 1994 2064 2047 curtis
2092 1993 2382 2058 dominica,
2424 1993 2590 2048 salica
2624 2003 2769 2048 terra
2807 2009 2929 2048 cum
2960 1993 3182 2048 decimis
3221 1993 3352 2055 suis,
3382 2008 3472 2046 ee-

1891 2082 2056 2137 clesia
2095 2099 2218 2138 cum
2255 2083 2477 2148 decimis
2522 2084 2672 2138 suis:
2706 2085 2971 2139 medietas
3024 2083 3186 2137 banni
3214 2083 3267 2137 in
3298 2083 3472 2152 ipsam

1890 2174 2085 2227 curtim
2115 2174 2370 2242 pertinet.
2400 2172 2617 2244 Capella
2647 2174 2702 2228 in
2731 2173 3082 2229 Baldenheim
3116 2183 3160 2238 ι’,
3205 2189 3325 2240 cum
3356 2188 3466 2227 me-

1889 2263 2094 2317 dietate
2120 2263 2475 2318 decimarum
2509 2265 2678 2334 ipsius
2711 2265 2871 2321 villm.
2905 2265 2962 2319 In
2991 2264 3389 2320 Artolvesheim
3422 2275 3472 2328 ',

1888 2355 2057 2408 curtis
2083 2354 2352 2409 dominica
2379 2371 2501 2410 cum
2539 2356 2790 2410 omnibus
2822 2355 3165 2425 pertinentiis
3215 2355 3348 2420 suis,
3386 2370 3472 2408 sas-

1887 2444 1990 2499 lica
2032 2453 2176 2499 terra
2214 2460 2338 2500 cum
2385 2446 2610 2500 decimis
2653 2447 2786 2511 suis,
2817 2445 3044 2500 ecclesia
3092 2461 3217 2502 cum
3246 2444 3472 2500 decimis

1886 2536 2017 2598 suis,
2051 2536 2263 2589 bannus
2296 2535 2534 2589 totaliter
2581 2551 2701 2590 cum
2753 2536 2900 2589 omni
2950 2534 3202 2589 utilitate.
3255 2534 3470 2604 Capella

1883 2625 1938 2678 in
1984 2624 2292 2679 Bircnheim
2325 2626 2366 2691 ί,
2400 2641 2524 2680 eum
2577 2625 2804 2680 decimis
2849 2627 3020 2694 ipsius
3053 2625 3210 2680 villm.
3245 2626 3300 2680 ln
3329 2625 3469 2679 Gru-

1885 2716 2132 2781 zenhei‘m
2162 2727 2211 2779 ιι,
2243 2716 2413 2769 curtis
2443 2716 2715 2770 dominica
2738 2731 2859 2770 cum
2897 2717 3062 2770 salica
3109 2724 3255 2770 terra
3291 2730 3354 2769 ac
3379 2716 3469 2770 de-

1884 2807 2041 2860 cimis
2070 2806 2258 2875 ipsius,
2282 2806 2511 2860 ecclesia
2540 2822 2664 2861 cum
2693 2808 2839 2861 omni
2862 2807 3078 2864 decima
3097 2807 3265 2876 ipsius
3285 2807 3468 2870 banni,

1882 2897 2096 2952 bannus
2128 2898 2368 2952 totaliter
2396 2914 2518 2952 cum
2565 2900 2711 2953 omni
2753 2900 2992 2954 dominio
3032 2908 3087 2953 et
3115 2900 3284 2954 libera
3316 2898 3465 2952 utili-

1882 2995 2013 3040 tate.
2046 2986 2101 3039 ln
2133 2986 2378 3041 Wizwile
2407 2995 2454 3051 ν,
2485 3001 2604 3056 qua:
2656 2988 2759 3042 sita
2789 2989 2954 3049 estin
3011 3003 3151 3060 pago
3197 2987 3472 3058 Brisigau-

1881 3076 2055 3147 gensi,
2099 3077 2270 3131 curtis
2328 3077 2600 3131 dominica
2654 3093 2775 3132 cum
2823 3077 3076 3133 omnibus
3137 3078 3470 3146 appendiciis

1881 3167 2014 3231 suis,
2045 3167 2274 3222 ecclesia
2323 3181 2443 3220 cum
2490 3169 2742 3222 omnibus
2783 3168 3010 3223 decimis
3069 3169 3204 3233 suis,
3257 3169 3468 3222 bannus

191 3257 389 3326 ipsius,
418 3255 642 3310 decima:
688 3234 868 3312 salica:
925 3264 1084 3309 terra:
1110 3255 1178 3309 ad
1208 3262 1422 3323 portam
1451 3255 1725 3324 pertinent
1754 3273 1766 3308 :
1803 3234 1846 3296 (ἶ
1880 3273 2004 3311 cum
2030 3258 2176 3312 omni
2208 3257 2376 3311 libera
2400 3257 2652 3312 utilitate.
2695 3259 2749 3313 In
2776 3258 3065 3313 Burcheim
3094 3273 3140 3323 ι,
3173 3259 3344 3312 curtis
3369 3259 3468 3311 do-

192 3344 461 3398 medietas
481 3343 646 3397 banni
676 3343 846 3412 ipsam
877 3343 1073 3397 curtim
1107 3342 1328 3412 respicit
1357 3357 1480 3397 cum
1508 3345 1620 3398 suis
1647 3358 1773 3412 per-

268 3535 297 3564 α
335 3523 505 3577 Hodie
540 3523 748 3579 viculus
776 3523 929 3592 Wihrr
953 3521 1006 3576 in
1042 3521 1375 3592 Gregoriana
1408 3521 1577 3587 Valle,
1621 3537 1787 3578 como

192 3593 433 3647 muniter
458 3593 632 3663 dictus
661 3591 1014 3663 Klein-Wihr,
1047 3591 1169 3663 qua:
1216 3592 1406 3645 ultima
1444 3595 1775 3663 nuncupatio

193 3663 342 3716 idem
368 3669 450 3715 est
506 3678 570 3716 ac
594 3662 914 3716 Lucelwilre.
971 3661 1154 3715 Lutzel
1198 3663 1342 3714 enim
1373 3670 1455 3715 est
1482 3661 1638 3716 vetus
1667 3678 1772 3717 vox

193 3733 482 3795 theotisca,
513 3747 632 3800 qua:
657 3747 883 3817 parvum
904 3730 1355 3800 quidsigniﬁcat,
1376 3731 1547 3786 Alsat.
1578 3732 1770 3797 illust.,

194 3809 330 3855 tom.
364 3801 402 3855 l.
432 3817 552 3855 patr.
586 3801 708 3855 ηδ.

194 3809 330 3855 ιοω.
365 3809 402 3863 l,
432 3817 552 3863 pag.
586 3809 708 3855 726.

318 3841 330 3854 .
539 3817 610 3853 ,ι
694 3840 708 3854 .

268 3817 534 3925 inisti?
560 3817 706 3926 rifti’s
761 3869 1060 3933 Mahlbacn,
1117 3884 1280 3938 quem
1325 3869 1515 3924 incola:
1570 3879 1770 3925 vocant

196 3937 622 4007 Kleinthalbach,
654 3949 708 3994 et
734 3954 899 4009 prope
935 3953 1093 4009 quem
1121 3937 1258 3992 situs
1294 3946 1375 4009 est
1413 3939 1564 3993 vicus
1597 3938 1774 3993 Mﬁhl-

194 4009 329 4061 bach
387 4011 630 4064 ertiuens
662 4007 1006 4079 ad‘oppidum
1040 4007 1480 4062 Monasteriense.

268 4089 290 4115 ο
334 4025 673 4130 ὅνδεήωείιεν
699 4080 812 4130 sive
843 4077 1353 4130 0rchweuer.0roue
1385 4075 1480 4130 Sel

268 4089 290 4115 ε
334 4075 673 4132 Orschweiler
699 4075 1353 4146 sivé'Orchweyer,prope
1385 4075 1770 4131 Selestadium.

263 4145 290 4184 ά
331 4145 565 4202 Torrens
582 4147 907 4210 Eckenbach,
931 4146 1022 4214 qui
1052 4147 1384 4213 superiorem
1409 4146 1669 4200 Alsatiatu
1702 4148 1770 4200 ab

189 4215 471 4339 glires-mre,
519 4226 572 4272 et
618 4218 894 4271 dimcesim
928 4217 1375 4282 Argeutinensem
1410 4230 1438 4268 a
1478 4216 1770 4274 Basileensi

250 4301 299 4337 vt
342 4294 400 4339 It.

250 4286 400 4340 vidit.

268 4366 293 4393 °
334 4354 686 4411 Scherweiler.

269 4423 289 4462 ί
334 4424 502 4480 Hodie
529 4427 680 4478 vicus
702 4423 1020 4492 Kogenheim
1066 4436 1233 4489 prope
1277 4420 1547 4492 abbatiam
1577 4423 1772 4478 Eb‘ers—

187 4493 546 4557 heimensem,
572 4490 848 4562 pertinens
869 4493 936 4546 ad
964 4492 1273 4562 episcopum
1299 4490 1768 4561 Argentinensem,

190 4562 248 4616 in
281 4571 386 4630 quo
409 4565 495 4618 illa
525 4559 688 4618 habet
705 4563 910 4618 curiam
939 4559 1336 4617 dominiealem.

265 4633 292 4670 ⁸
332 4634 722 4688 Sermersheim.

375 4649 722 4687 ermersnetm.

261 4701 290 4739 ιι
331 4703 686 4756 lluuenheim.

329 4772 682 4835 Nortlwusen,
715 4770 872 4840 vulgo
902 4768 1094 4840 Nartz.

273 4842 290 4892 i
341 4841 508 4895 Hodie
545 4836 895 4902 Hindisheim,
940 4839 1113 4892 tribus
1159 4852 1321 4908 supra
1349 4836 1765 4908 Argentoratum

188 4911 357 4969 leucis
370 4912 594 4971 distans,
609 4910 884 4977 pertinens
896 4908 962 4961 ad
974 4905 1283 4976 episcopum
1293 4905 1766 4977 Argehtinenscm,

193 4987 248 5038 in
282 4981 538 5035 ballivatu
568 4977 995 5033 Dachsteinensi.

265 5055 290 5092 ιι
329 5049 495 5128 Hodie
510 5047 895 5128 Ιτείηιεηιιεὶξη,
907 5062 1092 5128 prope
1107 5046 1407 5128 Hipshejm,
1438 5054 1688 5126 spectans
1702 5047 1769 5102 ad

190 5122 438 5178 eumdem
466 5119 794 5186 episcopum,
823 5118 878 5186 in
907 5113 1162 5186 liallivatu
1182 5113 1547 5186 Benfelden’si.

271 5190 286 5228 ι
332 5184 603 5242 Πιεηὴὲίηι
623 5184 774 5240 vicus
800 5185 865 5239 ad
892 5185 1218 5240 Reinachios
1254 5184 1548 5252 pertinens,
1574 5185 1626 5236 in
1663 5199 1768 5252 quo

191 5276 312 5314 cum
328 5257 563 5327 parocho
588 5257 825 5312 decimas
839 5255 1033 5327 dividit
1048 5254 1258 5327 abbatia
1282 5253 1762 5327 Eberslieimensis.

190 5330 288 5383 Jus
318 5322 929 5400 patronatusjntcgrum
971 5323 1036 5400 ad
1061 5323 1306 5400 eamdem
1337 5322 1606 5400 alligatiam
1637 5322 1765 5400 olim

228 5390 526 5460 ertiuebat;
569 5397 660 5450 sed
685 5396 736 5448 vi
769 5390 1148 5448 t'ransactionis
1171 5405 1313 5445 anno
1344 5390 1480 5444 1749
1501 5390 1646 5444 inita:
1672 5393 1765 5444 tri-

228 5417 526 5460 eruneuat;
569 5417 660 5450 seu
687 5417 736 5448 Vl
770 5417 1148 5448 transacuuuts
1171 5417 1313 5445 allllu
1344 5417 1367 5443 ι
1389 5417 1480 5444 ww
1502 5417 1646 5444 unus:
1675 5417 1762 5444 ιιί-

189 5417 292 5521 {ius
319 5467 526 5520 vicibus
554 5466 656 5519 hoc
676 5463 799 5531 jure
813 5465 1008 5534 gaudet
1030 5463 1314 5531 episcopus
1333 5460 1762 5530 Argentinensis,

195 5546 249 5589 et
276 5543 467 5608 quarta
495 5535 820 5608 viceablias.
858 5603 891 5608 ,Α
1258 5600 1311 5608 Μ
1428 5600 1442 5608 _
1504 5597 1517 5608 _
1575 5597 1586 5608 .
1653 5598 1663 5608 _

265 5597 309 5642 ιιῖ
329 5605 494 5657 Hodie
526 5602 676 5672 Val/1,
700 5605 838 5657 inter
857 5601 1162 5658 Benfeldam
1179 5608 1232 5656 et
1252 5597 1760 5655 Oberehnlieimium

195 5675 352 5735 situs,
396 5675 542 5726 vicus
563 5675 640 5726 ad'
658 5672 870 5728 Nobiles
900 5674 963 5727 de
984 5672 1189 5725 Andlau
1219 5678 1482 5738 spectans.

269 5755 293 5780 η
334 5741 500 5795 Hodie
529 5741 756 5804 Hiltzen,
779 5744 929 5796 vicus
961 5743 1027 5795 ad
1066 5735 1765 5809 episcopum_Argentine_n-

200 5827 313 5868 scut
357 5812 648 5882 pertinens,
706 5813 759 5864 in
810 5828 913 5880 quo
935 5804 1183 5866 omnilius
1212 5804 1449 5872 decimis,
1481 5804 1627 5860 curia
1671 5804 1764 5857 do-

1881 3346 2100 3413 minica,
2125 3347 2293 3402 salica
2322 3353 2466 3401 terra
2501 3363 2622 3402 cum
2663 3347 2888 3407 decimis
2922 3347 3056 3412 suis,
3088 3347 3319 3402 ecclesia
3343 3363 3464 3402 cum

1880 3527 2117 3598 ininicali
2142 3534 2196 3582 et
2209 3527 2333 3597 jure
2347 3534 2662 3597 patronatus
2692 3526 2889 3597 gaudet
2911 3526 3124 3582 abbatia
3142 3528 3464 3598 Aprimona—

1878 3597 2176 3651 steriensis.

1952 3673 1978 3744 ογ
2012 3666 2181 3744 Hodie
2193 3666 2532 3744 Willis/tein},
2558 3665 2719 3744 vulgo
2739 3664 2967 3731 Witzen,
2984 3667 3035 3719 in
3059 3681 3166 3734 quo
3195 3669 3461 3744 vicoprte-

1877 3734 2017 3788 dicta
2045 3736 2258 3790 abbatia
2286 3738 2459 3790 adhuc
2487 3734 2750 3802 habetjus
2778 3744 3094 3802 patronatus
3123 3747 3178 3790 et
3199 3734 3456 3804 decimas,

1877 3819 2011 3872 quas
2041 3820 2162 3858 cum
2192 3806 2430 3873 parocho
2458 3806 2664 3859 dividit.

1951 3884 1993 3944 ιζ
2019 3873 2251 3944 Νῇῇετη,
2277 3874 2427 3927 vicus
2451 3875 2659 3944 duabus
2694 3876 2863 3930 leuets
2885 3876 2952 3928 ab
2975 3875 3457 3944 Aprimonasterio,

1875 3942 2033 4012 hodie
2054 3942 2380 3997 destructus.
2464 3943 2654 3996 Exstat
2693 3954 2899 3999 tantum
2936 3942 3139 4012 capella
3181 3944 3238 3999 S.
3270 3942 3462 4001 Catha-

1876 4011 2009 4085 {inte
2036 4012 2102 4085 ad
2127 4013 2440 4085 prtedictam
2470 4013 2738 4085 abbatiam
2783 4011 3074 4083 pertinens,
3101 4016 3155 4069 in
3182 4017 3454 4085 parochite

1878 4079 2433 4135 Schwabsbeimensis
2464 4083 2729 4135 districtu.

1945 4161 1971 4198 ιι
1990 4149 2180 4219 ῨΗοάἰε
2204 4151 2553 4214 Mieters/iolz,
2583 4152 2918 4219 sesquileuca
2956 4167 2984 4204 a
3015 4151 3311 4208 Selestadio
3331 4169 3454 4209 ver-

1873 4234 1965 4272 sus
1989 4218 2232 4290 Rhenum
2242 4220 2414 4290 situs,
2456 4220 2521 4290 ad
2558 4218 3036 4275 ltatlisamhausios
3069 4223 3365 4290 pertinens,
3402 4227 3452 4278 in

1869 4302 1980 4355 quo
2005 4289 2219 4341 abbatia
2241 4288 2704 4344 Ebersheimensis
2725 4290 2875 4344 curia
2892 4288 3221 4350 domin—icali.
3235 4294 3456 4348 decimis

1873 4367 1926 4411 et
1947 4358 2068 4427 jure
2089 4366 2406 4425 patronatus
2430 4359 2642 4428 gaudet.

1949 4458 1970 4486 ι’
2005 4446 2367 4514 Baldenheim,
2405 4449 2569 4503 'vicus
2592 4458 2676 4505 est
2705 4449 2772 4505 ad
2816 4450 2878 4503 D.
2906 4450 2972 4504 de
2996 4450 3257 4510 Waldner
3287 4454 3455 4514 perti-

1871 4533 2026 4588 nens.
2060 4518 2395 4588 Deeimarum
2423 4519 2696 4588 dimidiam
2710 4527 2916 4588 partem
2943 4519 3013 4588 ibi
3044 4518 3450 4577 habetabbatia.

1872 4589 1930 4658 In
1960 4587 2305 4641 Baldenheim
2350 4588 2475 4658 olim
2501 4587 2601 4641 fuit
2631 4586 2837 4658 capella
2871 4586 2926 4641 S.
2951 4587 3181 4643 Oswaldi
3210 4593 3276 4645 ad
3300 4607 3450 4644 eam-

1874 4657 1994 4712 dem
2022 4664 2269 4725 spectans
2297 4657 2565 4710 abbatiam
2594 4676 2605 4710 :
2644 4657 2804 4711 hedie
2849 4665 2932 4711 est
2963 4658 3256 4719 destructa.
3300 4670 3354 4714 et
3378 4662 3449 4714 ti-

1872 4727 2014 4780 tulus
2042 4726 2157 4796 ejus
2179 4725 2378 4796 dicitur
2398 4727 2451 4780 in
2472 4727 2757 4781 ecclesiam
2773 4727 3238 4785 Ebersheimensis
3261 4747 3448 4786 mona-

1793 4787 1846 4846 D
1871 4796 2020 4850 sterii
2051 4787 2360 4849 translatus.

1947 4897 1968 4922 ο
2009 4884 2178 4938 Hodie
2206 4883 2536 4948 Artelshe'm,
2561 4883 2834 4939 inferioris
2861 4885 3080 4939 Alsatiaa
3101 4887 3343 4941 Rhenum
3367 4889 3452 4944 in-

1870 4962 1954 5024 ter
1974 4969 2038 5007 ac
2068 4953 2420 5024 Selestadium
2452 4954 2618 5024 vicus,
2675 4953 2742 5007 ad
2785 4955 3083 5024 principem
3134 4957 3197 5009 de
3231 4955 3446 5011 Rohan-

1873 5023 2089 5077 Soubise
2110 5023 2404 5090 pertinens.
2460 5022 2516 5075 In
2546 5038 2609 5076 eo
2639 5038 2760 5077 cum
2783 5022 3019 5092 parocho
3043 5026 3279 5079 decimas
3307 5027 3443 5079 divi-

1871 5093 1954 5146 dit
1973 5092 2187 5162 abbatia
2213 5092 2808 5162 Aprimonasteriensis,
2860 5109 2979 5162 qua:
3011 5108 3223 5162 quoque
3247 5095 3444 5148 ibidem

1872 5161 2068 5242 gaudet
2093 5161 2246 5242 _eu_ria
2269 5161 2572 5242 dominicali
2601 5169 2654 5215 et
2673 5160 2797 5229 jure
2823 5160 3162 5230 patronatus,
3200 5173 3258 5218 ut
3284 5178 3444 5232 supra

1871 5230 1928 5285 in
1951 5231 2234 5286 Utenlieim
2271 5230 2524 5283 diximus.

1949 5323 1965 5358 ί
2009 5320 2179 5375 Hodie
2206 5321 2358 5374 vicus
2388 5321 2634 5385 Biudcrn,
2662 5336 2831 5390 prope
2854 5321 3298 5377 Ehersheimense
3329 5336 3444 5375 mo-

1872 5391 2187 5452 nasterium,
2241 5391 2518 5460 pertinens
2536 5391 2609 5460 ad
2635 5393 2946 5460 episcopum
2974 5390 3437 5460 Argentinensem.

1870 5461 2086 5514 Curiam
2119 5459 2501 5530 dominicalcm
2532 5459 2587 5514 in
2641 5459 2704 5514 eo
2735 5460 2972 5530 possidet
2997 5459 3213 5514 abbatia
3250 5460 3443 5514 Ebers-

1872 5529 2180 5584 heimensis.

1942 5611 1968 5636 ἰ
2008 5598 2366 5652 Grusenhcim.

1946 5676 1969 5704 '
2011 5666 2347 5719 Weisweilcr.

1948 5752 1968 5778 ι
2006 5735 2281 5805 Bury/acim
2293 5774 2304 5788 .
