3936 6320
508 410 644 466 1087

1660 404 1987 462 LUDOVICI
2026 403 2046 457 1
2083 397 2555 472 (ΞΟΟῌΟΜΕΝΪΟ
2594 400 2680 455 P11

3652 391 3783 446 1083

506 521 734 578 decimis
767 519 880 574 suis
908 559 922 583 ,
974 518 1185 572 bannus
1221 532 1343 590 cum
1373 517 1518 571 omni
1552 517 1719 571 libera
1744 517 2000 571 utilitate.
2036 515 2095 569 1n
2124 498 2175 573 Α
2200 512 2435 565 ricorum
2464 510 2630 581 gregi,
2661 523 2958 578 eorumque
2985 507 3217 577 posteris
3257 503 3543 574 pimfatatn
3586 510 3792 558 curtem

506 609 958 682 Lagelenheima,
976 610 1147 663 curtis
1175 610 1467 673 dominica,
1494 609 1662 664 sahca
1689 618 1833 664 terra
1860 625 1984 665 cum
2006 609 2101 664 de-

511 702 671 758 cimis
729 699 922 770 ipsius,
968 700 1199 754 ecclesia
1250 715 1374 755 cum
1426 700 1653 756 decimis
1706 701 1836 766 suis,
1887 702 2101 756 bannus

511 805 636 846 cum
660 791 807 844 omni
837 789 1077 845 dominio
1125 805 1224 845 suo
1272 805 1301 842 a
1359 790 1475 859 ripa
1502 790 1680 845 Rheni
1711 805 1882 859 usque
1931 790 1999 845 ad
2027 790 2103 844 ri-

505 883 633 952 pa‘m
661 880 752 934 Ille
772 879 1032 933 ﬂuminis.
1091 880 1277 949 Itaque
1308 875 1601 950 praediCtus
1645 874 1988 951 Theopaldus
2009 881 2104 936 ab—

504 971 609 1026 bas
630 978 686 1026 et
730 985 921 1025 omnes
952 985 1297 1025 successores
1328 971 1498 1040 ipsius
1530 971 1630 1025 has
1666 971 1954 1040 praedictas
1978 986 2103 1028 cur-

507 1068 591 1115 tes
612 1075 736 1119 cum
785 1059 1037 1114 omnibus
1073 1060 1419 1129 pertinentiis
1472 1060 1714 1129 ipsarum
1747 1059 1954 1130 absque
1993 1060 2101 1116 ulla

508 1149 963 1212 contradictione,
996 1163 1092 1203 seu
1118 1149 1489 1214 cenvulsione,
1512 1149 1597 1203 vel
1626 1148 1982 1205 diminutione
2006 1149 2105 1205 ali-

508 1239 663 1308 cujus
700 1238 1004 1308 iudiciariae
1043 1240 1352 1308 potestatis,
1407 1253 1499 1293 seu
1531 1238 1826 1303 sazcularis,
1854 1239 1969 1295 sive
1990 1239 2104 1309 spi-

512 1329 725 1384 ritualis
750 1344 849 1399 per
874 1328 1305 1383 muniﬁcentiam
1346 1338 1545 1385 nostrae
1573 1329 1874 1399 imperialis
1917 1339 2105 1386 aucto-

509 1422 687 1477 ritatis
720 1432 775 1477 et
806 1423 1112 1493 largitatem
1156 1422 1491 1477 meliorando
1510 1430 1566 1477 et
1594 1424 1990 1493 augmenitaudo
2009 1430 2107 1493 po-

506 1516 761 1571 testative
796 1516 1128 1586 possideant,
1166 1525 1434 1585 quatenus
1461 1515 1660 1570 fratres
1694 1515 1826 1570 inihi
1852 1516 1964 1571 Deo
1994 1530 2110 1571 ser-

508 1606 717 1662 vientes
740 1607 917 1676 ipsum
959 1622 1059 1677 pro
1088 1607 1260 1662 salute
1291 1614 1476 1662 nostra
1508 1623 1572 1662 ac
1594 1622 1695 1681 pro
1722 1616 1866 1663 statu
1888 1608 2105 1679 imperii

506 1694 680 1751 nostri
732 1697 1067 1765 frequentius
1095 1707 1342 1753 exorent.
1396 1698 1541 1753 Etut
1576 1699 1694 1754 haec
1719 1708 1910 1755 nostra
1937 1700 2107 1770 impe-

512 1783 981 1841 rinlis'auctoritas
1007 1788 1210 1842 nostris
1230 1794 1285 1841 et
1306 1786 1501 1842 futuris
1531 1789 1866 1858 temporibus
1895 1789 2106 1845 stabilis

508 1886 563 1931 et
606 1878 941 1942 incouvulsa,
996 1878 1214 1933 Christo
1242 1879 1526 1949 largiente,
1573 1871 1910 1950 permaneat,
1940 1896 2105 1935 manu
2133 1854 2180 1913 Β

506 1970 727 2038 propria
772 1968 958 2023 subter
988 1967 1321 2039 signavimus
1366 1982 1422 2025 et
1452 1970 1844 2026 auuuli.nostri
1878 1972 2105 2041 impres-

508 2056 661 2113 sione
680 2056 1055 2128 sigillavimus.

576 2136 807 2217 Signum
830 2147 1015 2203 domui
1042 2148 1300 2205 Ludovici
1334 2148 1668 2206 serenissimi
1704 2150 2069 2221 imperatoris.

581 2238 694 2309 Ego
714 2240 1002 2295 Durandus
1050 2242 1298 2297 notarius
1324 2242 1392 2297 ad
1443 2242 1618 2297 vicem
1657 2243 1871 2298 Domini
1902 2242 2054 2297 Helie
2079 2242 2107 2283 δ

510 2309 974 2383 archicaneellarii
997 2331 1304 2399 recognovi.

580 2416 717 2472 Data
744 2418 999 2474 Kalendis
1022 2418 1171 2485 Maii,
1203 2435 1365 2485 anno,
1391 2419 1607 2476 Christo
1634 2418 1894 2491 propitio,
1920 2422 1954 2475 5
1978 2422 2109 2491 piis-

509 2508 633 2566 simi
663 2508 1009 2580 imperatoris
1036 2510 1285 2580 Augusti.
1334 2509 1530 2566 Actum
1558 2510 1794 2565 Trhouie
1817 2526 1912 2566 seu
1941 2510 2109 2567 Kilik-

508 2600 635 2657 hein
668 2613 691 2641 ο
722 2601 775 2657 in
798 2602 1060 2658 comitatu
1081 2602 1283 2659 domini
1308 2603 1603 2659 Wuorandi
1627 2604 1861 2669 comitis,
1895 2604 1949 2658 iu
1977 2619 2109 2659 eon-

509 2690 1026 2761 cioneimperatoris
1036 2700 1091 2748 et
1111 2693 1440 2763 principum,
1461 2708 1604 2748 anno
1619 2682 1913 2749 deiuicaa
1938 2695 2111 2750 incar-

515 2780 757 2837 nationis
772 2781 895 2849 817,
916 2781 1213 2839 indictione
1226 2781 1259 2836 6
1269 2781 1319 2848 ά,
1336 2783 1390 2837 in
1405 2782 1606 2839 Christi
1624 2784 1842 2839 nomine
1855 2783 2102 2851 feliciter.

1162 2891 1441 2947 LXXXII.

925 2976 1030 3015 PRO
1068 2976 1409 3017 NONASTERIO
1444 2978 1690 3019 COMENSI.

859 3048 1036 3121 (Anno
1071 3049 1197 3115 818,
1234 3052 1405 3122 pridie
1432 3052 1559 3107 Kal.
1587 3053 1748 3124 Aug.)

970 3140 1230 3213 [Ugbel|i,
1262 3142 1427 3197 Italia
1455 3143 1654 3217 sacra,]

582 3228 894 3287 Ludovicus
920 3231 1101 3286 divina
1128 3232 1471 3303 providentia
1494 3248 1709 3304 semper
1733 3234 2027 3306 Augustus.

581 3319 716 3375 Cum
742 3321 904 3391 iustis
936 3322 1292 3391 petitionibus
1348 3325 1693 3381 sacerdotum
1730 3340 1795 3379 ac
1823 3340 2103 3380 servorum

512 3408 632 3474 Dei,
689 3424 828 3479 quas
882 3411 1103 3465 auribus
1157 3413 1361 3468 nostris
1406 3414 1818 3480 insinuaverint,
1872 3414 2107 3470 libenter

512 3498 888 3564 annuerimus,
941 3508 998 3555 et
1048 3514 1141 3555 eas
1172 3518 1296 3557 cum
1330 3502 1423 3558 Dei
1481 3505 1682 3560 auxilio
1730 3506 1799 3560 ad
1853 3504 2105 3561 ell'ectum

513 3587 820 3655 pervenire,
853 3588 1144 3645 fecerimus
1185 3600 1289 3647 neu
1320 3593 1496 3647 solum
1518 3596 1722 3665 regiam
1749 3604 1805 3650 et
1849 3596 2107 3666 imperia-

513 3675 620 3730 lem
649 3679 1104 3734 consuetudinem
1126 3696 1465 3747 exercemus,
1500 3699 1685 3738 verum
1716 3685 1882 3740 etiam
1910 3684 2107 3741 libera-

513 3765 721 3823 litatem
742 3771 811 3825 ad
837 3778 1035 3825 statum
1060 3774 1260 3829 terreni
1284 3777 1431 3845 regni
1454 3775 1938 3843 corroborandum,
1961 3780 2106 3847 quod

518 3856 589 3911 ad
640 3866 899 3914 aeternam
925 3861 1315 3917 beatitudinem
1346 3866 1734 3933 capessendam
1762 3867 2107 3935 profuturum

515 3964 637 4005 esse
671 3949 1011 4005 confidimus.
1064 3951 1270 4007 Idcirco
1323 3961 1509 4007 notum
1554 3968 1673 4009 esse
1721 3955 1968 4011 volumus
1991 3971 2108 4011 om-

516 4035 677 4093 nibus
704 4036 952 4094 fidelibus
981 4048 1183 4095 sancta:
1210 4041 1304 4095 Dei
1336 4041 1591 4097 Ecclesiae
1622 4051 1678 4097 et
1719 4046 1941 4112 nostris,
1965 4062 2106 4117 prae-

518 4128 767 4183 sentibus
796 4129 1021 4184 scilicet
1049 4140 1104 4184 et
1131 4129 1350 4210 futuris,
1387 4132 1513 4200 quia
1541 4131 1729 4188 adiens
1757 4135 2107 4191 serenitatem

514 4220 692 4276 nostri
741 4220 1017 4287 culminis,
1072 4221 1325 4276 videlicet
1374 4223 1543 4277 totius
1597 4232 1800 4278 sanctae
1851 4224 2108 4280 Cumanas

516 4308 795 4376 Ecclesiae,
836 4319 945 4364 tam
969 4311 1314 4365 sacerdotum
1347 4326 1509 4381 quam
1540 4319 1594 4366 et
1631 4312 1951 4369 clericorum
1974 4316 2109 4370 ordo

515 4404 845 4480 generaliter
870 4404 1229 4470 obsecrando,
1255 4412 1315 4458 ut
1352 4420 1451 4475 pro
1477 4404 1843 4461 Retributoris
1887 4408 2109 4476 superni

2199 600 2479 667 Anutium,
2540 616 2663 656 cum
2691 601 2960 656 universis
3007 598 3329 667 adiacentiis
3380 599 3518 661 suis,
3564 594 3793 658 mansis,

2200 691 2471 756 videlicet,
2502 691 2785 757 districtis,
2814 706 2879 747 ac
2902 690 3181 760 pontibus,
3206 689 3393 753 terris,
3425 704 3489 742 ac
3518 688 3724 751 vineis,
3744 694 3799 741 et

2202 768 2431 855 campis,
2456 784 2870 856 piscationibus,
2920 783 3083 839 cultis
3127 790 3184 836 et
3212 782 3449 865 incultis,
3495 780 3795 843 montibus,

2201 877 2454 942 vallibus,
2513 882 2570 931 et
2616 876 2964 946 planitiebus,
3010 875 3188 945 rupis,
3218 882 3275 930 et
3321 874 3562 943 rupinis.
3618 874 3797 943 aquis,

2203 981 2466 1036 aquarum
2489 964 2827 1029 decursibus,
2857 964 3164 1035 paludibus,
3189 962 3521 1031 iudiciariis,
3549 963 3734 1016 servis
3752 969 3802 1015 et

2203 1054 2415 1110 ancillis
2445 1053 2728 1124 utriusque
2758 1068 2943 1119 sexus,
2988 1053 3252 1121 legalibus
3290 1067 3533 1123 quoque,
3560 1052 3800 1122 placitis,

2205 1145 2579 1216 aquarumque
2627 1144 2892 1200 districtis
2936 1160 2969 1199 a
3006 1145 3239 1199 termino
3265 1144 3335 1199 de
3371 1144 3580 1208 Cedro,
3630 1158 3804 1213 usque

2204 1237 2272 1290 ad
2320 1236 2523 1291 Tra’sia:
2568 1245 2813 1305 pontem,
2860 1235 3042 1289 omnia
3084 1235 3136 1288 in
3177 1235 3472 1305 integrum,
3525 1236 3695 1289 sicuti
3740 1233 3801 1288 ad

2203 1340 2323 1379 eam
2343 1324 2488 1393 iuste
2516 1335 2572 1380 et
2600 1324 2844 1395 legaliter
2862 1324 3135 1394 pertinere
3156 1323 3801 1395 diguoscitur,iubemus,

2203 1424 2264 1471 ut
2300 1416 2558 1486 praedicta
2612 1417 2957 1488 congregatio
2988 1424 3191 1471 sancta:
3242 1416 3505 1471 Cumanas
3560 1417 3803 1471 ecclesia

2205 1506 2549 1563 sacerdotum
2598 1515 2653 1562 et
2689 1507 3041 1572 clericorum,
3094 1507 3186 1576 qui
3240 1522 3340 1577 pro
3396 1517 3654 1576 tempore
3702 1506 3805 1560 Deo

2204 1605 2500 1667 sanctoque
2549 1597 2800 1653 Abundio
2844 1596 3146 1653 confessori
3187 1605 3242 1652 et
3293 1599 3527 1667 martyri
3577 1598 3806 1668 Pelagia!

2204 1688 2576 1752 deservierint,
2607 1695 2935 1758 potestatem
2982 1687 3181 1743 habeat
3231 1702 3351 1741 eam
3385 1695 3605 1751 tenere,
3638 1687 3806 1755 possi-

2205 1777 2354 1843 dere,
2378 1786 2435 1834 et
2460 1779 2720 1849 quidquid
2749 1793 2815 1833 ex
2863 1777 3056 1834 eadem
3094 1789 3248 1835 curte
3295 1779 3520 1848 suisque
3545 1778 3807 1849 legalibus

2208 1869 2552 1939 pertinentiis
2590 1867 2771 1923 facere
2797 1869 3047 1935 voluerit,
3085 1868 3247 1924 faciat
3287 1885 3350 1923 ex
3382 1880 3579 1925 nostra
3612 1871 3805 1940 plenis-

2209 1959 2349 2019 sima
2376 1957 2641 2028 imperiali
2664 1958 3009 2013 auctoritate.
3040 1958 3429 2030 Praecipieutes
3451 1977 3591 2031 ergo
3635 1963 3801 2016 sant-i-

2208 2063 2328 2103 mus
2370 2056 2431 2103 ut
2459 2047 2656 2102 uullus'
2682 2048 2811 2113 dux,
2841 2062 3045 2113 comes,
3089 2058 3183 2103 aut
3216 2049 3447 2119 quilibet
3499 2052 3805 2121 reipublic:

2206 2148 2552 2211 procurator,
2586 2154 2761 2209 neque
2798 2141 2978 2210 aliqua
3012 2156 3243 2210 persona
3274 2158 3498 2213 magna,
3525 2144 3617 2197 vel
3653 2160 3802 2213 parra

2208 2231 2496 2301 utriusque
2520 2244 2706 2296 sexus,
2736 2229 2996 2299 cujusque
3021 2231 3248 2297 ordinis,
3284 2241 3380 2287 aut
3405 2233 3699 2303 dignitatis
3742 2250 3800 2287 ex

2207 2326 2509 2390 praetaxata
2540 2327 2692 2374 curte
2738 2318 3020 2383 Anutium,
3049 2319 3134 2372 vel
3174 2322 3530 2389 pertinentiis
3562 2323 3687 2378 suis
3714 2323 3801 2375 ali-

2209 2425 2373 2479 quam
2418 2408 2917 2476 diminorationem,
2949 2417 3043 2464 aut
3077 2410 3420 2466 iuvasionem
3462 2412 3655 2468 facere
3676 2431 3801 2485 pra-

2208 2510 2410 2568 sumat,
2447 2517 2548 2558 nec
2585 2503 2792 2557 eisdem
2840 2502 3152 2559 hominibus
3188 2503 3436 2573 ejusdem
3471 2509 3669 2575 curtis,
3716 2524 3797 2563 seu

2208 2592 2348 2647 infra
2402 2594 2716 2663 pmta’xatis
2764 2593 2962 2648 finibus
2988 2601 3101 2648 tam
3126 2595 3397 2667 ingenuis,
3432 2613 3605 2667 quam
3636 2604 3793 2656 servis

2208 2682 2527 2753 degentibus
2576 2683 2687 2739 ullo
2732 2684 2787 2738 in
2844 2691 3089 2754 tempore
3140 2685 3193 2739 iu
3232 2687 3482 2755 qualibet
3526 2688 3793 2745 functione

2206 2777 2554 2847 publica,aut
2577 2779 2953 2836 redhibitionis
2978 2781 3285 2848 exactione,
3318 2765 3404 2837 vel
3435 2787 3671 2841 excubia
3703 2802 3789 2855 pu-

2206 2869 2348 2925 blica
2373 2871 2571 2925 audeat
2592 2870 2903 2937 molestare,
2932 2889 3034 2928 uec
3062 2876 3266 2945 aliquid
3286 2877 3355 2931 de
3380 2892 3470 2941 eo,
3499 2894 3625 2947 quae
3645 2894 3792 2949 super

2207 2959 2631 3016 memoravimus
2646 2962 2988 3029 abstrahere,
3026 2965 3111 3019 vel
3150 2965 3574 3022 diminutionem
3604 2968 3787 3033 facere,

2203 3063 2421 3119 quoque
2476 3059 2721 3121 tempore
2766 3063 3086 3122 praesumat;
3151 3056 3244 3110 sed
3302 3055 3469 3111 liceat
3535 3060 3789 3127 praedicta:

2210 3138 2553 3193 sacerdotum
2605 3149 2661 3196 et
2695 3143 3082 3198 canonicorum
3110 3147 3553 3215 congregationi,
3587 3149 3787 3217 suisque

2210 3229 2640 3294 successoribus,
2688 3231 2782 3301 qui
2828 3247 2928 3303 pro
2971 3241 3213 3304 tempore
3245 3235 3470 3299 fuerint,
3524 3238 3785 3307 prmfatain

2208 3326 2417 3374 curtem
2474 3320 2529 3374 in
2581 3321 2851 3392 integrum
2911 3324 2978 3379 ad
3029 3324 3245 3380 laudem
3284 3336 3339 3380 et
3393 3327 3561 3382 decus
3605 3336 3787 3381 sancta:

2207 3406 2465 3463 Romana:
2487 3409 2745 3466 Ecclesia:
2766 3412 2948 3481 quiete
2976 3422 3031 3468 et
3055 3415 3285 3484 pacitice
3311 3416 3614 3485 possidere,
3642 3426 3787 3487 prout

2214 3500 2488 3555 hactenus
2537 3515 2789 3569 possessa
2835 3512 2921 3558 est
2966 3518 3032 3558 ex
3070 3505 3286 3574 publica
3326 3514 3507 3575 parte.
3555 3508 3613 3563 Si
3652 3522 3782 3570 vero,

2208 3587 2352 3657 quod
2373 3589 2596 3644 minime
2614 3591 2909 3657 credimus,
2933 3602 3125 3649 contra
3156 3595 3317 3664 hujus
3352 3597 3528 3660 nostri
3550 3600 3786 3668 praecepti

2208 3684 2413 3731 statuta
2472 3679 2759 3748 quisquam
2800 3683 3124 3738 temerarius
3183 3686 3484 3750 exstiterit,
3542 3687 3678 3741 sciat
3734 3704 3785 3743 se

2210 3772 2637 3841 compositurum
2675 3775 2794 3829 auri
2837 3777 3113 3844 purissimi
3142 3779 3308 3833 libras
3334 3789 3577 3845 centum,
3596 3782 3784 3836 medie-

2212 3868 2376 3915 tatem
2416 3861 2621 3929 palatio
2642 3873 2848 3931 nostro,
2876 3874 2933 3920 et
2956 3868 3303 3925 medietatem
3345 3872 3487 3940 parti
3529 3873 3783 3940 pradictzc

2208 3947 2666 4019 congregationis.
2695 3953 2764 4009 Ut
2787 3963 2967 4011 autem
2988 3958 3169 4013 verius
3199 3962 3477 4026 credatur,
3494 3972 3552 4016 et
3577 3962 3783 4032 diligen-

2212 4039 2316 4095 tius
2342 4042 2411 4095 ab
2438 4044 2692 4099 omnibus
2728 4044 3068 4114 observetur,
3096 4065 3259 4103 manu
3287 4052 3510 4120 propria
3537 4053 3784 4122 approba-

2211 4139 2325 4183 tum
2359 4130 2715 4201 impressione
2733 4137 2917 4190 annuli
2947 4138 3119 4191 nostri
3148 4136 3411 4205 iussimus
3454 4141 3716 4210 insigniri.

2280 4219 2566 4278 Duraudus
2587 4223 2847 4280 diaconus
2881 4227 2950 4281 ad
2976 4228 3153 4282 vicem
3201 4230 3516 4299 recognovi.

2282 4311 2477 4365 Datum
2539 4314 2715 4383 pridie
2787 4315 2906 4370 Kal.
2979 4316 3242 4387 Augusti,
3297 4334 3442 4373 anno
3508 4319 3782 4375 Dominica‘.

2211 4400 2605 4458 incarnationis
2669 4405 2774 4460 818
2802 4444 2817 4470 ,
2880 4407 3176 4463 indictione
3238 4410 3527 4485 undecima
3595 4414 3781 4468 douiini

514 4509 725 4559 amore,
748 4502 805 4548 et
851 4494 1051 4547 intuitu
1086 4494 1280 4548 animae
1326 4504 1546 4558 nostrae,
1582 4495 1864 4565 nostrique
1905 4496 2109 4552 domini
2138 4530 2187 4589 Β
2211 4490 2473 4548 ιυᾶονὶοῐ
2500 4494 2834 4550 sereniSSimi
2868 4497 3237 4566 imperatoris.
3269 4515 3414 4556 anno
3439 4500 3558 4570 eius
3584 4504 3779 4573 imperii

514 4584 795 4657 genitoris
832 4583 1011 4639 Caroli
1070 4584 1174 4654 piae
1227 4584 1620 4640 recordationis
1670 4587 2109 4655 praestantissimi
2139 4583 2175 4589 ⁷
2211 4590 2406 4651 quarto
2439 4594 2485 4638 ⁸.
2525 4584 2723 4640 Actum
2761 4584 2933 4642 Cumo
2966 4588 3035 4645 ad
3062 4587 3335 4644 Sanctum.
3351 4591 3579 4647 Petrum
3622 4594 3779 4649 iunci

514 4671 646 4741 imp.
672 4670 966 4741 quamdam
1018 4679 1227 4726 curtem
1269 4670 1410 4741 iuris
1443 4673 1594 4744 regni
1629 4674 1826 4741 nostri,
1855 4691 1977 4745 qua:
2014 4691 2109 4732 vo-

511 4766 671 4814 catur
719 4759 982 4814 Anutium
1024 4759 1178 4829 iuxta
1222 4759 1399 4816 lacum
1428 4761 1729 4829 Lucanum,
1779 4778 1903 4817 cum
1931 4766 2104 4833 perti-

514 4850 713 4906 nentiis
737 4858 795 4906 et
836 4850 1156 4921 adiacentiis
1185 4854 1298 4909 suis
1320 4852 1563 4924 legaliter
1610 4855 1678 4910 ad
1704 4855 1954 4911 eamdem
1981 4871 2106 4926 per-

516 4938 816 4997 tineutibus
855 4943 1246 5012 perpetualiter
1283 4944 1663 5012 possidendam
1690 4947 1990 5001 concedere
2019 4947 2105 5003 di-

518 5044 830 5101 gnaremur.
883 5028 993 5086 Nos
1048 5045 1265 5101 quoque
1289 5070 1306 5097 ,
1356 5031 1446 5100 qui
1501 5038 1675 5085 ratam
1728 5035 2104 5103 prospeximus

514 5121 955 5193 postulationem,
983 5123 1303 5185 earumdem,
1342 5123 1595 5194 precibus
1628 5123 1860 5180 libenter
1886 5127 2104 5196 acquie-

516 5214 717 5282 vimus,
740 5214 1098 5270 concedentes
1110 5214 1224 5285 iam
1247 5215 1390 5271 dicto
1410 5215 1608 5281 ordini,
1641 5225 1947 5287 cunctoque
1999 5220 2097 5276 cle-

590 5380 619 5439 9
656 5367 1011 5439 {Agelan

591 5438 620 5477 δ
654 5436 905 5493 Forsitan
946 5437 1264 5493 Helisachar
1287 5436 1657 5503 caneellarius,
1691 5437 1746 5492 in
1771 5438 1971 5496 chartis
1992 5440 2099 5496 Lu-

520 5504 817 5561 dovicianis
838 5516 1186 5562 memoratus.

596 5587 620 5647 ε
660 5576 736 5631 De
763 5576 962 5647 palatio
990 5579 1149 5647 regio
1169 5578 1221 5631 in
1254 5577 1529 5633 Kircheim
1552 5577 1719 5630 multa
1740 5577 1948 5647 habent
1970 5582 2099 5638 Bes-

526 5645 692 5718 celius
721 5645 775 5718 in
793 5645 1454 5718 Chronico—Gotttvicensi,
1475 5656 1608 5701 tom.
1642 5647 1706 5709 11,
1726 5646 1828 5718 _lib.
1857 5665 1937 5712 ιιι,
1971 5666 2092 5718 pag.

526 5670 692 5699 κιιυδ
721 5670 773 5699 ΙΙΙ
793 5670 1065 5702 υΙΙΓυΙΙΙυΟ
1084 5670 1454 5711 υυιιὶνιρωιδι,
1476 5670 1608 5701 ιυιιι.
1642 5670 1706 5709 Il,
1739 5670 1828 5700 ιιυ.
1857 5670 1937 5712 ΙΙΙ,
1971 5670 2034 5718 pa
2080 5693 2092 5705 .

526 5713 651 5796 18?,
674 5714 1143 5796 etSchmpﬂinus,_
1174 5716 1535 5796 Alsantzillust.
1569 5724 1700 5770 tom.
1726 5713 1789 5796 1,
1823 5732 1941 5786 pag.
1970 5670 2093 5775 70g.

597 5784 623 5824 ά
659 5784 846 5842 Annus
881 5784 1270 5844 lucarnationis
1290 5786 1391 5842 817
1416 5802 1522 5841 non
1543 5785 1793 5842 convenit
1813 5784 1937 5843 cum
1956 5804 2096 5847 anno

2212 4673 2436 4729 nomine
2455 4672 2705 4731 feliciter.
2737 4675 2935 4732 Amen.

2871 4765 3153 4822 LXXXIII.

2455 4849 2558 4891 PRO
2589 4849 2951 4897 IAGALQNENSI
2997 4852 3043 4892 Β.
3081 4853 3242 4893 PETRI
3267 4855 3538 4897 EOCLBSIA.

2811 4914 2986 4987 (Anno
3014 4915 3166 4985 819.)

2210 4989 2386 5061 [Apud
2433 4992 2823 5067 D._§ouquet.,
2863 4994 3076 5067 Βιαιρἱ
3132 4996 3224 5050 des
3280 4997 3430 5067 Ιςξιιη
3500 5009 3629 5056 tom.
3687 5002 3771 5067 Vl.

2276 5076 2399 5133 ρθε-
2456 5063 2582 5128 515,
2627 5078 2701 5133 et
2727 5063 3083 5133 Sammarth.,
3134 5073 3267 5120 tom.
3296 5066 3363 5122 111
3407 5067 3597 5125 Gallia
3635 5063 3771 5126 Chii;

2275 5131 2485 5197 slianw,
2516 5148 2569 5203 p.

2274 5219 2331 5274 1n
2360 5222 2578 5277 nomine
2620 5222 2835 5278 Domini
2870 5223 2966 5280 Dei
3003 5233 3058 5281 et
3096 5223 3400 5285 Salvatoris
3445 5232 3615 5287 nostri
3653 5228 3765 5288 Iesu

2202 5380 2396 5450 quarto
2440 5375 2652 5445 imperii
2704 5376 2963 5450 Ludovici
2988 5379 3088 5445 Pii,
3141 5382 3234 5450 qui
3290 5382 3560 5438 ineiditin
3580 5400 3761 5441 annum

2201 5444 2326 5509 818,
2375 5460 2475 5499 nec
2518 5444 2651 5501 cum
2704 5446 2997 5505 indictione
3043 5444 3195 5505 sexta
3223 5467 3344 5509 quae
3393 5462 3519 5507 tunc
3543 5464 3654 5508 erat
3682 5456 3756 5509 15.

2202 5512 2334 5591 Dein
2362 5514 2581 5591 indictio
2609 5516 2670 5570 11
2695 5519 2967 5591 _currebat
2990 5534 3135 5591 anno
3162 5512 3285 5585 818,
3334 5537 3429 5575 seu
3459 5534 3647 5591 quarto
3664 5524 3759 5577 Lu-

2202 5574 2559 5659 _dovici._11:ec‘
2582 5593 2635 5649 et
2661 5584 2763 5659 alia
2797 5574 3014 5659 vitta,si
3042 5605 3152 5659 non
3172 5574 3753 5659 vaddltérinu‘mgalt—em

2202 5653 2599 5777 interpolatum,
2636 5655 2863 5736 reddunt
2894 5658 2994 5712 hoc
3022 5658 3277 5729 diploma.

2277 5734 2298 5761 ο
2362 5724 2696 5777 'crtbcudum
2716 5735 2921 5777 quinto.

2277 5734 2298 5761 ο
2341 5724 2696 5781 Scribcndum
2716 5726 2921 5795 quinto.
