3936 6322
150 326 297 383 1089

1298 326 1687 383 DIPLOMATA
1730 322 2279 385 ECCLI'ZSIASTICA.

3276 333 3296 385 λι
3306 331 3409 385 01ὲο

143 440 378 507 Christi,
410 441 733 510 Ludovicus,
769 444 948 499 divina
973 444 1258 499 ordinante
1285 444 1595 510 clementia,
1630 444 1733 496 im-
1763 444 1814 502 Α
1841 441 2020 497 lentiae
2041 453 2240 499 nostrrc
2262 452 2321 498 ut
2349 445 2632 499 transitum
2657 445 2704 499 ei
2721 459 2816 514 per
2831 445 2974 499 viam
3001 446 3225 514 regiam,
3246 460 3410 513 quam

140 542 375 602 perator
402 534 696 604 Augustus.

221 628 447 685 Constat
470 645 585 693 nos,
615 629 795 685 divina
819 632 1102 687 ordinante
1123 633 1318 702 gratia,
1347 631 1561 687 creteris
1583 646 1730 686 mor-

139 716 352 772 talibus
402 720 842 788 supereminere:
882 721 1023 775 unde
1067 729 1282 791 oportet
1310 731 1369 774 ut
1405 721 1559 791 cujus
1592 735 1731 791 prae-

140 806 396 862 cellimus
422 823 640 864 munere
668 812 980 867 studeamus
1008 814 1182 867 modis
1203 812 1454 867 omnibus
1475 811 1732 867 ecclesia-

139 898 303 954 sticis
327 900 489 955 rebus
512 915 667 971 opem
700 901 862 957 ferre.
897 902 1100 958 Idcirco
1130 911 1314 958 notum
1339 902 1457 957 ﬁeri
1482 901 1731 957 volumus

138 987 405 1043 omnibus
457 987 705 1046 ﬁdelibus
750 992 976 1057 nostris,
1007 992 1365 1061 praesentibus
1421 990 1629 1045 scilicet
1676 996 1731 1043 et

140 1073 369 1141 futuris,
398 1093 493 1133 seu
521 1081 923 1135 successoribus
974 1081 1177 1136 nostris
1232 1079 1481 1135 ﬁdelibus
1528 1086 1729 1132 sanctae

140 1164 247 1218 Dei
274 1166 545 1231 Ecclesiae,
564 1169 689 1238 quia
714 1168 913 1238 placuit
934 1169 1088 1224 nobis
1108 1184 1205 1238 pro
1228 1168 1496 1223 mercedis
1529 1176 1729 1223 nostrae

140 1266 460 1325 augmento,
496 1266 552 1312 et
576 1268 791 1315 aeternae
820 1258 1273 1315 remunerationis
1309 1257 1508 1323 fructu,
1534 1273 1726 1327 quam-

139 1344 276 1398 dam
338 1347 517 1401 villam
584 1364 704 1418 qua:
750 1358 835 1405 est
889 1352 940 1404 in
1002 1349 1277 1405 territorio
1340 1349 1724 1420 Magalonensi,

141 1435 305 1504 cujus
349 1441 663 1494 vocabulum
692 1450 779 1495 est
804 1442 1103 1508 Villanova,
1144 1443 1431 1509 sicut.eam
1459 1442 1727 1497 Robertus

141 1538 335 1580 comes
363 1527 414 1579 in
456 1528 774 1583 beneficium
805 1530 1008 1595 habuit,
1039 1530 1283 1587 ecclesiae
1332 1530 1389 1586 S.
1427 1531 1573 1585 Petri
1621 1530 1729 1585 Ma-

142 1618 481 1688 galonensis,
500 1622 611 1688 ubi,
633 1623 741 1678 Deo
755 1632 996 1690 auctore,
1022 1624 1338 1695 Argerimus
1364 1632 1583 1694 praeest,
1598 1623 1728 1693 quia

139 1722 363 1769 constat
402 1729 526 1770 eam
571 1730 637 1769 ex
664 1717 934 1786 praedictis
966 1717 1127 1773 rebus
1182 1718 1372 1782 fuisse,
1422 1731 1545 1771 eum
1579 1715 1727 1771 omni

1836 539 2062 586 stratam
2093 536 2205 588 sive
2235 534 2518 589 calciatam
2544 535 2748 599 dicunt,
2771 533 3013 603 ejusdem
3041 549 3195 603 aquae
3222 549 3412 590 conce-

1834 623 2106 691 deremus,
2161 626 2394 696 qualiter
2435 625 2744 699 [quatenus]
2782 630 2848 682 ad
2875 628 3192 697 prmdictum
3218 641 3411 682 mona—

1833 715 2058 769 sterium
2099 718 2301 771 nostris
2342 728 2397 772 et
2438 716 2633 773 futuris
2667 720 3003 788 temporibus
3053 720 3261 788 absque
3312 718 3415 772 ali-

1833 804 1987 873 cujus
2033 806 2416 876 impedimento
2446 810 2632 864 venire
2681 809 2984 878 potuisset:
3013 821 3069 865 et
3114 811 3169 863 in
3220 810 3414 866 eodem

1833 892 1952 950 loco
1983 895 2120 950 velle
2165 903 2384 965 pontem
2430 897 2640 964 facere,
2700 907 2762 953 ut
2814 900 3219 954 transeuntibus
3277 898 3415 954 nihil

1832 985 2273 1055 impedimentum
2309 996 2473 1043 esset.
2518 987 2681 1059 Cujus
2719 990 2984 1059 petitioni,
3019 991 3143 1058 quia
3167 992 3314 1059 justa
3357 997 3414 1046 ct

1830 1075 2087 1143 praedicto
2115 1078 2445 1131 monasterio
2467 1078 2612 1134 utilis
2637 1094 2757 1134 esse
2780 1079 3087 1143 videbatur,
3122 1094 3409 1134 assensum

1830 1165 2179 1233 praebuimus,
2203 1175 2256 1221 et
2285 1167 2558 1223 licentiam
2582 1171 2955 1240 aqureductum
2984 1185 3081 1239 per
3097 1171 3411 1239 praedictam

1830 1262 2055 1309 stratam
2088 1271 2228 1321 esse,
2276 1266 2483 1311 tantum
2520 1270 2577 1313 ut
2604 1276 2738 1330 pons
2786 1262 3016 1329 desuper
3064 1261 3185 1314 talis
3236 1261 3405 1319 ﬁeret.

1830 1344 1921 1412 qui
1947 1347 2349 1401 transeuntibus
2370 1349 2502 1402 nihil
2524 1351 2756 1416 obesset,
2783 1350 3172 1405 concessimus.
3204 1348 3410 1405 Idcirco

1829 1434 2171 1503 praecipimus
2201 1438 2633 1507 atquejubemus
2662 1450 2720 1494 ut
2748 1440 2924 1495 nullus
2949 1441 3174 1510 quilibet
3208 1441 3409 1495 nostris

1829 1532 1933 1573 nec
2000 1518 2197 1575 futuris
2257 1524 2588 1593 temporibus
2647 1526 2859 1595 aliquod
2916 1527 3251 1581 obstaculum
3316 1535 3412 1580 aut

1828 1609 2293 1679 impedimentum,
2351 1615 2434 1669 vel
2464 1616 2786 1671 calumniam
2813 1617 3117 1671 rectoribus
3165 1616 3407 1686 praedicti

1830 1702 2146 1757 monasterii
2166 1705 2232 1758 de
2257 1706 2516 1773 praedicto
2540 1707 2858 1776 aquaeducto
2901 1706 3080 1761 facere
3121 1715 3212 1761 aut
3260 1707 3408 1777 inge-

142 1802 460 1873 integmate
490 1807 838 1877 redderebim
880 1809 1140 1862 damnat
1175 1818 1233 1863 ut
1261 1809 1522 1879 quidquid
1550 1814 1727 1863 recto.
1754 1805 1802 1865 Β
1832 1805 1954 1845 rere
1992 1803 2304 1861 pratsumat,
2343 1797 2437 1852 sed
2474 1796 2677 1868 absque
2707 1797 2868 1851 ullius
2915 1795 3259 1852 infestatione
3304 1797 3408 1852 hoc

142 1908 239 1946 res
288 1908 358 1949 ac
385 1896 614 1949 ministri
645 1897 913 1965 praedictae
938 1900 1082 1954 sedis
1131 1900 1384 1968 deinceps
1412 1914 1508 1969 pro
1537 1914 1730 1969 Oppor-

145 1982 382 2038 tunitate
443 1986 612 2055 ipsius
655 1990 897 2044 ecclesiae
927 1990 993 2045 de
1021 1991 1210 2045 eadem
1255 1990 1378 2046 villa
1430 1992 1515 2045 vel
1559 1990 1628 2045 de
1664 1991 1727 2045 iis

139 2086 272 2140 qum
322 2074 387 2127 ad
434 2090 554 2128 eam
611 2079 867 2133 moderno
916 2089 1155 2149 tempore
1199 2082 1491 2151 pertinent,
1548 2082 1727 2137 facere

141 2163 431 2227 voluerint,
480 2166 648 2221 libero
673 2170 949 2236 potiantur
976 2172 1202 2226 arbitrio
1223 2173 1289 2225 ad
1320 2173 1437 2227 haec
1458 2171 1724 2226 facienda.

143 2253 216 2308 Et
270 2257 388 2312 ideo
419 2261 668 2315 omnibus
701 2263 1064 2333 praecipimus,
1108 2281 1172 2321 ac
1219 2281 1319 2337 per
1370 2268 1470 2321 has
1520 2266 1727 2321 litteras

141 2348 454 2414 statuimus,
507 2359 567 2403 ut
615 2353 790 2408 nullus
836 2355 1061 2423 quilibet
1108 2355 1340 2411 ﬁdelium
1392 2366 1723 2422 nostrorum,

144 2446 261 2489 tam
282 2441 626 2505 praesentium
658 2458 817 2510 quam
846 2443 1169 2510 futurorum,
1206 2447 1516 2515 prmdictam
1544 2447 1725 2501 villam

142 2540 273 2580 cum
322 2531 569 2585 omnibus
594 2532 661 2585 ad
707 2548 765 2586 se
794 2534 1189 2602 pertinentibus
1211 2536 1275 2588 de
1317 2536 1574 2604 praedicta
1601 2537 1726 2590 sede

141 2617 488 2684 abstrahere,
541 2628 633 2673 aut
670 2617 879 2691 aliquid
929 2623 1272 2690 imminuere,
1321 2633 1415 2679 aut
1473 2624 1727 2693 injustam

142 2704 627 2774 interpellationem
660 2710 902 2780 ingerere
922 2722 1241 2782 prmsumat;
1272 2716 1388 2779 sed,
1407 2715 1594 2769 sicuta
1626 2733 1724 2771 no-

138 2794 230 2847 bis
261 2796 555 2864 injunctum
590 2809 694 2865 est,
720 2808 774 2855 et
798 2816 895 2871 per
924 2804 1063 2857 hanc
1084 2813 1323 2858 nostram
1345 2806 1727 2861 auctoritatem

136 2885 415 2952 praedium
450 2887 710 2942 CcchSitB-
741 2890 1140 2956 conﬁrmatum,
1192 2894 1265 2948 ita
1295 2904 1555 2964 perpetuo
1606 2912 1726 2965 per-

139 2984 384 3027 maneat.
423 2975 487 3028 Et
514 2986 572 3030 ut
622 2978 737 3032 haec
768 2981 1059 3035 auctoritas
1088 2980 1316 3035 ﬁrmiter
1345 2985 1630 3049 habeatur,
1670 2995 1726 3039 et

140 3077 243 3131 per
278 3052 456 3119 futura
487 3074 727 3134 tempora
770 3069 961 3124 melius
1008 3083 1379 3140 conservetur,
1410 3075 1476 3129 de
1525 3077 1722 3131 annulo

140 3162 331 3207 nostro
360 3156 545 3210 subter
567 3158 827 3227 jussimus
850 3161 1089 3230 sigillari.

214 3242 437 3314 Signum
465 3245 718 3300 Ludovici
748 3250 1075 3325 serenissimi
1107 3252 1468 3320 imperatoris.

213 3331 496 3387 Durandus
544 3334 802 3391 diaconus
855 3340 923 3392 ad
973 3340 1144 3395 vicem
1200 3342 1515 3398 IIelisachar
1567 3361 1719 3401 reco-

139 3421 297 3489 gnovi
308 3414 343 3474 ιζ

210 3509 405 3563 Datum
458 3512 636 3568 idibus
675 3515 870 3577 Martii,
920 3534 1079 3585 anno,
1122 3520 1340 3577 Christo
1383 3525 1634 3593 propitio,
1683 3526 1716 3579 6

136 3598 355 3667 imperii
408 3603 588 3657 domui
644 3605 899 3660 Ludovici
956 3611 1397 3666 excellentissimi
1450 3615 1711 3685 Augusti,

132 3688 433 3744 indictione
468 3691 549 3744 12.
578 3693 767 3747 Actum
790 3695 1111 3768 Aquisgrani
1137 3701 1335 3770 palatio
1362 3705 1511 3774 regio
1539 3705 1591 3759 in
1617 3706 1713 3761 Dei

133 3778 359 3833 nomine
387 3778 631 3835 feliciter.
656 3782 845 3838 Amen.

786 3873 873 3928 LX
882 3873 1065 3929 XXIV.

564 3976 665 4016 PRO
705 3977 1042 4020 IONASTERIO
1072 3982 1276 4023 DEENSI.

750 4052 922 4125 (Anno
953 4056 1100 4128 819.)

131 4139 402 4215 [Apud
433 4141 717 4215 Bouquet.,
758 4142 911 4215 ibid:
948 4161 1068 4215 pag.
1110 4146 1232 4209 516,
1267 4162 1333 4201 ex
1380 4149 1609 4204 Chimet.
1656 4154 1712 4206 in

263 4212 417 4278 prob.
446 4212 511 4263 ad
544 4212 684 4280 ῌίετ.
717 4213 833 4265 abb.
872 4212 1255 4280 Trénorcensia,
1289 4232 1408 4287 pag.
1444 4219 1591 4291 191.]

202 4302 260 4356 In
320 4303 535 4356 nomine
584 4303 793 4355 Domini
817 4304 911 4357 Dei
950 4312 1002 4357 et
1057 4304 1349 4363 Salvatoris
1376 4312 1545 4364 nostri
1580 4312 1709 4367 Jesu

127 4388 378 4453 Christi,
438 4390 740 4445 Ludovicus
791 4390 972 4449 divina
1020 4391 1305 4451 ordinante
1364 4400 1706 4467 providentia

126 4479 425 4547 imperator
452 4479 739 4549 Augustus.

200 4566 397 4621 Notum
456 4569 526 4622 sit
550 4569 791 4623 omnium
820 4569 1055 4627 ﬁdelium
1111 4582 1442 4644 nostrorum,
1471 4597 1708 4649 prsesen-

124 4659 264 4711 tium
308 4658 511 4712 scilicet
556 4668 606 4713 et
652 4658 957 4717 futurorum
984 4665 1282 4731 sagacitati,
1337 4670 1572 4737 qualiter
1623 4674 1707 4727 vir

121 4747 455 4800 venerabilis
510 4746 767 4801 Arnull’us
809 4750 975 4804 abbas
1030 4767 1095 4806 ex
1158 4761 1488 4813 monasterio
1533 4763 1705 4817 sancti

124 4835 394 4899 l-‘iliberti,
436 4836 580 4904 quod
626 4844 709 4891 est
729 4838 890 4891 situm
912 4841 966 4893 in
989 4841 1160 4896 insula
1183 4859 1301 4912 quae
1326 4846 1525 4903 dicitur
1555 4852 1697 4917 IIeri,

121 4932 347 4993 propter
373 4924 709 4981 incursiones
728 4925 1077 4983 barbarorum
1093 4933 1183 4999 qui
1206 4934 1230 4986 Γ
1230 4940 1542 5005 requcnteri
1550 4958 1703 5010 psum

120 5015 515 5068 monasterium
550 5016 959 5085 depopulantur,
984 5018 1130 5074 foras
1156 5021 1209 5074 in
1237 5040 1373 5092 pago
1396 5029 1486 5096 qui
1515 5032 1709 5087 dicitur

120 5100 843 5177 Erbadellicusmerbduge),
872 5108 926 5160 in
953 5109 1069 5163 loco
1106 5110 1257 5178 cujus
1287 5118 1601 5173 vocabulum
1625 5133 1707 5176 est

121 5192 265 5246 Deas
291 5205 337 5256 α,
394 5209 492 5263 per
545 5206 788 5251 nostrum
816 5215 1136 5255 consensum
1166 5214 1328 5272 atque
1355 5205 1703 5277 adjutorium,

118 5301 325 5339 novum
349 5292 733 5344 monasterium
754 5294 1070 5360 aediﬁcasse,
1094 5306 1146 5350 et
1174 5300 1240 5354 ob
1263 5304 1701 5361 commoditatem

115 5374 362 5443 ejusdem
389 5380 722 5446 monasterii,
752 5391 806 5436 et
825 5388 1255 5454 congregationis
1286 5390 1481 5445 ibidem
1509 5394 1702 5465 degen-

120 5465 218 5528 tis,
238 5480 306 5519 ex
329 5464 488 5521 fluvio
516 5471 605 5536 qui
626 5470 823 5525 dicitur
844 5474 1079 5529 Deionia
1109 5477 1181 5546 (la
1204 5478 1471 5552 Bologne),
1505 5464 1699 5553 aquam

120 5552 198 5608 ibi
254 5554 389 5608 velle
431 5557 755 5626 perducere;
804 5565 1092 5621 obsecrans
1145 5568 1482 5627 clementiam
1522 5552 1699 5631 cacci-

550 4271 570 4280 ς

1830 1885 1974 1955 quod
2005 1902 2103 1943 nos
2132 1892 2518 1957 concessimus,
2544 1900 2720 1945 ratum
2755 1899 2809 1945 et
2846 1889 3037 1945 stabile
3064 1889 3212 1945 omni
3266 1898 3404 1945 tem-

1830 1992 1959 2046 pore
2011 1970 2342 2045 permaneat.
2401 1981 2467 2035 Et
2519 1990 2578 2036 ut
2628 1984 2743 2037 haec
2796 1991 2982 2037 nostra
3027 1982 3200 2052 jussio
3254 1981 3403 2035 omni

1830 2076 2070 2139 tempore
2093 2072 2300 2125 stabilis
2329 2083 2383 2126 et
2413 2073 2725 2127 inconvulsa
2749 2080 3083 2142 permaneat,
3108 2072 3173 2127 de
3207 2072 3407 2131 annulo

1832 2168 2018 2211 nostro
2047 2160 2235 2215 subter
2257 2161 2517 2229 jussimus
2556 2162 2801 2233 sigillari.

1904 2245 2017 2317 Ego
2043 2247 2328 2304 Durandus
2349 2252 2605 2307 diaconus
2636 2252 2703 2313 ad
2724 2253 2895 2309 vicem
2915 2251 3233 2308 Helisachar
3256 2266 3406 2308 reco-

1829 2339 1987 2405 gnovi
2026 2348 2079 2393 et
2126 2341 2441 2411 subscripsi.

1901 2429 2033 2482 Data
2066 2447 2173 2483 xvn
2208 2432 2475 2487 Kalendas
2495 2432 2695 2501 Aprilis
2724 2448 2884 2499 anno,
2903 2433 3118 2489 Christo
3146 2434 3402 2504 propitio,

1828 2516 1860 2569 6
1892 2517 2101 2586 imperii
2150 2520 2330 2573 domui
2378 2520 2635 2575 Ludovici
2691 2522 2921 2590 piissimi
2968 2522 3218 2594 Augusti,
3267 2524 3409 2577 indi-

1828 2604 2007 2658 ctione
2042 2606 2123 2658 12.
2154 2605 2347 2660 Actum
2373 2608 2696 2677 Aquisgrani
2740 2610 2939 2680 palatio
2969 2604 3026 2665 in
3064 2612 3160 2667 Dei
3191 2613 3409 2667 nomine

1829 2690 2078 2746 feliciter.
2100 2694 2290 2749 Amen.

2491 2765 2749 2821 LXXXV.

1829 2888 1929 2926 PBO
1951 2888 2285 2931 MONASTERIO
2308 2891 2595 2933 CONCIIENSI
2650 2896 2703 2933 IN
2761 2894 2988 2936 DItECESI
3051 2898 3401 2941 RUTHENENSI.

2432 2988 2603 3059 (Anno
2653 2990 2801 3061 819.)

1829 3071 2006 3145 [Apud
2041 3073 2342 3143 Baquium,
2390 3077 2794 3204 Capitnlqpag.
2856 3082 3010 3163 1.416,
3068 3099 3135 3139 ex
3185 3088 3406 3143 arcliivo

2246 3156 2560 3202 monasterii
2592 3150 2735 3203 Cone
2779 3152 2971 3204 ensrs.l

2246 3150 2560 3202 monasterii
2592 3150 2971 3225 Conchensis.]

1894 3234 1952 3288 In
1981 3237 2200 3291 nomine
2226 3237 2438 3292 Domini
2470 3237 2565 3291 Dei
2604 3248 2658 3291 et
2712 3238 3008 3296 Salvatoris
3057 3245 3225 3299 nostri
3274 3246 3403 3301 Jcsu

1822 3326 2046 3389 Christi,
2070 3328 2392 3392 Ludovicus,
2412 3330 2591 3383 divina
2618 3333 2899 3387 ordinante
2917 3336 3282 3405 providentia,
3302 3341 3402 3396 im-

1820 3426 2037 3489 perator
2061 3418 2353 3489 Augustus.

1894 3508 2071 3561 Multis
2095 3509 2329 3563 ﬁdelium
2361 3520 2691 3576 nostrorum,
2724 3522 2779 3566 et
2807 3515 3079 3585 prmcipue
3120 3518 3204 3574 his
3225 3522 3316 3589 qui
3345 3523 3400 3576 in

1819 3598 2071 3651 occiduas
2089 3608 2271 3667 partes
2292 3608 2417 3653 sunt
2437 3602 2733 3666 constituti,
2753 3619 2911 3658 nosse
2932 3607 3206 3681 credimus
3226 3612 3401 3678 quali-

1821 3695 1901 3740 ter
1926 3688 2010 3739 vir
2040 3687 2323 3756 religiOsus
2348 3688 2496 3743 Dado
2518 3691 2750 3758 quodam
2790 3694 3024 3758 nomine,
3056 3696 3148 3764 qui
3191 3701 3395 3756 nostris

1819 3778 2153 3845 temporibus
2182 3778 2441 3849 religione
2470 3791 2522 3833 et
2548 3781 2862 3847 sanctitate,
2891 3784 3073 3838 divina
3096 3787 3197 3840 sibi
3227 3790 3398 3844 admi-

1818 3867 2093 3921 niculante
2148 3869 2344 3938 gratia,
2396 3870 2638 3935 emicuit,
2672 3870 2798 3936 dum
2851 3874 3083 3941 quietem
3116 3887 3398 3946 appeteret

1818 3963 1873 4008 et
1904 3956 2142 4010 vacando
2171 3956 2352 4010 videre
2379 3958 2539 4011 vellet
2580 3974 2738 4027 quam
2770 3963 2952 4017 suavis
2977 3973 3059 4017 est
3112 3966 3393 4035 Dominus,

1817 4044 2083 4113 quoddam
2113 4045 2357 4099 locellum
2387 4046 2441 4099 in
2480 4063 2615 4116 pago
2647 4049 2910 4106 Rutenico
2956 4068 3117 4123 super
3163 4058 3394 4115 rivulum

1816 4135 2145 4199 Dorduuum,
2179 4135 2333 4204 cujus
2370 4138 2686 4192 vocabulum
2712 4149 2793 4194 est
2825 4143 3056 4209 Concas,
3106 4148 3388 4206 inveniens

1814 4224 1942 4279 huic
1968 4226 2182 4296 negotio
2205 4234 2409 4296 aptum,
2437 4243 2544 4297 quo
2574 4230 2627 4282 in
2680 4230 2798 4285 loco
2820 4235 3061 4289 nonnulli
3092 4235 3388 4296 Christiani

1811 4322 2033 4384 propter
2063 4326 2262 4370 metum
2296 4316 2715 4383 Saracenorum,
2748 4322 2840 4390 qui
2880 4322 3023 4376 illam
3057 4334 3259 4389 terram
3294 4346 3393 4399 pc-

1814 4420 1883 4460 ne
1907 4413 2071 4459 totam
2099 4396 2447 4463 devastarunt
2474 4418 2528 4461 et
2552 4410 2605 4462 in
2631 4426 2873 4465 eremum
2913 4416 3255 4485 redegerunt,
3287 4396 3385 4475 du-

1734 4475 1789 4535 Ῑ)
1815 4496 1940 4550 dum
1972 4498 2361 4569 confugientes,
2403 4501 2772 4570 permodicum
2818 4514 3237 4564 construxerunt
3265 4528 3388 4567 ora-

1811 4587 2032 4653 torium,
2064 4590 2177 4657 ipse
2200 4600 2476 4660 assumpto
2504 4593 2689 4648 labore
2709 4597 2944 4665 propriis
2964 4600 3213 4657 manibus
3235 4618 3386 4658 eum-

1809 4674 1931 4729 dem
1957 4675 2130 4731 locum
2143 4678 2298 4745 juxta
2334 4680 2477 4735 vires
2530 4685 2793 4739 mundare
2819 4695 2981 4755 atque
3015 4689 3248 4759 stirpare
3292 4709 3384 4747 cu-

1808 4766 1969 4830 ravit,
2006 4775 2060 4819 et
2087 4776 2143 4819 ut
2164 4778 2321 4837 aptus
2342 4770 2455 4837 ejus
2476 4772 2639 4839 quieti
2669 4772 2810 4829 foret
2836 4791 3056 4845 operam
3083 4781 3251 4835 dedit.
3274 4782 3379 4838 Sed

1808 4871 1912 4909 non
1939 4864 2062 4924 post
2090 4858 2285 4914 multos
2321 4860 2435 4914 dies
2459 4861 2541 4914 vir
2568 4864 2850 4932 religiosus
2872 4867 3175 4924 Medraldus
3212 4874 3385 4928 nomi-

1813 4962 1879 4998 ne
1901 4946 2149 5000 eumdem
2174 4947 2346 5003 locum
2377 4950 2533 5003 simul
2561 4966 2681 5005 cum
2727 4966 3024 5010 memorato
3054 4957 3270 5015 Dadone
3311 4963 3379 5017 ad

1811 5034 2163 5090 habitandum
2186 5038 2365 5105 elegit.
2397 5038 2463 5091 Et
2507 5044 2632 5109 quia
2683 5044 2880 5099 l‘amam
2905 5048 3059 5103 bonae
3106 5054 3379 5120 opinionis

1811 5143 1939 5182 vera
1970 5129 2155 5198 religio
2186 5130 2397 5184 illorum
2432 5136 2569 5201 apud
2591 5137 2901 5192 convicinos
2926 5152 3216 5209 sparserat,
3242 5161 3376 5199 non-

1809 5218 1941 5270 nulli
1972 5227 2353 5285 postponentes
2390 5223 2665 5288 szeculum,
2714 5226 2949 5293 quietam
3006 5232 3373 5300 nihilominus,

1810 5322 1969 5375 quam
2001 5307 2099 5376 ipsi
2125 5308 2411 5377 degebant,
2443 5323 2693 5380 appetere
2730 5316 2893 5369 vitam
2942 5321 3119 5373 conati
3141 5330 3282 5386 sunt,
3318 5334 3377 5379 et

1806 5410 1993 5449 eorum
2036 5390 2303 5466 religiosis
2353 5403 2611 5469 exemplis
2666 5406 2964 5462 imitatores
3001 5410 3115 5464 tieri
3152 5414 3374 5481 cupien-

1802 5495 1902 5549 tes,
1959 5500 2144 5539 eorum
2195 5502 2253 5541 se
2301 5492 2610 5561 magisterio
2649 5496 2958 5564 subdidere,
3000 5516 3063 5555 ac
3086 5502 3209 5556 dum
3238 5518 3371 5573 pau-

1804 5575 1951 5628 latim
1983 5575 2098 5644 ipsa
2125 5582 2469 5649 congregatio
2502 5595 2791 5652 cresceret,
2845 5591 3123 5646 ecclesiam
3170 5594 3370 5650 ibidem

196 5698 220 5727 ⁸
263 5688 431 5757 Vulgo
461 5690 564 5744 Dée
611 5692 691 5745 vel
734 5692 1106 5764 Crand~Lieu,‘
1150 5719 1289 5756 nunc
1336 5706 1604 5772 prioratus
1648 5708 1698 5762 in
1740 5708 1955 5763 dioecesi
1989 5708 2348 5767 Namnetensi.
