3936 6316
523 353 654 415 1091

1664 336 1985 395 LUDOVICI
2021 337 2038 391 1
2075 332 2543 391 COCNOMENTO
2577 333 2663 388 Pll

3676 330 3697 381 l
3708 330 3807 382 θ’.κῖ

520 468 575 522 in
605 464 811 520 honore
838 455 1052 513 Domini
1074 454 1171 509 Dei
1189 461 1244 509 et
1258 438 1553 508 Salvatoris
1574 451 1745 506 nostri
1761 448 2103 505 JesuChristi
2133 450 2184 509 Λ
2205 444 2417 501 ferente
2446 444 2712 500 indefesse
2748 443 2924 499 valeat
2977 443 3272 498 observare
3303 456 3360 498 ct
3386 458 3487 513 pro
3526 444 3690 500 nobis
3728 446 3809 499 τρὶ

520 556 966 610 construxerunt,
996 553 1052 600 et
1078 554 1137 599 ut
1163 543 1310 598 Dado
1330 540 1485 610 juxta
1502 540 1765 596 divinitus
1796 539 1909 595 'sihi
1938 538 2107 593 colla-

521 650 636 696 tum
659 637 989 695 desiderium
1011 633 1363 689 remotiorem
1385 629 1563 685 adhuc
1590 630 1791 696 locum,
1806 627 2110 699 quidieitur

519 730 739 789 Grande
759 727 1019 791 Vabrum,
1044 724 1187 780 sicut
1214 732 1270 777 et
1295 721 1441 788 fecit,
1457 727 1687 791 peteret,
1715 729 1771 775 et
1797 727 1858 774 ut
1882 715 2111 773 Medral-

520 824 623 878 dus
652 821 822 875 abbas
854 817 1033 881 ﬁeret,
1065 824 1120 870 et
1152 822 1215 868 ut
1254 813 1383 884 ipsa‘
1424 810 1769 882 congregatio
1819 806 2108 878 regularis,

513 915 671 985 juxta
692 911 835 982 quod
854 910 935 965 eis
956 906 1187 962 facultas
1213 914 1267 961 et
1289 904 1595 960 intellectus
1608 918 1638 956 a
1653 902 1880 957 Domino
1907 898 2111 953 tribue-

518 1007 703 1069 batur,
753 1002 1038 1064 existeret,
1068 997 1345 1053 communi
1371 995 1652 1049 voluntate
1674 1002 1853 1047 actum
1876 998 1978 1044 est.
2013 988 2110 1043 His

518 1109 649 1150 vero
674 1094 751 1147 ita
778 1090 1026 1162 patratis,
1065 1087 1293 1158 contigit
1334 1084 1581 1141 eamdem
1626 1080 2109 1152 congregationem

518 1192 575 1247 in
606 1200 792 1246 nostra
830 1188 1046 1261 propria
1085 1183 1307 1257 speciali
1344 1182 1655 1239 defensione
1688 1188 1853 1261 atque
1882 1178 2112 1233 tuitione

519 1280 792 1337 devenire.
830 1278 965 1333 Nam
1006 1290 1127 1343 nos,
1156 1282 1217 1330 ut
1267 1272 1500 1345 plenitus
1548 1272 1650 1327 sub
1702 1270 1888 1341 regula
1935 1268 2109 1325 sancti

517 1370 797 1427 Benedicti
820 1369 1049 1425 Domino
1072 1368 1396 1432 militarent,
1424 1372 1480 1420 et
1506 1379 1604 1434 per
1626 1364 1891 1419 bonorum
1921 1376 2111 1416 mona-

516 1463 743 1518 chorum
768 1460 1077 1517 consultum
1102 1467 1157 1514 et
1177 1474 1274 1537 per
1296 1465 1540 1512 nostram
1597 1453 1986 1510 ereberrimam
2015 1452 2110 1506 ad-

520 1555 875 1611 monitionem
915 1553 1130 1609 eﬂicere
1156 1550 1384 1605 Domino
1438 1546 1738 1619 opitulante
1758 1546 2105 1611 studuimus;

518 1655 576 1704 et
610 1630 707 1702 ad.
745 1646 997 1716 proprias
1043 1643 1234 1697 eor‘um
1286 1639 1641 1695 necessitates
1700 1636 2000 1692 fulciendas
2042 1637 2110 1691 de

516 1737 684 1793 rebus
710 1735 916 1791 nostris
945 1732 1199 1803 quiddam
1248 1729 1450 1784 ibidem
1501 1726 1891 1797 delegavimus,
1933 1725 2106 1781 eccle-

516 1827 655 1883 siam
680 1825 932 1880 videlicet
960 1824 1025 1885 de
1048 1817 1393 1890 Cermangis,
1424 1826 1481 1873 et
1498 1817 1781 1872 ecclesiam
1800 1832 1921 1887 quae
1933 1818 2105 1872 nomi-
2136 1793 2183 1852 Β

519 1926 684 1974 natur
708 1915 945 1985 Campus
973 1914 1194 1977 Iliacus,
1224 1920 1279 1967 et
1301 1910 1590 1967 ecclesiam
1612 1909 1801 1965 Sancti
1856 1908 2105 1995 Christo-

516 2010 678 2080 phori
711 2009 765 2063 in
789 2007 1139 2062 Montiniaeo.
1164 2011 1555 2068 constructam,
1606 2017 1732 2058 eum
1762 2002 1911 2057 omni
1970 2002 2107 2057 inte-

518 2101 715 2173 gritate
742 2115 950 2155 earum.
982 2096 1159 2153 Simili
1181 2095 1341 2151 modo
1354 2102 1407 2150 et
1419 2093 1707 2149 ecclesiam
1738 2093 1803 2147 de
1818 2091 2105 2164 Garcanga

517 2209 642 2249 cum
670 2200 821 2247 curte
847 2191 914 2246 de
939 2189 1324 2245 Gammaleria.
1353 2188 1557 2244 lterum
1577 2188 1803 2242 alteram
1817 2188 2106 2243 ecclesiam

517 2284 585 2340 ad
630 2293 846 2354 portum
874 2281 1003 2336 Acri
1031 2282 1132 2336 sub
1174 2283 1379 2336 honore
1418 2280 1594 2335 sancti
1646 2270 1927 2334 Saturnini
1978 2294 2109 2335 con-

519 2383 805 2439 structam,
846 2389 971 2427 cum
1000 2372 1252 2427 onmibus
1282 2370 1617 2441 appendiciis
1645 2385 1854 2425 carum.
1885 2370 2107 2426 Necnon

517 2462 774 2518 similiter
828 2460 1155 2517 contulimus
1187 2459 1387 2513 ibidem
1425 2458 1717 2514 ecclesiam
1751 2458 1937 2514 Sancti
1982 2458 2106 2514 Sal-

518 2550 723 2605 vatoris
749 2550 806 2604 in
838 2548 1179 2614 Cicerniaeo,
1209 2556 1263 2602 et
1290 2548 1425 2603 alias
1448 2549 1585 2604 duas
1615 2548 1896 2615 ecclesias,
1943 2565 2107 2604 unam

519 2642 575 2696 in
614 2640 953 2707 Burnacelio,
980 2648 1036 2695 et
1060 2640 1288 2695 alteram
1316 2640 1369 2695 in
1401 2640 1772 2707 Rucenniaeo,’
1799 2657 1922 2696 cum
1940 2643 2111 2697 omni-

519 2735 621 2788 bus
648 2732 965 2802 adjacentiis
989 2748 1199 2799 earum,
1233 2733 1396 2788 aliam
1454 2747 1670 2803 quoque
1710 2734 1999 2790 ecclesiam
2053 2737 2108 2790 in

521 2826 739 2880 Ruhilia
768 2841 891 2881 cum
919 2826 1064 2881 omni
1095 2825 1409 2895 integritate
1450 2840 1587 2890 sua;
1646 2840 1677 2879 a
1732 2842 1842 2896 quo
1892 2828 2108 2896 quidem

524 2924 711 2971 tenore
739 2925 795 2971 et
820 2914 1201 2971 Selvaniacum
1227 2923 1281 2968 et
1307 2913 1489 2969 omnia
1505 2914 1836 2983 quaeibidem
1866 2915 2109 2986 delegata

521 3015 649 3061 sunt
666 3021 762 3075 per
773 3015 1015 3060 nostram
1032 3005 1412 3060 auctoritatem
1426 3005 1526 3059 sub
1555 3004 1913 3061 immunitatis
1927 3006 2111 3062 tuitio-

522 3114 593 3157 ne
608 3098 844 3171 plcniter
860 3098 1162 3153 consistere
1189 3096 1437 3164 fecimus,
1453 3106 1514 3153 ut
1538 3098 1790 3155 videlicet
1812 3101 1957 3155 omni
1973 3110 2110 3156 tem-

521 3206 655 3261 pere
692 3198 1049 3245 memoratum
1079 3190 1473 3244 monasterium
1497 3192 1619 3245 eum
1668 3192 1858 3246 eadem
1886 3207 2111 3264 congre-

523 3282 743 3355 gatione
776 3278 830 3335 et
864 3296 985 3336 cum
1017 3281 1275 3350 prmdicto
1313 3280 1434 3335 loco
1471 3281 1563 3350 qui
1610 3289 1836 3336 vocatur
1890 3282 2112 3340 Grande

528 3374 789 3435 Vabrum,
822 3371 874 3425 in
911 3385 1019 3439 quo
1066 3378 1398 3425 memoratus
1444 3370 1594 3426 Dado
1651 3360 1962 3442 exopta‘tam
2009 3375 2112 3429 sibi

527 3463 767 3532 quietem
791 3462 965 3515 tenuit
994 3468 1048 3513 et
1078 3460 1293 3515 vivendi
1340 3459 1504 3514 linem
1530 3459 1677 3525 fecit,
1706 3476 1831 3515 cum
1862 3464 2115 3517 omnibus

529 3552 691 3605 rebus
720 3550 822 3605 sibi
846 3550 992 3619 juste
1020 3548 1441 3618 pertinentibus,
1472 3548 1586 3602 sive
1629 3564 1748 3618 qua:
1792 3551 1843 3604 in
1860 3552 2113 3620 prmscnti

530 3653 773 3712 tempore
808 3641 1072 3710 possidet,
1108 3640 1222 3695 sive
1284 3656 1419 3711 quae.
1462 3640 1678 3694 inantea
1716 3641 1979 3697 Dominus
2016 3644 2116 3698 ibi-

524 3733 652 3787 dem
685 3733 869 3801 augeri
901 3730 1155 3793 voluerit,
1213 3745 1336 3784 cum
1379 3730 1465 3784 his
1525 3732 1777 3787 omnibus
1827 3733 2116 3802 prmdictus

530 3824 681 3879 locus
708 3823 798 3893 qui
825 3822 1024 3877 dicitur
1046 3820 1294 3876 Conchas
1317 3822 1417 3875 sub
1431 3822 1850 3891 specialinostra
1866 3824 2117 3879 videlicet

529 3924 587 3971 et
610 3915 844 3969 filiorum
869 3912 951 3967 vel
975 3926 1380 3976 successorum,
1414 3912 1523 3967 Dec
1547 3923 1840 3976 annuente,
1873 3924 2115 3983 tempora

532 4003 919 4059 inviolabiliter
947 4002 1230 4067 consistat,
1260 4010 1318 4056 ut
1346 4003 1538 4058 eadem
1568 4004 1917 4074 congregatio
1932 4005 2116 4072 quiete
2164 4040 2165 4043 η

532 4109 749 4163 semper
791 4092 1054 4161 imperiali
1088 4100 1143 4147 et
1194 4092 1360 4163 regali
1390 4091 1702 4149 defensione
1754 4102 1866 4147 tuta
1913 4094 2117 4163 absque

534 4184 824 4254 cujuslibet
860 4182 1245 4253 impedimento
1273 4183 1610 4252 propositum
1638 4199 1792 4238 suum
1823 4184 1932 4239 Deo
1961 4199 2119 4253 opem

607 4350 632 4377 ιι
672 4335 817 4391 Istud
844 4334 1103 4390 Ludovici
1136 4334 1240 4399 Pii,
1268 4342 1408 4389 utet
1463 4334 1640 4389 Caroli
1682 4334 1854 4400 Calvi,
1881 4337 2121 4406 itemque

534 4408 765 4463 Othonis
796 4407 839 4460 ll
866 4406 1251 4474 imperatorum
1276 4405 1591 4473 diplomata,
1618 4407 1671 4459 in
1700 4406 1940 4461 favorem
1974 4405 2120 4461 Gan-

2212 552 2308 606 pro
2356 536 2630 591 communi
2680 535 2893 604 imperii
2924 534 3100 589 nostri
3155 536 3461 590 stabilitate
3518 537 3813 593 Dominum

2209 641 2458 682 exorare.
2497 626 2623 681 llmc
2652 640 2783 680 vero
2804 626 3103 681 auctoritas
3126 639 3189 680 ut
3225 628 3297 681 ab
3344 629 3601 683 omnibus
3660 644 3815 685 vera-

2211 718 2329 773 cius
2351 718 2629 783 credatur,
2671 732 2866 771 manus
2897 725 3122 791 nostrae,
3153 718 3440 788 signaculo
3466 722 3663 775 subter
3689 736 3807 776 eam

2210 807 2469 864 roborare
2497 817 2553 864 et
2580 808 2647 863 de
2672 806 2872 862 annulo
2898 818 3086 863 nostro
3114 807 3352 878 sigillare
3388 808 3641 865 fecimus.

2285 902 2511 975 Signum
2548 901 2807 958 Ludovici
2837 901 3178 957 serenissimi
3209 901 3584 971 imperatoris.

2282 992 2568 1048 Durandus
2594 993 2857 1047 diaconus
2887 993 2957 1047 ad
2990 992 3164 1046 vicem
3192 990 3515 1047 Helisacbar
3537 1008 3798 1066 recogno-

2210 1081 2290 1137 vit
2324 1090 2380 1137 et
2408 1082 2753 1153 subscripsit.

2284 1174 2420 1229 Data
2440 1190 2495 1230 η
2520 1174 2647 1229 ldus
2673 1172 2896 1244 Aprilis,
2921 1187 3062 1228 anno
3088 1182 3260 1240 sexto,
3293 1174 3516 1231 Christo
3542 1178 3802 1247 propitio,

2212 1263 2429 1334 imperii
2456 1262 2663 1319 domini
2690 1261 2955 1317 Ludovici
2985 1262 3219 1332 piissimi
3260 1263 3515 1335 Augusti,
3551 1266 3807 1321 iudieiio-

2212 1368 2282 1409 ne
2320 1353 2408 1407 12.

2282 1442 2478 1497 Actum
2527 1442 2852 1513 Aquisgrani
2892 1441 3097 1512 palatio
3152 1442 3303 1512 regio
3347 1443 3404 1497 in
3440 1442 3539 1499 Dei
3590 1448 3806 1500 nomine

2211 1532 2461 1589 feliciter.
2492 1533 2685 1588 Amen.

2863 1611 3128 1667 LXXXVI
3138 1652 3151 1666 .

2426 1718 2529 1760 PRO
2555 1718 2894 1759 κουλετειιιο
2921 1717 2967 1757 8.
2996 1718 3217 1758 ΒΑνοκιε
3240 1717 3595 1760 ςΑκυεδειεα.

2831 1792 3004 1865 (Anno
3032 1792 3183 1865 819.)

2314 1884 2493 1954 [Apud
2520 1882 2784 1947 Mirmum,
2810 1880 3132 1935 Donationet
3156 1881 3405 1952 Belgictr,
3429 1898 3554 1953 pag.
3585 1884 3698 1956 55.]

2278 1998 2337 2052 1n
2368 1999 2587 2053 nomine
2630 1996 2844 2052 Domini
2873 1995 2971 2052 Dei
3009 2006 3065 2051 et
3112 1997 3417 2055 Salvatoris
3460 2003 3634 2056 nostri
3682 2003 3799 2058 Jcsn

2209 2088 2432 2154 Christi,
2488 2087 2814 2152 Ludovicus,
2856 2085 3041 2142 divina
3096 2088 3388 2146 ordinante
3441 2093 3792 2162 providentia,

2210 2182 2505 2251 imperator
2530 2180 2827 2249 Augustus.

2282 2273 2340 2329 Si
2376 2288 2503 2343 erga
2551 2271 2667 2327 loca
2715 2271 2913 2327 divinis
2952 2272 3185 2328 cultibus
3228 2275 3540 2344 mancipata
3588 2285 3797 2346 propter

2210 2382 2451 2422 amorem
2478 2366 2594 2429 Dei,
2623 2365 2847 2435 ejusque
2885 2365 2939 2419 in
2968 2366 3174 2421 eisdem
3216 2365 3353 2421 locis
3390 2367 3496 2421 sibi
3540 2366 3793 2422 famulan-

2212 2468 2316 2525 tes,
2353 2457 2612 2514 henelicia
2650 2466 2953 2527 opportuna
2998 2457 3283 2529 largimur,
3315 2460 3603 2526 praemium
3652 2462 3795 2514 nobis

2212 2548 2354 2618 apud
2385 2546 2672 2601 Dominum
2701 2554 2919 2601 aeterna:
2950 2546 3410 2603 rem‘unerationis
3447 2548 3669 2617 rependi
3699 2565 3794 2603 non

2212 2638 2523 2695 dillidimus.

2282 2728 2490 2783 Idcirco
2521 2729 2731 2784 noverit
2758 2729 2999 2785 omnium
3032 2727 3275 2785 fidelium
3305 2740 3515 2787 sancta
3566 2731 3663 2787 Dei
3699 2733 3791 2788 Ec-

2213 2819 2414 2885 clesiae,
2456 2828 2877 2889 nostrorumque
2922 2820 3273 2891 praesentium
3319 2822 3528 2877 scilicet
3565 2837 3629 2878 ac
3663 2823 3790 2877 futu-

2213 2928 2397 2967 rorum
2437 2912 2681 2977 solertia,
2714 2913 2859 2983 quod
2885 2912 2969 2967 vir
2996 2914 3326 2969 venerabilis
3352 2914 3681 2979 Einhardus,
3708 2916 3789 2969 ab-

2213 3001 2311 3057 bas
2338 3019 2406 3057 ex
2438 3005 2767 3059 monasterio
2795 3004 2939 3074 quod
2969 3003 3171 3060 dicitur
3208 3004 3421 3072 Gauda,
3466 3009 3611 3077 quod
3645 3010 3789 3063 situm

2215 3101 2298 3149 est
2346 3094 2399 3148 in
2443 3110 2580 3167 pago
2626 3094 3048 3161 Brachbatense,
3096 3106 3470 3153 constructum
3511 3100 3566 3153 in
3605 3101 3788 3154 honore

2215 3185 2389 3239 sancti
2430 3184 2574 3240 Petri
2609 3186 2871 3257 principis
2914 3187 3305 3256 apostolorum,
3352 3190 3444 3245 ubi
3484 3192 3646 3245 etiam
3680 3207 3788 3245 san-

2214 3283 2337 3330 ctus
2366 3274 2404 3327 Β
2414 3290 2516 3331 avo
2547 3275 2830 3332 confessor
2856 3276 3059 3332 Christi
3089 3292 3314 3349 corpore
3340 3280 3597 3351 quiescit,
3621 3262 3790 3336 detulit

2213 3369 2492 3426 obtutibus
2518 3371 2722 3425 nostris
2762 3370 3143 3426 auctoritatem
3189 3370 3553 3428 immunitatis
3593 3373 3786 3429 Domini

2214 3467 2269 3514 et
2301 3461 2561 3529 genitoris
2588 3461 2758 3515 nostri
2788 3459 2987 3527 Caroli,
3018 3460 3174 3515 bona:
3219 3464 3520 3529 memoriae,
3546 3476 3787 3535 prastat:-

2218 3548 2413 3603 tissimi
2456 3549 2818 3618 imperatoris,
2866 3550 2922 3603 in
2962 3565 3067 3620 qua
3112 3552 3498 3607 continebatur
3541 3554 3781 3609 insertum

2216 3637 2449 3707 qualiter
2477 3638 2591 3707 ipse
2614 3637 2683 3693 ob
2709 3653 2950 3697 amorem
2978 3638 3074 3693 Dei
3106 3641 3660 3713 tranquillitatemque
3688 3644 3782 3696 fra-

2219 3738 2360 3784 trum
2397 3730 2451 3783 in
2481 3729 2671 3785 eodem
2709 3730 3039 3784 monasterio
3068 3730 3404 3799 degentium,
3444 3746 3656 3801 semper
3697 3733 3785 3787 sub

2216 3819 2525 3889 plenissima
2572 3816 2889 3875 defensione
2932 3829 2989 3875 et
3028 3820 3389 3877 immunitatis
3435 3824 3659 3879 tuitione
3700 3826 3783 3879 ha-

2219 3908 2440 3963 buisset.

2288 4002 2394 4057 Pro
2446 4001 2721 4057 ﬁrmitatis
2773 4017 3007 4071 namque
3055 4002 3265 4067 studio,
3310 4003 3605 4073 postulavit
3643 4006 3780 4060 nobis

2219 4095 2507 4164 prmdictus
2548 4095 2855 4149 Einhardus
2890 4094 2918 4133 ιι
2945 4094 3144 4158 abbas,
3191 4103 3251 4148 ut
3296 4103 3536 4163 paterna:
3567 4098 3780 4150 auctori-

2220 4186 2337 4251 tati,
2386 4184 2659 4240 flrmitatis
2702 4186 2898 4255 gratia,
2932 4192 3176 4241 nostram
3229 4199 3444 4255 quoque
3482 4187 3780 4257 superadde-

2223 4339 2389 4412 [nun_c
2409 4352 2539 4391 vero
2543 4334 3248 4412 seorsim.__Vi_de_hujusee
3278 4336 3544 4412 ῑίλῐζιίᾳροιἶ
3566 4336 3681 4412 509,
3698 4337 3771 4412 in

2226 4406 2310 4489 ter
2332 4408 2509 4489 Opera
2543 4406 2877 4489 Eginhardi].
2917 4406 3060 4489 uit‘
3080 4415 3262 4489 autem
3282 4406 3613 4489 .Einhardus
3636 4407 3778 4489 abbas

538 4478 722 4533 densis
751 4492 845 4530 seu
880 4475 1138 4547 Bavonici
1186 4475 1499 4547 monasterii
1536 4490 1813 4547 concessa,
1844 4477 2123 4547 hodieque
2148 4484 2201 4542 1)
2228 4474 2469 4533 decimus
2511 4474 2731 4547 quintus
2760 4474 2993 4547 eoe'nohii
3022 4474 3343 4547 Gandensis,
3373 4486 3428 4530 et
3472 4478 3672 4545 primus
3694 4476 3776 4547 abs

540 4549 747 4627 integra
780 4561 903 4600 cum
937 4545 1127 4627 sigillis
1161 4544 1294 4607 suis,
1322 4544 1561 4627 Candavi
1606 4546 1659 4598 in
1690 4546 1891 4627 palatio
1917 4544 2123 4615 episco-
2224 4550 2322 4627 _has
2366 4544 2877 4627 Selingestadensis,
2900 4616 2910 4626 ι
2922 4544 2979 4627 in
3026 4544 3257 4627 dimcesi
3289 4544 3618 4627 Moguntina,
3657 4546 3779 4624 quod

540 4616 645 4687 pali
694 4615 1058 4687 asservantur,
1087 4628 1224 4687 qum_
1235 4629 1335 4687 pro
1364 4629 1461 4687 sua
1488 4615 1827 4687 humanitate
1871 4632 2120 4672 reveren-

539 4683 797 4740 dissimus
822 4685 884 4739 D.
900 4685 1168 4755 Antonius
1184 4683 1468 4755 Triestius,
1490 4684 1771 4755 episCOpus
1792 4686 2116 4755 Gandensis,

541 4756 695 4810 nobis
736 4754 983 4808 exhibuit
1024 4769 1089 4808 ac
1118 4754 1553 4825 communicavit.
1570 4753 1816 4825 integra,
1864 4753 2117 4823 inquam,

542 4832 914 4886 asservantur,
952 4831 1012 4875 ut
1050 4831 1175 4893 pote
1218 4838 1249 4876 a
1288 4821 1613 4877 Normannis
1640 4821 1803 4893 (quod
1834 4821 2015 4879 rarum
2064 4828 2117 4881 in

542 4893 771 4964 Belgica:
812 4892 1181 5014 monasteriis)
1226 4908 1503 4961 nunquam
1532 4892 1753 4958 violata,
1781 4902 1841 4947 ut
1874 4906 2117 4950 narrant.

543 4962 828 5014 Ingruente
864 4976 1096 5014 namque
1170 4977 1555 5014 ormannorum
1586 4964 1639 5014 in
1671 4964 1937 5014 Belgicam
1981 4965 2117 5014 irru-

543 4962 828 5031 lngruente
864 4962 1555 5034 namque_Normannorum
1586 4964 1639 5016 in
1671 4964 1937 5034 Belgicam
1981 4965 2121 5019 irru-

545 5030 747 5116 ptione,
779 5031 1031 5116 monachi
1080 5030 1395 5116 Gandenses
1436 5030 1897 5116 cum-sanctorum
1936 5034 2122 5116 pigno-

548 5099 697 5173 ribus
723 5117 785 5155 ac
825 5099 1230 5173 diplomatibus,
1256 5101 1437 5173 primo
1470 5099 1963 5173 Audomarapolirn,
1998 5099 2123 5161 inde

548 5170 864 5239 Lugdunum
880 5169 1159 5222 Clavatum
1176 5170 1386 5239 (Lacu),
1415 5172 1672 5225 Picardise
1686 5169 1871 5227 urbem
1884 5214 1896 5235 ,
1927 5188 1985 5227 se
2001 5190 2123 5229 con-

548 5238 805 5301 tulerunt,
832 5238 1164 5292 declinanda:
1196 5238 1517 5309 tempestati.
1542 5241 1659 5307 Quo
1684 5244 1735 5295 in
1765 5252 1937 5297 tractu
1969 5246 2126 5299 annis

548 5309 669 5433 Eius
697 5309 875 5363 minus
896 5315 1110 5361 centum
1124 5311 1495 5377 perstiterunt,
1519 5313 1743 5365 etrebus
1765 5314 1984 5376 sedatis,
2002 5315 2124 5367 inde

599 5379 891 5433 andavum.
916 5378 984 5432 ad
998 5388 1153 5433 vetus
1167 5394 1323 5432 suum
1354 5381 1761 5433 monasterium.
1790 5383 2122 5433 nostiiminio

599 5379 891 5450 andavum.
916 5378 984 5432 ad
998 5388 1153 5433 vetus
1167 5394 1323 5432 suum
1354 5381 1761 5445 monasterium,
1790 5383 2122 5450 postliminio

549 5448 847 5505 redierunt.

622 5519 650 5557 δ
679 5517 986 5590 Einhardus
1032 5530 1125 5590 seu
1181 5518 1522 5588 Eginhardns
1580 5526 1664 5574 est
1710 5520 1757 5575 is
1803 5522 1893 5590 qui
1944 5521 2122 5577 Caroli

553 5587 761 5657 Magni,
807 5588 1092 5643 nutritoris
1133 5587 1243 5651 sui,
1271 5597 1330 5641 ut
1364 5590 1477 5656 ipse
1518 5590 1775 5657 loquitur,
1818 5587 1985 5646 vitam
2018 5593 2125 5646 ele-

2222 4620 2337 4687 ipse
2364 4633 2462 4672 suo
2496 4614 2603 4671 sire
2637 4616 2938 4687 construxit
2966 4614 3295 4687 aedotavit;
3339 4624 3399 4687 ut
3438 4616 3492 4687 in
3522 4616 3778 4670 Chronicis

2223 4684 2661 4743 Laurishamensi
2696 4694 2750 4741 et
2784 4684 3052 4740 Gandensi
3083 4684 3296 4755 legitur.
3330 4684 3616 4739 Gandense
3639 4700 3778 4755 porro

2226 4757 2283 4811 S.
2310 4758 2456 4812 Petri
2504 4756 2894 4811 monasterium
2924 4754 3151 4825 sanctus
3168 4755 3449 4810 Amandus
3475 4756 3589 4825 (qui
3618 4754 3778 4807 relicto

2222 4828 2537 4897 episcopatu
2561 4826 2832 4897 Tungensi
2863 4841 2955 4897 seu
2986 4824 3339 4897 Trajectensi,
3359 4824 3661 4897 apostolum
3698 4840 3778 4893 per

2224 4894 2534 4951 Flandriam
2559 4912 2623 4951 ac
2647 4895 2992 4951 Brabantiam
3026 4894 3208 4948 multis
3247 4894 3407 4948 annis
3432 4896 3563 4964 egit)
3591 4904 3775 4964 exstru-

2225 4968 2322 5031 xit,
2352 4968 2581 5021 Bavonis
2610 4965 3117 5036 prtecipueopibus,
3144 4978 3305 5036 quem
3334 4980 3365 5017 a
3396 4962 3635 5019 smcuiari
3662 4962 3777 5016 mili-

2227 5038 2297 5090 tia
2324 5038 2390 5091 ad
2416 5034 2625 5091 sacram
2653 5044 2708 5089 et
2735 5035 3025 5089 asceticam
3053 5034 3309 5087 traduxit.

2298 5107 2352 5159 in
2383 5108 2485 5161 hoc
2524 5105 2854 5160 monasterio
2889 5104 3121 5171 primum
3149 5103 3333 5157 clerici
3378 5104 3540 5158 simul
3564 5106 3620 5159 in
3651 5118 3774 5158 com-

2227 5177 2374 5230 muni
2397 5177 2661 5239 viventes,
2683 5184 2802 5243 post
2825 5174 3071 5226 monachi
3092 5173 3429 5243 Benedictini
3454 5174 3768 5229 resederunt:

2267 5248 2316 5299 ui
2360 5260 2500 5299 anno
2532 5242 2693 5307 1557,
2723 5244 3044 5297 auctoritate
3079 5242 3229 5296 Pauli
3272 5243 3337 5297 Ill
3368 5243 3596 5297 Romani
3622 5248 3770 5312 ponti-

2267 5263 2316 5299 ΠΙ
2360 5262 2500 5299 anno
2532 5262 2690 5307 1001,
2723 5262 3044 5297 RUCIOI'IIIHC
3080 5262 3229 5296 rauu
3272 5262 3337 5297 III
3369 5262 3596 5297 uomam
3622 5262 3768 5312 ροῠιι·

2227 5262 2361 5376 ἓεὶς,
2393 5324 2594 5368 mutata
2635 5322 2808 5376 veSte,
2858 5312 2982 5366 facti
3013 5321 3135 5365 sunt
3166 5313 3449 5377 canonici,
3493 5320 3554 5367 ut
3585 5320 3768 5370 vocant,

2224 5385 2532 5448 saeculares,
2562 5391 2792 5453 petente;
2806 5380 2999 5453 Carolo
3040 5382 3082 5437 γ
3133 5382 3464 5453 imperatore
3504 5383 3770 5453 eodemque

2224 5454 2491 5509 Flandrite
2512 5451 2727 5507 comite.
2753 5451 3008 5521 Triennio
3030 5461 3171 5521 post,
3197 5466 3321 5505 cum
3346 5452 3497 5507 locus
3521 5452 3605 5505 ille
3630 5452 3679 5505 S.
3696 5453 3773 5503 lia-

2225 5525 2399 5595 vonis,
2432 5523 2498 5595 ad
2542 5522 2748 5595 Scaldis
2793 5532 2846 5575 et
2891 5520 3043 5595 Lifze’
3063 5521 3399 5595 confluentes
3439 5523 3591 5595 situs,
3621 5523 3766 5595 eidem

2225 5593 2418 5649 Carolo
2448 5594 2489 5647 V
2532 5593 2807 5645 videretur
2836 5592 2945 5644 arci
2968 5632 2981 5655 ,
3012 5592 3078 5645 ad
3123 5592 3424 5646 custodiam
3452 5592 3618 5655 urbis,
3643 5592 3765 5641 exci-

553 5667 842 5742 ganterhct
875 5674 940 5742 ex
965 5658 1089 5742 .fitle
1134 5658 1435 5742 descripsit.
1483 5659 1710 5742 Ess'tant
1749 5660 1985 5742 ejusdem
2017 5663 2129 5742 φρίσ
2228 5663 2401 5742 tandm
2427 5660 2761 5742 commodus,
2792 5662 3108 5742 translatum
3140 5672 3223 5742 est
3248 5661 3378 5742 inde
3404 5661 3673 5742 collegium
3694 5670 3766 5742 (δέ

554 5724 702 5781 stulte
727 5728 927 5797 aliquot
963 5724 1102 5782 inter
1126 5724 1377 5797 epistolas
1404 5728 1535 5799 Lupi
1579 5724 1944 5786 Ferrariensis
1969 5724 2125 5787 editae

2228 5732 2544 5788 nonicorum
2602 5732 2666 5786 ad
2718 5731 3082 5800 pamchialem
3144 5729 3200 5785 S.
3251 5728 3478 5785 Joannis
3526 5728 3764 5784 basilicam
