  <div class='ocr_page' id='page_1' title='image "/cluster/home/n/w/nwhite01/storage/ocr_20150623/104/uva.x000827061/554.png"; bbox 0 0 3936 6326; ppageno 0'>
   <div class='ocr_carea' id='block_1_1' title="bbox 192 382 341 439">
    <p class='ocr_par' dir='ltr' id='par_1_1' title="bbox 192 382 341 439">
     <span class='ocr_line' id='line_1_1' title="bbox 192 382 341 439; baseline 0.007 -3"><span class='ocrx_word' id='word_1_1' title='bbox 192 382 341 439; x_wconf 72' lang='grc'><strong>1005</strong></span> 
     </span>
    </p>
   </div>
   <div class='ocr_carea' id='block_1_2' title="bbox 1344 386 2335 447">
    <p class='ocr_par' dir='ltr' id='par_1_2' title="bbox 1344 386 2335 447">
     <span class='ocr_line' id='line_1_2' title="bbox 1344 386 2335 447; baseline 0.002 -4"><span class='ocrx_word' id='word_1_2' title='bbox 1344 386 1737 444; x_wconf 69' lang='grc' dir='ltr'><strong>ΒιριοΜΑτΑ</strong></span> <span class='ocrx_word' id='word_1_3' title='bbox 1777 387 2335 447; x_wconf 77' lang='lat' dir='ltr'><strong>ECCLESIASTICA.</strong></span> 
     </span>
    </p>
   </div>
   <div class='ocr_carea' id='block_1_3' title="bbox 3334 396 3475 450">
    <p class='ocr_par' dir='ltr' id='par_1_3' title="bbox 3334 396 3475 450">
     <span class='ocr_line' id='line_1_3' title="bbox 3334 396 3475 450; baseline -0.014 0"><span class='ocrx_word' id='word_1_4' title='bbox 3334 407 3356 450; x_wconf 71' lang='lat' dir='ltr'><strong>I</strong></span> <span class='ocrx_word' id='word_1_5' title='bbox 3369 396 3475 450; x_wconf 67' lang='lat' dir='ltr'><strong>02M</strong></span> 
     </span>
    </p>
   </div>
   <div class='ocr_carea' id='block_1_4' title="bbox 189 494 3471 569">
    <p class='ocr_par' dir='ltr' id='par_1_4' title="bbox 189 494 3471 569">
     <span class='ocr_line' id='line_1_4' title="bbox 189 494 3471 569; baseline 0.005 -21"><span class='ocrx_word' id='word_1_6' title='bbox 189 508 382 550; x_wconf 86' lang='lat' dir='ltr'><strong>remus</strong></span> <span class='ocrx_word' id='word_1_7' title='bbox 411 494 807 561; x_wconf 71' lang='lat' dir='ltr'><strong>auctoritatem.</strong></span> <span class='ocrx_word' id='word_1_8' title='bbox 850 495 1015 568; x_wconf 82' lang='lat' dir='ltr'><strong>Cujus</strong></span> <span class='ocrx_word' id='word_1_9' title='bbox 1049 498 1299 567; x_wconf 81' lang='lat' dir='ltr'><strong>petitioni</strong></span> <span class='ocrx_word' id='word_1_10' title='bbox 1346 498 1577 555; x_wconf 88' lang='lat' dir='ltr'><strong>libenter</strong></span> <span class='ocrx_word' id='word_1_11' title='bbox 1604 514 1786 555; x_wconf 82' lang='lat' dir='ltr'><strong>asseu-</strong></span> <span class='ocrx_word' id='word_1_12' title='bbox 1814 505 1864 563; x_wconf 74' lang='grc' dir='ltr'><strong>Α</strong></span> <span class='ocrx_word' id='word_1_13' title='bbox 1889 500 2015 556; x_wconf 90' lang='lat' dir='ltr'><strong>dum</strong></span> <span class='ocrx_word' id='word_1_14' title='bbox 2054 504 2408 569; x_wconf 90' lang='lat' dir='ltr'><strong>conﬁdimus;</strong></span> <span class='ocrx_word' id='word_1_15' title='bbox 2448 502 2648 560; x_wconf 79' lang='lat' dir='ltr'><strong>idcirco</strong></span> <span class='ocrx_word' id='word_1_16' title='bbox 2685 513 2871 560; x_wconf 89' lang='lat' dir='ltr'><strong>notum</strong></span> <span class='ocrx_word' id='word_1_17' title='bbox 2906 520 3029 563; x_wconf 90' lang='lat' dir='ltr'><strong>esse</strong></span> <span class='ocrx_word' id='word_1_18' title='bbox 3059 507 3305 563; x_wconf 89' lang='lat' dir='ltr'><strong>volumus</strong></span> <span class='ocrx_word' id='word_1_19' title='bbox 3336 524 3471 564; x_wconf 82' lang='lat' dir='ltr'><strong>cun-</strong></span> 
     </span>
    </p>
   </div>
   <div class='ocr_carea' id='block_1_5' title="bbox 188 586 1783 665">
    <p class='ocr_par' dir='ltr' id='par_1_5' title="bbox 188 586 1783 665">
     <span class='ocr_line' id='line_1_5' title="bbox 188 586 1783 665; baseline 0.005 -25"><span class='ocrx_word' id='word_1_20' title='bbox 188 600 315 641; x_wconf 86' lang='lat' dir='ltr'><strong>sum</strong></span> <span class='ocrx_word' id='word_1_21' title='bbox 344 586 690 656; x_wconf 64' lang='lat' dir='ltr'><strong>praebuimus,</strong></span> <span class='ocrx_word' id='word_1_22' title='bbox 714 597 771 642; x_wconf 91' lang='lat' dir='ltr'><strong>et</strong></span> <span class='ocrx_word' id='word_1_23' title='bbox 790 588 931 644; x_wconf 92' lang='lat' dir='ltr'><strong>hanc</strong></span> <span class='ocrx_word' id='word_1_24' title='bbox 958 598 1198 645; x_wconf 89' lang='lat' dir='ltr'><strong>nostram</strong></span> <span class='ocrx_word' id='word_1_25' title='bbox 1228 593 1630 659; x_wconf 81' lang='lat' dir='ltr'><strong>auctoritatem,</strong></span> <span class='ocrx_word' id='word_1_26' title='bbox 1655 609 1783 665; x_wconf 91' lang='lat' dir='ltr'><strong>erga</strong></span> 
     </span>
    </p>
   </div>
   <div class='ocr_carea' id='block_1_6' title="bbox 187 677 1786 751">
    <p class='ocr_par' dir='ltr' id='par_1_6' title="bbox 187 677 1786 751">
     <span class='ocr_line' id='line_1_6' title="bbox 187 677 1786 751; baseline 0.005 -19"><span class='ocrx_word' id='word_1_27' title='bbox 187 677 515 749; x_wconf 68' lang='lat' dir='ltr'><strong>praedictum</strong></span> <span class='ocrx_word' id='word_1_28' title='bbox 539 680 926 734; x_wconf 82' lang='lat' dir='ltr'><strong>monasterium</strong></span> <span class='ocrx_word' id='word_1_29' title='bbox 955 681 1180 751; x_wconf 84' lang='lat' dir='ltr'><strong>ejusque</strong></span> <span class='ocrx_word' id='word_1_30' title='bbox 1224 693 1486 750; x_wconf 89' lang='lat' dir='ltr'><strong>rectores,</strong></span> <span class='ocrx_word' id='word_1_31' title='bbox 1528 685 1786 739; x_wconf 75' lang='lat' dir='ltr'><strong>immuni~</strong></span> 
     </span>
    </p>
   </div>
   <div class='ocr_carea' id='block_1_7' title="bbox 190 765 1783 846">
    <p class='ocr_par' dir='ltr' id='par_1_7' title="bbox 190 765 1783 846">
     <span class='ocr_line' id='line_1_7' title="bbox 190 765 1783 846; baseline 0.007 -27"><span class='ocrx_word' id='word_1_32' title='bbox 190 765 325 823; x_wconf 83' lang='lat' dir='ltr'><strong>tatis</strong></span> <span class='ocrx_word' id='word_1_33' title='bbox 367 773 531 836; x_wconf 92' lang='lat' dir='ltr'><strong>atque</strong></span> <span class='ocrx_word' id='word_1_34' title='bbox 576 767 822 823; x_wconf 87' lang='lat' dir='ltr'><strong>tuitionis</strong></span> <span class='ocrx_word' id='word_1_35' title='bbox 865 769 1041 840; x_wconf 90' lang='lat' dir='ltr'><strong>gratia</strong></span> <span class='ocrx_word' id='word_1_36' title='bbox 1088 770 1207 826; x_wconf 88' lang='lat' dir='ltr'><strong>ﬁeri</strong></span> <span class='ocrx_word' id='word_1_37' title='bbox 1252 773 1591 829; x_wconf 83' lang='lat' dir='ltr'><strong>decrevimus</strong></span> <span class='ocrx_word' id='word_1_38' title='bbox 1627 792 1641 828; x_wconf 90' lang='lat'><strong>:</strong></span> <span class='ocrx_word' id='word_1_39' title='bbox 1685 789 1783 846; x_wconf 89' lang='lat' dir='ltr'><strong>per</strong></span> 
     </span>
    </p>
   </div>
   <div class='ocr_carea' id='block_1_8' title="bbox 189 857 1781 935">
    <p class='ocr_par' dir='ltr' id='par_1_8' title="bbox 189 857 1781 935">
     <span class='ocr_line' id='line_1_8' title="bbox 189 857 1781 935; baseline 0.007 -24"><span class='ocrx_word' id='word_1_40' title='bbox 189 857 339 927; x_wconf 87' lang='lat' dir='ltr'><strong>quod</strong></span> <span class='ocrx_word' id='word_1_41' title='bbox 390 859 736 929; x_wconf 66' lang='lat' dir='ltr'><strong>praecipimus</strong></span> <span class='ocrx_word' id='word_1_42' title='bbox 790 868 954 929; x_wconf 90' lang='lat' dir='ltr'><strong>atque</strong></span> <span class='ocrx_word' id='word_1_43' title='bbox 991 860 1245 930; x_wconf 90' lang='lat' dir='ltr'><strong>iubemus</strong></span> <span class='ocrx_word' id='word_1_44' title='bbox 1294 872 1354 919; x_wconf 92' lang='lat' dir='ltr'><strong>ut</strong></span> <span class='ocrx_word' id='word_1_45' title='bbox 1403 865 1580 921; x_wconf 90' lang='lat' dir='ltr'><strong>nullus</strong></span> <span class='ocrx_word' id='word_1_46' title='bbox 1616 866 1781 935; x_wconf 87' lang='lat' dir='ltr'><strong>iudex</strong></span> 
     </span>
    </p>
   </div>
   <div class='ocr_carea' id='block_1_9' title="bbox 186 948 1779 1027">
    <p class='ocr_par' dir='ltr' id='par_1_9' title="bbox 186 948 1779 1027">
     <span class='ocr_line' id='line_1_9' title="bbox 186 948 1779 1027; baseline 0.006 -24"><span class='ocrx_word' id='word_1_47' title='bbox 186 948 468 1019; x_wconf 85' lang='lat' dir='ltr'><strong>publicus,</strong></span> <span class='ocrx_word' id='word_1_48' title='bbox 514 950 598 1005; x_wconf 91' lang='lat' dir='ltr'><strong>vel</strong></span> <span class='ocrx_word' id='word_1_49' title='bbox 646 950 905 1022; x_wconf 79' lang='lat' dir='ltr'><strong>quislibet</strong></span> <span class='ocrx_word' id='word_1_50' title='bbox 948 967 1016 1007; x_wconf 81' lang='lat' dir='ltr'><strong>ex</strong></span> <span class='ocrx_word' id='word_1_51' title='bbox 1059 952 1347 1021; x_wconf 86' lang='lat' dir='ltr'><strong>iudiciaria</strong></span> <span class='ocrx_word' id='word_1_52' title='bbox 1390 965 1683 1027; x_wconf 86' lang='lat' dir='ltr'><strong>potestate,</strong></span> <span class='ocrx_word' id='word_1_53' title='bbox 1726 960 1779 1013; x_wconf 89' lang='lat' dir='ltr'><strong>in</strong></span> 
     </span>
    </p>
   </div>
   <div class='ocr_carea' id='block_1_10' title="bbox 188 1038 1785 1117">
    <p class='ocr_par' dir='ltr' id='par_1_10' title="bbox 188 1038 1785 1117">
     <span class='ocr_line' id='line_1_10' title="bbox 188 1038 1785 1117; baseline 0.006 -24"><span class='ocrx_word' id='word_1_54' title='bbox 188 1038 471 1104; x_wconf 64' lang='lat' dir='ltr'><strong>ecclesias,</strong></span> <span class='ocrx_word' id='word_1_55' title='bbox 501 1049 595 1095; x_wconf 89' lang='lat' dir='ltr'><strong>aut</strong></span> <span class='ocrx_word' id='word_1_56' title='bbox 622 1040 760 1102; x_wconf 89' lang='lat' dir='ltr'><strong>loca,</strong></span> <span class='ocrx_word' id='word_1_57' title='bbox 787 1040 872 1095; x_wconf 92' lang='lat' dir='ltr'><strong>vel</strong></span> <span class='ocrx_word' id='word_1_58' title='bbox 900 1056 1080 1113; x_wconf 90' lang='lat' dir='ltr'><strong>agros,</strong></span> <span class='ocrx_word' id='word_1_59' title='bbox 1108 1058 1203 1098; x_wconf 93' lang='lat' dir='ltr'><strong>seu</strong></span> <span class='ocrx_word' id='word_1_60' title='bbox 1226 1046 1463 1116; x_wconf 91' lang='lat' dir='ltr'><strong>reliquas</strong></span> <span class='ocrx_word' id='word_1_61' title='bbox 1484 1039 1785 1117; x_wconf 84' lang='lat' dir='ltr'><strong>possessio-</strong></span> 
     </span>
    </p>
   </div>
   <div class='ocr_carea' id='block_1_11' title="bbox 190 1131 1782 1208">
    <p class='ocr_par' dir='ltr' id='par_1_11' title="bbox 190 1131 1782 1208">
     <span class='ocr_line' id='line_1_11' title="bbox 190 1131 1782 1208; baseline 0.006 -23"><span class='ocrx_word' id='word_1_62' title='bbox 190 1146 293 1186; x_wconf 85' lang='lat' dir='ltr'><strong>nes</strong></span> <span class='ocrx_word' id='word_1_63' title='bbox 320 1132 605 1186; x_wconf 86' lang='lat' dir='ltr'><strong>memorati</strong></span> <span class='ocrx_word' id='word_1_64' title='bbox 634 1131 969 1197; x_wconf 80' lang='lat' dir='ltr'><strong>monasterii,</strong></span> <span class='ocrx_word' id='word_1_65' title='bbox 997 1132 1140 1202; x_wconf 82' lang='lat' dir='ltr'><strong>quod</strong></span> <span class='ocrx_word' id='word_1_66' title='bbox 1166 1134 1426 1192; x_wconf 88' lang='lat' dir='ltr'><strong>moderuo</strong></span> <span class='ocrx_word' id='word_1_67' title='bbox 1452 1145 1697 1208; x_wconf 90' lang='lat' dir='ltr'><strong>tempore</strong></span> <span class='ocrx_word' id='word_1_68' title='bbox 1726 1136 1782 1193; x_wconf 84' lang='lat' dir='ltr'><strong>in</strong></span> 
     </span>
    </p>
   </div>
   <div class='ocr_carea' id='block_1_12' title="bbox 189 1220 1780 1293">
    <p class='ocr_par' dir='ltr' id='par_1_12' title="bbox 189 1220 1780 1293">
     <span class='ocr_line' id='line_1_12' title="bbox 189 1220 1780 1293; baseline 0.007 -19"><span class='ocrx_word' id='word_1_69' title='bbox 189 1220 525 1290; x_wconf 82' lang='lat' dir='ltr'><strong>quibuslibet</strong></span> <span class='ocrx_word' id='word_1_70' title='bbox 552 1222 703 1293; x_wconf 80' lang='lat' dir='ltr'><strong>pagis</strong></span> <span class='ocrx_word' id='word_1_71' title='bbox 729 1237 791 1277; x_wconf 90' lang='lat' dir='ltr'><strong>ac</strong></span> <span class='ocrx_word' id='word_1_72' title='bbox 816 1221 1122 1289; x_wconf 89' lang='lat' dir='ltr'><strong>territoriis,</strong></span> <span class='ocrx_word' id='word_1_73' title='bbox 1154 1224 1293 1279; x_wconf 86' lang='lat' dir='ltr'><strong>infra</strong></span> <span class='ocrx_word' id='word_1_74' title='bbox 1321 1226 1578 1282; x_wconf 86' lang='lat' dir='ltr'><strong>ditionem</strong></span> <span class='ocrx_word' id='word_1_75' title='bbox 1604 1230 1780 1285; x_wconf 88' lang='lat' dir='ltr'><strong>nostri</strong></span> 
     </span>
    </p>
   </div>
   <div class='ocr_carea' id='block_1_13' title="bbox 190 1311 1779 1388">
    <p class='ocr_par' dir='ltr' id='par_1_13' title="bbox 190 1311 1779 1388">
     <span class='ocr_line' id='line_1_13' title="bbox 190 1311 1779 1388; baseline 0.006 -22"><span class='ocrx_word' id='word_1_76' title='bbox 190 1312 405 1381; x_wconf 88' lang='lat' dir='ltr'><strong>imperii</strong></span> <span class='ocrx_word' id='word_1_77' title='bbox 430 1311 574 1380; x_wconf 90' lang='lat' dir='ltr'><strong>iuste</strong></span> <span class='ocrx_word' id='word_1_78' title='bbox 603 1328 667 1367; x_wconf 87' lang='lat' dir='ltr'><strong>ac</strong></span> <span class='ocrx_word' id='word_1_79' title='bbox 698 1312 942 1384; x_wconf 83' lang='lat' dir='ltr'><strong>legaliter</strong></span> <span class='ocrx_word' id='word_1_80' title='bbox 966 1313 1227 1382; x_wconf 83' lang='lat' dir='ltr'><strong>possidet,</strong></span> <span class='ocrx_word' id='word_1_81' title='bbox 1258 1315 1340 1371; x_wconf 86' lang='lat' dir='ltr'><strong>vel</strong></span> <span class='ocrx_word' id='word_1_82' title='bbox 1371 1331 1493 1386; x_wconf 55' lang='lat' dir='ltr'><strong>quas</strong></span> <span class='ocrx_word' id='word_1_83' title='bbox 1521 1317 1779 1388; x_wconf 85' lang='lat' dir='ltr'><strong>deinceps</strong></span> 
     </span>
    </p>
   </div>
   <div class='ocr_carea' id='block_1_14' title="bbox 190 1402 1784 1479">
    <p class='ocr_par' dir='ltr' id='par_1_14' title="bbox 190 1402 1784 1479">
     <span class='ocr_line' id='line_1_14' title="bbox 190 1402 1784 1479; baseline 0.003 -20"><span class='ocrx_word' id='word_1_84' title='bbox 190 1405 254 1459; x_wconf 84' lang='lat' dir='ltr'><strong>in</strong></span> <span class='ocrx_word' id='word_1_85' title='bbox 280 1406 451 1476; x_wconf 87' lang='lat' dir='ltr'><strong>ipsius</strong></span> <span class='ocrx_word' id='word_1_86' title='bbox 486 1406 661 1459; x_wconf 87' lang='lat' dir='ltr'><strong>sancti</strong></span> <span class='ocrx_word' id='word_1_87' title='bbox 703 1404 806 1460; x_wconf 90' lang='lat' dir='ltr'><strong>loci</strong></span> <span class='ocrx_word' id='word_1_88' title='bbox 834 1407 1177 1463; x_wconf 91' lang='lat' dir='ltr'><strong>commodum</strong></span> <span class='ocrx_word' id='word_1_89' title='bbox 1205 1402 1643 1463; x_wconf 45' lang='lat' dir='ltr'><strong>voluerit’divina</strong></span> <span class='ocrx_word' id='word_1_90' title='bbox 1670 1409 1784 1479; x_wconf 88' lang='lat' dir='ltr'><strong>pie-</strong></span> 
     </span>
    </p>
   </div>
   <div class='ocr_carea' id='block_1_15' title="bbox 190 1494 1781 1567">
    <p class='ocr_par' dir='ltr' id='par_1_15' title="bbox 190 1494 1781 1567">
     <span class='ocr_line' id='line_1_15' title="bbox 190 1494 1781 1567; baseline 0.001 -18"><span class='ocrx_word' id='word_1_91' title='bbox 190 1504 283 1550; x_wconf 85' lang='lat' dir='ltr'><strong>tas</strong></span> <span class='ocrx_word' id='word_1_92' title='bbox 309 1494 515 1565; x_wconf 89' lang='lat' dir='ltr'><strong>augeri,</strong></span> <span class='ocrx_word' id='word_1_93' title='bbox 541 1494 609 1549; x_wconf 89' lang='lat' dir='ltr'><strong>ad</strong></span> <span class='ocrx_word' id='word_1_94' title='bbox 635 1508 830 1550; x_wconf 87' lang='lat' dir='ltr'><strong>causas</strong></span> <span class='ocrx_word' id='word_1_95' title='bbox 862 1495 1178 1561; x_wconf 90' lang='lat' dir='ltr'><strong>audiendas,</strong></span> <span class='ocrx_word' id='word_1_96' title='bbox 1206 1495 1289 1551; x_wconf 85' lang='lat' dir='ltr'><strong>vel</strong></span> <span class='ocrx_word' id='word_1_97' title='bbox 1313 1494 1465 1551; x_wconf 88' lang='lat' dir='ltr'><strong>freda</strong></span> <span class='ocrx_word' id='word_1_98' title='bbox 1494 1497 1781 1567; x_wconf 83' lang='lat' dir='ltr'><strong>exigenda,</strong></span> 
     </span>
    </p>
   </div>
   <div class='ocr_carea' id='block_1_16' title="bbox 190 1584 1785 1655">
    <p class='ocr_par' dir='ltr' id='par_1_16' title="bbox 190 1584 1785 1655">
     <span class='ocr_line' id='line_1_16' title="bbox 190 1584 1785 1655; baseline 0.001 -14"><span class='ocrx_word' id='word_1_99' title='bbox 190 1595 291 1641; x_wconf 86' lang='lat' dir='ltr'><strong>aut</strong></span> <span class='ocrx_word' id='word_1_100' title='bbox 333 1585 643 1641; x_wconf 85' lang='lat' dir='ltr'><strong>mansiones</strong></span> <span class='ocrx_word' id='word_1_101' title='bbox 690 1584 775 1639; x_wconf 89' lang='lat' dir='ltr'><strong>vel</strong></span> <span class='ocrx_word' id='word_1_102' title='bbox 816 1594 1035 1655; x_wconf 77' lang='lat' dir='ltr'><strong>paratas</strong></span> <span class='ocrx_word' id='word_1_103' title='bbox 1081 1585 1377 1649; x_wconf 90' lang='lat' dir='ltr'><strong>faciendas,</strong></span> <span class='ocrx_word' id='word_1_104' title='bbox 1420 1594 1515 1640; x_wconf 91' lang='lat' dir='ltr'><strong>aut</strong></span> <span class='ocrx_word' id='word_1_105' title='bbox 1568 1584 1785 1655; x_wconf 87' lang='lat' dir='ltr'><strong>ﬁdeius-</strong></span> 
     </span>
    </p>
   </div>
   <div class='ocr_carea' id='block_1_17' title="bbox 190 1675 1782 1745">
    <p class='ocr_par' dir='ltr' id='par_1_17' title="bbox 190 1675 1782 1745">
     <span class='ocr_line' id='line_1_17' title="bbox 190 1675 1782 1745; baseline -0.001 -13"><span class='ocrx_word' id='word_1_106' title='bbox 190 1691 349 1732; x_wconf 88' lang='lat' dir='ltr'><strong>sores</strong></span> <span class='ocrx_word' id='word_1_107' title='bbox 384 1675 668 1741; x_wconf 88' lang='lat' dir='ltr'><strong>tollendos,</strong></span> <span class='ocrx_word' id='word_1_108' title='bbox 708 1683 802 1730; x_wconf 89' lang='lat' dir='ltr'><strong>aut</strong></span> <span class='ocrx_word' id='word_1_109' title='bbox 828 1676 1076 1731; x_wconf 88' lang='lat' dir='ltr'><strong>homines</strong></span> <span class='ocrx_word' id='word_1_110' title='bbox 1101 1676 1269 1745; x_wconf 88' lang='lat' dir='ltr'><strong>ipsius</strong></span> <span class='ocrx_word' id='word_1_111' title='bbox 1297 1676 1632 1743; x_wconf 87' lang='lat' dir='ltr'><strong>monasterii,</strong></span> <span class='ocrx_word' id='word_1_112' title='bbox 1671 1684 1782 1731; x_wconf 89' lang='lat' dir='ltr'><strong>tam</strong></span> 
     </span>
    </p>
   </div>
   <div class='ocr_carea' id='block_1_18' title="bbox 190 1765 1781 1837">
    <p class='ocr_par' dir='ltr' id='par_1_18' title="bbox 190 1765 1781 1837">
     <span class='ocr_line' id='line_1_18' title="bbox 190 1765 1781 1837; baseline 0 -16"><span class='ocrx_word' id='word_1_113' title='bbox 190 1767 456 1837; x_wconf 84' lang='lat' dir='ltr'><strong>ingenuos</strong></span> <span class='ocrx_word' id='word_1_114' title='bbox 490 1780 651 1835; x_wconf 90' lang='lat' dir='ltr'><strong>quam</strong></span> <span class='ocrx_word' id='word_1_115' title='bbox 680 1772 733 1819; x_wconf 89' lang='lat' dir='ltr'><strong>et</strong></span> <span class='ocrx_word' id='word_1_116' title='bbox 758 1780 967 1831; x_wconf 87' lang='lat' dir='ltr'><strong>servos,</strong></span> <span class='ocrx_word' id='word_1_117' title='bbox 993 1780 1154 1835; x_wconf 87' lang='lat' dir='ltr'><strong>super</strong></span> <span class='ocrx_word' id='word_1_118' title='bbox 1186 1774 1388 1819; x_wconf 88' lang='lat' dir='ltr'><strong>terram</strong></span> <span class='ocrx_word' id='word_1_119' title='bbox 1416 1765 1587 1835; x_wconf 90' lang='lat' dir='ltr'><strong>ipsius</strong></span> <span class='ocrx_word' id='word_1_120' title='bbox 1633 1780 1781 1821; x_wconf 89' lang='lat' dir='ltr'><strong>com-</strong></span> 
     </span>
    </p>
   </div>
   <div class='ocr_carea' id='block_1_19' title="bbox 1888 590 3475 666">
    <p class='ocr_par' dir='ltr' id='par_1_19' title="bbox 1888 590 3475 666">
     <span class='ocr_line' id='line_1_19' title="bbox 1888 590 3475 666; baseline 0.004 -21"><span class='ocrx_word' id='word_1_121' title='bbox 1888 590 1991 646; x_wconf 89' lang='lat' dir='ltr'><strong>ctis</strong></span> <span class='ocrx_word' id='word_1_122' title='bbox 2036 591 2286 647; x_wconf 87' lang='lat' dir='ltr'><strong>ﬁdelibus</strong></span> <span class='ocrx_word' id='word_1_123' title='bbox 2319 600 2519 647; x_wconf 69' lang='lat' dir='ltr'><strong>sancta:</strong></span> <span class='ocrx_word' id='word_1_124' title='bbox 2553 593 2648 648; x_wconf 88' lang='lat' dir='ltr'><strong>Dei</strong></span> <span class='ocrx_word' id='word_1_125' title='bbox 2690 594 2965 661; x_wconf 64' lang='lat' dir='ltr'><strong>Ecclesiae,</strong></span> <span class='ocrx_word' id='word_1_126' title='bbox 2998 599 3331 666; x_wconf 87' lang='lat' dir='ltr'><strong>nostrisque,</strong></span> <span class='ocrx_word' id='word_1_127' title='bbox 3363 605 3475 652; x_wconf 91' lang='lat' dir='ltr'><strong>tam</strong></span> 
     </span>
    </p>
   </div>
   <div class='ocr_carea' id='block_1_20' title="bbox 1887 682 3478 757">
    <p class='ocr_par' dir='ltr' id='par_1_20' title="bbox 1887 682 3478 757">
     <span class='ocr_line' id='line_1_20' title="bbox 1887 682 3478 757; baseline 0.004 -19"><span class='ocrx_word' id='word_1_128' title='bbox 1887 684 2247 751; x_wconf 64' lang='lat' dir='ltr'><strong>prazsentibus</strong></span> <span class='ocrx_word' id='word_1_129' title='bbox 2290 698 2452 753; x_wconf 91' lang='lat' dir='ltr'><strong>quam</strong></span> <span class='ocrx_word' id='word_1_130' title='bbox 2483 682 2701 751; x_wconf 89' lang='lat' dir='ltr'><strong>futuris,</strong></span> <span class='ocrx_word' id='word_1_131' title='bbox 2747 687 2872 757; x_wconf 86' lang='lat' dir='ltr'><strong>quia</strong></span> <span class='ocrx_word' id='word_1_132' title='bbox 2904 687 3086 743; x_wconf 90' lang='lat' dir='ltr'><strong>divino</strong></span> <span class='ocrx_word' id='word_1_133' title='bbox 3127 691 3258 744; x_wconf 87' lang='lat' dir='ltr'><strong>tacti</strong></span> <span class='ocrx_word' id='word_1_134' title='bbox 3289 702 3478 745; x_wconf 84' lang='lat' dir='ltr'><strong>amore</strong></span> 
     </span>
    </p>
   </div>
   <div class='ocr_carea' id='block_1_21' title="bbox 1888 760 3476 845">
    <p class='ocr_par' dir='ltr' id='par_1_21' title="bbox 1888 760 3476 845">
     <span class='ocr_line' id='line_1_21' title="bbox 1888 760 3476 845; baseline 0.003 -18"><span class='ocrx_word' id='word_1_135' title='bbox 1888 773 2218 829; x_wconf 87' lang='lat' dir='ltr'><strong>monasterio</strong></span> <span class='ocrx_word' id='word_1_136' title='bbox 2244 760 2517 828; x_wconf 80' lang='lat' dir='ltr'><strong>Buchovia</strong></span> <span class='ocrx_word' id='word_1_137' title='bbox 2548 783 2571 813; x_wconf 78' lang='grc' dir='ltr'><strong><em>ο</em></strong></span> <span class='ocrx_word' id='word_1_138' title='bbox 2605 775 2899 839; x_wconf 90' lang='lat' dir='ltr'><strong>nominato,</strong></span> <span class='ocrx_word' id='word_1_139' title='bbox 2930 777 3070 845; x_wconf 90' lang='lat' dir='ltr'><strong>quod</strong></span> <span class='ocrx_word' id='word_1_140' title='bbox 3102 785 3476 833; x_wconf 89' lang='lat' dir='ltr'><strong>constructum</strong></span> 
     </span>
    </p>
   </div>
   <div class='ocr_carea' id='block_1_22' title="bbox 1885 862 3477 937">
    <p class='ocr_par' dir='ltr' id='par_1_22' title="bbox 1885 862 3477 937">
     <span class='ocr_line' id='line_1_22' title="bbox 1885 862 3477 937; baseline 0.002 -20"><span class='ocrx_word' id='word_1_141' title='bbox 1885 871 1970 917; x_wconf 91' lang='lat' dir='ltr'><strong>est</strong></span> <span class='ocrx_word' id='word_1_142' title='bbox 2008 862 2061 917; x_wconf 92' lang='lat' dir='ltr'><strong>in</strong></span> <span class='ocrx_word' id='word_1_143' title='bbox 2113 862 2323 918; x_wconf 86' lang='lat' dir='ltr'><strong>honore</strong></span> <span class='ocrx_word' id='word_1_144' title='bbox 2371 871 2687 919; x_wconf 89' lang='lat' dir='ltr'><strong>sanctorum</strong></span> <span class='ocrx_word' id='word_1_145' title='bbox 2728 862 2962 918; x_wconf 87' lang='lat' dir='ltr'><strong>Cornelii</strong></span> <span class='ocrx_word' id='word_1_146' title='bbox 3003 874 3059 920; x_wconf 92' lang='lat' dir='ltr'><strong>et</strong></span> <span class='ocrx_word' id='word_1_147' title='bbox 3104 864 3379 937; x_wconf 88' lang='lat' dir='ltr'><strong>Cypriani,</strong></span> <span class='ocrx_word' id='word_1_148' title='bbox 3411 881 3477 921; x_wconf 82' lang='lat' dir='ltr'><strong>ac</strong></span> 
     </span>
    </p>
   </div>
   <div class='ocr_carea' id='block_1_23' title="bbox 1886 949 3473 1024">
    <p class='ocr_par' dir='ltr' id='par_1_23' title="bbox 1886 949 3473 1024">
     <span class='ocr_line' id='line_1_23' title="bbox 1886 949 3473 1024; baseline 0.004 -18"><span class='ocrx_word' id='word_1_149' title='bbox 1886 952 2050 1007; x_wconf 90' lang='lat' dir='ltr'><strong>situm</strong></span> <span class='ocrx_word' id='word_1_150' title='bbox 2092 960 2176 1008; x_wconf 92' lang='lat' dir='ltr'><strong>est</strong></span> <span class='ocrx_word' id='word_1_151' title='bbox 2224 949 2378 1021; x_wconf 79' lang='lat' dir='ltr'><strong>iuxta</strong></span> <span class='ocrx_word' id='word_1_152' title='bbox 2430 955 2606 1008; x_wconf 85' lang='lat' dir='ltr'><strong>lacum</strong></span> <span class='ocrx_word' id='word_1_153' title='bbox 2652 956 2745 1024; x_wconf 91' lang='lat' dir='ltr'><strong>qui</strong></span> <span class='ocrx_word' id='word_1_154' title='bbox 2800 962 3025 1008; x_wconf 86' lang='lat' dir='ltr'><strong>vocatur</strong></span> <span class='ocrx_word' id='word_1_155' title='bbox 3079 955 3384 1011; x_wconf 86' lang='lat' dir='ltr'><strong>Phedersee</strong></span> <span class='ocrx_word' id='word_1_156' title='bbox 3420 956 3473 1023; x_wconf 74' lang='grc' dir='ltr'><strong>ἀ,</strong></span> 
     </span>
    </p>
   </div>
   <div class='ocr_carea' id='block_1_24' title="bbox 1888 1042 3478 1116">
    <p class='ocr_par' dir='ltr' id='par_1_24' title="bbox 1888 1042 3478 1116">
     <span class='ocr_line' id='line_1_24' title="bbox 1888 1042 3478 1116; baseline 0.004 -21"><span class='ocrx_word' id='word_1_157' title='bbox 1888 1043 2181 1112; x_wconf 89' lang='lat' dir='ltr'><strong>quamdam</strong></span> <span class='ocrx_word' id='word_1_158' title='bbox 2208 1042 2392 1097; x_wconf 89' lang='lat' dir='ltr'><strong>villam</strong></span> <span class='ocrx_word' id='word_1_159' title='bbox 2431 1044 2785 1113; x_wconf 89' lang='lat' dir='ltr'><strong>proprietatis</strong></span> <span class='ocrx_word' id='word_1_160' title='bbox 2824 1052 3043 1110; x_wconf 73' lang='lat' dir='ltr'><strong>nostrae,</strong></span> <span class='ocrx_word' id='word_1_161' title='bbox 3072 1046 3232 1099; x_wconf 88' lang='lat' dir='ltr'><strong>sitam</strong></span> <span class='ocrx_word' id='word_1_162' title='bbox 3266 1046 3319 1100; x_wconf 93' lang='lat' dir='ltr'><strong>in</strong></span> <span class='ocrx_word' id='word_1_163' title='bbox 3347 1062 3478 1116; x_wconf 81' lang='lat' dir='ltr'><strong>ceu-</strong></span> 
     </span>
    </p>
   </div>
   <div class='ocr_carea' id='block_1_25' title="bbox 1886 1132 3472 1205">
    <p class='ocr_par' dir='ltr' id='par_1_25' title="bbox 1886 1132 3472 1205">
     <span class='ocr_line' id='line_1_25' title="bbox 1886 1132 3472 1205; baseline 0.001 -18"><span class='ocrx_word' id='word_1_164' title='bbox 1886 1140 2028 1195; x_wconf 89' lang='lat' dir='ltr'><strong>tena,</strong></span> <span class='ocrx_word' id='word_1_165' title='bbox 2059 1132 2276 1203; x_wconf 79' lang='lat' dir='ltr'><strong>extagia</strong></span> <span class='ocrx_word' id='word_1_166' title='bbox 2305 1143 2328 1172; x_wconf 80' lang='grc' dir='ltr'><strong><em>ο</em></strong></span> <span class='ocrx_word' id='word_1_167' title='bbox 2361 1140 2692 1202; x_wconf 88' lang='lat' dir='ltr'><strong>nuncupata,</strong></span> <span class='ocrx_word' id='word_1_168' title='bbox 2718 1148 2838 1202; x_wconf 73' lang='lat' dir='ltr'><strong>qua:</strong></span> <span class='ocrx_word' id='word_1_169' title='bbox 2864 1132 3165 1203; x_wconf 87' lang='lat' dir='ltr'><strong>appellatur</strong></span> <span class='ocrx_word' id='word_1_170' title='bbox 3196 1135 3396 1205; x_wconf 82' lang='lat' dir='ltr'><strong>Sulgon</strong></span> <span class='ocrx_word' id='word_1_171' title='bbox 3427 1136 3472 1201; x_wconf 66' lang='grc' dir='ltr'><strong>τ’,</strong></span> 
     </span>
    </p>
   </div>
   <div class='ocr_carea' id='block_1_26' title="bbox 1889 1224 3473 1294">
    <p class='ocr_par' dir='ltr' id='par_1_26' title="bbox 1889 1224 3473 1294">
     <span class='ocr_line' id='line_1_26' title="bbox 1889 1224 3473 1294; baseline 0.001 -15"><span class='ocrx_word' id='word_1_172' title='bbox 1889 1238 2015 1289; x_wconf 83' lang='lat' dir='ltr'><strong>cum</strong></span> <span class='ocrx_word' id='word_1_173' title='bbox 2044 1225 2292 1280; x_wconf 89' lang='lat' dir='ltr'><strong>terminis</strong></span> <span class='ocrx_word' id='word_1_174' title='bbox 2319 1232 2374 1280; x_wconf 91' lang='lat' dir='ltr'><strong>et</strong></span> <span class='ocrx_word' id='word_1_175' title='bbox 2401 1224 2651 1279; x_wconf 89' lang='lat' dir='ltr'><strong>omnibus</strong></span> <span class='ocrx_word' id='word_1_176' title='bbox 2677 1226 2743 1280; x_wconf 90' lang='lat' dir='ltr'><strong>ad</strong></span> <span class='ocrx_word' id='word_1_177' title='bbox 2772 1240 2831 1280; x_wconf 90' lang='lat' dir='ltr'><strong>se</strong></span> <span class='ocrx_word' id='word_1_178' title='bbox 2874 1225 3288 1294; x_wconf 87' lang='lat' dir='ltr'><strong>pertinentibus,</strong></span> <span class='ocrx_word' id='word_1_179' title='bbox 3319 1226 3473 1282; x_wconf 91' lang='lat' dir='ltr'><strong>vide-</strong></span> 
     </span>
    </p>
   </div>
   <div class='ocr_carea' id='block_1_27' title="bbox 1885 1314 3477 1383">
    <p class='ocr_par' dir='ltr' id='par_1_27' title="bbox 1885 1314 3477 1383">
     <span class='ocr_line' id='line_1_27' title="bbox 1885 1314 3477 1383; baseline 0.001 -14"><span class='ocrx_word' id='word_1_180' title='bbox 1885 1314 2013 1371; x_wconf 89' lang='lat' dir='ltr'><strong>licet</strong></span> <span class='ocrx_word' id='word_1_181' title='bbox 2040 1315 2340 1381; x_wconf 90' lang='lat' dir='ltr'><strong>curtilibus,</strong></span> <span class='ocrx_word' id='word_1_182' title='bbox 2369 1314 2632 1381; x_wconf 62' lang='lat' dir='ltr'><strong>aediﬁciis,</strong></span> <span class='ocrx_word' id='word_1_183' title='bbox 2659 1314 2881 1369; x_wconf 82' lang='lat' dir='ltr'><strong>familiis</strong></span> <span class='ocrx_word' id='word_1_184' title='bbox 2903 1329 2968 1369; x_wconf 86' lang='lat' dir='ltr'><strong>ac</strong></span> <span class='ocrx_word' id='word_1_185' title='bbox 2999 1314 3302 1383; x_wconf 88' lang='lat' dir='ltr'><strong>mancipiis,</strong></span> <span class='ocrx_word' id='word_1_186' title='bbox 3330 1323 3477 1371; x_wconf 91' lang='lat' dir='ltr'><strong>terra</strong></span> 
     </span>
    </p>
   </div>
   <div class='ocr_carea' id='block_1_28' title="bbox 1883 1404 3480 1476">
    <p class='ocr_par' dir='ltr' id='par_1_28' title="bbox 1883 1404 3480 1476">
     <span class='ocr_line' id='line_1_28' title="bbox 1883 1404 3480 1476; baseline -0.001 -17"><span class='ocrx_word' id='word_1_187' title='bbox 1883 1405 2066 1472; x_wconf 89' lang='lat' dir='ltr'><strong>salica,</strong></span> <span class='ocrx_word' id='word_1_188' title='bbox 2097 1405 2255 1461; x_wconf 89' lang='lat' dir='ltr'><strong>cultis</strong></span> <span class='ocrx_word' id='word_1_189' title='bbox 2289 1414 2344 1461; x_wconf 92' lang='lat' dir='ltr'><strong>et</strong></span> <span class='ocrx_word' id='word_1_190' title='bbox 2387 1404 2626 1471; x_wconf 87' lang='lat' dir='ltr'><strong>incultis,</strong></span> <span class='ocrx_word' id='word_1_191' title='bbox 2664 1405 2832 1476; x_wconf 83' lang='lat' dir='ltr'><strong>agris,</strong></span> <span class='ocrx_word' id='word_1_192' title='bbox 2867 1404 3063 1473; x_wconf 85' lang='lat' dir='ltr'><strong>pratis,</strong></span> <span class='ocrx_word' id='word_1_193' title='bbox 3106 1405 3337 1473; x_wconf 90' lang='lat' dir='ltr'><strong>campis,</strong></span> <span class='ocrx_word' id='word_1_194' title='bbox 3384 1419 3480 1473; x_wconf 90' lang='lat' dir='ltr'><strong>pa-</strong></span> 
     </span>
    </p>
   </div>
   <div class='ocr_carea' id='block_1_29' title="bbox 1884 1494 3479 1565">
    <p class='ocr_par' dir='ltr' id='par_1_29' title="bbox 1884 1494 3479 1565">
     <span class='ocr_line' id='line_1_29' title="bbox 1884 1494 3479 1565; baseline -0.002 -15"><span class='ocrx_word' id='word_1_195' title='bbox 1884 1497 2061 1563; x_wconf 87' lang='lat' dir='ltr'><strong>scuis,</strong></span> <span class='ocrx_word' id='word_1_196' title='bbox 2116 1495 2587 1562; x_wconf 17' lang='lat' dir='ltr'><strong>silvis,rdec”tmis,</strong></span> <span class='ocrx_word' id='word_1_197' title='bbox 2630 1496 2787 1565; x_wconf 88' lang='lat' dir='ltr'><strong>aquis</strong></span> <span class='ocrx_word' id='word_1_198' title='bbox 2837 1509 3169 1563; x_wconf 84' lang='lat' dir='ltr'><strong>aquarumve</strong></span> <span class='ocrx_word' id='word_1_199' title='bbox 3210 1494 3479 1549; x_wconf 87' lang='lat' dir='ltr'><strong>.decursi-</strong></span> 
     </span>
    </p>
   </div>
   <div class='ocr_carea' id='block_1_30' title="bbox 1883 1584 3480 1656">
    <p class='ocr_par' dir='ltr' id='par_1_30' title="bbox 1883 1584 3480 1656">
     <span class='ocr_line' id='line_1_30' title="bbox 1883 1584 3480 1656; baseline 0 -17"><span class='ocrx_word' id='word_1_200' title='bbox 1883 1584 2001 1650; x_wconf 89' lang='lat' dir='ltr'><strong>bus,</strong></span> <span class='ocrx_word' id='word_1_201' title='bbox 2048 1586 2391 1652; x_wconf 89' lang='lat' dir='ltr'><strong>molendinis,</strong></span> <span class='ocrx_word' id='word_1_202' title='bbox 2422 1586 2844 1655; x_wconf 86' lang='lat' dir='ltr'><strong>piscationibus,</strong></span> <span class='ocrx_word' id='word_1_203' title='bbox 2890 1586 2994 1656; x_wconf 78' lang='lat' dir='ltr'><strong>viis</strong></span> <span class='ocrx_word' id='word_1_204' title='bbox 3036 1594 3093 1641; x_wconf 91' lang='lat' dir='ltr'><strong>et</strong></span> <span class='ocrx_word' id='word_1_205' title='bbox 3136 1586 3319 1649; x_wconf 86' lang='lat' dir='ltr'><strong>inviis,</strong></span> <span class='ocrx_word' id='word_1_206' title='bbox 3361 1586 3480 1640; x_wconf 78' lang='lat' dir='ltr'><strong>exi-</strong></span> 
     </span>
    </p>
   </div>
   <div class='ocr_carea' id='block_1_31' title="bbox 1883 1675 3479 1748">
    <p class='ocr_par' dir='ltr' id='par_1_31' title="bbox 1883 1675 3479 1748">
     <span class='ocr_line' id='line_1_31' title="bbox 1883 1675 3479 1748; baseline -0.001 -17"><span class='ocrx_word' id='word_1_207' title='bbox 1883 1677 2027 1731; x_wconf 90' lang='lat' dir='ltr'><strong>tibus</strong></span> <span class='ocrx_word' id='word_1_208' title='bbox 2061 1686 2116 1732; x_wconf 92' lang='lat' dir='ltr'><strong>et</strong></span> <span class='ocrx_word' id='word_1_209' title='bbox 2155 1677 2515 1748; x_wconf 86' lang='lat' dir='ltr'><strong>regressibus,</strong></span> <span class='ocrx_word' id='word_1_210' title='bbox 2554 1677 2914 1745; x_wconf 89' lang='lat' dir='ltr'><strong>omnibusque</strong></span> <span class='ocrx_word' id='word_1_211' title='bbox 2941 1677 3104 1731; x_wconf 88' lang='lat' dir='ltr'><strong>rebus</strong></span> <span class='ocrx_word' id='word_1_212' title='bbox 3146 1675 3379 1747; x_wconf 81' lang='lat' dir='ltr'><strong>magnis,</strong></span> <span class='ocrx_word' id='word_1_213' title='bbox 3422 1686 3479 1730; x_wconf 90' lang='lat' dir='ltr'><strong>et</strong></span> 
     </span>
    </p>
   </div>
   <div class='ocr_carea' id='block_1_32' title="bbox 1884 1767 3479 1840">
    <p class='ocr_par' dir='ltr' id='par_1_32' title="bbox 1884 1767 3479 1840">
     <span class='ocr_line' id='line_1_32' title="bbox 1884 1767 3479 1840; baseline 0 -18"><span class='ocrx_word' id='word_1_214' title='bbox 1884 1768 2067 1837; x_wconf 87' lang='lat' dir='ltr'><strong>parvis</strong></span> <span class='ocrx_word' id='word_1_215' title='bbox 2094 1768 2162 1823; x_wconf 89' lang='lat' dir='ltr'><strong>ad</strong></span> <span class='ocrx_word' id='word_1_216' title='bbox 2198 1767 2418 1823; x_wconf 88' lang='lat' dir='ltr'><strong>easdem</strong></span> <span class='ocrx_word' id='word_1_217' title='bbox 2452 1783 2542 1824; x_wconf 90' lang='lat' dir='ltr'><strong>res</strong></span> <span class='ocrx_word' id='word_1_218' title='bbox 2578 1767 2725 1838; x_wconf 87' lang='lat' dir='ltr'><strong>iuste</strong></span> <span class='ocrx_word' id='word_1_219' title='bbox 2770 1767 3119 1838; x_wconf 86' lang='lat' dir='ltr'><strong>legitimeque</strong></span> <span class='ocrx_word' id='word_1_220' title='bbox 3152 1768 3479 1840; x_wconf 79' lang='lat' dir='ltr'><strong>pertinenti-</strong></span> 
     </span>
    </p>
   </div>
   <div class='ocr_carea' id='block_1_33' title="bbox 189 1852 3479 1931">
    <p class='ocr_par' dir='ltr' id='par_1_33' title="bbox 189 1852 3479 1931">
     <span class='ocr_line' id='line_1_33' title="bbox 189 1852 3479 1931; baseline 0.001 -20"><span class='ocrx_word' id='word_1_221' title='bbox 189 1864 496 1920; x_wconf 86' lang='lat' dir='ltr'><strong>manentes,</strong></span> <span class='ocrx_word' id='word_1_222' title='bbox 521 1854 943 1925; x_wconf 89' lang='lat' dir='ltr'><strong>distringendos,</strong></span> <span class='ocrx_word' id='word_1_223' title='bbox 971 1870 1072 1909; x_wconf 88' lang='lat' dir='ltr'><strong>nec</strong></span> <span class='ocrx_word' id='word_1_224' title='bbox 1100 1854 1237 1909; x_wconf 92' lang='lat' dir='ltr'><strong>ullas</strong></span> <span class='ocrx_word' id='word_1_225' title='bbox 1259 1854 1655 1911; x_wconf 89' lang='lat' dir='ltr'><strong>redhibitiones</strong></span> <span class='ocrx_word' id='word_1_226' title='bbox 1687 1864 1783 1910; x_wconf 80' lang='lat' dir='ltr'><strong>adt</strong></span> <span class='ocrx_word' id='word_1_227' title='bbox 1809 1861 1856 1920; x_wconf 90' lang='lat' dir='ltr'><strong>B</strong></span> <span class='ocrx_word' id='word_1_228' title='bbox 1886 1859 2006 1925; x_wconf 91' lang='lat' dir='ltr'><strong>bus,</strong></span> <span class='ocrx_word' id='word_1_229' title='bbox 2031 1860 2361 1915; x_wconf 77' lang='lat' dir='ltr'><strong>:eternaliter</strong></span> <span class='ocrx_word' id='word_1_230' title='bbox 2385 1861 2438 1915; x_wconf 90' lang='lat' dir='ltr'><strong>in</strong></span> <span class='ocrx_word' id='word_1_231' title='bbox 2468 1852 2746 1931; x_wconf 89' lang='lat' dir='ltr'><strong>proprium</strong></span> <span class='ocrx_word' id='word_1_232' title='bbox 2772 1860 3068 1925; x_wconf 89' lang='lat' dir='ltr'><strong>donamus;</strong></span> <span class='ocrx_word' id='word_1_233' title='bbox 3097 1860 3479 1914; x_wconf 85' lang='lat' dir='ltr'><strong>constituimus</strong></span> 
     </span>
    </p>
   </div>
   <div class='ocr_carea' id='block_1_34' title="bbox 189 1944 1784 2016">
    <p class='ocr_par' dir='ltr' id='par_1_34' title="bbox 189 1944 1784 2016">
     <span class='ocr_line' id='line_1_34' title="bbox 189 1944 1784 2016; baseline -0.001 -13"><span class='ocrx_word' id='word_1_234' title='bbox 189 1948 409 2003; x_wconf 86' lang='lat' dir='ltr'><strong>illicitas</strong></span> <span class='ocrx_word' id='word_1_235' title='bbox 454 1946 766 2003; x_wconf 86' lang='lat' dir='ltr'><strong>occasiones</strong></span> <span class='ocrx_word' id='word_1_236' title='bbox 806 1944 1191 2016; x_wconf 76' lang='lat' dir='ltr'><strong>requirendus,</strong></span> <span class='ocrx_word' id='word_1_237' title='bbox 1244 1945 1445 1999; x_wconf 90' lang='lat' dir='ltr'><strong>nostris</strong></span> <span class='ocrx_word' id='word_1_238' title='bbox 1486 1953 1543 2000; x_wconf 90' lang='lat' dir='ltr'><strong>et</strong></span> <span class='ocrx_word' id='word_1_239' title='bbox 1585 1944 1784 2001; x_wconf 87' lang='lat' dir='ltr'><strong>futuris</strong></span> 
     </span>
    </p>
   </div>
   <div class='ocr_carea' id='block_1_35' title="bbox 187 2037 1784 2109">
    <p class='ocr_par' dir='ltr' id='par_1_35' title="bbox 187 2037 1784 2109">
     <span class='ocr_line' id='line_1_35' title="bbox 187 2037 1784 2109; baseline -0.001 -15"><span class='ocrx_word' id='word_1_240' title='bbox 187 2039 525 2109; x_wconf 83' lang='lat' dir='ltr'><strong>temporibus</strong></span> <span class='ocrx_word' id='word_1_241' title='bbox 553 2037 757 2108; x_wconf 85' lang='lat' dir='ltr'><strong>ingredi</strong></span> <span class='ocrx_word' id='word_1_242' title='bbox 787 2038 1006 2101; x_wconf 86' lang='lat' dir='ltr'><strong>audeat,</strong></span> <span class='ocrx_word' id='word_1_243' title='bbox 1032 2037 1116 2091; x_wconf 92' lang='lat' dir='ltr'><strong>vel</strong></span> <span class='ocrx_word' id='word_1_244' title='bbox 1141 2052 1206 2092; x_wconf 90' lang='lat' dir='ltr'><strong>ea</strong></span> <span class='ocrx_word' id='word_1_245' title='bbox 1236 2052 1356 2107; x_wconf 68' lang='lat' dir='ltr'><strong>quae</strong></span> <span class='ocrx_word' id='word_1_246' title='bbox 1382 2051 1546 2107; x_wconf 88' lang='lat' dir='ltr'><strong>supra</strong></span> <span class='ocrx_word' id='word_1_247' title='bbox 1574 2052 1784 2093; x_wconf 86' lang='lat' dir='ltr'><strong>memo-</strong></span> 
     </span>
    </p>
   </div>
   <div class='ocr_carea' id='block_1_36' title="bbox 190 2130 1145 2200">
    <p class='ocr_par' dir='ltr' id='par_1_36' title="bbox 190 2130 1145 2200">
     <span class='ocr_line' id='line_1_36' title="bbox 190 2130 1145 2200; baseline -0.002 -16"><span class='ocrx_word' id='word_1_248' title='bbox 190 2137 311 2184; x_wconf 89' lang='lat' dir='ltr'><strong>rata</strong></span> <span class='ocrx_word' id='word_1_249' title='bbox 338 2138 463 2185; x_wconf 87' lang='lat' dir='ltr'><strong>sunt</strong></span> <span class='ocrx_word' id='word_1_250' title='bbox 492 2130 709 2200; x_wconf 80' lang='lat' dir='ltr'><strong>exigere</strong></span> <span class='ocrx_word' id='word_1_251' title='bbox 730 2137 1047 2198; x_wconf 61' lang='lat' dir='ltr'><strong>praisumat.</strong></span> <span class='ocrx_word' id='word_1_252' title='bbox 1134 2142 1145 2159; x_wconf 87' lang='grc'><strong>·</strong></span> 
     </span>
    </p>
   </div>
   <div class='ocr_carea' id='block_1_37' title="bbox 266 2218 1786 2289">
    <p class='ocr_par' dir='ltr' id='par_1_37' title="bbox 266 2218 1786 2289">
     <span class='ocr_line' id='line_1_37' title="bbox 266 2218 1786 2289; baseline 0 -15"><span class='ocrx_word' id='word_1_253' title='bbox 266 2220 375 2275; x_wconf 87' lang='lat' dir='ltr'><strong>Sed</strong></span> <span class='ocrx_word' id='word_1_254' title='bbox 406 2221 565 2274; x_wconf 86' lang='lat' dir='ltr'><strong>liceat</strong></span> <span class='ocrx_word' id='word_1_255' title='bbox 594 2227 894 2273; x_wconf 91' lang='lat' dir='ltr'><strong>memorato</strong></span> <span class='ocrx_word' id='word_1_256' title='bbox 920 2218 1100 2273; x_wconf 86' lang='lat' dir='ltr'><strong>abbati</strong></span> <span class='ocrx_word' id='word_1_257' title='bbox 1126 2218 1351 2289; x_wconf 87' lang='lat' dir='ltr'><strong>suisque</strong></span> <span class='ocrx_word' id='word_1_258' title='bbox 1379 2218 1786 2274; x_wconf 89' lang='lat' dir='ltr'><strong>successoribus</strong></span> 
     </span>
    </p>
   </div>
   <div class='ocr_carea' id='block_1_38' title="bbox 190 2308 1786 2380">
    <p class='ocr_par' dir='ltr' id='par_1_38' title="bbox 190 2308 1786 2380">
     <span class='ocr_line' id='line_1_38' title="bbox 190 2308 1786 2380; baseline -0.001 -16"><span class='ocrx_word' id='word_1_259' title='bbox 190 2325 282 2365; x_wconf 88' lang='lat' dir='ltr'><strong>res</strong></span> <span class='ocrx_word' id='word_1_260' title='bbox 309 2309 552 2380; x_wconf 74' lang='lat' dir='ltr'><strong>prmdicti</strong></span> <span class='ocrx_word' id='word_1_261' title='bbox 593 2308 1079 2374; x_wconf 86' lang='lat' dir='ltr'><strong>monasterii,tum</strong></span> <span class='ocrx_word' id='word_1_262' title='bbox 1115 2323 1304 2363; x_wconf 90' lang='lat' dir='ltr'><strong>omnes</strong></span> <span class='ocrx_word' id='word_1_263' title='bbox 1337 2308 1519 2364; x_wconf 90' lang='lat' dir='ltr'><strong>fredos</strong></span> <span class='ocrx_word' id='word_1_264' title='bbox 1562 2323 1786 2364; x_wconf 82' lang='lat' dir='ltr'><strong>conces-</strong></span> 
     </span>
    </p>
   </div>
   <div class='ocr_carea' id='block_1_39' title="bbox 190 2397 1784 2469">
    <p class='ocr_par' dir='ltr' id='par_1_39' title="bbox 190 2397 1784 2469">
     <span class='ocr_line' id='line_1_39' title="bbox 190 2397 1784 2469; baseline -0.002 -15"><span class='ocrx_word' id='word_1_265' title='bbox 190 2414 304 2465; x_wconf 87' lang='lat' dir='ltr'><strong>sos,</strong></span> <span class='ocrx_word' id='word_1_266' title='bbox 343 2399 483 2454; x_wconf 89' lang='lat' dir='ltr'><strong>sicut</strong></span> <span class='ocrx_word' id='word_1_267' title='bbox 532 2400 587 2453; x_wconf 91' lang='lat' dir='ltr'><strong>in</strong></span> <span class='ocrx_word' id='word_1_268' title='bbox 635 2407 906 2468; x_wconf 59' lang='lat' dir='ltr'><strong>praecepto</strong></span> <span class='ocrx_word' id='word_1_269' title='bbox 939 2398 1143 2453; x_wconf 91' lang='lat' dir='ltr'><strong>domini</strong></span> <span class='ocrx_word' id='word_1_270' title='bbox 1191 2406 1249 2454; x_wconf 90' lang='lat' dir='ltr'><strong>et</strong></span> <span class='ocrx_word' id='word_1_271' title='bbox 1291 2398 1553 2469; x_wconf 90' lang='lat' dir='ltr'><strong>genitoris</strong></span> <span class='ocrx_word' id='word_1_272' title='bbox 1606 2397 1784 2453; x_wconf 89' lang='lat' dir='ltr'><strong>nostri</strong></span> 
     </span>
    </p>
   </div>
   <div class='ocr_carea' id='block_1_40' title="bbox 191 2486 1783 2557">
    <p class='ocr_par' dir='ltr' id='par_1_40' title="bbox 191 2486 1783 2557">
     <span class='ocr_line' id='line_1_40' title="bbox 191 2486 1783 2557; baseline 0.001 -15"><span class='ocrx_word' id='word_1_273' title='bbox 191 2489 523 2555; x_wconf 88' lang='lat' dir='ltr'><strong>continetur,</strong></span> <span class='ocrx_word' id='word_1_274' title='bbox 545 2488 646 2543; x_wconf 85' lang='lat' dir='ltr'><strong>sub</strong></span> <span class='ocrx_word' id='word_1_275' title='bbox 670 2487 1025 2542; x_wconf 88' lang='lat' dir='ltr'><strong>immunitatis</strong></span> <span class='ocrx_word' id='word_1_276' title='bbox 1046 2495 1244 2542; x_wconf 66' lang='lat' dir='ltr'><strong>nostra:</strong></span> <span class='ocrx_word' id='word_1_277' title='bbox 1267 2486 1578 2542; x_wconf 84' lang='lat' dir='ltr'><strong>defensione</strong></span> <span class='ocrx_word' id='word_1_278' title='bbox 1597 2488 1783 2557; x_wconf 91' lang='lat' dir='ltr'><strong>quieto</strong></span> 
     </span>
    </p>
   </div>
   <div class='ocr_carea' id='block_1_41' title="bbox 189 2575 1781 2647">
    <p class='ocr_par' dir='ltr' id='par_1_41' title="bbox 189 2575 1781 2647">
     <span class='ocr_line' id='line_1_41' title="bbox 189 2575 1781 2647; baseline -0.002 -14"><span class='ocrx_word' id='word_1_279' title='bbox 189 2578 386 2634; x_wconf 83' lang='lat' dir='ltr'><strong>ordine</strong></span> <span class='ocrx_word' id='word_1_280' title='bbox 418 2577 717 2647; x_wconf 86' lang='lat' dir='ltr'><strong>possidere,</strong></span> <span class='ocrx_word' id='word_1_281' title='bbox 748 2584 803 2629; x_wconf 91' lang='lat' dir='ltr'><strong>et</strong></span> <span class='ocrx_word' id='word_1_282' title='bbox 835 2583 1023 2631; x_wconf 89' lang='lat' dir='ltr'><strong>nostro</strong></span> <span class='ocrx_word' id='word_1_283' title='bbox 1053 2575 1288 2631; x_wconf 87' lang='lat' dir='ltr'><strong>ﬁdeliter</strong></span> <span class='ocrx_word' id='word_1_284' title='bbox 1310 2590 1505 2645; x_wconf 88' lang='lat' dir='ltr'><strong>parere</strong></span> <span class='ocrx_word' id='word_1_285' title='bbox 1532 2576 1781 2644; x_wconf 90' lang='lat' dir='ltr'><strong>imperio,</strong></span> 
     </span>
    </p>
   </div>
   <div class='ocr_carea' id='block_1_42' title="bbox 188 2665 1784 2738">
    <p class='ocr_par' dir='ltr' id='par_1_42' title="bbox 188 2665 1784 2738">
     <span class='ocr_line' id='line_1_42' title="bbox 188 2665 1784 2738; baseline 0 -18"><span class='ocrx_word' id='word_1_286' title='bbox 188 2675 466 2738; x_wconf 85' lang='lat' dir='ltr'><strong>quatenus</strong></span> <span class='ocrx_word' id='word_1_287' title='bbox 503 2667 648 2737; x_wconf 88' lang='lat' dir='ltr'><strong>ipsos</strong></span> <span class='ocrx_word' id='word_1_288' title='bbox 691 2680 877 2721; x_wconf 90' lang='lat' dir='ltr'><strong>servos</strong></span> <span class='ocrx_word' id='word_1_289' title='bbox 914 2665 1032 2731; x_wconf 90' lang='lat' dir='ltr'><strong>Dei,</strong></span> <span class='ocrx_word' id='word_1_290' title='bbox 1060 2665 1153 2735; x_wconf 89' lang='lat' dir='ltr'><strong>qui</strong></span> <span class='ocrx_word' id='word_1_291' title='bbox 1205 2666 1402 2720; x_wconf 90' lang='lat' dir='ltr'><strong>ibidem</strong></span> <span class='ocrx_word' id='word_1_292' title='bbox 1452 2666 1565 2721; x_wconf 83' lang='lat' dir='ltr'><strong>Deo</strong></span> <span class='ocrx_word' id='word_1_293' title='bbox 1609 2665 1784 2720; x_wconf 85' lang='lat' dir='ltr'><strong>famu-</strong></span> 
     </span>
    </p>
   </div>
   <div class='ocr_carea' id='block_1_43' title="bbox 190 2756 1785 2829">
    <p class='ocr_par' dir='ltr' id='par_1_43' title="bbox 190 2756 1785 2829">
     <span class='ocr_line' id='line_1_43' title="bbox 190 2756 1785 2829; baseline 0.001 -16"><span class='ocrx_word' id='word_1_294' title='bbox 190 2760 396 2825; x_wconf 88' lang='lat' dir='ltr'><strong>lantur,</strong></span> <span class='ocrx_word' id='word_1_295' title='bbox 421 2774 521 2829; x_wconf 93' lang='lat' dir='ltr'><strong>pro</strong></span> <span class='ocrx_word' id='word_1_296' title='bbox 543 2759 699 2814; x_wconf 90' lang='lat' dir='ltr'><strong>nobis</strong></span> <span class='ocrx_word' id='word_1_297' title='bbox 721 2766 777 2813; x_wconf 92' lang='lat' dir='ltr'><strong>et</strong></span> <span class='ocrx_word' id='word_1_298' title='bbox 804 2756 1049 2829; x_wconf 88' lang='lat' dir='ltr'><strong>coniuge,</strong></span> <span class='ocrx_word' id='word_1_299' title='bbox 1082 2757 1340 2827; x_wconf 89' lang='lat' dir='ltr'><strong>proleque</strong></span> <span class='ocrx_word' id='word_1_300' title='bbox 1384 2768 1593 2824; x_wconf 91' lang='lat' dir='ltr'><strong>nostra,</strong></span> <span class='ocrx_word' id='word_1_301' title='bbox 1619 2766 1785 2827; x_wconf 90' lang='lat' dir='ltr'><strong>atque</strong></span> 
     </span>
    </p>
   </div>
   <div class='ocr_carea' id='block_1_44' title="bbox 189 2847 1784 2919">
    <p class='ocr_par' dir='ltr' id='par_1_44' title="bbox 189 2847 1784 2919">
     <span class='ocr_line' id='line_1_44' title="bbox 189 2847 1784 2919; baseline -0.002 -14"><span class='ocrx_word' id='word_1_302' title='bbox 189 2849 491 2905; x_wconf 85' lang='lat' dir='ltr'><strong>stabilitate</strong></span> <span class='ocrx_word' id='word_1_303' title='bbox 521 2850 685 2904; x_wconf 90' lang='lat' dir='ltr'><strong>totius</strong></span> <span class='ocrx_word' id='word_1_304' title='bbox 705 2848 919 2919; x_wconf 88' lang='lat' dir='ltr'><strong>imperii</strong></span> <span class='ocrx_word' id='word_1_305' title='bbox 946 2848 1137 2913; x_wconf 89' lang='lat' dir='ltr'><strong>nostri,</strong></span> <span class='ocrx_word' id='word_1_306' title='bbox 1163 2863 1195 2902; x_wconf 93' lang='lat' dir='ltr'><strong>a</strong></span> <span class='ocrx_word' id='word_1_307' title='bbox 1222 2847 1332 2903; x_wconf 93' lang='lat' dir='ltr'><strong>Deo</strong></span> <span class='ocrx_word' id='word_1_308' title='bbox 1362 2848 1517 2903; x_wconf 91' lang='lat' dir='ltr'><strong>nobis</strong></span> <span class='ocrx_word' id='word_1_309' title='bbox 1537 2848 1784 2902; x_wconf 88' lang='lat' dir='ltr'><strong>concessi</strong></span> 
     </span>
    </p>
   </div>
   <div class='ocr_carea' id='block_1_45' title="bbox 190 2940 1783 3013">
    <p class='ocr_par' dir='ltr' id='par_1_45' title="bbox 190 2940 1783 3013">
     <span class='ocr_line' id='line_1_45' title="bbox 190 2940 1783 3013; baseline -0.001 -17"><span class='ocrx_word' id='word_1_310' title='bbox 190 2952 359 3012; x_wconf 85' lang='lat' dir='ltr'><strong>atque</strong></span> <span class='ocrx_word' id='word_1_311' title='bbox 412 2943 800 3007; x_wconf 86' lang='lat' dir='ltr'><strong>conservandi,</strong></span> <span class='ocrx_word' id='word_1_312' title='bbox 839 2941 1039 3013; x_wconf 90' lang='lat' dir='ltr'><strong>iugiter</strong></span> <span class='ocrx_word' id='word_1_313' title='bbox 1083 2940 1295 2996; x_wconf 91' lang='lat' dir='ltr'><strong>Domini</strong></span> <span class='ocrx_word' id='word_1_314' title='bbox 1352 2940 1783 2998; x_wconf 74' lang='lat' dir='ltr'><strong>miscricordiam</strong></span> 
     </span>
    </p>
   </div>
   <div class='ocr_carea' id='block_1_46' title="bbox 189 3034 704 3090">
    <p class='ocr_par' dir='ltr' id='par_1_46' title="bbox 189 3034 704 3090">
     <span class='ocr_line' id='line_1_46' title="bbox 189 3034 704 3090; baseline -0.002 0"><span class='ocrx_word' id='word_1_315' title='bbox 189 3050 424 3090; x_wconf 80' lang='lat' dir='ltr'><strong>exorare</strong></span> <span class='ocrx_word' id='word_1_316' title='bbox 455 3034 704 3090; x_wconf 86' lang='lat' dir='ltr'><strong>delectet.</strong></span> 
     </span>
    </p>
   </div>
   <div class='ocr_carea' id='block_1_47' title="bbox 265 3118 1783 3197">
    <p class='ocr_par' dir='ltr' id='par_1_47' title="bbox 265 3118 1783 3197">
     <span class='ocr_line' id='line_1_47' title="bbox 265 3118 1783 3197; baseline -0.002 -17"><span class='ocrx_word' id='word_1_317' title='bbox 265 3125 419 3182; x_wconf 83' lang='lat' dir='ltr'><strong>Hanc</strong></span> <span class='ocrx_word' id='word_1_318' title='bbox 462 3127 647 3197; x_wconf 87' lang='lat' dir='ltr'><strong>itaque</strong></span> <span class='ocrx_word' id='word_1_319' title='bbox 688 3126 1097 3191; x_wconf 91' lang='lat' dir='ltr'><strong>auctoritatem,</strong></span> <span class='ocrx_word' id='word_1_320' title='bbox 1146 3132 1208 3180; x_wconf 90' lang='lat' dir='ltr'><strong>ut</strong></span> <span class='ocrx_word' id='word_1_321' title='bbox 1238 3124 1535 3193; x_wconf 88' lang='lat' dir='ltr'><strong>pleniorem</strong></span> <span class='ocrx_word' id='word_1_322' title='bbox 1583 3123 1636 3178; x_wconf 90' lang='lat' dir='ltr'><strong>in</strong></span> <span class='ocrx_word' id='word_1_323' title='bbox 1688 3118 1783 3177; x_wconf 87' lang='lat' dir='ltr'><strong>Dei</strong></span> 
     </span>
    </p>
   </div>
   <div class='ocr_carea' id='block_1_48' title="bbox 1884 1944 3472 2021">
    <p class='ocr_par' dir='ltr' id='par_1_48' title="bbox 1884 1944 3472 2021">
     <span class='ocr_line' id='line_1_48' title="bbox 1884 1944 3472 2021; baseline -0.002 -17"><span class='ocrx_word' id='word_1_324' title='bbox 1884 1964 2099 2021; x_wconf 91' lang='lat' dir='ltr'><strong>quoque</strong></span> <span class='ocrx_word' id='word_1_325' title='bbox 2125 1944 2178 2005; x_wconf 90' lang='lat' dir='ltr'><strong>et</strong></span> <span class='ocrx_word' id='word_1_326' title='bbox 2207 1944 2591 2006; x_wconf 77' lang='lat' dir='ltr'><strong>Conﬁrmamus</strong></span> <span class='ocrx_word' id='word_1_327' title='bbox 2616 1964 2716 2018; x_wconf 91' lang='lat' dir='ltr'><strong>per</strong></span> <span class='ocrx_word' id='word_1_328' title='bbox 2750 1958 2951 2005; x_wconf 65' lang='lat' dir='ltr'><strong>nostra:</strong></span> <span class='ocrx_word' id='word_1_329' title='bbox 2978 1949 3321 2004; x_wconf 86' lang='lat' dir='ltr'><strong>auctoritatis</strong></span> <span class='ocrx_word' id='word_1_330' title='bbox 3348 1964 3472 2002; x_wconf 82' lang='lat' dir='ltr'><strong>mu—</strong></span> 
     </span>
    </p>
   </div>
   <div class='ocr_carea' id='block_1_49' title="bbox 1883 2038 3476 2110">
    <p class='ocr_par' dir='ltr' id='par_1_49' title="bbox 1883 2038 3476 2110">
     <span class='ocr_line' id='line_1_49' title="bbox 1883 2038 3476 2110; baseline -0.001 -15"><span class='ocrx_word' id='word_1_331' title='bbox 1883 2041 2144 2096; x_wconf 86' lang='lat' dir='ltr'><strong>nitionem</strong></span> <span class='ocrx_word' id='word_1_332' title='bbox 2168 2050 2229 2095; x_wconf 90' lang='lat' dir='ltr'><strong>ut</strong></span> <span class='ocrx_word' id='word_1_333' title='bbox 2256 2040 2435 2095; x_wconf 89' lang='lat' dir='ltr'><strong>nullus</strong></span> <span class='ocrx_word' id='word_1_334' title='bbox 2458 2040 2705 2110; x_wconf 87' lang='lat' dir='ltr'><strong>publicus</strong></span> <span class='ocrx_word' id='word_1_335' title='bbox 2724 2038 2890 2108; x_wconf 76' lang='lat' dir='ltr'><strong>iudex</strong></span> <span class='ocrx_word' id='word_1_336' title='bbox 2936 2052 3112 2109; x_wconf 88' lang='lat' dir='ltr'><strong>neque</strong></span> <span class='ocrx_word' id='word_1_337' title='bbox 3140 2038 3270 2104; x_wconf 79' lang='lat' dir='ltr'><strong>dux,</strong></span> <span class='ocrx_word' id='word_1_338' title='bbox 3299 2053 3476 2107; x_wconf 91' lang='lat' dir='ltr'><strong>neque</strong></span> 
     </span>
    </p>
   </div>
   <div class='ocr_carea' id='block_1_50' title="bbox 1886 2127 3473 2201">
    <p class='ocr_par' dir='ltr' id='par_1_50' title="bbox 1886 2127 3473 2201">
     <span class='ocr_line' id='line_1_50' title="bbox 1886 2127 3473 2201; baseline -0.003 -15"><span class='ocrx_word' id='word_1_339' title='bbox 1886 2145 2091 2196; x_wconf 89' lang='lat' dir='ltr'><strong>comes,</strong></span> <span class='ocrx_word' id='word_1_340' title='bbox 2118 2138 2209 2185; x_wconf 86' lang='lat' dir='ltr'><strong>aut</strong></span> <span class='ocrx_word' id='word_1_341' title='bbox 2232 2130 2459 2201; x_wconf 89' lang='lat' dir='ltr'><strong>quilibet</strong></span> <span class='ocrx_word' id='word_1_342' title='bbox 2479 2144 2543 2183; x_wconf 83' lang='lat' dir='ltr'><strong>ex</strong></span> <span class='ocrx_word' id='word_1_343' title='bbox 2566 2128 2854 2197; x_wconf 90' lang='lat' dir='ltr'><strong>iudiciaria</strong></span> <span class='ocrx_word' id='word_1_344' title='bbox 2880 2136 3169 2197; x_wconf 81' lang='lat' dir='ltr'><strong>potestate,</strong></span> <span class='ocrx_word' id='word_1_345' title='bbox 3194 2127 3473 2193; x_wconf 86' lang='lat' dir='ltr'><strong>ecclesias,</strong></span> 
     </span>
    </p>
   </div>
   <div class='ocr_carea' id='block_1_51' title="bbox 1885 2218 3477 2289">
    <p class='ocr_par' dir='ltr' id='par_1_51' title="bbox 1885 2218 3477 2289">
     <span class='ocr_line' id='line_1_51' title="bbox 1885 2218 3477 2289; baseline -0.001 -14"><span class='ocrx_word' id='word_1_346' title='bbox 1885 2228 2092 2285; x_wconf 90' lang='lat' dir='ltr'><strong>curtes,</strong></span> <span class='ocrx_word' id='word_1_347' title='bbox 2119 2229 2211 2273; x_wconf 92' lang='lat' dir='ltr'><strong>aut</strong></span> <span class='ocrx_word' id='word_1_348' title='bbox 2242 2219 2383 2283; x_wconf 87' lang='lat' dir='ltr'><strong>loca,</strong></span> <span class='ocrx_word' id='word_1_349' title='bbox 2409 2219 2496 2273; x_wconf 90' lang='lat' dir='ltr'><strong>vel</strong></span> <span class='ocrx_word' id='word_1_350' title='bbox 2519 2234 2698 2289; x_wconf 85' lang='lat' dir='ltr'><strong>agros,</strong></span> <span class='ocrx_word' id='word_1_351' title='bbox 2724 2233 2817 2273; x_wconf 92' lang='lat' dir='ltr'><strong>seu</strong></span> <span class='ocrx_word' id='word_1_352' title='bbox 2842 2218 3082 2288; x_wconf 88' lang='lat' dir='ltr'><strong>reliquas</strong></span> <span class='ocrx_word' id='word_1_353' title='bbox 3105 2219 3477 2289; x_wconf 87' lang='lat' dir='ltr'><strong>possessiones</strong></span> 
     </span>
    </p>
   </div>
   <div class='ocr_carea' id='block_1_52' title="bbox 1886 2307 3471 2379">
    <p class='ocr_par' dir='ltr' id='par_1_52' title="bbox 1886 2307 3471 2379">
     <span class='ocr_line' id='line_1_52' title="bbox 1886 2307 3471 2379; baseline -0.001 -14"><span class='ocrx_word' id='word_1_354' title='bbox 1886 2319 2185 2365; x_wconf 80' lang='lat' dir='ltr'><strong>memorato</strong></span> <span class='ocrx_word' id='word_1_355' title='bbox 2209 2309 2536 2364; x_wconf 89' lang='lat' dir='ltr'><strong>monasterio</strong></span> <span class='ocrx_word' id='word_1_356' title='bbox 2560 2308 2811 2379; x_wconf 69' lang='lat' dir='ltr'><strong>praesenti</strong></span> <span class='ocrx_word' id='word_1_357' title='bbox 2838 2318 3078 2379; x_wconf 85' lang='lat' dir='ltr'><strong>tempore</strong></span> <span class='ocrx_word' id='word_1_358' title='bbox 3107 2307 3471 2376; x_wconf 81' lang='lat' dir='ltr'><strong>subiacentes,</strong></span> 
     </span>
    </p>
   </div>
   <div class='ocr_carea' id='block_1_53' title="bbox 1882 2397 3478 2469">
    <p class='ocr_par' dir='ltr' id='par_1_53' title="bbox 1882 2397 3478 2469">
     <span class='ocr_line' id='line_1_53' title="bbox 1882 2397 3478 2469; baseline -0.002 -14"><span class='ocrx_word' id='word_1_359' title='bbox 1882 2400 1968 2455; x_wconf 86' lang='lat' dir='ltr'><strong>vel</strong></span> <span class='ocrx_word' id='word_1_360' title='bbox 2011 2416 2132 2469; x_wconf 74' lang='lat' dir='ltr'><strong>qua:</strong></span> <span class='ocrx_word' id='word_1_361' title='bbox 2161 2400 2419 2469; x_wconf 88' lang='lat' dir='ltr'><strong>deinceps</strong></span> <span class='ocrx_word' id='word_1_362' title='bbox 2456 2400 2511 2454; x_wconf 91' lang='lat' dir='ltr'><strong>in</strong></span> <span class='ocrx_word' id='word_1_363' title='bbox 2554 2398 2645 2466; x_wconf 93' lang='lat' dir='ltr'><strong>ius</strong></span> <span class='ocrx_word' id='word_1_364' title='bbox 2670 2408 2726 2454; x_wconf 92' lang='lat' dir='ltr'><strong>et</strong></span> <span class='ocrx_word' id='word_1_365' title='bbox 2760 2399 3057 2454; x_wconf 89' lang='lat' dir='ltr'><strong>dominium</strong></span> <span class='ocrx_word' id='word_1_366' title='bbox 3095 2397 3335 2467; x_wconf 91' lang='lat' dir='ltr'><strong>ejusdem</strong></span> <span class='ocrx_word' id='word_1_367' title='bbox 3363 2414 3478 2453; x_wconf 82' lang='lat' dir='ltr'><strong>mo—</strong></span> 
     </span>
    </p>
   </div>
   <div class='ocr_carea' id='block_1_54' title="bbox 1885 2490 3475 2560">
    <p class='ocr_par' dir='ltr' id='par_1_54' title="bbox 1885 2490 3475 2560">
     <span class='ocr_line' id='line_1_54' title="bbox 1885 2490 3475 2560; baseline -0.001 -14"><span class='ocrx_word' id='word_1_368' title='bbox 1885 2493 2107 2547; x_wconf 88' lang='lat' dir='ltr'><strong>nasterii</strong></span> <span class='ocrx_word' id='word_1_369' title='bbox 2149 2492 2345 2546; x_wconf 61' lang='lat' dir='ltr'><strong>divinae</strong></span> <span class='ocrx_word' id='word_1_370' title='bbox 2394 2490 2612 2560; x_wconf 90' lang='lat' dir='ltr'><strong>pietatis</strong></span> <span class='ocrx_word' id='word_1_371' title='bbox 2664 2498 2950 2560; x_wconf 84' lang='lat' dir='ltr'><strong>augmento</strong></span> <span class='ocrx_word' id='word_1_372' title='bbox 2986 2490 3356 2559; x_wconf 86' lang='lat' dir='ltr'><strong>pervenerint,</strong></span> <span class='ocrx_word' id='word_1_373' title='bbox 3405 2490 3475 2545; x_wconf 88' lang='lat' dir='ltr'><strong>ad</strong></span> 
     </span>
    </p>
   </div>
   <div class='ocr_carea' id='block_1_55' title="bbox 1884 2579 3477 2652">
    <p class='ocr_par' dir='ltr' id='par_1_55' title="bbox 1884 2579 3477 2652">
     <span class='ocr_line' id='line_1_55' title="bbox 1884 2579 3477 2652; baseline -0.001 -15"><span class='ocrx_word' id='word_1_374' title='bbox 1884 2598 2078 2637; x_wconf 87' lang='lat' dir='ltr'><strong>causas</strong></span> <span class='ocrx_word' id='word_1_375' title='bbox 2122 2582 2441 2648; x_wconf 87' lang='lat' dir='ltr'><strong>audiendas,</strong></span> <span class='ocrx_word' id='word_1_376' title='bbox 2475 2580 2561 2637; x_wconf 82' lang='lat' dir='ltr'><strong>vel</strong></span> <span class='ocrx_word' id='word_1_377' title='bbox 2607 2579 2763 2650; x_wconf 84' lang='lat' dir='ltr'><strong>freda</strong></span> <span class='ocrx_word' id='word_1_378' title='bbox 2808 2579 3091 2652; x_wconf 81' lang='lat' dir='ltr'><strong>exigenda,</strong></span> <span class='ocrx_word' id='word_1_379' title='bbox 3134 2581 3219 2635; x_wconf 91' lang='lat' dir='ltr'><strong>vel</strong></span> <span class='ocrx_word' id='word_1_380' title='bbox 3259 2589 3477 2650; x_wconf 85' lang='lat' dir='ltr'><strong>paratas</strong></span> 
     </span>
    </p>
   </div>
   <div class='ocr_carea' id='block_1_56' title="bbox 1886 2670 3475 2742">
    <p class='ocr_par' dir='ltr' id='par_1_56' title="bbox 1886 2670 3475 2742">
     <span class='ocr_line' id='line_1_56' title="bbox 1886 2670 3475 2742; baseline -0.001 -16"><span class='ocrx_word' id='word_1_381' title='bbox 1886 2672 2180 2736; x_wconf 87' lang='lat' dir='ltr'><strong>faciendas,</strong></span> <span class='ocrx_word' id='word_1_382' title='bbox 2206 2672 2551 2742; x_wconf 90' lang='lat' dir='ltr'><strong>ﬁdeiussores</strong></span> <span class='ocrx_word' id='word_1_383' title='bbox 2579 2670 2864 2737; x_wconf 90' lang='lat' dir='ltr'><strong>tollendos,</strong></span> <span class='ocrx_word' id='word_1_384' title='bbox 2893 2677 2986 2724; x_wconf 89' lang='lat' dir='ltr'><strong>aut</strong></span> <span class='ocrx_word' id='word_1_385' title='bbox 3013 2671 3261 2725; x_wconf 88' lang='lat' dir='ltr'><strong>homines</strong></span> <span class='ocrx_word' id='word_1_386' title='bbox 3310 2672 3475 2725; x_wconf 88' lang='lat' dir='ltr'><strong>etiam</strong></span> 
     </span>
    </p>
   </div>
   <div class='ocr_carea' id='block_1_57' title="bbox 1888 2749 3479 2833">
    <p class='ocr_par' dir='ltr' id='par_1_57' title="bbox 1888 2749 3479 2833">
     <span class='ocr_line' id='line_1_57' title="bbox 1888 2749 3479 2833; baseline 0.001 -17"><span class='ocrx_word' id='word_1_387' title='bbox 1888 2772 2001 2816; x_wconf 88' lang='lat' dir='ltr'><strong>tam</strong></span> <span class='ocrx_word' id='word_1_388' title='bbox 2048 2749 2313 2833; x_wconf 86' lang='lat' dir='ltr'><strong>ingenuos</strong></span> <span class='ocrx_word' id='word_1_389' title='bbox 2348 2777 2509 2831; x_wconf 88' lang='lat' dir='ltr'><strong>quam</strong></span> <span class='ocrx_word' id='word_1_390' title='bbox 2549 2770 2604 2816; x_wconf 90' lang='lat' dir='ltr'><strong>et</strong></span> <span class='ocrx_word' id='word_1_391' title='bbox 2634 2776 2821 2817; x_wconf 88' lang='lat' dir='ltr'><strong>servos</strong></span> <span class='ocrx_word' id='word_1_392' title='bbox 2861 2775 3025 2831; x_wconf 90' lang='lat' dir='ltr'><strong>super</strong></span> <span class='ocrx_word' id='word_1_393' title='bbox 3070 2770 3273 2815; x_wconf 88' lang='lat' dir='ltr'><strong>terram</strong></span> <span class='ocrx_word' id='word_1_394' title='bbox 3310 2762 3479 2832; x_wconf 81' lang='lat' dir='ltr'><strong>ipsius</strong></span> 
     </span>
    </p>
   </div>
   <div class='ocr_carea' id='block_1_58' title="bbox 1888 2852 3479 2924">
    <p class='ocr_par' dir='ltr' id='par_1_58' title="bbox 1888 2852 3479 2924">
     <span class='ocr_line' id='line_1_58' title="bbox 1888 2852 3479 2924; baseline -0.001 -15"><span class='ocrx_word' id='word_1_395' title='bbox 1888 2855 2201 2910; x_wconf 87' lang='lat' dir='ltr'><strong>monasterii</strong></span> <span class='ocrx_word' id='word_1_396' title='bbox 2248 2863 2653 2909; x_wconf 82' lang='lat' dir='ltr'><strong>commanentes</strong></span> <span class='ocrx_word' id='word_1_397' title='bbox 2679 2852 3084 2924; x_wconf 89' lang='lat' dir='ltr'><strong>distinguendos</strong></span> <span class='ocrx_word' id='word_1_398' title='bbox 3125 2852 3479 2924; x_wconf 76' lang='lat' dir='ltr'><strong>[distringen-</strong></span> 
     </span>
    </p>
   </div>
   <div class='ocr_carea' id='block_1_59' title="bbox 1887 2944 3480 3018">
    <p class='ocr_par' dir='ltr' id='par_1_59' title="bbox 1887 2944 3480 3018">
     <span class='ocr_line' id='line_1_59' title="bbox 1887 2944 3480 3018; baseline -0.001 -17"><span class='ocrx_word' id='word_1_399' title='bbox 1887 2945 2031 3018; x_wconf 86' lang='lat' dir='ltr'><strong>dos],</strong></span> <span class='ocrx_word' id='word_1_400' title='bbox 2055 2961 2154 3001; x_wconf 91' lang='lat' dir='ltr'><strong>nec</strong></span> <span class='ocrx_word' id='word_1_401' title='bbox 2180 2944 2317 3001; x_wconf 89' lang='lat' dir='ltr'><strong>ullas</strong></span> <span class='ocrx_word' id='word_1_402' title='bbox 2339 2946 2748 3010; x_wconf 86' lang='lat' dir='ltr'><strong>redhibitiones,</strong></span> <span class='ocrx_word' id='word_1_403' title='bbox 2772 2944 2857 3000; x_wconf 89' lang='lat' dir='ltr'><strong>vel</strong></span> <span class='ocrx_word' id='word_1_404' title='bbox 2885 2946 3112 3010; x_wconf 83' lang='lat' dir='ltr'><strong>bannos,</strong></span> <span class='ocrx_word' id='word_1_405' title='bbox 3136 2953 3229 2997; x_wconf 90' lang='lat' dir='ltr'><strong>aut</strong></span> <span class='ocrx_word' id='word_1_406' title='bbox 3260 2944 3480 3000; x_wconf 90' lang='lat' dir='ltr'><strong>illicitas</strong></span> 
     </span>
    </p>
   </div>
   <div class='ocr_carea' id='block_1_60' title="bbox 1885 3034 3479 3106">
    <p class='ocr_par' dir='ltr' id='par_1_60' title="bbox 1885 3034 3479 3106">
     <span class='ocr_line' id='line_1_60' title="bbox 1885 3034 3479 3106; baseline -0.001 -15"><span class='ocrx_word' id='word_1_407' title='bbox 1885 3036 2201 3092; x_wconf 88' lang='lat' dir='ltr'><strong>occasiones</strong></span> <span class='ocrx_word' id='word_1_408' title='bbox 2245 3037 2617 3106; x_wconf 91' lang='lat' dir='ltr'><strong>requirendas,</strong></span> <span class='ocrx_word' id='word_1_409' title='bbox 2667 3052 2763 3091; x_wconf 87' lang='lat' dir='ltr'><strong>seu</strong></span> <span class='ocrx_word' id='word_1_410' title='bbox 2810 3035 2975 3089; x_wconf 91' lang='lat' dir='ltr'><strong>ullum</strong></span> <span class='ocrx_word' id='word_1_411' title='bbox 3010 3034 3269 3104; x_wconf 88' lang='lat' dir='ltr'><strong>placitum</strong></span> <span class='ocrx_word' id='word_1_412' title='bbox 3298 3034 3479 3105; x_wconf 80' lang='lat' dir='ltr'><strong>publi-</strong></span> 
     </span>
    </p>
   </div>
   <div class='ocr_carea' id='block_1_61' title="bbox 1885 3124 3470 3197">
    <p class='ocr_par' dir='ltr' id='par_1_61' title="bbox 1885 3124 3470 3197">
     <span class='ocr_line' id='line_1_61' title="bbox 1885 3124 3470 3197; baseline -0.003 -15"><span class='ocrx_word' id='word_1_413' title='bbox 1885 3142 2009 3182; x_wconf 88' lang='lat' dir='ltr'><strong>cum</strong></span> <span class='ocrx_word' id='word_1_414' title='bbox 2040 3125 2366 3191; x_wconf 88' lang='lat' dir='ltr'><strong>habendum,</strong></span> <span class='ocrx_word' id='word_1_415' title='bbox 2412 3126 2573 3181; x_wconf 89' lang='lat' dir='ltr'><strong>nullis</strong></span> <span class='ocrx_word' id='word_1_416' title='bbox 2605 3124 2940 3195; x_wconf 89' lang='lat' dir='ltr'><strong>temporibus</strong></span> <span class='ocrx_word' id='word_1_417' title='bbox 2976 3125 3184 3195; x_wconf 82' lang='lat' dir='ltr'><strong>ingredi</strong></span> <span class='ocrx_word' id='word_1_418' title='bbox 3228 3124 3470 3197; x_wconf 83' lang='lat' dir='ltr'><strong>(audeat)</strong></span> 
     </span>
    </p>
   </div>
   <div class='ocr_carea' id='block_1_62' title="bbox 191 3214 3473 3285">
    <p class='ocr_par' dir='ltr' id='par_1_62' title="bbox 191 3214 3473 3285">
     <span class='ocr_line' id='line_1_62' title="bbox 191 3214 3473 3285; baseline -0.001 -11"><span class='ocrx_word' id='word_1_419' title='bbox 191 3219 416 3274; x_wconf 87' lang='lat' dir='ltr'><strong>nomine</strong></span> <span class='ocrx_word' id='word_1_420' title='bbox 458 3219 702 3273; x_wconf 88' lang='lat' dir='ltr'><strong>obtineat</strong></span> <span class='ocrx_word' id='word_1_421' title='bbox 750 3218 1083 3284; x_wconf 88' lang='lat' dir='ltr'><strong>ﬁrmitatem,</strong></span> <span class='ocrx_word' id='word_1_422' title='bbox 1124 3224 1179 3272; x_wconf 89' lang='lat' dir='ltr'><strong>et</strong></span> <span class='ocrx_word' id='word_1_423' title='bbox 1216 3232 1247 3271; x_wconf 92' lang='lat' dir='ltr'><strong>a</strong></span> <span class='ocrx_word' id='word_1_424' title='bbox 1287 3216 1533 3273; x_wconf 87' lang='lat' dir='ltr'><strong>ﬁdelibus</strong></span> <span class='ocrx_word' id='word_1_425' title='bbox 1578 3225 1780 3271; x_wconf 61' lang='lat' dir='ltr'><strong>sancta}</strong></span> <span class='ocrx_word' id='word_1_426' title='bbox 1807 3217 1852 3277; x_wconf 83' lang='lat' dir='ltr'><strong>C</strong></span> <span class='ocrx_word' id='word_1_427' title='bbox 1884 3215 1967 3270; x_wconf 89' lang='lat' dir='ltr'><strong>vel</strong></span> <span class='ocrx_word' id='word_1_428' title='bbox 1993 3231 2197 3285; x_wconf 79' lang='lat' dir='ltr'><strong>eaquae</strong></span> <span class='ocrx_word' id='word_1_429' title='bbox 2223 3230 2386 3285; x_wconf 87' lang='lat' dir='ltr'><strong>supra</strong></span> <span class='ocrx_word' id='word_1_430' title='bbox 2415 3225 2713 3270; x_wconf 88' lang='lat' dir='ltr'><strong>memorata</strong></span> <span class='ocrx_word' id='word_1_431' title='bbox 2737 3222 2882 3280; x_wconf 88' lang='lat' dir='ltr'><strong>sunt,</strong></span> <span class='ocrx_word' id='word_1_432' title='bbox 2908 3222 3203 3284; x_wconf 65' lang='lat' dir='ltr'><strong>praesumat</strong></span> <span class='ocrx_word' id='word_1_433' title='bbox 3224 3214 3473 3284; x_wconf 77' lang='lat' dir='ltr'><strong>exigere,</strong></span> 
     </span>
    </p>
   </div>
   <div class='ocr_carea' id='block_1_63' title="bbox 192 3308 1788 3378">
    <p class='ocr_par' dir='ltr' id='par_1_63' title="bbox 192 3308 1788 3378">
     <span class='ocr_line' id='line_1_63' title="bbox 192 3308 1788 3378; baseline -0.001 -15"><span class='ocrx_word' id='word_1_434' title='bbox 192 3309 292 3363; x_wconf 91' lang='lat' dir='ltr'><strong>Dei</strong></span> <span class='ocrx_word' id='word_1_435' title='bbox 328 3308 581 3364; x_wconf 68' lang='lat' dir='ltr'><strong>Ecclesiae</strong></span> <span class='ocrx_word' id='word_1_436' title='bbox 622 3317 678 3364; x_wconf 91' lang='lat' dir='ltr'><strong>et</strong></span> <span class='ocrx_word' id='word_1_437' title='bbox 718 3309 919 3364; x_wconf 87' lang='lat' dir='ltr'><strong>nostris</strong></span> <span class='ocrx_word' id='word_1_438' title='bbox 962 3308 1145 3364; x_wconf 89' lang='lat' dir='ltr'><strong>verius</strong></span> <span class='ocrx_word' id='word_1_439' title='bbox 1172 3309 1484 3378; x_wconf 88' lang='lat' dir='ltr'><strong>certiusque</strong></span> <span class='ocrx_word' id='word_1_440' title='bbox 1532 3308 1788 3362; x_wconf 89' lang='lat' dir='ltr'><strong>credatur</strong></span> 
     </span>
    </p>
   </div>
   <div class='ocr_carea' id='block_1_64' title="bbox 192 3398 1787 3471">
    <p class='ocr_par' dir='ltr' id='par_1_64' title="bbox 192 3398 1787 3471">
     <span class='ocr_line' id='line_1_64' title="bbox 192 3398 1787 3471; baseline -0.001 -18"><span class='ocrx_word' id='word_1_441' title='bbox 192 3408 252 3454; x_wconf 91' lang='lat' dir='ltr'><strong>et</strong></span> <span class='ocrx_word' id='word_1_442' title='bbox 279 3399 591 3471; x_wconf 87' lang='lat' dir='ltr'><strong>diligentius</strong></span> <span class='ocrx_word' id='word_1_443' title='bbox 619 3407 992 3465; x_wconf 90' lang='lat' dir='ltr'><strong>conservetur,</strong></span> <span class='ocrx_word' id='word_1_444' title='bbox 1038 3414 1200 3453; x_wconf 87' lang='lat' dir='ltr'><strong>manu</strong></span> <span class='ocrx_word' id='word_1_445' title='bbox 1247 3400 1462 3469; x_wconf 89' lang='lat' dir='ltr'><strong>propria</strong></span> <span class='ocrx_word' id='word_1_446' title='bbox 1502 3398 1787 3454; x_wconf 89' lang='lat' dir='ltr'><strong>subterﬁr-</strong></span> 
     </span>
    </p>
   </div>
   <div class='ocr_carea' id='block_1_65' title="bbox 193 3486 1787 3560">
    <p class='ocr_par' dir='ltr' id='par_1_65' title="bbox 193 3486 1787 3560">
     <span class='ocr_line' id='line_1_65' title="bbox 193 3486 1787 3560; baseline 0.001 -17"><span class='ocrx_word' id='word_1_447' title='bbox 193 3488 487 3556; x_wconf 88' lang='lat' dir='ltr'><strong>mavimus,</strong></span> <span class='ocrx_word' id='word_1_448' title='bbox 515 3497 571 3545; x_wconf 91' lang='lat' dir='ltr'><strong>et</strong></span> <span class='ocrx_word' id='word_1_449' title='bbox 598 3488 783 3544; x_wconf 88' lang='lat' dir='ltr'><strong>annuli</strong></span> <span class='ocrx_word' id='word_1_450' title='bbox 826 3490 997 3544; x_wconf 84' lang='lat' dir='ltr'><strong>nostri</strong></span> <span class='ocrx_word' id='word_1_451' title='bbox 1040 3489 1399 3560; x_wconf 90' lang='lat' dir='ltr'><strong>impressione</strong></span> <span class='ocrx_word' id='word_1_452' title='bbox 1424 3489 1628 3560; x_wconf 82' lang='lat' dir='ltr'><strong>signari</strong></span> <span class='ocrx_word' id='word_1_453' title='bbox 1664 3486 1787 3557; x_wconf 90' lang='lat' dir='ltr'><strong>ius-</strong></span> 
     </span>
    </p>
   </div>
   <div class='ocr_carea' id='block_1_66' title="bbox 194 3581 389 3636">
    <p class='ocr_par' dir='ltr' id='par_1_66' title="bbox 194 3581 389 3636">
     <span class='ocr_line' id='line_1_66' title="bbox 194 3581 389 3636; baseline -0.015 0"><span class='ocrx_word' id='word_1_454' title='bbox 194 3581 389 3636; x_wconf 88' lang='lat' dir='ltr'><strong>simus.</strong></span> 
     </span>
    </p>
   </div>
   <div class='ocr_carea' id='block_1_67' title="bbox 270 3668 1786 3741">
    <p class='ocr_par' dir='ltr' id='par_1_67' title="bbox 270 3668 1786 3741">
     <span class='ocr_line' id='line_1_67' title="bbox 270 3668 1786 3741; baseline -0.002 -16"><span class='ocrx_word' id='word_1_455' title='bbox 270 3672 407 3725; x_wconf 89' lang='lat' dir='ltr'><strong>Data</strong></span> <span class='ocrx_word' id='word_1_456' title='bbox 428 3672 610 3727; x_wconf 90' lang='lat' dir='ltr'><strong>Idibus</strong></span> <span class='ocrx_word' id='word_1_457' title='bbox 633 3671 854 3741; x_wconf 84' lang='lat' dir='ltr'><strong>Aprilis,</strong></span> <span class='ocrx_word' id='word_1_458' title='bbox 872 3686 1036 3736; x_wconf 91' lang='lat' dir='ltr'><strong>anno,</strong></span> <span class='ocrx_word' id='word_1_459' title='bbox 1054 3670 1271 3726; x_wconf 87' lang='lat' dir='ltr'><strong>Christo</strong></span> <span class='ocrx_word' id='word_1_460' title='bbox 1284 3670 1539 3741; x_wconf 88' lang='lat' dir='ltr'><strong>propitio,</strong></span> <span class='ocrx_word' id='word_1_461' title='bbox 1574 3668 1786 3739; x_wconf 89' lang='lat' dir='ltr'><strong>imperii</strong></span> 
     </span>
    </p>
   </div>
   <div class='ocr_carea' id='block_1_68' title="bbox 195 3758 1785 3830">
    <p class='ocr_par' dir='ltr' id='par_1_68' title="bbox 195 3758 1785 3830">
     <span class='ocr_line' id='line_1_68' title="bbox 195 3758 1785 3830; baseline -0.004 -12"><span class='ocrx_word' id='word_1_462' title='bbox 195 3763 372 3818; x_wconf 85' lang='lat' dir='ltr'><strong>nostri</strong></span> <span class='ocrx_word' id='word_1_463' title='bbox 416 3772 592 3827; x_wconf 82' lang='lat' dir='ltr'><strong>sexto,</strong></span> <span class='ocrx_word' id='word_1_464' title='bbox 623 3762 916 3818; x_wconf 90' lang='lat' dir='ltr'><strong>indictione</strong></span> <span class='ocrx_word' id='word_1_465' title='bbox 945 3760 1031 3815; x_wconf 80' lang='grc'><strong>12.</strong></span> <span class='ocrx_word' id='word_1_466' title='bbox 1064 3761 1261 3815; x_wconf 85' lang='lat' dir='ltr'><strong>Actum</strong></span> <span class='ocrx_word' id='word_1_467' title='bbox 1289 3759 1612 3830; x_wconf 83' lang='lat' dir='ltr'><strong>Aquisgrani</strong></span> <span class='ocrx_word' id='word_1_468' title='bbox 1643 3758 1785 3829; x_wconf 86' lang='lat' dir='ltr'><strong>pala-</strong></span> 
     </span>
    </p>
   </div>
   <div class='ocr_carea' id='block_1_69' title="bbox 196 3852 1398 3925">
    <p class='ocr_par' dir='ltr' id='par_1_69' title="bbox 196 3852 1398 3925">
     <span class='ocr_line' id='line_1_69' title="bbox 196 3852 1398 3925; baseline -0.004 -16"><span class='ocrx_word' id='word_1_469' title='bbox 196 3856 276 3910; x_wconf 90' lang='lat' dir='ltr'><strong>tio</strong></span> <span class='ocrx_word' id='word_1_470' title='bbox 303 3854 456 3925; x_wconf 85' lang='lat' dir='ltr'><strong>regio</strong></span> <span class='ocrx_word' id='word_1_471' title='bbox 478 3855 533 3909; x_wconf 89' lang='lat' dir='ltr'><strong>in</strong></span> <span class='ocrx_word' id='word_1_472' title='bbox 562 3853 656 3909; x_wconf 89' lang='lat' dir='ltr'><strong>Dei</strong></span> <span class='ocrx_word' id='word_1_473' title='bbox 686 3854 901 3909; x_wconf 90' lang='lat' dir='ltr'><strong>nomine</strong></span> <span class='ocrx_word' id='word_1_474' title='bbox 928 3852 1177 3907; x_wconf 85' lang='lat' dir='ltr'><strong>feliciter.</strong></span> <span class='ocrx_word' id='word_1_475' title='bbox 1202 3852 1398 3907; x_wconf 83' lang='lat' dir='ltr'><strong>Amen.</strong></span> 
     </span>
    </p>
   </div>
   <div class='ocr_carea' id='block_1_70' title="bbox 269 3943 1539 4016">
    <p class='ocr_par' dir='ltr' id='par_1_70' title="bbox 269 3943 1539 4016">
     <span class='ocr_line' id='line_1_70' title="bbox 269 3943 1539 4016; baseline -0.004 -15"><span class='ocrx_word' id='word_1_476' title='bbox 269 3946 495 4016; x_wconf 87' lang='lat' dir='ltr'><strong>Signum</strong></span> <span class='ocrx_word' id='word_1_477' title='bbox 521 3945 777 4001; x_wconf 84' lang='lat' dir='ltr'><strong>Ludovici</strong></span> <span class='ocrx_word' id='word_1_478' title='bbox 804 3944 1140 4000; x_wconf 89' lang='lat' dir='ltr'><strong>serenissimi</strong></span> <span class='ocrx_word' id='word_1_479' title='bbox 1174 3943 1539 4013; x_wconf 88' lang='lat' dir='ltr'><strong>imperatoris.</strong></span> 
     </span>
    </p>
   </div>
   <div class='ocr_carea' id='block_1_71' title="bbox 840 4054 1144 4110">
    <p class='ocr_par' dir='ltr' id='par_1_71' title="bbox 840 4054 1144 4110">
     <span class='ocr_line' id='line_1_71' title="bbox 840 4054 1144 4110; baseline -0.007 0"><span class='ocrx_word' id='word_1_480' title='bbox 840 4054 1144 4110; x_wconf 77' lang='lat' dir='ltr'><strong>LXXXVII.</strong></span> 
     </span>
    </p>
   </div>
   <div class='ocr_carea' id='block_1_72' title="bbox 553 4158 1431 4203">
    <p class='ocr_par' dir='ltr' id='par_1_72' title="bbox 553 4158 1431 4203">
     <span class='ocr_line' id='line_1_72' title="bbox 553 4158 1431 4203; baseline -0.005 -1"><span class='ocrx_word' id='word_1_481' title='bbox 553 4162 654 4203; x_wconf 78' lang='lat' dir='ltr'><strong>PRO</strong></span> <span class='ocrx_word' id='word_1_482' title='bbox 682 4162 1029 4202; x_wconf 69' lang='lat' dir='ltr'><strong>PARTHENONE</strong></span> <span class='ocrx_word' id='word_1_483' title='bbox 1065 4158 1431 4201; x_wconf 72' lang='lat' dir='ltr'><strong>BUCIIAVIENSI.</strong></span> 
     </span>
    </p>
   </div>
   <div class='ocr_carea' id='block_1_73' title="bbox 646 4236 1345 4311">
    <p class='ocr_par' dir='ltr' id='par_1_73' title="bbox 646 4236 1345 4311">
     <span class='ocr_line' id='line_1_73' title="bbox 646 4236 1345 4311; baseline -0.007 -18"><span class='ocrx_word' id='word_1_484' title='bbox 646 4240 695 4311; x_wconf 76' lang='grc' dir='ltr'><strong>(ιι</strong></span> <span class='ocrx_word' id='word_1_485' title='bbox 718 4239 869 4292; x_wconf 84' lang='lat' dir='ltr'><strong>Anno</strong></span> <span class='ocrx_word' id='word_1_486' title='bbox 895 4238 1019 4303; x_wconf 84' lang='lat'><strong>819,</strong></span> <span class='ocrx_word' id='word_1_487' title='bbox 1044 4237 1197 4291; x_wconf 83' lang='lat' dir='ltr'><strong>Junii</strong></span> <span class='ocrx_word' id='word_1_488' title='bbox 1228 4236 1345 4304; x_wconf 92' lang='grc'><strong>22.)</strong></span> 
     </span>
    </p>
   </div>
   <div class='ocr_carea' id='block_1_74' title="bbox 197 4325 1789 4406">
    <p class='ocr_par' dir='ltr' id='par_1_74' title="bbox 197 4325 1789 4406">
     <span class='ocr_line' id='line_1_74' title="bbox 197 4325 1789 4406; baseline -0.004 -20"><span class='ocrx_word' id='word_1_489' title='bbox 197 4330 686 4406; x_wconf 20' lang='lat' dir='ltr'><strong>[Apud‘Neugartq</strong></span> <span class='ocrx_word' id='word_1_490' title='bbox 716 4329 893 4384; x_wconf 73' lang='lat' dir='ltr'><strong>Codex</strong></span> <span class='ocrx_word' id='word_1_491' title='bbox 935 4329 1329 4406; x_wconf 68' lang='lat' dir='ltr'><strong>Alemannictts,</strong></span> <span class='ocrx_word' id='word_1_492' title='bbox 1363 4343 1426 4406; x_wconf 56' lang='grc' dir='ltr'><strong>ρ.</strong></span> <span class='ocrx_word' id='word_1_493' title='bbox 1468 4328 1649 4406; x_wconf 27' lang='lat' dir='ltr'><strong>the}</strong></span> <span class='ocrx_word' id='word_1_494' title='bbox 1687 4325 1789 4380; x_wconf 87' lang='lat' dir='ltr'><strong>Lu-</strong></span> 
     </span>
    </p>
   </div>
   <div class='ocr_carea' id='block_1_75' title="bbox 344 4396 1641 4473">
    <p class='ocr_par' dir='ltr' id='par_1_75' title="bbox 344 4396 1641 4473">
     <span class='ocr_line' id='line_1_75' title="bbox 344 4396 1641 4473; baseline -0.005 -17"><span class='ocrx_word' id='word_1_495' title='bbox 344 4403 452 4473; x_wconf 86' lang='lat' dir='ltr'><strong>nig.</strong></span> <span class='ocrx_word' id='word_1_496' title='bbox 485 4396 692 4471; x_wconf 45' lang='lat' dir='ltr'><strong>spici!”</strong></span> <span class='ocrx_word' id='word_1_497' title='bbox 721 4409 861 4469; x_wconf 88' lang='lat' dir='ltr'><strong>part.</strong></span> <span class='ocrx_word' id='word_1_498' title='bbox 889 4416 973 4464; x_wconf 83' lang='grc' dir='ltr'><strong>ιη,</strong></span> <span class='ocrx_word' id='word_1_499' title='bbox 1000 4415 1122 4469; x_wconf 87' lang='lat' dir='ltr'><strong>cap,</strong></span> <span class='ocrx_word' id='word_1_500' title='bbox 1146 4399 1198 4463; x_wconf 87' lang='lat'><strong>7,</strong></span> <span class='ocrx_word' id='word_1_501' title='bbox 1227 4398 1292 4451; x_wconf 84' lang='lat' dir='ltr'><strong>de</strong></span> <span class='ocrx_word' id='word_1_502' title='bbox 1321 4396 1641 4469; x_wconf 77' lang='lat' dir='ltr'><strong>a6batissis.]</strong></span> 
     </span>
    </p>
   </div>
   <div class='ocr_carea' id='block_1_76' title="bbox 270 4488 1788 4549">
    <p class='ocr_par' dir='ltr' id='par_1_76' title="bbox 270 4488 1788 4549">
     <span class='ocr_line' id='line_1_76' title="bbox 270 4488 1788 4549; baseline -0.003 -1"><span class='ocrx_word' id='word_1_503' title='bbox 270 4493 329 4549; x_wconf 93' lang='lat' dir='ltr'><strong>In</strong></span> <span class='ocrx_word' id='word_1_504' title='bbox 359 4492 576 4547; x_wconf 89' lang='lat' dir='ltr'><strong>nomine</strong></span> <span class='ocrx_word' id='word_1_505' title='bbox 605 4491 817 4546; x_wconf 90' lang='lat' dir='ltr'><strong>Domini</strong></span> <span class='ocrx_word' id='word_1_506' title='bbox 864 4492 961 4547; x_wconf 91' lang='lat' dir='ltr'><strong>Dei</strong></span> <span class='ocrx_word' id='word_1_507' title='bbox 986 4499 1041 4547; x_wconf 93' lang='lat' dir='ltr'><strong>et</strong></span> <span class='ocrx_word' id='word_1_508' title='bbox 1085 4490 1384 4546; x_wconf 88' lang='lat' dir='ltr'><strong>Salvatoris</strong></span> <span class='ocrx_word' id='word_1_509' title='bbox 1435 4490 1609 4545; x_wconf 91' lang='lat' dir='ltr'><strong>nostri</strong></span> <span class='ocrx_word' id='word_1_510' title='bbox 1657 4488 1788 4545; x_wconf 82' lang='lat' dir='ltr'><strong>Jesu</strong></span> 
     </span>
    </p>
   </div>
   <div class='ocr_carea' id='block_1_77' title="bbox 1890 3304 3480 3375">
    <p class='ocr_par' dir='ltr' id='par_1_77' title="bbox 1890 3304 3480 3375">
     <span class='ocr_line' id='line_1_77' title="bbox 1890 3304 3480 3375; baseline 0 -15"><span class='ocrx_word' id='word_1_511' title='bbox 1890 3314 1946 3360; x_wconf 91' lang='lat' dir='ltr'><strong>et</strong></span> <span class='ocrx_word' id='word_1_512' title='bbox 1970 3314 2029 3361; x_wconf 91' lang='lat' dir='ltr'><strong>ut</strong></span> <span class='ocrx_word' id='word_1_513' title='bbox 2052 3306 2338 3362; x_wconf 90' lang='lat' dir='ltr'><strong>censuales</strong></span> <span class='ocrx_word' id='word_1_514' title='bbox 2366 3307 2613 3361; x_wconf 90' lang='lat' dir='ltr'><strong>homines</strong></span> <span class='ocrx_word' id='word_1_515' title='bbox 2640 3320 2749 3361; x_wconf 63' lang='lat' dir='ltr'><strong>suae</strong></span> <span class='ocrx_word' id='word_1_516' title='bbox 2776 3304 3013 3370; x_wconf 75' lang='lat' dir='ltr'><strong>familiae,</strong></span> <span class='ocrx_word' id='word_1_517' title='bbox 3052 3306 3105 3359; x_wconf 91' lang='lat' dir='ltr'><strong>in</strong></span> <span class='ocrx_word' id='word_1_518' title='bbox 3142 3305 3448 3375; x_wconf 89' lang='lat' dir='ltr'><strong>quibuscun</strong></span> <span class='ocrx_word' id='word_1_519' title='bbox 3467 3333 3480 3343; x_wconf 89' lang='lat'><em>-</em></span> 
     </span>
    </p>
   </div>
   <div class='ocr_carea' id='block_1_78' title="bbox 1889 3393 3477 3466">
    <p class='ocr_par' dir='ltr' id='par_1_78' title="bbox 1889 3393 3477 3466">
     <span class='ocr_line' id='line_1_78' title="bbox 1889 3393 3477 3466; baseline -0.001 -15"><span class='ocrx_word' id='word_1_520' title='bbox 1889 3412 1995 3466; x_wconf 89' lang='lat' dir='ltr'><strong>quc</strong></span> <span class='ocrx_word' id='word_1_521' title='bbox 2035 3396 2170 3453; x_wconf 85' lang='lat' dir='ltr'><strong>locis</strong></span> <span class='ocrx_word' id='word_1_522' title='bbox 2194 3397 2303 3451; x_wconf 89' lang='lat' dir='ltr'><strong>sint</strong></span> <span class='ocrx_word' id='word_1_523' title='bbox 2344 3397 2673 3461; x_wconf 63' lang='lat' dir='ltr'><strong>constitutae,</strong></span> <span class='ocrx_word' id='word_1_524' title='bbox 2702 3412 2890 3466; x_wconf 89' lang='lat' dir='ltr'><strong>pacem</strong></span> <span class='ocrx_word' id='word_1_525' title='bbox 2916 3396 3173 3460; x_wconf 88' lang='lat' dir='ltr'><strong>habeant,</strong></span> <span class='ocrx_word' id='word_1_526' title='bbox 3201 3404 3256 3451; x_wconf 87' lang='lat' dir='ltr'><strong>et</strong></span> <span class='ocrx_word' id='word_1_527' title='bbox 3288 3393 3477 3450; x_wconf 81' lang='lat' dir='ltr'><strong>coram</strong></span> 
     </span>
    </p>
   </div>
   <div class='ocr_carea' id='block_1_79' title="bbox 1889 3482 3476 3556">
    <p class='ocr_par' dir='ltr' id='par_1_79' title="bbox 1889 3482 3476 3556">
     <span class='ocr_line' id='line_1_79' title="bbox 1889 3482 3476 3556; baseline -0.001 -17"><span class='ocrx_word' id='word_1_528' title='bbox 1889 3483 2240 3553; x_wconf 89' lang='lat' dir='ltr'><strong>nulloiudice</strong></span> <span class='ocrx_word' id='word_1_529' title='bbox 2284 3493 2542 3555; x_wconf 89' lang='lat' dir='ltr'><strong>regantur</strong></span> <span class='ocrx_word' id='word_1_530' title='bbox 2568 3493 2659 3538; x_wconf 91' lang='lat' dir='ltr'><strong>aut</strong></span> <span class='ocrx_word' id='word_1_531' title='bbox 2690 3486 2892 3539; x_wconf 88' lang='lat' dir='ltr'><strong>bonum</strong></span> <span class='ocrx_word' id='word_1_532' title='bbox 2939 3482 3226 3556; x_wconf 83' lang='lat' dir='ltr'><strong>[bannum]</strong></span> <span class='ocrx_word' id='word_1_533' title='bbox 3268 3483 3476 3554; x_wconf 85' lang='lat' dir='ltr'><strong>persol-</strong></span> 
     </span>
    </p>
   </div>
   <div class='ocr_carea' id='block_1_80' title="bbox 1890 3576 3477 3648">
    <p class='ocr_par' dir='ltr' id='par_1_80' title="bbox 1890 3576 3477 3648">
     <span class='ocr_line' id='line_1_80' title="bbox 1890 3576 3477 3648; baseline 0 -17"><span class='ocrx_word' id='word_1_534' title='bbox 1890 3584 2039 3643; x_wconf 89' lang='lat' dir='ltr'><strong>vant,</strong></span> <span class='ocrx_word' id='word_1_535' title='bbox 2070 3586 2163 3631; x_wconf 90' lang='lat' dir='ltr'><strong>aut</strong></span> <span class='ocrx_word' id='word_1_536' title='bbox 2209 3576 2469 3632; x_wconf 63' lang='lat' dir='ltr'><strong>saaculare</strong></span> <span class='ocrx_word' id='word_1_537' title='bbox 2515 3578 2787 3648; x_wconf 81' lang='lat' dir='ltr'><strong>negotium</strong></span> <span class='ocrx_word' id='word_1_538' title='bbox 2836 3577 3095 3641; x_wconf 89' lang='lat' dir='ltr'><strong>habeant,</strong></span> <span class='ocrx_word' id='word_1_539' title='bbox 3143 3577 3246 3631; x_wconf 89' lang='lat' dir='ltr'><strong>nisi</strong></span> <span class='ocrx_word' id='word_1_540' title='bbox 3290 3590 3477 3632; x_wconf 87' lang='lat' dir='ltr'><strong>coram</strong></span> 
     </span>
    </p>
   </div>
   <div class='ocr_carea' id='block_1_81' title="bbox 1889 3664 3479 3734">
    <p class='ocr_par' dir='ltr' id='par_1_81' title="bbox 1889 3664 3479 3734">
     <span class='ocr_line' id='line_1_81' title="bbox 1889 3664 3479 3734; baseline -0.001 -14"><span class='ocrx_word' id='word_1_541' title='bbox 1889 3665 2185 3731; x_wconf 87' lang='lat' dir='ltr'><strong>abbatissa,</strong></span> <span class='ocrx_word' id='word_1_542' title='bbox 2216 3664 2297 3717; x_wconf 90' lang='lat' dir='ltr'><strong>vel</strong></span> <span class='ocrx_word' id='word_1_543' title='bbox 2326 3664 2494 3734; x_wconf 90' lang='lat' dir='ltr'><strong>ipsius</strong></span> <span class='ocrx_word' id='word_1_544' title='bbox 2527 3664 2844 3719; x_wconf 87' lang='lat' dir='ltr'><strong>monasterii</strong></span> <span class='ocrx_word' id='word_1_545' title='bbox 2882 3664 3165 3727; x_wconf 87' lang='lat' dir='ltr'><strong>advocato,</strong></span> <span class='ocrx_word' id='word_1_546' title='bbox 3194 3664 3287 3718; x_wconf 86' lang='lat' dir='ltr'><strong>sed</strong></span> <span class='ocrx_word' id='word_1_547' title='bbox 3315 3664 3479 3719; x_wconf 88' lang='lat' dir='ltr'><strong>liceat</strong></span> 
     </span>
    </p>
   </div>
   <div class='ocr_carea' id='block_1_82' title="bbox 1888 3754 3474 3826">
    <p class='ocr_par' dir='ltr' id='par_1_82' title="bbox 1888 3754 3474 3826">
     <span class='ocr_line' id='line_1_82' title="bbox 1888 3754 3474 3826; baseline -0.001 -15"><span class='ocrx_word' id='word_1_548' title='bbox 1888 3756 2182 3826; x_wconf 87' lang='lat' dir='ltr'><strong>supradicti</strong></span> <span class='ocrx_word' id='word_1_549' title='bbox 2218 3756 2533 3811; x_wconf 89' lang='lat' dir='ltr'><strong>monasterii</strong></span> <span class='ocrx_word' id='word_1_550' title='bbox 2579 3755 2867 3810; x_wconf 82' lang='lat' dir='ltr'><strong>abbatissis</strong></span> <span class='ocrx_word' id='word_1_551' title='bbox 2912 3754 3013 3810; x_wconf 91' lang='lat' dir='ltr'><strong>sub</strong></span> <span class='ocrx_word' id='word_1_552' title='bbox 3046 3755 3330 3810; x_wconf 72' lang='lat' dir='ltr'><strong>dominicae</strong></span> <span class='ocrx_word' id='word_1_553' title='bbox 3374 3755 3474 3809; x_wconf 88' lang='lat' dir='ltr'><strong>im-</strong></span> 
     </span>
    </p>
   </div>
   <div class='ocr_carea' id='block_1_83' title="bbox 1890 3845 3472 3915">
    <p class='ocr_par' dir='ltr' id='par_1_83' title="bbox 1890 3845 3472 3915">
     <span class='ocr_line' id='line_1_83' title="bbox 1890 3845 3472 3915; baseline 0.002 -17"><span class='ocrx_word' id='word_1_554' title='bbox 1890 3845 2168 3900; x_wconf 89' lang='lat' dir='ltr'><strong>munitatis</strong></span> <span class='ocrx_word' id='word_1_555' title='bbox 2193 3846 2420 3901; x_wconf 88' lang='lat' dir='ltr'><strong>tuitione</strong></span> <span class='ocrx_word' id='word_1_556' title='bbox 2443 3845 2625 3914; x_wconf 82' lang='lat' dir='ltr'><strong>quieto</strong></span> <span class='ocrx_word' id='word_1_557' title='bbox 2644 3845 2835 3899; x_wconf 85' lang='lat' dir='ltr'><strong>ordine</strong></span> <span class='ocrx_word' id='word_1_558' title='bbox 2859 3860 2956 3914; x_wconf 91' lang='lat' dir='ltr'><strong>per</strong></span> <span class='ocrx_word' id='word_1_559' title='bbox 2975 3846 3155 3899; x_wconf 88' lang='lat' dir='ltr'><strong>omnia</strong></span> <span class='ocrx_word' id='word_1_560' title='bbox 3173 3846 3472 3915; x_wconf 90' lang='lat' dir='ltr'><strong>possidere.</strong></span> 
     </span>
    </p>
   </div>
   <div class='ocr_carea' id='block_1_84' title="bbox 1889 3935 3477 4006">
    <p class='ocr_par' dir='ltr' id='par_1_84' title="bbox 1889 3935 3477 4006">
     <span class='ocr_line' id='line_1_84' title="bbox 1889 3935 3477 4006; baseline 0.001 -17"><span class='ocrx_word' id='word_1_561' title='bbox 1889 3935 2145 3991; x_wconf 84' lang='lat' dir='ltr'><strong>Avocatis</strong></span> <span class='ocrx_word' id='word_1_562' title='bbox 2173 3945 2374 4001; x_wconf 88' lang='lat' dir='ltr'><strong>autem,</strong></span> <span class='ocrx_word' id='word_1_563' title='bbox 2404 3936 2547 4005; x_wconf 87' lang='lat' dir='ltr'><strong>quod</strong></span> <span class='ocrx_word' id='word_1_564' title='bbox 2574 3936 2847 3991; x_wconf 89' lang='lat' dir='ltr'><strong>nescimus</strong></span> <span class='ocrx_word' id='word_1_565' title='bbox 2871 3935 3058 4006; x_wconf 90' lang='lat' dir='ltr'><strong>quales</strong></span> <span class='ocrx_word' id='word_1_566' title='bbox 3087 3937 3197 3990; x_wconf 91' lang='lat' dir='ltr'><strong>sint</strong></span> <span class='ocrx_word' id='word_1_567' title='bbox 3232 3939 3477 4005; x_wconf 52' lang='lat' dir='ltr'><strong>quando.</strong></span> 
     </span>
    </p>
   </div>
   <div class='ocr_carea' id='block_1_85' title="bbox 1880 4026 3471 4097">
    <p class='ocr_par' dir='ltr' id='par_1_85' title="bbox 1880 4026 3471 4097">
     <span class='ocr_line' id='line_1_85' title="bbox 1880 4026 3471 4097; baseline 0.001 -16"><span class='ocrx_word' id='word_1_568' title='bbox 1880 4043 1997 4097; x_wconf 76' lang='lat' dir='ltr'><strong>que</strong></span> <span class='ocrx_word' id='word_1_569' title='bbox 2026 4027 2213 4093; x_wconf 87' lang='lat' dir='ltr'><strong>futuri,</strong></span> <span class='ocrx_word' id='word_1_570' title='bbox 2241 4027 2638 4091; x_wconf 87' lang='lat' dir='ltr'><strong>constituimus,</strong></span> <span class='ocrx_word' id='word_1_571' title='bbox 2667 4034 2722 4081; x_wconf 90' lang='lat' dir='ltr'><strong>et</strong></span> <span class='ocrx_word' id='word_1_572' title='bbox 2763 4033 2947 4080; x_wconf 89' lang='lat' dir='ltr'><strong>nostra</strong></span> <span class='ocrx_word' id='word_1_573' title='bbox 2978 4026 3243 4096; x_wconf 89' lang='lat' dir='ltr'><strong>imperiali</strong></span> <span class='ocrx_word' id='word_1_574' title='bbox 3282 4036 3471 4082; x_wconf 90' lang='lat' dir='ltr'><strong>aucto-</strong></span> 
     </span>
    </p>
   </div>
   <div class='ocr_carea' id='block_1_86' title="bbox 1894 4113 3477 4187">
    <p class='ocr_par' dir='ltr' id='par_1_86' title="bbox 1894 4113 3477 4187">
     <span class='ocr_line' id='line_1_86' title="bbox 1894 4113 3477 4187; baseline -0.001 -16"><span class='ocrx_word' id='word_1_575' title='bbox 1894 4118 2054 4172; x_wconf 90' lang='lat' dir='ltr'><strong>ritate</strong></span> <span class='ocrx_word' id='word_1_576' title='bbox 2082 4117 2409 4185; x_wconf 86' lang='lat' dir='ltr'><strong>percipimus</strong></span> <span class='ocrx_word' id='word_1_577' title='bbox 2440 4113 2848 4187; x_wconf 78' lang='lat' dir='ltr'><strong>[przecipimus],</strong></span> <span class='ocrx_word' id='word_1_578' title='bbox 2876 4122 2933 4168; x_wconf 94' lang='lat' dir='ltr'><strong>ut</strong></span> <span class='ocrx_word' id='word_1_579' title='bbox 2962 4114 3078 4183; x_wconf 89' lang='lat' dir='ltr'><strong>ipse</strong></span> <span class='ocrx_word' id='word_1_580' title='bbox 3101 4115 3395 4169; x_wconf 90' lang='lat' dir='ltr'><strong>advocatus</strong></span> <span class='ocrx_word' id='word_1_581' title='bbox 3421 4116 3477 4170; x_wconf 94' lang='lat' dir='ltr'><strong>in</strong></span> 
     </span>
    </p>
   </div>
   <div class='ocr_carea' id='block_1_87' title="bbox 1892 4202 3475 4276">
    <p class='ocr_par' dir='ltr' id='par_1_87' title="bbox 1892 4202 3475 4276">
     <span class='ocr_line' id='line_1_87' title="bbox 1892 4202 3475 4276; baseline -0.001 -16"><span class='ocrx_word' id='word_1_582' title='bbox 1892 4207 2010 4261; x_wconf 85' lang='lat' dir='ltr'><strong>loco</strong></span> <span class='ocrx_word' id='word_1_583' title='bbox 2036 4221 2199 4276; x_wconf 87' lang='lat' dir='ltr'><strong>supra</strong></span> <span class='ocrx_word' id='word_1_584' title='bbox 2228 4214 2527 4259; x_wconf 87' lang='lat' dir='ltr'><strong>memorato</strong></span> <span class='ocrx_word' id='word_1_585' title='bbox 2558 4204 2760 4258; x_wconf 92' lang='lat' dir='ltr'><strong>nullum</strong></span> <span class='ocrx_word' id='word_1_586' title='bbox 2788 4202 2878 4272; x_wconf 92' lang='lat' dir='ltr'><strong>ius</strong></span> <span class='ocrx_word' id='word_1_587' title='bbox 2907 4205 3107 4259; x_wconf 88' lang='lat' dir='ltr'><strong>habeat</strong></span> <span class='ocrx_word' id='word_1_588' title='bbox 3149 4204 3475 4273; x_wconf 89' lang='lat' dir='ltr'><strong>placitandi,</strong></span> 
     </span>
    </p>
   </div>
   <div class='ocr_carea' id='block_1_88' title="bbox 1891 4295 3477 4366">
    <p class='ocr_par' dir='ltr' id='par_1_88' title="bbox 1891 4295 3477 4366">
     <span class='ocr_line' id='line_1_88' title="bbox 1891 4295 3477 4366; baseline 0.001 -16"><span class='ocrx_word' id='word_1_589' title='bbox 1891 4296 1977 4350; x_wconf 89' lang='lat' dir='ltr'><strong>vel</strong></span> <span class='ocrx_word' id='word_1_590' title='bbox 2021 4296 2257 4365; x_wconf 88' lang='lat' dir='ltr'><strong>aliquam</strong></span> <span class='ocrx_word' id='word_1_591' title='bbox 2295 4295 2641 4364; x_wconf 88' lang='lat' dir='ltr'><strong>iudiciariam</strong></span> <span class='ocrx_word' id='word_1_592' title='bbox 2671 4303 2991 4365; x_wconf 89' lang='lat' dir='ltr'><strong>potestatem</strong></span> <span class='ocrx_word' id='word_1_593' title='bbox 3022 4295 3341 4366; x_wconf 80' lang='lat' dir='ltr'><strong>exercendi,</strong></span> <span class='ocrx_word' id='word_1_594' title='bbox 3372 4297 3477 4351; x_wconf 84' lang='lat' dir='ltr'><strong>nisi</strong></span> 
     </span>
    </p>
   </div>
   <div class='ocr_carea' id='block_1_89' title="bbox 1893 4386 3476 4451">
    <p class='ocr_par' dir='ltr' id='par_1_89' title="bbox 1893 4386 3476 4451">
     <span class='ocr_line' id='line_1_89' title="bbox 1893 4386 3476 4451; baseline 0 -10"><span class='ocrx_word' id='word_1_595' title='bbox 1893 4386 2032 4441; x_wconf 89' lang='lat' dir='ltr'><strong>forte</strong></span> <span class='ocrx_word' id='word_1_596' title='bbox 2062 4388 2129 4441; x_wconf 80' lang='lat' dir='ltr'><strong>ab</strong></span> <span class='ocrx_word' id='word_1_597' title='bbox 2156 4386 2429 4441; x_wconf 90' lang='lat' dir='ltr'><strong>abbatissa</strong></span> <span class='ocrx_word' id='word_1_598' title='bbox 2461 4394 2685 4441; x_wconf 91' lang='lat' dir='ltr'><strong>vocatus</strong></span> <span class='ocrx_word' id='word_1_599' title='bbox 2719 4386 3019 4451; x_wconf 89' lang='lat' dir='ltr'><strong>advenerit,</strong></span> <span class='ocrx_word' id='word_1_600' title='bbox 3049 4393 3104 4440; x_wconf 87' lang='lat' dir='ltr'><strong>et</strong></span> <span class='ocrx_word' id='word_1_601' title='bbox 3137 4393 3264 4441; x_wconf 90' lang='lat' dir='ltr'><strong>tunc</strong></span> <span class='ocrx_word' id='word_1_602' title='bbox 3290 4386 3476 4441; x_wconf 86' lang='lat' dir='ltr'><strong>volun-</strong></span> 
     </span>
    </p>
   </div>
   <div class='ocr_carea' id='block_1_90' title="bbox 1895 4477 3479 4547">
    <p class='ocr_par' dir='ltr' id='par_1_90' title="bbox 1895 4477 3479 4547">
     <span class='ocr_line' id='line_1_90' title="bbox 1895 4477 3479 4547; baseline 0 -14"><span class='ocrx_word' id='word_1_603' title='bbox 1895 4480 2012 4544; x_wconf 90' lang='lat' dir='ltr'><strong>tati,</strong></span> <span class='ocrx_word' id='word_1_604' title='bbox 2042 4479 2154 4534; x_wconf 84' lang='lat' dir='ltr'><strong>sive</strong></span> <span class='ocrx_word' id='word_1_605' title='bbox 2186 4478 2432 4547; x_wconf 91' lang='lat' dir='ltr'><strong>petitioni</strong></span> <span class='ocrx_word' id='word_1_606' title='bbox 2460 4477 2629 4547; x_wconf 88' lang='lat' dir='ltr'><strong>ipsius</strong></span> <span class='ocrx_word' id='word_1_607' title='bbox 2666 4477 3023 4543; x_wconf 88' lang='lat' dir='ltr'><strong>satisfecerit;</strong></span> <span class='ocrx_word' id='word_1_608' title='bbox 3071 4483 3325 4547; x_wconf 86' lang='lat' dir='ltr'><strong>sumptus</strong></span> <span class='ocrx_word' id='word_1_609' title='bbox 3345 4491 3479 4533; x_wconf 82' lang='lat' dir='ltr'><strong>vero</strong></span> 
     </span>
    </p>
   </div>
   <div class='ocr_carea' id='block_1_91' title="bbox 196 4554 3475 4654">
    <p class='ocr_par' dir='ltr' id='par_1_91' title="bbox 196 4554 3475 4654">
     <span class='ocr_line' id='line_1_91' title="bbox 196 4554 3475 4654; baseline -0.002 -13"><span class='ocrx_word' id='word_1_610' title='bbox 196 4584 423 4648; x_wconf 69' lang='lat' dir='ltr'><strong>Christi,</strong></span> <span class='ocrx_word' id='word_1_611' title='bbox 448 4581 770 4649; x_wconf 87' lang='lat' dir='ltr'><strong>Ludovicus,</strong></span> <span class='ocrx_word' id='word_1_612' title='bbox 797 4583 977 4638; x_wconf 88' lang='lat' dir='ltr'><strong>divina</strong></span> <span class='ocrx_word' id='word_1_613' title='bbox 1004 4582 1303 4654; x_wconf 79' lang='lat' dir='ltr'><strong>inSpirante</strong></span> <span class='ocrx_word' id='word_1_614' title='bbox 1323 4582 1608 4637; x_wconf 90' lang='lat' dir='ltr'><strong>clementia</strong></span> <span class='ocrx_word' id='word_1_615' title='bbox 1625 4582 1675 4647; x_wconf 71' lang='grc' dir='ltr'><strong>δ,</strong></span> <span class='ocrx_word' id='word_1_616' title='bbox 1693 4582 1788 4636; x_wconf 90' lang='lat' dir='ltr'><strong>im-</strong></span> <span class='ocrx_word' id='word_1_617' title='bbox 1815 4554 1865 4614; x_wconf 83' lang='lat' dir='ltr'><strong>D</strong></span> <span class='ocrx_word' id='word_1_618' title='bbox 1894 4571 1976 4627; x_wconf 67' lang='lat' dir='ltr'><strong>vel</strong></span> <span class='ocrx_word' id='word_1_619' title='bbox 2020 4570 2225 4626; x_wconf 61' lang='lat' dir='ltr'><strong>servitii</strong></span> <span class='ocrx_word' id='word_1_620' title='bbox 2257 4576 2473 4623; x_wconf 60' lang='lat' dir='ltr'><strong>malum</strong></span> <span class='ocrx_word' id='word_1_621' title='bbox 2496 4568 2654 4623; x_wconf 75' lang='grc' dir='ltr'><strong>ἀεῐυι·</strong></span> <span class='ocrx_word' id='word_1_622' title='bbox 2700 4569 2977 4645; x_wconf 24' lang='lat' dir='ltr'><strong>advocato,</strong></span> <span class='ocrx_word' id='word_1_623' title='bbox 3002 4581 3067 4622; x_wconf 69' lang='lat' dir='ltr'><strong>CX</strong></span> <span class='ocrx_word' id='word_1_624' title='bbox 3111 4574 3265 4637; x_wconf 72' lang='grc' dir='ltr'><strong>Ρπιθ</strong></span> <span class='ocrx_word' id='word_1_625' title='bbox 3307 4566 3475 4621; x_wconf 70' lang='lat' dir='ltr'><strong>abba-</strong></span> 
     </span>
    </p>
   </div>
   <div class='ocr_carea' id='block_1_92' title="bbox 196 4674 745 4745">
    <p class='ocr_par' dir='ltr' id='par_1_92' title="bbox 196 4674 745 4745">
     <span class='ocr_line' id='line_1_92' title="bbox 196 4674 745 4745; baseline -0.005 -16"><span class='ocrx_word' id='word_1_626' title='bbox 196 4683 425 4745; x_wconf 88' lang='lat' dir='ltr'><strong>perator</strong></span> <span class='ocrx_word' id='word_1_627' title='bbox 452 4674 745 4745; x_wconf 75' lang='lat' dir='ltr'><strong>Augustus.</strong></span> 
     </span>
    </p>
   </div>
   <div class='ocr_carea' id='block_1_93' title="bbox 276 4758 1787 4831">
    <p class='ocr_par' dir='ltr' id='par_1_93' title="bbox 276 4758 1787 4831">
     <span class='ocr_line' id='line_1_93' title="bbox 276 4758 1787 4831; baseline -0.001 -14"><span class='ocrx_word' id='word_1_628' title='bbox 276 4762 332 4817; x_wconf 87' lang='lat' dir='ltr'><strong>Si</strong></span> <span class='ocrx_word' id='word_1_629' title='bbox 358 4762 491 4817; x_wconf 88' lang='lat' dir='ltr'><strong>locis</strong></span> <span class='ocrx_word' id='word_1_630' title='bbox 524 4762 633 4816; x_wconf 84' lang='lat' dir='ltr'><strong>Deo</strong></span> <span class='ocrx_word' id='word_1_631' title='bbox 663 4762 854 4817; x_wconf 88' lang='lat' dir='ltr'><strong>dicatis</strong></span> <span class='ocrx_word' id='word_1_632' title='bbox 883 4762 1156 4831; x_wconf 92' lang='lat' dir='ltr'><strong>quippiam</strong></span> <span class='ocrx_word' id='word_1_633' title='bbox 1182 4761 1424 4815; x_wconf 90' lang='lat' dir='ltr'><strong>muneris</strong></span> <span class='ocrx_word' id='word_1_634' title='bbox 1455 4758 1787 4816; x_wconf 84' lang='lat' dir='ltr'><strong>conferimus</strong></span> 
     </span>
    </p>
   </div>
   <div class='ocr_carea' id='block_1_94' title="bbox 197 4851 1788 4923">
    <p class='ocr_par' dir='ltr' id='par_1_94' title="bbox 197 4851 1788 4923">
     <span class='ocr_line' id='line_1_94' title="bbox 197 4851 1788 4923; baseline -0.002 -14"><span class='ocrx_word' id='word_1_635' title='bbox 197 4862 257 4909; x_wconf 92' lang='lat' dir='ltr'><strong>et</strong></span> <span class='ocrx_word' id='word_1_636' title='bbox 301 4852 597 4923; x_wconf 91' lang='lat' dir='ltr'><strong>imperialis</strong></span> <span class='ocrx_word' id='word_1_637' title='bbox 635 4851 1050 4923; x_wconf 63' lang='lat' dir='ltr'><strong>magniﬁcentiae</strong></span> <span class='ocrx_word' id='word_1_638' title='bbox 1090 4866 1297 4907; x_wconf 91' lang='lat' dir='ltr'><strong>morem</strong></span> <span class='ocrx_word' id='word_1_639' title='bbox 1326 4851 1692 4920; x_wconf 81' lang='lat' dir='ltr'><strong>exsequimur,</strong></span> <span class='ocrx_word' id='word_1_640' title='bbox 1722 4866 1788 4906; x_wconf 91' lang='lat' dir='ltr'><strong>ac</strong></span> 
     </span>
    </p>
   </div>
   <div class='ocr_carea' id='block_1_95' title="bbox 201 4939 1785 5010">
    <p class='ocr_par' dir='ltr' id='par_1_95' title="bbox 201 4939 1785 5010">
     <span class='ocr_line' id='line_1_95' title="bbox 201 4939 1785 5010; baseline -0.001 -14"><span class='ocrx_word' id='word_1_641' title='bbox 201 4942 446 4996; x_wconf 88' lang='lat' dir='ltr'><strong>divinum</strong></span> <span class='ocrx_word' id='word_1_642' title='bbox 483 4955 581 5010; x_wconf 90' lang='lat' dir='ltr'><strong>per</strong></span> <span class='ocrx_word' id='word_1_643' title='bbox 621 4942 725 4995; x_wconf 92' lang='lat' dir='ltr'><strong>hoc</strong></span> <span class='ocrx_word' id='word_1_644' title='bbox 765 4941 922 4996; x_wconf 89' lang='lat' dir='ltr'><strong>nobis</strong></span> <span class='ocrx_word' id='word_1_645' title='bbox 957 4940 1197 4996; x_wconf 89' lang='lat' dir='ltr'><strong>favorem</strong></span> <span class='ocrx_word' id='word_1_646' title='bbox 1243 4939 1458 4996; x_wconf 84' lang='lat' dir='ltr'><strong>facilius</strong></span> <span class='ocrx_word' id='word_1_647' title='bbox 1489 4940 1785 4995; x_wconf 88' lang='lat' dir='ltr'><strong>concilian-</strong></span> 
     </span>
    </p>
   </div>
   <div class='ocr_carea' id='block_1_96' title="bbox 200 5051 1784 5118">
    <p class='ocr_par' dir='ltr' id='par_1_96' title="bbox 200 5051 1784 5118">
     <span class='ocr_line' id='line_1_96' title="bbox 200 5051 1784 5118; baseline -0.002 -10"><span class='ocrx_word' id='word_1_648' title='bbox 200 5052 564 5118; x_wconf 85' lang='lat' dir='ltr'><strong>Gandensem,</strong></span> <span class='ocrx_word' id='word_1_649' title='bbox 592 5053 746 5113; x_wconf 86' lang='lat' dir='ltr'><strong>titulo</strong></span> <span class='ocrx_word' id='word_1_650' title='bbox 788 5052 848 5110; x_wconf 89' lang='lat' dir='ltr'><strong>S.</strong></span> <span class='ocrx_word' id='word_1_651' title='bbox 875 5052 1095 5108; x_wconf 84' lang='lat' dir='ltr'><strong>Joannis</strong></span> <span class='ocrx_word' id='word_1_652' title='bbox 1122 5053 1176 5106; x_wconf 90' lang='lat' dir='ltr'><strong>in</strong></span> <span class='ocrx_word' id='word_1_653' title='bbox 1210 5052 1420 5106; x_wconf 88' lang='lat' dir='ltr'><strong>titulum</strong></span> <span class='ocrx_word' id='word_1_654' title='bbox 1458 5052 1515 5106; x_wconf 89' lang='lat' dir='ltr'><strong>S.</strong></span> <span class='ocrx_word' id='word_1_655' title='bbox 1549 5051 1784 5106; x_wconf 89' lang='lat' dir='ltr'><strong>Bavonis</strong></span> 
     </span>
    </p>
   </div>
   <div class='ocr_carea' id='block_1_97' title="bbox 204 5121 1787 5193">
    <p class='ocr_par' dir='ltr' id='par_1_97' title="bbox 204 5121 1787 5193">
     <span class='ocr_line' id='line_1_97' title="bbox 204 5121 1787 5193; baseline -0.002 -14"><span class='ocrx_word' id='word_1_656' title='bbox 204 5132 446 5185; x_wconf 88' lang='lat' dir='ltr'><strong>mutato,</strong></span> <span class='ocrx_word' id='word_1_657' title='bbox 496 5140 593 5193; x_wconf 87' lang='lat' dir='ltr'><strong>per</strong></span> <span class='ocrx_word' id='word_1_658' title='bbox 634 5124 874 5193; x_wconf 88' lang='lat' dir='ltr'><strong>ejusdem</strong></span> <span class='ocrx_word' id='word_1_659' title='bbox 919 5122 1190 5193; x_wconf 85' lang='lat' dir='ltr'><strong>pontiﬁcis</strong></span> <span class='ocrx_word' id='word_1_660' title='bbox 1234 5122 1535 5193; x_wconf 80' lang='lat' dir='ltr'><strong>decretum.</strong></span> <span class='ocrx_word' id='word_1_661' title='bbox 1578 5121 1787 5193; x_wconf 67' lang='lat' dir='ltr'><strong>Exinde</strong></span> 
     </span>
    </p>
   </div>
   <div class='ocr_carea' id='block_1_98' title="bbox 204 5140 1787 5263">
    <p class='ocr_par' dir='ltr' id='par_1_98' title="bbox 204 5140 1787 5263">
     <span class='ocr_line' id='line_1_98' title="bbox 204 5140 1787 5193; baseline -0.002 -14"><span class='ocrx_word' id='word_1_662' title='bbox 204 5140 446 5185; x_wconf 84' lang='lat' dir='ltr'><strong>mutato,</strong></span> <span class='ocrx_word' id='word_1_663' title='bbox 568 5140 593 5177; x_wconf 91' lang='lat' dir='ltr'><strong>r</strong></span> <span class='ocrx_word' id='word_1_664' title='bbox 634 5140 874 5193; x_wconf 68' lang='lat' dir='ltr'><strong>eiusoem</strong></span> <span class='ocrx_word' id='word_1_665' title='bbox 919 5140 1190 5192; x_wconf 80' lang='lat' dir='ltr'><strong>ponuucis</strong></span> <span class='ocrx_word' id='word_1_666' title='bbox 1238 5140 1535 5177; x_wconf 76' lang='lat' dir='ltr'><strong>decretum.</strong></span> <span class='ocrx_word' id='word_1_667' title='bbox 1578 5140 1787 5176; x_wconf 71' lang='grc' dir='ltr'><strong>ωιηαθ</strong></span> 
     </span>
     <span class='ocr_line' id='line_1_99' title="bbox 204 5140 1787 5263; baseline -0.005 -14"><span class='ocrx_word' id='word_1_668' title='bbox 204 5194 453 5263; x_wconf 69' lang='lat' dir='ltr'><strong>Philipp0</strong></span> <span class='ocrx_word' id='word_1_669' title='bbox 478 5140 670 5262; x_wconf 50' lang='lat' dir='ltr'><strong>Iﬁege</strong></span> <span class='ocrx_word' id='word_1_670' title='bbox 694 5194 979 5263; x_wconf 89' lang='lat' dir='ltr'><strong>catholico,</strong></span> <span class='ocrx_word' id='word_1_671' title='bbox 1010 5192 1190 5247; x_wconf 90' lang='lat' dir='ltr'><strong>Caroli</strong></span> <span class='ocrx_word' id='word_1_672' title='bbox 1211 5191 1350 5263; x_wconf 82' lang='lat' dir='ltr'><strong>ﬁlio,</strong></span> <span class='ocrx_word' id='word_1_673' title='bbox 1377 5190 1787 5263; x_wconf 56' lang='lat' dir='ltr'><strong>rogante,_l_{au-</strong></span> 
     </span>
    </p>
   </div>
   <div class='ocr_carea' id='block_1_99' title="bbox 206 5260 1786 5333">
    <p class='ocr_par' dir='ltr' id='par_1_99' title="bbox 206 5260 1786 5333">
     <span class='ocr_line' id='line_1_100' title="bbox 206 5260 1786 5333; baseline -0.003 -14"><span class='ocrx_word' id='word_1_674' title='bbox 206 5264 292 5319; x_wconf 88' lang='lat' dir='ltr'><strong>Ius</strong></span> <span class='ocrx_word' id='word_1_675' title='bbox 321 5260 747 5333; x_wconf 47' lang='lat' dir='ltr'><strong>IV‘collegiatam</strong></span> <span class='ocrx_word' id='word_1_676' title='bbox 775 5262 832 5317; x_wconf 90' lang='lat' dir='ltr'><strong>S.</strong></span> <span class='ocrx_word' id='word_1_677' title='bbox 856 5263 1087 5316; x_wconf 90' lang='lat' dir='ltr'><strong>Bavonis</strong></span> <span class='ocrx_word' id='word_1_678' title='bbox 1113 5262 1395 5316; x_wconf 88' lang='lat' dir='ltr'><strong>ecclesiam</strong></span> <span class='ocrx_word' id='word_1_679' title='bbox 1422 5260 1548 5315; x_wconf 82' lang='lat' dir='ltr'><strong>ann.</strong></span> <span class='ocrx_word' id='word_1_680' title='bbox 1574 5260 1709 5315; x_wconf 78' lang='lat' dir='ltr'><strong>I559</strong></span> <span class='ocrx_word' id='word_1_681' title='bbox 1733 5261 1786 5314; x_wconf 89' lang='lat' dir='ltr'><strong>in</strong></span> 
     </span>
    </p>
   </div>
   <div class='ocr_carea' id='block_1_100' title="bbox 206 5333 796 5389">
    <p class='ocr_par' dir='ltr' id='par_1_100' title="bbox 206 5333 796 5389">
     <span class='ocr_line' id='line_1_101' title="bbox 206 5333 796 5389; baseline -0.005 0"><span class='ocrx_word' id='word_1_682' title='bbox 206 5334 571 5389; x_wconf 87' lang='lat' dir='ltr'><strong>cathedralem</strong></span> <span class='ocrx_word' id='word_1_683' title='bbox 595 5333 796 5387; x_wconf 82' lang='lat' dir='ltr'><strong>evexit.</strong></span> 
     </span>
    </p>
   </div>
   <div class='ocr_carea' id='block_1_101' title="bbox 280 5399 1784 5481">
    <p class='ocr_par' dir='ltr' id='par_1_101' title="bbox 280 5399 1784 5481">
     <span class='ocr_line' id='line_1_102' title="bbox 280 5399 1784 5481; baseline -0.003 -24"><span class='ocrx_word' id='word_1_684' title='bbox 280 5404 610 5481; x_wconf 36' lang='lat' dir='ltr'><strong>lfuit‘autem</strong></span> <span class='ocrx_word' id='word_1_685' title='bbox 636 5413 859 5481; x_wconf 73' lang='lat' dir='ltr'><strong>sanctus</strong></span> <span class='ocrx_word' id='word_1_686' title='bbox 890 5401 1041 5481; x_wconf 62' lang='lat' dir='ltr'><strong>Davo</strong></span> <span class='ocrx_word' id='word_1_687' title='bbox 1067 5399 1278 5481; x_wconf 74' lang='lat' dir='ltr'><strong>Agilu&#39;ﬁ</strong></span> <span class='ocrx_word' id='word_1_688' title='bbox 1311 5400 1362 5453; x_wconf 87' lang='lat' dir='ltr'><strong>iu</strong></span> <span class='ocrx_word' id='word_1_689' title='bbox 1396 5400 1669 5481; x_wconf 78' lang='lat' dir='ltr'><strong>Ilasbania</strong></span> <span class='ocrx_word' id='word_1_690' title='bbox 1694 5414 1784 5453; x_wconf 88' lang='lat' dir='ltr'><strong>co-</strong></span> 
     </span>
    </p>
   </div>
   <div class='ocr_carea' id='block_1_102' title="bbox 210 5471 1788 5541">
    <p class='ocr_par' dir='ltr' id='par_1_102' title="bbox 210 5471 1788 5541">
     <span class='ocr_line' id='line_1_103' title="bbox 210 5471 1788 5541; baseline -0.004 -12"><span class='ocrx_word' id='word_1_691' title='bbox 210 5475 360 5529; x_wconf 89' lang='lat' dir='ltr'><strong>mitis</strong></span> <span class='ocrx_word' id='word_1_692' title='bbox 394 5472 554 5538; x_wconf 81' lang='lat' dir='ltr'><strong>ﬁlius,</strong></span> <span class='ocrx_word' id='word_1_693' title='bbox 602 5474 843 5541; x_wconf 87' lang='lat' dir='ltr'><strong>obiitque</strong></span> <span class='ocrx_word' id='word_1_694' title='bbox 890 5471 1131 5526; x_wconf 87' lang='lat' dir='ltr'><strong>Gandavi</strong></span> <span class='ocrx_word' id='word_1_695' title='bbox 1179 5471 1231 5541; x_wconf 89' lang='lat' dir='ltr'><strong>in</strong></span> <span class='ocrx_word' id='word_1_696' title='bbox 1288 5471 1615 5541; x_wconf 83' lang='lat' dir='ltr'><strong>monasterio</strong></span> <span class='ocrx_word' id='word_1_697' title='bbox 1650 5486 1679 5523; x_wconf 92' lang='lat' dir='ltr'><strong>a</strong></span> <span class='ocrx_word' id='word_1_698' title='bbox 1729 5484 1788 5523; x_wconf 91' lang='lat' dir='ltr'><strong>se</strong></span> 
     </span>
    </p>
   </div>
   <div class='ocr_carea' id='block_1_103' title="bbox 211 5540 1790 5611">
    <p class='ocr_par' dir='ltr' id='par_1_103' title="bbox 211 5540 1790 5611">
     <span class='ocr_line' id='line_1_104' title="bbox 211 5540 1790 5611; baseline -0.004 -12"><span class='ocrx_word' id='word_1_699' title='bbox 211 5544 435 5599; x_wconf 85' lang='lat' dir='ltr'><strong>fundato</strong></span> <span class='ocrx_word' id='word_1_700' title='bbox 464 5558 589 5596; x_wconf 90' lang='lat' dir='ltr'><strong>ann.</strong></span> <span class='ocrx_word' id='word_1_701' title='bbox 621 5543 744 5606; x_wconf 76' lang='lat'><strong>630,</strong></span> <span class='ocrx_word' id='word_1_702' title='bbox 774 5554 833 5596; x_wconf 91' lang='lat' dir='ltr'><strong>ut</strong></span> <span class='ocrx_word' id='word_1_703' title='bbox 864 5542 1179 5611; x_wconf 88' lang='lat' dir='ltr'><strong>Sigebertus</strong></span> <span class='ocrx_word' id='word_1_704' title='bbox 1218 5540 1271 5594; x_wconf 90' lang='lat' dir='ltr'><strong>in</strong></span> <span class='ocrx_word' id='word_1_705' title='bbox 1301 5540 1569 5595; x_wconf 89' lang='lat' dir='ltr'><strong>Chronico</strong></span> <span class='ocrx_word' id='word_1_706' title='bbox 1592 5555 1790 5609; x_wconf 91' lang='lat' dir='ltr'><strong>suppu—</strong></span> 
     </span>
    </p>
   </div>
   <div class='ocr_carea' id='block_1_104' title="bbox 214 5612 1147 5681">
    <p class='ocr_par' dir='ltr' id='par_1_104' title="bbox 214 5612 1147 5681">
     <span class='ocr_line' id='line_1_105' title="bbox 214 5612 1147 5681; baseline -0.003 -15"><span class='ocrx_word' id='word_1_707' title='bbox 214 5622 312 5677; x_wconf 85' lang='lat' dir='ltr'><strong>tat,</strong></span> <span class='ocrx_word' id='word_1_708' title='bbox 336 5623 429 5666; x_wconf 91' lang='lat' dir='ltr'><strong>aut</strong></span> <span class='ocrx_word' id='word_1_709' title='bbox 453 5627 593 5666; x_wconf 92' lang='lat' dir='ltr'><strong>anno</strong></span> <span class='ocrx_word' id='word_1_710' title='bbox 618 5613 861 5681; x_wconf 75' lang='lat' dir='ltr'><strong>proxime</strong></span> <span class='ocrx_word' id='word_1_711' title='bbox 884 5612 1147 5679; x_wconf 85' lang='lat' dir='ltr'><strong>sequenti.</strong></span> 
     </span>
    </p>
   </div>
   <div class='ocr_carea' id='block_1_105' title="bbox 286 5679 1787 5753">
    <p class='ocr_par' dir='ltr' id='par_1_105' title="bbox 286 5679 1787 5753">
     <span class='ocr_line' id='line_1_106' title="bbox 286 5679 1787 5753; baseline -0.003 -18"><span class='ocrx_word' id='word_1_712' title='bbox 286 5698 312 5722; x_wconf 72' lang='grc' dir='ltr'>ι</span> <span class='ocrx_word' id='word_1_713' title='bbox 350 5679 731 5753; x_wconf 70' lang='lat' dir='ltr'><strong>Apograplium</strong></span> <span class='ocrx_word' id='word_1_714' title='bbox 794 5683 900 5753; x_wconf 82' lang='lat' dir='ltr'><strong>hoc</strong></span> <span class='ocrx_word' id='word_1_715' title='bbox 970 5680 1328 5753; x_wconf 75' lang='lat' dir='ltr'><strong>Lunigianum</strong></span> <span class='ocrx_word' id='word_1_716' title='bbox 1377 5679 1787 5733; x_wconf 88' lang='lat' dir='ltr'><strong>vitiosissimum</strong></span> 
     </span>
    </p>
   </div>
   <div class='ocr_carea' id='block_1_106' title="bbox 214 5750 1792 5817">
    <p class='ocr_par' dir='ltr' id='par_1_106' title="bbox 214 5750 1792 5817">
     <span class='ocr_line' id='line_1_107' title="bbox 214 5750 1792 5817; baseline -0.004 -11"><span class='ocrx_word' id='word_1_717' title='bbox 214 5767 339 5807; x_wconf 86' lang='lat' dir='ltr'><strong>esse</strong></span> <span class='ocrx_word' id='word_1_718' title='bbox 382 5750 540 5807; x_wconf 80' lang='lat' dir='ltr'><strong>nemo</strong></span> <span class='ocrx_word' id='word_1_719' title='bbox 569 5750 683 5805; x_wconf 72' lang='lat' dir='ltr'><strong>non</strong></span> <span class='ocrx_word' id='word_1_720' title='bbox 718 5752 938 5805; x_wconf 87' lang='lat' dir='ltr'><strong>videbit.</strong></span> <span class='ocrx_word' id='word_1_721' title='bbox 986 5751 1239 5804; x_wconf 87' lang='lat' dir='ltr'><strong>Dedimus</strong></span> <span class='ocrx_word' id='word_1_722' title='bbox 1267 5750 1447 5817; x_wconf 88' lang='lat' dir='ltr'><strong>itaque</strong></span> <span class='ocrx_word' id='word_1_723' title='bbox 1479 5763 1698 5817; x_wconf 81' lang='lat' dir='ltr'><strong>Operam</strong></span> <span class='ocrx_word' id='word_1_724' title='bbox 1734 5756 1792 5800; x_wconf 94' lang='lat' dir='ltr'><strong>ut</strong></span> 
     </span>
    </p>
   </div>
   <div class='ocr_carea' id='block_1_107' title="bbox 220 5817 1793 5894">
    <p class='ocr_par' dir='ltr' id='par_1_107' title="bbox 220 5817 1793 5894">
     <span class='ocr_line' id='line_1_108' title="bbox 220 5817 1793 5894; baseline -0.003 -19"><span class='ocrx_word' id='word_1_725' title='bbox 220 5823 394 5887; x_wconf 81' lang='lat' dir='ltr'><strong>aliud,</strong></span> <span class='ocrx_word' id='word_1_726' title='bbox 435 5822 765 5894; x_wconf 81' lang='lat' dir='ltr'><strong>autographa</strong></span> <span class='ocrx_word' id='word_1_727' title='bbox 796 5820 965 5892; x_wconf 80' lang='lat' dir='ltr'><strong>magis</strong></span> <span class='ocrx_word' id='word_1_728' title='bbox 1005 5828 1445 5885; x_wconf 88' lang='lat' dir='ltr'><strong>consentaneum,</strong></span> <span class='ocrx_word' id='word_1_729' title='bbox 1486 5833 1552 5873; x_wconf 75' lang='lat' dir='ltr'><strong>ex</strong></span> <span class='ocrx_word' id='word_1_730' title='bbox 1597 5817 1793 5874; x_wconf 89' lang='lat' dir='ltr'><strong>tabulis</strong></span> 
     </span>
    </p>
   </div>
   <div class='ocr_carea' id='block_1_108' title="bbox 1892 4642 3466 4729">
    <p class='ocr_par' dir='ltr' id='par_1_108' title="bbox 1892 4642 3466 4729">
     <span class='ocr_line' id='line_1_109' title="bbox 1892 4642 3466 4729; baseline -0.003 -13"><span class='ocrx_word' id='word_1_731' title='bbox 1892 4662 2055 4726; x_wconf 66' lang='grc' dir='ltr'><strong>εἰδείη,</strong></span> <span class='ocrx_word' id='word_1_732' title='bbox 2086 4660 2154 4714; x_wconf 87' lang='lat' dir='ltr'><strong>ad</strong></span> <span class='ocrx_word' id='word_1_733' title='bbox 2183 4671 2621 4729; x_wconf 88' lang='lat' dir='ltr'><strong>unumquemque</strong></span> <span class='ocrx_word' id='word_1_734' title='bbox 2660 4657 2838 4713; x_wconf 91' lang='lat' dir='ltr'><strong>locum</strong></span> <span class='ocrx_word' id='word_1_735' title='bbox 2880 4642 3173 4713; x_wconf 88' lang='lat' dir='ltr'><strong>advocatus</strong></span> <span class='ocrx_word' id='word_1_736' title='bbox 3206 4670 3330 4710; x_wconf 90' lang='lat' dir='ltr'><strong>cum</strong></span> <span class='ocrx_word' id='word_1_737' title='bbox 3377 4671 3466 4711; x_wconf 91' lang='lat' dir='ltr'><strong>se-</strong></span> 
     </span>
    </p>
   </div>
   <div class='ocr_carea' id='block_1_109' title="bbox 1891 4747 3478 4819">
    <p class='ocr_par' dir='ltr' id='par_1_109' title="bbox 1891 4747 3478 4819">
     <span class='ocr_line' id='line_1_110' title="bbox 1891 4747 3478 4819; baseline -0.002 -14"><span class='ocrx_word' id='word_1_738' title='bbox 1891 4750 1996 4805; x_wconf 88' lang='lat' dir='ltr'><strong>mel</strong></span> <span class='ocrx_word' id='word_1_739' title='bbox 2038 4750 2092 4803; x_wconf 89' lang='lat' dir='ltr'><strong>in</strong></span> <span class='ocrx_word' id='word_1_740' title='bbox 2122 4764 2266 4803; x_wconf 89' lang='lat' dir='ltr'><strong>anno</strong></span> <span class='ocrx_word' id='word_1_741' title='bbox 2310 4747 2569 4819; x_wconf 89' lang='lat' dir='ltr'><strong>placitum</strong></span> <span class='ocrx_word' id='word_1_742' title='bbox 2602 4749 2872 4814; x_wconf 88' lang='lat' dir='ltr'><strong>habuerit,</strong></span> <span class='ocrx_word' id='word_1_743' title='bbox 2898 4755 2953 4802; x_wconf 90' lang='lat' dir='ltr'><strong>et</strong></span> <span class='ocrx_word' id='word_1_744' title='bbox 2979 4748 3263 4803; x_wconf 89' lang='lat' dir='ltr'><strong>duodecim</strong></span> <span class='ocrx_word' id='word_1_745' title='bbox 3307 4762 3478 4816; x_wconf 87' lang='lat' dir='ltr'><strong>equos</strong></span> 
     </span>
    </p>
   </div>
   <div class='ocr_carea' id='block_1_110' title="bbox 1891 4839 3476 4910">
    <p class='ocr_par' dir='ltr' id='par_1_110' title="bbox 1891 4839 3476 4910">
     <span class='ocr_line' id='line_1_111' title="bbox 1891 4839 3476 4910; baseline -0.002 -13"><span class='ocrx_word' id='word_1_746' title='bbox 1891 4841 2197 4907; x_wconf 87' lang='lat' dir='ltr'><strong>adduxerit,</strong></span> <span class='ocrx_word' id='word_1_747' title='bbox 2222 4848 2433 4895; x_wconf 88' lang='lat' dir='ltr'><strong>tantum</strong></span> <span class='ocrx_word' id='word_1_748' title='bbox 2456 4840 2681 4895; x_wconf 86' lang='lat' dir='ltr'><strong>honeste</strong></span> <span class='ocrx_word' id='word_1_749' title='bbox 2706 4849 3046 4910; x_wconf 91' lang='lat' dir='ltr'><strong>procuretur.</strong></span> <span class='ocrx_word' id='word_1_750' title='bbox 3064 4839 3280 4894; x_wconf 86' lang='lat' dir='ltr'><strong>Nullum</strong></span> <span class='ocrx_word' id='word_1_751' title='bbox 3308 4840 3476 4910; x_wconf 88' lang='lat' dir='ltr'><strong>placi-</strong></span> 
     </span>
    </p>
   </div>
   <div class='ocr_carea' id='block_1_111' title="bbox 1890 4930 3477 5003">
    <p class='ocr_par' dir='ltr' id='par_1_111' title="bbox 1890 4930 3477 5003">
     <span class='ocr_line' id='line_1_112' title="bbox 1890 4930 3477 5003; baseline -0.004 -14"><span class='ocrx_word' id='word_1_752' title='bbox 1890 4944 2004 4989; x_wconf 89' lang='lat' dir='ltr'><strong>tum</strong></span> <span class='ocrx_word' id='word_1_753' title='bbox 2032 4940 2229 5003; x_wconf 68' lang='lat' dir='ltr'><strong>praeter</strong></span> <span class='ocrx_word' id='word_1_754' title='bbox 2252 4931 2587 4987; x_wconf 90' lang='lat' dir='ltr'><strong>voluntatem</strong></span> <span class='ocrx_word' id='word_1_755' title='bbox 2612 4931 2897 4987; x_wconf 66' lang='lat' dir='ltr'><strong>abbatissae</strong></span> <span class='ocrx_word' id='word_1_756' title='bbox 2932 4946 3159 5001; x_wconf 88' lang='lat' dir='ltr'><strong>usquam</strong></span> <span class='ocrx_word' id='word_1_757' title='bbox 3183 4930 3477 4985; x_wconf 86' lang='lat' dir='ltr'><strong>advocatus</strong></span> 
     </span>
    </p>
   </div>
   <div class='ocr_carea' id='block_1_112' title="bbox 1892 5040 3335 5113">
    <p class='ocr_par' dir='ltr' id='par_1_112' title="bbox 1892 5040 3335 5113">
     <span class='ocr_line' id='line_1_113' title="bbox 1892 5040 3335 5113; baseline -0.006 -13"><span class='ocrx_word' id='word_1_758' title='bbox 1892 5040 2391 5113; x_wconf 76' lang='lat' dir='ltr'><strong>Buchaugiensibus</strong></span> <span class='ocrx_word' id='word_1_759' title='bbox 2423 5041 2890 5113; x_wconf 73' lang='lat' dir='ltr'><strong>nancisceremur;</strong></span> <span class='ocrx_word' id='word_1_760' title='bbox 2920 5041 3013 5097; x_wconf 90' lang='lat' dir='ltr'><strong>sed</strong></span> <span class='ocrx_word' id='word_1_761' title='bbox 3043 5040 3335 5113; x_wconf 69' lang='lat' dir='ltr'><strong>incassum.</strong></span> 
     </span>
    </p>
   </div>
   <div class='ocr_carea' id='block_1_113' title="bbox 1966 5101 3477 5166">
    <p class='ocr_par' dir='ltr' id='par_1_113' title="bbox 1966 5101 3477 5166">
     <span class='ocr_line' id='line_1_114' title="bbox 1966 5101 3477 5166; baseline -0.001 0"><span class='ocrx_word' id='word_1_762' title='bbox 1966 5116 1994 5153; x_wconf 74' lang='grc' dir='ltr'>δ</span> <span class='ocrx_word' id='word_1_763' title='bbox 2030 5101 2247 5166; x_wconf 68' lang='lat' dir='ltr'><strong>Insolita</strong></span> <span class='ocrx_word' id='word_1_764' title='bbox 2277 5110 2525 5164; x_wconf 84' lang='lat' dir='ltr'><strong>formula.</strong></span> <span class='ocrx_word' id='word_1_765' title='bbox 2567 5101 2915 5165; x_wconf 84' lang='lat' dir='ltr'><strong>Communior</strong></span> <span class='ocrx_word' id='word_1_766' title='bbox 2940 5120 3066 5164; x_wconf 89' lang='lat' dir='ltr'><strong>ante</strong></span> <span class='ocrx_word' id='word_1_767' title='bbox 3102 5110 3359 5164; x_wconf 89' lang='lat' dir='ltr'><strong>Ludovici</strong></span> <span class='ocrx_word' id='word_1_768' title='bbox 3393 5101 3477 5165; x_wconf 79' lang='lat' dir='ltr'><strong>Pii</strong></span> 
     </span>
    </p>
   </div>
   <div class='ocr_carea' id='block_1_114' title="bbox 1894 5180 3474 5249">
    <p class='ocr_par' dir='ltr' id='par_1_114' title="bbox 1894 5180 3474 5249">
     <span class='ocr_line' id='line_1_115' title="bbox 1894 5180 3474 5249; baseline -0.004 -10"><span class='ocrx_word' id='word_1_769' title='bbox 1894 5183 2220 5239; x_wconf 89' lang='lat' dir='ltr'><strong>amotionem</strong></span> <span class='ocrx_word' id='word_1_770' title='bbox 2259 5196 2288 5233; x_wconf 90' lang='lat' dir='ltr'><strong>a</strong></span> <span class='ocrx_word' id='word_1_771' title='bbox 2333 5196 2496 5249; x_wconf 76' lang='lat' dir='ltr'><strong>regno</strong></span> <span class='ocrx_word' id='word_1_772' title='bbox 2527 5197 2538 5233; x_wconf 74' lang='grc' dir='ltr'><strong><em>τ</em></strong></span> <span class='ocrx_word' id='word_1_773' title='bbox 2572 5180 2759 5233; x_wconf 82' lang='lat' dir='ltr'><strong>Divina</strong></span> <span class='ocrx_word' id='word_1_774' title='bbox 2791 5181 3065 5234; x_wconf 82' lang='lat' dir='ltr'><strong>ordinante</strong></span> <span class='ocrx_word' id='word_1_775' title='bbox 3108 5180 3474 5249; x_wconf 83' lang='lat' dir='ltr'><strong>providentia;</strong></span> 
     </span>
    </p>
   </div>
   <div class='ocr_carea' id='block_1_115' title="bbox 1894 5249 3475 5308">
    <p class='ocr_par' dir='ltr' id='par_1_115' title="bbox 1894 5249 3475 5308">
     <span class='ocr_line' id='line_1_116' title="bbox 1894 5249 3475 5308; baseline -0.003 0"><span class='ocrx_word' id='word_1_776' title='bbox 1894 5255 2069 5308; x_wconf 86' lang='lat' dir='ltr'><strong>rarior</strong></span> <span class='ocrx_word' id='word_1_777' title='bbox 2099 5270 2111 5304; x_wconf 91' lang='lat'>:</span> <span class='ocrx_word' id='word_1_778' title='bbox 2148 5251 2333 5304; x_wconf 72' lang='lat' dir='ltr'><strong>Divina</strong></span> <span class='ocrx_word' id='word_1_779' title='bbox 2362 5250 2635 5303; x_wconf 78' lang='lat' dir='ltr'><strong>ordinante</strong></span> <span class='ocrx_word' id='word_1_780' title='bbox 2663 5249 2953 5303; x_wconf 80' lang='lat' dir='ltr'><strong>clementia.</strong></span> <span class='ocrx_word' id='word_1_781' title='bbox 2984 5250 3109 5304; x_wconf 87' lang='lat' dir='ltr'><strong>Post</strong></span> <span class='ocrx_word' id='word_1_782' title='bbox 3140 5265 3339 5303; x_wconf 88' lang='lat' dir='ltr'><strong>annum</strong></span> <span class='ocrx_word' id='word_1_783' title='bbox 3370 5251 3475 5305; x_wconf 80' lang='grc'><strong>855</strong></span> 
     </span>
    </p>
   </div>
   <div class='ocr_carea' id='block_1_116' title="bbox 1894 5319 3065 5389">
    <p class='ocr_par' dir='ltr' id='par_1_116' title="bbox 1894 5319 3065 5389">
     <span class='ocr_line' id='line_1_117' title="bbox 1894 5319 3065 5389; baseline -0.007 -10"><span class='ocrx_word' id='word_1_784' title='bbox 1894 5324 2093 5379; x_wconf 87' lang='lat' dir='ltr'><strong>usitata</strong></span> <span class='ocrx_word' id='word_1_785' title='bbox 2120 5340 2131 5374; x_wconf 87' lang='lat'><strong>:</strong></span> <span class='ocrx_word' id='word_1_786' title='bbox 2163 5320 2353 5373; x_wconf 82' lang='lat' dir='ltr'><strong>Divina</strong></span> <span class='ocrx_word' id='word_1_787' title='bbox 2380 5322 2749 5389; x_wconf 78' lang='lat' dir='ltr'><strong>repmpitianle</strong></span> <span class='ocrx_word' id='word_1_788' title='bbox 2774 5319 3065 5373; x_wconf 70' lang='lat' dir='ltr'><strong>clementia.</strong></span> 
     </span>
    </p>
   </div>
   <div class='ocr_carea' id='block_1_117' title="bbox 1966 5390 2763 5457">
    <p class='ocr_par' dir='ltr' id='par_1_117' title="bbox 1966 5390 2763 5457">
     <span class='ocr_line' id='line_1_118' title="bbox 1966 5390 2763 5457; baseline -0.005 -11"><span class='ocrx_word' id='word_1_789' title='bbox 1966 5406 1989 5433; x_wconf 76' lang='grc' dir='ltr'><strong>ο</strong></span> <span class='ocrx_word' id='word_1_790' title='bbox 2028 5392 2135 5456; x_wconf 83' lang='grc' dir='ltr'><strong>ΑΙ.,</strong></span> <span class='ocrx_word' id='word_1_791' title='bbox 2164 5390 2497 5457; x_wconf 84' lang='lat' dir='ltr'><strong>Buchaugia,</strong></span> <span class='ocrx_word' id='word_1_792' title='bbox 2523 5390 2763 5457; x_wconf 67' lang='lat' dir='ltr'><strong>Bue/tau.</strong></span> 
     </span>
    </p>
   </div>
   <div class='ocr_carea' id='block_1_118' title="bbox 1962 5454 3467 5529">
    <p class='ocr_par' dir='ltr' id='par_1_118' title="bbox 1962 5454 3467 5529">
     <span class='ocr_line' id='line_1_119' title="bbox 1962 5454 3467 5529; baseline -0.003 -11"><span class='ocrx_word' id='word_1_793' title='bbox 1962 5464 1989 5502; x_wconf 74' lang='grc' dir='ltr'><strong>ἀ</strong></span> <span class='ocrx_word' id='word_1_794' title='bbox 2030 5454 2129 5517; x_wconf 79' lang='lat' dir='ltr'><strong>Vel</strong></span> <span class='ocrx_word' id='word_1_795' title='bbox 2162 5454 2437 5523; x_wconf 74' lang='lat' dir='ltr'><strong>Federsee,</strong></span> <span class='ocrx_word' id='word_1_796' title='bbox 2466 5458 2655 5513; x_wconf 85' lang='lat' dir='ltr'><strong>Latine</strong></span> <span class='ocrx_word' id='word_1_797' title='bbox 2698 5454 2842 5512; x_wconf 83' lang='lat' dir='ltr'><strong>lacus</strong></span> <span class='ocrx_word' id='word_1_798' title='bbox 2868 5458 3181 5529; x_wconf 80' lang='lat' dir='ltr'><strong>plumarius,</strong></span> <span class='ocrx_word' id='word_1_799' title='bbox 3220 5458 3287 5513; x_wconf 90' lang='lat' dir='ltr'><strong>ad</strong></span> <span class='ocrx_word' id='word_1_800' title='bbox 3331 5458 3467 5513; x_wconf 77' lang='lat' dir='ltr'><strong>dex-</strong></span> 
     </span>
    </p>
   </div>
   <div class='ocr_carea' id='block_1_119' title="bbox 1895 5530 3217 5595">
    <p class='ocr_par' dir='ltr' id='par_1_119' title="bbox 1895 5530 3217 5595">
     <span class='ocr_line' id='line_1_120' title="bbox 1895 5530 3217 5595; baseline -0.005 -8"><span class='ocrx_word' id='word_1_801' title='bbox 1895 5542 2037 5588; x_wconf 87' lang='lat' dir='ltr'><strong>tram</strong></span> <span class='ocrx_word' id='word_1_802' title='bbox 2066 5530 2311 5585; x_wconf 84' lang='lat' dir='ltr'><strong>Danubii.</strong></span> <span class='ocrx_word' id='word_1_803' title='bbox 3206 5582 3217 5595; x_wconf 25' lang='grc' dir='ltr'>χ</span> 
     </span>
    </p>
   </div>
   <div class='ocr_carea' id='block_1_120' title="bbox 1970 5595 3472 5668">
    <p class='ocr_par' dir='ltr' id='par_1_120' title="bbox 1970 5595 3472 5668">
     <span class='ocr_line' id='line_1_121' title="bbox 1970 5595 3472 5668; baseline -0.001 -14"><span class='ocrx_word' id='word_1_804' title='bbox 1970 5615 1993 5642; x_wconf 79' lang='grc' dir='ltr'><strong>ο</strong></span> <span class='ocrx_word' id='word_1_805' title='bbox 2030 5602 2137 5666; x_wconf 84' lang='lat' dir='ltr'><strong>AL,</strong></span> <span class='ocrx_word' id='word_1_806' title='bbox 2169 5600 2389 5667; x_wconf 75' lang='lat' dir='ltr'><strong>estagia,</strong></span> <span class='ocrx_word' id='word_1_807' title='bbox 2419 5598 2509 5652; x_wconf 86' lang='lat' dir='ltr'><strong>vel</strong></span> <span class='ocrx_word' id='word_1_808' title='bbox 2524 5598 2712 5668; x_wconf 78' lang='lat' dir='ltr'><strong>sfagia,</strong></span> <span class='ocrx_word' id='word_1_809' title='bbox 2743 5598 2955 5665; x_wconf 91' lang='lat' dir='ltr'><strong>domus,</strong></span> <span class='ocrx_word' id='word_1_810' title='bbox 2988 5597 3219 5662; x_wconf 89' lang='lat' dir='ltr'><strong>mansio,</strong></span> <span class='ocrx_word' id='word_1_811' title='bbox 3254 5595 3472 5653; x_wconf 82' lang='lat' dir='ltr'><strong>domici-</strong></span> 
     </span>
    </p>
   </div>
   <div class='ocr_carea' id='block_1_121' title="bbox 1894 5674 2305 5736">
    <p class='ocr_par' dir='ltr' id='par_1_121' title="bbox 1894 5674 2305 5736">
     <span class='ocr_line' id='line_1_122' title="bbox 1894 5674 2305 5736; baseline -0.019 -8"><span class='ocrx_word' id='word_1_812' title='bbox 1894 5674 2046 5736; x_wconf 90' lang='lat' dir='ltr'><strong>lium,</strong></span> <span class='ocrx_word' id='word_1_813' title='bbox 2087 5688 2116 5724; x_wconf 92' lang='lat' dir='ltr'><strong>a</strong></span> <span class='ocrx_word' id='word_1_814' title='bbox 2147 5680 2305 5724; x_wconf 84' lang='lat' dir='ltr'><strong>stare.</strong></span> 
     </span>
    </p>
   </div>
   <div class='ocr_carea' id='block_1_122' title="bbox 1972 5736 3473 5809">
    <p class='ocr_par' dir='ltr' id='par_1_122' title="bbox 1972 5736 3473 5809">
     <span class='ocr_line' id='line_1_123' title="bbox 1972 5736 3473 5809; baseline -0.001 -15"><span class='ocrx_word' id='word_1_815' title='bbox 1972 5742 1989 5780; x_wconf 77' lang='grc' dir='ltr'>ί</span> <span class='ocrx_word' id='word_1_816' title='bbox 2031 5740 2223 5809; x_wconf 81' lang='lat' dir='ltr'><strong>Sulgen</strong></span> <span class='ocrx_word' id='word_1_817' title='bbox 2250 5737 2331 5789; x_wconf 91' lang='lat' dir='ltr'><strong>vel</strong></span> <span class='ocrx_word' id='word_1_818' title='bbox 2368 5736 2597 5805; x_wconf 82' lang='lat' dir='ltr'><strong>Saulgen</strong></span> <span class='ocrx_word' id='word_1_819' title='bbox 2634 5737 2907 5808; x_wconf 84' lang='lat' dir='ltr'><strong>oppidum,</strong></span> <span class='ocrx_word' id='word_1_820' title='bbox 2935 5736 3265 5792; x_wconf 81' lang='lat' dir='ltr'><strong>domicilium</strong></span> <span class='ocrx_word' id='word_1_821' title='bbox 3305 5737 3473 5795; x_wconf 83' lang='lat' dir='ltr'><strong>comi-</strong></span> 
     </span>
    </p>
   </div>
   <div class='ocr_carea' id='block_1_123' title="bbox 1896 5812 2595 5866">
    <p class='ocr_par' dir='ltr' id='par_1_123' title="bbox 1896 5812 2595 5866">
     <span class='ocr_line' id='line_1_124' title="bbox 1896 5812 2595 5866; baseline -0.009 -1"><span class='ocrx_word' id='word_1_822' title='bbox 1896 5813 1964 5866; x_wconf 89' lang='lat' dir='ltr'><strong>tis</strong></span> <span class='ocrx_word' id='word_1_823' title='bbox 1996 5818 2305 5865; x_wconf 69' lang='lat' dir='ltr'><strong>memoratw</strong></span> <span class='ocrx_word' id='word_1_824' title='bbox 2329 5812 2595 5862; x_wconf 59' lang='lat' dir='ltr'><strong>centenae.</strong></span> 
     </span>
    </p>
   </div>
  </div>
