3936 6328
459 324 597 383 1095

1596 321 1917 385 LUDOVICI
1957 322 1977 377 1
2019 318 2494 378 COGNOMENTO
2531 320 2619 376 PII

3593 314 3730 374 £095

455 447 679 498 statuat.
727 438 986 508 quidquid
1020 438 1326 510 placitando
1367 438 1703 508 acquisierit,
1746 440 1864 495 duae
1906 439 2032 492 inde
2058 437 2108 497 Α
2136 439 2495 508 assequenda,
2524 446 2580 493 et
2606 438 2673 491 ad
2709 438 2857 508 regni
2898 434 3249 491 stabilitatem
3286 432 3566 503 pertinere
3598 448 3731 488 eon—

452 537 638 598 partes
691 536 853 584 erunt
908 530 1226 595 abbatissa),
1279 530 1439 585 tertia
1487 530 1782 594 advocato;
1831 528 2037 583 nultum

453 618 646 673 domus
694 617 789 687 Dei
844 620 1206 686 servientem,
1246 618 1365 674 sine
1423 618 1698 673 abbatissa
1736 617 1821 671 vel
1868 617 2038 686 ipsius

452 720 726 760 consensu
779 708 849 761 ad
896 706 1160 777 judicium
1213 715 1407 780 cogat;
1454 707 1660 762 nullum
1712 708 1778 762 de
1834 705 2043 760 familia

455 799 575 853 sine
614 798 764 868 justa
809 800 1081 855 sociorum
1125 816 1346 855 suorum
1398 798 1785 855 deliberatione
1823 799 2042 853 damnet

452 891 539 945 vel
566 899 846 955 coerceat;
882 892 1086 946 nullum
1126 894 1450 947 advocatum
1474 890 1557 945 vel
1591 898 1903 946 exactorem
1936 887 2041 943 sibi

452 986 778 1048 constituat;
814 983 949 1037 nihil
977 984 1175 1052 privati
1222 983 1465 1038 muneris
1491 983 1577 1038 vel
1605 980 1810 1037 servitii
1841 996 1871 1035 a
1908 994 2042 1049 quo-

452 1069 586 1124 libet
626 1070 767 1137 loco,
801 1072 914 1126 sive
956 1079 1131 1137 curte,
1166 1072 1280 1127 sive
1309 1070 1548 1128 cellariis
1575 1070 1729 1141 quasi
1769 1085 1834 1126 ex
1858 1068 2045 1125 debito

453 1168 509 1214 et
544 1167 747 1213 statuto
790 1159 893 1214 sibi
931 1158 1055 1227 jure
1102 1161 1312 1231 exigat;
1349 1160 1680 1225 mansiones,
1719 1172 1812 1215 seu
1847 1171 2044 1228 perno-

452 1249 721 1307 ctationes
751 1250 959 1317 uspiam
993 1247 1341 1317 frequentare
1384 1256 1603 1312 caveat;
1652 1248 1795 1318 quod
1829 1248 1875 1301 si
1902 1247 2043 1301 ultra

453 1346 720 1391 statutum
744 1346 801 1392 et
834 1347 1168 1407 praeceptum
1215 1340 1269 1392 in
1298 1338 1480 1407 aliquo
1510 1338 1631 1392 loco
1656 1338 1892 1392 voluerit
1934 1336 2044 1407 pla-

452 1428 643 1491 citare,
683 1429 797 1497 ipse
837 1429 905 1483 de
953 1428 1111 1483 tertia
1157 1428 1240 1482 sui
1280 1438 1437 1498 parte
1470 1427 1667 1482 ibidem
1698 1427 1800 1482 sibi
1837 1426 2047 1481 contin-

451 1528 615 1587 gente
650 1518 933 1587 provideat
972 1520 1103 1588 quid
1155 1519 1222 1574 ad
1255 1528 1529 1589 sumptum
1572 1518 1774 1574 habere
1817 1518 2041 1583 debeat,

452 1609 558 1663 nisi
592 1605 732 1663 forte
757 1608 935 1678 aliqua
964 1609 1030 1663 de
1059 1623 1221 1663 causa
1247 1608 1315 1664 ab
1345 1608 1622 1664 abbatissa
1646 1608 1773 1663 illuc
1798 1616 2042 1673 vocetur,

452 1714 592 1768 aqua
624 1706 751 1753 tunc
779 1699 1057 1763 decenter,
1093 1698 1239 1768 quod
1283 1706 1516 1767 oportet,
1547 1698 1651 1753 sibi
1698 1697 2043 1753 exhibentur.

449 1790 688 1845 Proinde
717 1791 763 1845 si
794 1790 912 1845 haec
958 1797 1159 1845 statuta
1199 1790 1489 1860 quisquam
1534 1790 1826 1844 advocatus
1870 1790 2041 1843 obsti-
2072 1777 2119 1835 B

450 1891 578 1936 nata
607 1882 830 1936 audacia
871 1882 1179 1952 transgredi
1202 1889 1257 1936 et
1285 1881 1581 1951 infringere
1608 1880 2039 1952 praesumpserit,

451 1979 669 2025 centum
698 1970 864 2024 libras
900 1970 1020 2025 auri
1064 1969 1277 2039 optimi.
1314 1969 1663 2024 medietatem
1696 1968 1902 2038 palatio
1946 1982 2045 2023 no-

451 2072 589 2129 stro,
617 2063 965 2117 medietatem
992 2076 1123 2117 vero
1154 2061 1486 2116 monasterio
1510 2060 1816 2130 persolvat,
1853 2069 1907 2115 et
1950 2060 2045 2115 ad-

449 2152 662 2207 vocatia
688 2167 811 2205 cum
839 2150 1050 2206 caeteris
1081 2147 1380 2205 commodis
1402 2148 1554 2218 justa
1581 2151 2046 2220 praevaricationis

450 2244 859 2297 examinatione
899 2242 1049 2297 omni
1079 2250 1327 2312 tempore
1351 2250 1557 2297 careat.
1604 2241 1834 2309 Quando
1864 2249 2043 2297 autem

454 2334 674 2389 domina
698 2342 754 2389 et
788 2342 964 2390 mater
1006 2334 1177 2402 ipsius
1218 2334 1538 2403 monasterii
1564 2334 1631 2389 de
1656 2334 1759 2389 hac
1784 2332 1906 2388 luce
1938 2332 2047 2386 mi-

452 2423 715 2494 graverit,
749 2438 858 2477 non
901 2423 1123 2477 aliunde
1149 2424 1375 2477 veniens
1416 2422 1490 2477 ibi
1534 2424 1806 2477 abbatissa
1840 2422 2045 2477 consti-

454 2522 658 2579 tuatur,
688 2512 784 2568 sed
808 2513 876 2567 ab
906 2512 1037 2582 ipsis
1068 2510 1594 2575 sanctimonialibus,
1623 2511 1817 2565 deinde
1841 2526 1871 2564 a
1901 2510 2047 2565 clero

453 2611 509 2656 et
538 2602 754 2672 papula,
782 2617 947 2670 quam
991 2602 1238 2657 idoneam
1267 2601 1505 2656 existere
1539 2600 1914 2671 cognoverint,
1945 2599 2046 2655 eli-

454 2701 615 2764 gatur
646 2700 698 2746 et
726 2692 1122 2756 constituatur;
1154 2693 1241 2745 cui
1290 2704 1633 2759 summepere
1674 2689 2048 2743 interdicimus

457 2800 527 2840 ne
556 2785 768 2854 aliquas
804 2799 891 2838 res
919 2782 1127 2853 praefati
1156 2782 1475 2837 monasterii
1513 2782 1766 2850 cuiquam
1796 2781 1851 2835 in
1884 2782 2049 2836 bene-

456 2876 641 2931 ﬁcium
666 2876 951 2951 concedat,
973 2875 1055 2929 vel
1088 2874 1269 2944 aliquo
1300 2873 1461 2928 modo
1492 2872 1663 2927 abusu
1685 2886 1933 2926 sororum
1963 2870 2049 2925 vel

456 2970 687 3026 fratrum
716 2971 827 3025 Deo
858 2971 931 3025 ibi
971 2969 1346 3029 famulantium
1372 2968 1615 3022 alienare
1641 2972 1953 3035 praesumat.
1982 2962 2050 3017 Et

455 3072 517 3117 ut
556 3064 671 3117 haec
716 3070 919 3117 nostrae
969 3061 1337 3116 concessionis
1384 3058 1681 3114 auctoritas
1726 3064 2048 3127 perpetuum

2142 526 2376 583 ﬁdimus.
2409 528 2612 583 Idcirco
2645 535 2830 582 notum
2856 526 2973 581 ﬁeri
2998 525 3251 580 volumus
3275 522 3529 578 omnibus
3557 521 3734 576 ﬁdeli-

2140 620 2244 675 bus
2273 620 2494 684 nostris,
2524 618 2881 687 praesentibus
2918 616 3128 671 scilicet
3152 622 3210 668 et
3244 613 3466 677 futuris,
3494 613 3624 681 quia
3650 611 3735 666 vir

2140 710 2466 764 venerabilis
2504 709 2654 763 Pedo
2697 707 2756 763 S.
2788 707 3114 763 Placentina:
3157 705 3404 760 ecclesia:
3442 704 3737 773 episcopus

2140 814 2240 869 per
2264 799 2490 853 missum
2527 812 2683 853 suum
2718 798 2936 853 nomine
2961 796 3322 869 Reginoldnm
3346 794 3736 865 presbyterum

2143 890 2385 943 ostendit
2434 888 2592 943 nobis
2612 888 2895 959 privilegia
2954 888 3007 942 in
3062 888 3259 957 quibus
3308 884 3736 941 continebantur

2144 980 2469 1035 donationes
2512 994 2701 1050 regum
2731 978 3237 1050 Longobardorum,
3269 976 3578 1046 Hilprandi,
3609 975 3737 1028 Bai-

2144 1070 2314 1137 stulti,
2341 1070 2629 1137 Desiderii,
2660 1085 2871 1127 necnon
2901 1078 2955 1125 et
2980 1070 3211 1124 aliorum
3247 1068 3513 1124 bonorum
3551 1066 3735 1121 homi-

2144 1177 2298 1227 num,
2341 1162 2409 1217 de
2447 1177 2679 1233 quorum
2712 1160 3094 1218 donationibus
3137 1159 3409 1230 quoddam
3455 1166 3736 1213 monaste-

2145 1255 2308 1320 rium,
2352 1254 2499 1325 quod
2544 1262 2886 1324 nuncupatur
2911 1254 3214 1318 Gravacus,
3263 1259 3507 1321 tempore
3546 1250 3734 1306 domui

2146 1358 2199 1404 et
2239 1348 2499 1420 genitoris
2535 1348 2710 1403 nostri
2740 1346 2925 1403 Caroli
2941 1347 3044 1416 piae
3072 1343 3459 1400 recordationis
3499 1358 3602 1412 per
3632 1340 3733 1394 ali-

2148 1454 2284 1507 quos
2309 1437 2579 1503 homines,
2610 1438 2751 1492 sicut
2786 1436 2902 1506 ipse
2931 1434 3260 1506 Reginoldus
3300 1434 3501 1487 missus
3534 1428 3737 1500 praedi-

2147 1529 2220 1583 cti
2249 1527 2483 1597 episcopi
2510 1527 2809 1591 asserebat,
2838 1525 3035 1595 injuste
3059 1526 3391 1581 abstractum
3417 1524 3540 1588 fuit,
3566 1534 3735 1591 quam

2148 1634 2264 1674 rem
2317 1618 2581 1688 jussimus
2632 1618 2816 1673 missis
2870 1617 3075 1672 nostris
3118 1615 3381 1670 Adallabo
3433 1611 3735 1667 venerabili

2147 1708 2419 1778 episcopo,
2461 1716 2511 1763 et
2541 1705 2807 1761 Artmano
2850 1706 3056 1771 comiti,
3097 1719 3233 1775 quos
3263 1704 3329 1759 ad
3357 1702 3601 1771 justitias
3652 1700 3734 1754 fa-

2148 1799 2367 1854 ciendas
2411 1799 2467 1853 in
2513 1797 2725 1853 Italiam
2769 1797 3041 1861 misimus,
3082 1795 3333 1867 diligenti
3380 1792 3737 1864 inquisitione

2148 1891 2495 1961 investigare,
2536 1898 2592 1946 et
2630 1890 2807 1954 nobis,
2846 1890 2892 1944 si
2944 1888 3020 1942 ita
3065 1900 3256 1943 verum
3301 1892 3471 1950 esset,
3527 1897 3735 1938 renun-

2148 1982 2304 2037 tiare.
2344 1981 2497 2035 Hanc
2538 1995 2755 2035 causam
2798 1979 3071 2034 subtiliter
3114 1977 3495 2047 investigatam
3528 1973 3738 2028 detule-

2148 2079 2276 2126 runt
2313 2070 2428 2141 jam
2472 2062 2603 2124 dicti
2650 2070 2803 2124 missi
2849 2069 3023 2124 nostri
3065 2068 3131 2123 ad
3176 2074 3423 2122 nostram
3462 2065 3735 2127 notitiam,

2148 2169 2203 2215 et
2242 2175 2385 2227 eam,
2422 2167 2626 2229 quanta
2668 2166 2962 2229 potuerunt
3006 2156 3327 2220 subtilitate,
3366 2153 3526 2235 nobis
3568 2165 3735 2221 expo-

2148 2260 2389 2308 suerunt.
2427 2251 2600 2319 Quam
2638 2266 2761 2306 cum
2792 2265 2892 2306 nos
2931 2248 3240 2319 diligentius
3277 2245 3608 2301 attendendo
3649 2257 3739 2297 co-

2150 2356 2558 2411 gnosceremus,
2610 2339 2975 2395 intelleximus
3003 2337 3212 2406 justum
3256 2351 3399 2400 esse,
3440 2342 3500 2388 ut
3540 2333 3737 2402 prmdi-

2150 2439 2298 2485 ctum
2343 2429 2734 2484 monasterium
2776 2442 2884 2481 una
2924 2442 3048 2481 cum
3094 2424 3302 2480 cellulis
3340 2434 3397 2479 et
3433 2424 3600 2477 rebus
3636 2420 3737 2476 sibi

2150 2518 2410 2588 subjectis
2439 2519 2506 2574 ad
2536 2527 2745 2589 partem
2773 2518 3096 2572 Placentinae
3123 2516 3467 2585 episcopatus
3496 2512 3739 2569 ecclesia

2153 2615 2490 2679 redderetur,
2525 2622 2580 2668 et
2608 2613 2729 2667 ideo
2765 2611 3082 2682 praedictum
3105 2608 3498 2663 monasterium
3528 2608 3631 2659 sub
3660 2606 3739 2659 inp

2152 2705 2400 2775 tegritate
2427 2718 2523 2773 per
2550 2704 2692 2758 hanc
2718 2710 2919 2756 nostra:
2958 2699 3298 2754 auctoritatis
3322 2696 3737 2768 prmeeptionem

2153 2805 2456 2851 memorato
2506 2792 2804 2849 venerabili
2863 2791 3146 2861 episcopo,
3214 2796 3376 2857 atque
3419 2785 3741 2840 Placentina:

2153 2884 2397 2939 ecclesiae
2453 2882 2650 2937 rectori
2701 2882 2988 2936 restituere
3025 2888 3082 2934 et
3125 2877 3453 2934 conﬁrmare
3502 2874 3740 2929 decrevi.

2154 2991 2295 3031 mus.
2338 2974 2723 3045 Praecipientes
2751 2987 2880 3043 ergo
2909 2970 3161 3039 jubemus
3199 2978 3260 3023 ut
3297 2968 3476 3022 nullus
3505 2966 3739 3020 ﬁdelium

2154 3073 2467 3122 nostrorum
2511 3064 2770 3133 prtedicto
2810 3060 3101 3116 venerabili
3141 3058 3396 3129 episcopo
3428 3055 3664 3119 Podoni,
3689 3064 3741 3109 et

455 3154 701 3209 obtineat
724 3154 985 3223 vigorem,
1021 3152 1085 3207 de
1115 3152 1316 3206 annulo
1346 3157 1533 3205 nostro
1570 3150 1759 3204 subter
1787 3161 1909 3202 eam
1935 3144 2050 3215 jus-
2080 3139 2125 3202 C
2157 3157 2488 3213 placamina;
2525 3155 2792 3219 ecclesiae,
2822 3153 2907 3207 vel
2949 3148 3359 3211 successoribus
3391 3147 3513 3216 ejus
3552 3146 3622 3201 de
3662 3162 3741 3201 su-

456 3246 627 3299 simus
655 3243 901 3313 sigillari.

531 3333 726 3386 Datum
758 3332 1045 3387 undecimo
1074 3331 1344 3385 Kalendas
1375 3329 1625 3400 Augusti,
1653 3326 2054 3390 anno,Christo

458 3424 717 3493 propitio,
743 3433 897 3477 sexto
925 3422 1139 3491 imperii
1170 3422 1373 3476 domini
1402 3419 1659 3475 Ludovici
1688 3416 1919 3487 piissimi
1946 3416 2055 3469 Au-

460 3514 638 3581 gusti,
688 3512 984 3566 indictione
1017 3511 1083 3563 1‘2
1108 3523 1157 3563 α.
1188 3509 1384 3564 Actum
1429 3507 1751 3578 Angelhaim
1780 3506 1808 3545 δ
1853 3504 2055 3575 palatio

462 3604 701 3671 publico,
728 3596 791 3657 in'
810 3603 902 3657 Dei
934 3602 1151 3656 nomine
1179 3600 1426 3655 feliciter.
1453 3599 1643 3653 Amen.

538 3692 763 3762 Signum
791 3693 993 3747 domini
1022 3690 1302 3756 Ludovici,
1334 3690 1565 3761 piissimi
1588 3687 1936 3758 imperatoris
1956 3686 2059 3741 Au-

467 3785 610 3854 gusti
643 3795 689 3835 ο.

1097 3868 1431 3929 LXXXVIII.

865 3980 968 4019 PRO
1007 3977 1348 4019 HONASTEBIO
1387 3975 1655 4017 GRAVE-3N5].

1080 4054 1282 4125 (Amto-
1303 4052 1455 4122 820.)

544 4147 723 4219 [Apud
755 4146 987 4218 Uglielli,
1021 4146 1187 4200 Italia
1221 4162 1395 4205 sacra,
1428 4151 1559 4197 tom.
1592 4142 1655 4207 ll,
1685 4159 1806 4214 pag.
1837 4142 1989 4216 20L]

540 4240 595 4293 In
648 4240 865 4293 nomine
894 4238 1105 4293 Domini
1138 4237 1254 4301 Dei,
1303 4244 1359 4290 et
1398 4233 1699 4288 Salvatoris
1737 4234 1906 4288 nostri
1935 4233 2064 4288 Jesu

468 4330 697 4391 Christi,
726 4328 1055 4391 Ludovicus,
1090 4327 1273 4383 divina
1300 4325 1587 4380 ordinante
1616 4323 1924 4393 prudentia,
1965 4323 2065 4377 im-

467 4430 693 4489 perator
718 4418 1013 4488 Augustus.

2157 3249 2403 3320 pradicto
2460 3246 2796 3302 monasterio
2844 3243 3091 3299 Gravaco
3139 3242 3194 3295 in
3243 3254 3383 3311 pago
3432 3237 3741 3293 Placentino

2158 3346 2469 3395 constructo
2494 3337 2724 3393 ulterius
2753 3335 3074 3405 inquietare,
3104 3340 3196 3385 aut
3221 3330 3388 3384 ullam
3418 3328 3739 3383 calumniam

2159 3432 2406 3502 ingerere
2438 3436 2767 3500 praesumat;
2806 3427 2902 3481 sed
2944 3426 3106 3480 liceat
3140 3424 3189 3479 ei
3233 3438 3297 3478 ac
3337 3420 3742 3477 successoribus

2159 3520 2276 3589 ejus
2328 3526 2683 3575 memoratum
2707 3514 3118 3578 monasterium,
3168 3523 3279 3566 tam
3320 3511 3530 3574 nostris
3584 3523 3738 3579 quam

2162 3624 2537 3666 successorum
2581 3616 2889 3663 nostrorum
2929 3603 3283 3674 temporibus,
3332 3604 3546 3671 absque
3590 3600 3744 3654 ullius

2161 3701 2449 3771 potestatis
2477 3700 2564 3755 vel
2601 3714 2847 3770 personae
2886 3697 3099 3765 injustas
3127 3695 3540 3756 contrarietate,
3568 3692 3744 3762 quieto

2163 3792 2353 3847 ordine
2377 3799 2563 3845 tenere
2586 3805 2650 3844 ac
2674 3787 2967 3844 secundum
2998 3775 3184 3841 sacros
3205 3798 3447 3841 canones
3474 3784 3742 3847 ordinare,

2164 3894 2218 3940 et
2243 3883 2501 3954 quidquid
2526 3883 2719 3938 exinde
2744 3881 3041 3937 secundum
3066 3875 3373 3949 aequitatem
3404 3887 3462 3931 et
3481 3876 3745 3945 justitiam

2167 3974 2349 4029 facere
2391 3972 2694 4035 voluerint,
2735 3971 2959 4025 liberam
3010 3976 3065 4025 et
3106 3968 3476 4023 firmissimam
3515 3965 3747 4020 habeant

2166 4073 2523 4135 potestatem;
2550 4072 2613 4129 et
2642 4072 2701 4118 ut
2725 4065 2843 4118 haec
2882 4064 3177 4117 auctoritas
3192 4061 3423 4115 "ﬁrmior
3464 4060 3745 4123 habeatur,

2166 4164 2221 4211 et
2251 4171 2281 4208 a
2312 4154 2560 4209 fidelibus
2591 4161 2794 4207 sanctae
2819 4151 2911 4205 Dei
2939 4151 3194 4206 Ecclesia:
3221 4165 3284 4205 ac
3317 4148 3525 4203 nostris
3558 4148 3747 4202 melius

2169 4246 2422 4301 credatur
2462 4260 2526 4299 ac
2569 4242 2878 4312 diligentius
2923 4248 3289 4305 conservetur,
3336 4237 3527 4293 annuli
3580 4238 3746 4292 nostri

2166 4336 2527 4404 impressione
2557 4334 2758 4404 signari
2782 4333 3061 4403 jussimus.

2240 4428 2353 4498 Ego
2384 4424 2683 4481 Gandulfus
2726 4425 2793 4479 ad
2826 4425 2999 4480 vicem
3038 4423 3307 4495 Fridugisi
3343 4423 3663 4493 recognovi,
3700 4432 3750 4476 et

544 4506 601 4561 Si
626 4523 712 4561 res
736 4505 802 4560 ad
826 4514 1206 4561 saerosanctas
1234 4503 1496 4560 ecclesias
1524 4512 1579 4557 et
1607 4510 1805 4557 czetera
1834 4515 2061 4556 venera-
2088 4481 2141 4539 D
2168 4481 2484 4587 ευηᾷιηίρεί,

470 4598 598 4653 bilia
630 4599 717 4666 pia
740 4597 857 4652 loca
887 4598 1240 4666 pertinentes,
1264 4611 1385 4664 quae
1413 4602 1508 4650 aut
1534 4608 1633 4662 per
1655 4593 2063 4663 negligentiam,

474 4694 569 4739 aut
610 4700 707 4755 per
738 4684 1101 4754 quorumlibet
1146 4683 1440 4738 carnaliter
1466 4681 1765 4736 viventium
1795 4681 2065 4749 cupidita-

478 4781 586 4825 tem
614 4773 679 4826 de
709 4772 840 4840 ipsis
869 4771 1156 4827 abstractae
1179 4779 1325 4837 sunt,
1355 4771 1560 4826 eisdem
1593 4769 1799 4824 sanctis
1823 4769 2069 4824 ccclesiis

476 4871 532 4916 et
578 4862 975 4915 venerabilibus
1016 4876 1079 4915 ac
1126 4861 1231 4931 piis
1278 4860 1410 4915 locis
1460 4859 1880 4922 restituerimus,
1914 4866 1969 4911 et
1999 4859 2067 4913 ad

475 4966 667 5005 earum
722 4952 1145 5005 dominationem
1199 4950 1666 5014 revocaverimus,
1716 4950 1833 5002 hmc
1878 4948 2065 5017 procul

480 5042 645 5095 dubio
694 5043 873 5109 nobis,
927 5052 982 5098 et
1029 5052 1244 5097 aeternae
1279 5043 1544 5097 mercedis
1584 5044 1803 5111 praemia
1852 5041 2065 5097 facilius

558 5210 583 5237 ι
616 5195 842 5249 lndictio
873 5195 939 5247 12
966 5194 1254 5265 respondet
1280 5210 1417 5249 anno
1434 5194 1562 5265 819.

554 5267 581 5303 ι)
598 5265 793 5318 Errore
815 5264 1160 5319 amanuensis
1179 5280 1279 5333 pro
1296 5264 1658 5335 Ingelinheim,
1678 5281 1783 5333 quo
1796 5283 1860 5321 ex
1876 5266 2067 5335 Aquis-

484 5334 737 5416 granensi
786 5336 993 5414 palatio.
1033 5336 1332 5416 imperator
1365 5337 1566 5416 incuso.
1591 5334 1740 5416 Julio_
1762 5337 2061 5416 concessit,

484 5404 789 5469 ibidemque
814 5405 1028 5458 comitia
1058 5404 1263 5467 habuit,
1291 5413 1349 5456 ut
1379 5404 1600 5458 disertis
1628 5406 1811 5459 verbis
1836 5414 2063 5460 testatur

488 5474 828 5547 Eginhardus
874 5475 924 5525 in
970 5474 1265 5547 Annalibus
1315 5474 1584 5547 a_d__h_u_nc
1641 5490 1873 5547 annum,
1917 5474 2066 5547 apud

488 5542 550 5595 Ι).
590 5544 871 5612 Bouquet.,
910 5552 1037 5597 tom.
1069 5543 1155 5600 Vl.
1179 5558 1300 5611 pag.
1332 5543 1427 5595 178
1462 5544 1548 5612 (Et
1576 5560 1757 5612 supra,
1784 5544 1886 5595 col.
1916 5543 2064 5612 567).

562 5622 583 5647 ε
624 5608 747 5664 Haec
776 5614 958 5674 verba,
985 5627 1104 5679 qum
1131 5608 1192 5665 in
1210 5614 1327 5665 aliis
1357 5608 1732 5680 diploinatibus
1759 5608 2070 5680 cancellarii

491 5694 684 5733 nomen
736 5691 998 5753 notasque
1042 5681 1341 5737 Chronicas
1374 5679 1709 5751 prmcedunt,
1763 5679 1901 5735 forte
1940 5682 2087 5734 anti-

2243 4610 2375 4664 Data
2406 4625 2438 4663 v
2464 4608 2580 4662 Kal.
2610 4607 2799 4673 Maias,
2830 4621 2992 4671 anno,
3017 4605 3233 4661 Christo
3257 4603 3514 4673 propitio,
3535 4603 3566 4655 7
3584 4605 3750 4673 impc—

2170 4702 2236 4756 rii
2272 4700 2333 4754 D.
2360 4698 2615 4755 Ludovici
2652 4696 2882 4766 piissimi
2910 4696 3160 4767 Augusti,
3203 4694 3391 4749 indict.
3426 4694 3511 4749 l5.
3560 4693 3749 4747 Actum

2169 4790 2494 4860 Aquisgrani
2534 4788 2735 4859 palatio
2779 4787 2929 4858 regio
2978 4786 3031 4840 in
3079 4785 3173 4840 Dei
3227 4784 3447 4840 nomine
3498 4782 3746 4838 feliciter.

2171 4881 2364 4935 Amen.

2172 5195 2446 5317 Erapharii
2477 5194 2630 5263 culpa
2666 5194 2732 5275 ad
2764 5193 2922 5247 ﬁnem
2950 5194 3146 5261 reiecta
3178 5204 3322 5278 sunt.
3346 5196 3544 5278 .Refcrt
3575 5208 3749 5255 tamen

2217 5272 2481 5317 ouauetus
2509 5265 2608 5317 loc.
2640 5272 2755 5317 θη..
2788 5278 2907 5317 una.
2938 5264 3062 5317 5l8.
3091 5279 3161 5317 ex
3193 5266 3360 5317 Hii-aet
3384 5267 3519 5317 Cod-
3558 5270 3745 5317 Donat-

2217 5264 2481 5335 ouquetus
2509 5264 2771 5335 loc._cit.,_
2788 5278 2907 5333 pag.
2938 5264 3062 5328 5l8,
3091 5279 3161 5319 ex
3190 5266 3360 5335 Mirati
3384 5267 3519 5323 Cod.
3558 5270 3746 5325 Donat.

2172 5332 2567 5408 Eia_ri_un,_pag_.
2614 5332 2705 5408 55.
2750 5332 3107 5408 fragmentum
3135 5334 3386 5408 ‘alterius
3424 5338 3747 5408 diplomatis,

2175 5400 2481 5470 Eginhardo
2526 5400 2825 5455 Candensis
2841 5400 3167 5457 monasterii
3213 5407 3395 5460 abbati
3426 5423 3457 5460 a
3482 5400 3749 5463 Ludovico

2175 5472 2271 5525 Pio
2297 5472 2559 5535 concessi,
2595 5470 2683 5542 ubi
2714 5471 3035 5542 subscriptio
3059 5473 3405 5542 imperatoris
3439 5478 3657 5531 tandem
3687 5478 3747 5529 ad

2176 5542 2380 5665 calcem
2416 5558 2629 5611 quoque
2659 5541 2871 5612 legitur.
2904 5541 3034 5598 Vide
3074 5541 3307 5613 diploma
3339 5548 3589 5615 proxime
3617 5561 3746 5619 pra:-

2281 5628 2401 5665 CllF.

2281 5628 2401 5667 CllF.
