3936 6322
887 470 1169 525 LXXXIX.

648 575 745 615 PRO
784 577 1117 617 UONASTERIO
1154 575 1423 615 FARFENSI.

841 651 1022 721 (Anno
1056 650 1209 720 820.)

338 735 513 810 [Apud
538 736 758 803 Mabill.,
791 738 982 793 Annal.
1009 739 1123 810 οῘᾴ2
1240 738 1459 806 Bened.,
1492 748 1622 794 tom.
1653 739 1716 805 ll,

876 825 997 879 pag.
1032 807 1180 881 722.]

312 894 368 948 in
397 896 610 950 nomine
636 896 850 952 Domini
889 905 942 952 et
968 896 1267 953 Salvatoris
1303 899 1472 952 nostri
1503 897 1630 953 Jesu
1660 898 1815 954 Chri-

233 981 333 1045 sti,
370 982 670 1038 Ludovicus
705 984 885 1038 divina
938 985 1224 1042 ordinante
1265 977 1604 1056 providentia
1650 988 1816 1058 impe-

236 1080 392 1125 rator
432 1071 722 1143 Augustus,
759 1075 1009 1131 omnibus
1049 1072 1335 1148 episcopis,
1379 1076 1686 1145 abbatibus,
1722 1079 1818 1135 ab-

232 1162 477 1229 batissis,
528 1165 773 1231 ducibus,
824 1167 1131 1234 comitibus,
1173 1159 1462 1238 judicibus,
1514 1157 1813 1239 gastaidiis,

233 1255 416 1311 vassis
455 1257 675 1322 nostris,
706 1258 941 1324 vicariis,
982 1252 1318 1320 actionariis.
1356 1259 1705 1324 centenariis,
1732 1260 1816 1315 vel

235 1342 462 1414 reliquis
495 1344 759 1412 fidelibus,
791 1363 887 1402 seu
928 1349 1109 1404 missis
1136 1341 1340 1404 nostris
1373 1349 1572 1418 ubique
1609 1351 1818 1406 discur-

234 1434 504 1488 rentibus.
564 1434 917 1506 Cognoscatis
974 1439 1100 1508 quia
1155 1438 1441 1507 lngoaldus
1490 1442 1816 1498 venerabilis

235 1522 405 1578 abbas
442 1539 509 1578 ex
541 1527 868 1581 monasterio
907 1536 1106 1584 sanctae
1139 1530 1231 1584 Dei
1261 1531 1536 1600 genitricis
1579 1547 1817 1604 semper-

234 1627 346 1680 que
383 1613 606 1681 virginis
645 1615 845 1681 Mariae,
885 1607 1170 1674 Shbinensi
1219 1619 1273 1673 in
1307 1619 1428 1676 loco
1467 1621 1561 1692 qui
1597 1630 1818 1678 vocatur

233 1705 554 1773 Acutianus,
583 1708 883 1764 clementiae
921 1711 1072 1782 regni
1101 1713 1271 1767 nostri
1302 1714 1555 1779 innotuit,
1583 1729 1650 1769 eo
1676 1717 1817 1786 quod

1374 347 1765 410 DlPLOMATA
1799 337 2346 408 ECCLESIASTICA.

1840 469 1887 528 Α
1915 462 2110 516 dimus.
2140 461 2343 514 Idcirco
2374 458 2582 521 noverit
2610 458 2850 513 omnium
2879 456 3114 514 fidelium
3148 466 3479 524 nostrorum,

3342 333 3478 400 1er

1915 563 2021 606 tam
2064 552 2407 621 praesentium
2436 565 2595 620 quam
2623 559 2677 606 et
2704 549 3030 621 futurorum,
3075 550 3315 614 solertia,
3357 551 3481 620 quia

1915 644 1996 697 vir
2021 643 2343 701 venerabilis
2370 642 2703 698 Casteilanus
2736 642 2898 697 abbas
2929 642 3240 698 monasterii
3270 641 3484 698 Sanctae

1913 731 2097 787 Mariae
2128 732 2352 786 veniens
2399 732 2466 787 ad
2503 746 2625 797 nos,
2669 731 2901 785 innotuit
2934 747 3000 787 eo
3036 732 3179 802 quod
3215 731 3329 803 ipse
3357 737 3483 788 cum

1914 821 2171 877 fratribus
2209 822 2322 877 suis
2366 821 2422 875 in
2464 820 2599 875 valle
2638 835 2758 889 qua:
2798 820 2994 875 dicitur
3037 819 3260 892 Asperia
3300 835 3485 876 mona-

1914 913 2137 968 sterium
2185 912 2241 967 in
2283 911 2508 966 aediﬁcia
2555 911 2776 978 antiqua
2833 911 3224 978 construxerit,
3274 911 3329 965 in
3375 926 3482 982 quo

1915 1020 2080 1070 nunc,
2106 1004 2216 1059 Deo
2250 1003 2565 1074 opitulante,
2598 1018 2721 1058 cum
2760 1005 2918 1058 turba
2959 1004 3342 1059 monachorum
3382 1005 3482 1060 sub

1914 1104 2099 1151 sancta
2140 1096 2320 1166 regula
2362 1096 2580 1162 militat,
2605 1097 2900 1152 obsecrans
2933 1104 2991 1151 ut
3026 1097 3337 1167 pmdictum
3363 1113 3483 1153 mo-

1915 1189 2212 1244 nasterium
2250 1196 2305 1243 et
2338 1187 2580 1254 cellulas,
2615 1202 2748 1256 quas
2784 1187 2886 1258 ipsi
2919 1188 2988 1244 ab
3026 1198 3210 1243 eremo
3243 1196 3487 1242 constru-

1916 1288 2129 1344 xerunt,
2163 1288 2218 1334 et
2245 1294 2388 1333 nunc
2416 1279 2614 1333 ibidem
2641 1279 2936 1348 aspiciunt;
2979 1278 3033 1333 id
3072 1287 3173 1343 est,
3202 1279 3486 1334 ecclesiam

1919 1369 2103 1426 Sancti
2137 1370 2284 1424 Petri
2326 1369 2378 1423 in
2402 1369 2616 1435 Arulas,
2651 1378 2708 1423 et
2741 1370 3026 1425 ceclesiam
3055 1369 3238 1426 Sancti
3266 1369 3490 1426 Joannis

1917 1459 1972 1513 in
2005 1460 2203 1514 Riardo
2239 1468 2295 1515 et
2331 1459 2610 1515 ecclesiam
2653 1459 2839 1516 Sancti
2875 1460 3074 1517 Iuliani
3111 1478 3271 1533 super
3296 1463 3489 1519 Bucia—

1919 1569 2040 1608 cum
2079 1553 2332 1618 rivulum,
2375 1560 2430 1607 et
2469 1558 2690 1608 caeteras
2733 1569 2820 1609 res
2859 1554 2926 1609 ad
2954 1554 3266 1624 praedictum
3301 1569 3485 1611 mona-

1918 1646 2144 1699 sterium
2182 1643 2394 1700 Sancta:
2432 1639 2612 1699 Mariae
2649 1630 2980 1715 pertinentes
3019 1645 3101 1700 vel
3145 1647 3490 1715 aspicientes,

1920 1735 2020 1789 sub
2066 1745 2250 1791 nostro
2303 1737 2700 1806 susciperemus
2759 1735 3129 1791 mundeburdo
3182 1745 3345 1806 atque
3389 1739 3493 1794 tui-

236 1797 510 1892 mfnaChio
557 1798 641 1852 νει
687 1801 983 1892 {ﬁculnum
1033 1801 1274 1872 τοευιαιη
1321 1804 1493 1858 sane“
1541 1803 1814 1861 Benedic“
1845 1815 1890 1874 B
1921 1824 2094 1888 tione;
2143 1832 2410 1892 quatenus
2451 1797 2620 1878 iidem
2670 1825 2920 1879 monachi
2966 1840 3087 1879 cum
3128 1797 3379 1882 omnibus
3425 1829 3493 1883 ad

237 1883 417 1940 offerti
459 1895 662 1942 sancta:
702 1888 903 1953 Maria,
942 1905 1078 1958 quos
1119 1891 1233 1962 ipse
1281 1892 1600 1951 ordinaliter
1626 1897 1817 1966 υττενί-

236 1971 369 2029 dere
401 1975 579 2043 debet,
625 1976 745 2048 fuga
778 1979 929 2049 lapsi,
962 1995 1060 2049 per
1095 1983 1365 2054 episcopia
1398 1994 1452 2040 et
1483 1995 1676 2041 caetera
1704 2003 1817 2043 mo-

237 2067 495 2130 nasteria,
527 2069 649 2122 sive
665 2083 762 2137 per
796 2067 1009 2125 diversa
1039 2069 1156 2125 ioca
1183 2068 1467 2142 aliquoties
1502 2085 1813 2145 appareant,

235 2164 292 2209 ct
324 2155 505 2210 retulit
543 2160 683 2226 quod
723 2157 868 2214 nullo
905 2161 1063 2216 modo
1098 2162 1338 2232 recipere
1367 2165 1563 2231 valeat,
1601 2167 1696 2220 sed
1737 2168 1818 2220 in-

232 2243 378 2313 juste
427 2259 456 2298 a
505 2246 835 2314 quibuslibet
886 2244 1197 2306 hominibus
1244 2252 1294 2306 ei
1339 2261 1431 2307 aut
1474 2255 1657 2311 missis
1705 2257 1818 2312 suis

234 2336 562 2390 contradicti
606 2336 754 2391 fiant.
792 2338 947 2395 Unde
975 2342 1132 2410 petiit
1167 2341 1473 2398 celsitudini
1510 2353 1732 2412 nostrze,
1762 2355 1819 2401 ut

234 2425 546 2495 ubicunque
582 2441 676 2482 eos
712 2426 958 2484 invenire
993 2431 1249 2500 potuerit,
1286 2439 1396 2485 tam
1433 2433 1548 2504 ipse
1575 2449 1733 2504 quam
1764 2446 1818 2489 et

236 2519 392 2574 missi
424 2521 505 2574 sui
547 2528 706 2590 atque
734 2519 850 2588 ejus
885 2538 1249 2588 successores,
1349 2539 1380 2579 a
1449 2527 1665 2581 nemine
1689 2542 1818 2582 con-

238 2610 456 2664 tradicti
496 2610 648 2676 fiant,
676 2613 768 2666 sed
805 2612 1077 2667 licentiam
1111 2613 1343 2669 habeant
1369 2629 1483 2681 eos,
1514 2616 1821 2686 ubicunque

239 2699 446 2755 inventi
481 2700 700 2768 fuerint,
738 2704 1152 2772 pnesentialiter
1196 2706 1437 2775 recipere
1481 2708 1686 2776 absque
1721 2707 1821 2762 alio

236 2788 397 2857 cujus
442 2788 699 2845 dilatione
745 2791 828 2846 vel
880 2794 1284 2850 contrarietate.
1340 2795 1631 2866 Propterea
1677 2798 1819 2853 hanc

235 2881 615 2936 auctoritatem
657 2883 737 2947 eis
787 2883 903 2938 fieri
941 2886 1217 2954 jussimus,
1266 2901 1363 2956 per
1395 2903 1556 2957 quam
1596 2889 1819 2944 omnino

229 2970 508 3040 jubemus,
538 2983 597 3028 ut
623 2974 800 3029 nullus
825 2975 1081 3045 quislibet
1111 2991 1173 3030 ex
1209 2977 1359 3032 vobis
1388 2976 1610 3047 praefato
1639 2979 1820 3034 abbati

235 3061 462 3134 ejusque
509 3067 913 3121 successoribus
962 3076 1127 3137 atque
1171 3067 1350 3122 missis
1396 3083 1604 3134 eorum,
1645 3078 1706 3124 ut
1753 3071 1819 3126 de

1919 1928 2014 1968 eos
2069 1914 2466 1982 pertinentibus
2501 1914 2680 1985 quiete
2715 1928 2780 1968 ac
2809 1913 2974 1969 libere
3003 1915 3265 1970 viverent.
3331 1916 3494 1986 Cujus

1919 2005 2171 2073 precibus
2207 2004 2274 2058 ob
2304 2018 2544 2059 amorem
2571 2003 2667 2059 Dei
2699 2011 2754 2058 et
2787 2006 3145 2061 reverentiam
3183 2007 3346 2062 divini
3383 2008 3496 2062 cul—

1922 2102 2008 2147 tus
2060 2106 2246 2145 aurem
2292 2093 2704 2148 accommodare
2759 2094 3003 2162 placuit,
3050 2103 3106 2149 et
3152 2095 3251 2151 hos
3296 2105 3496 2152 nostra:

1919 2182 2256 2236 auctoritatis
2295 2183 2602 2252 imperiales
2639 2184 2818 2253 apices
2848 2183 2966 2239 fieri
2998 2183 3366 2251 decrevimus;
3401 2203 3499 2256 per

1920 2287 2058 2341 quos
2097 2273 2441 2343 praecipimus
2501 2281 2663 2343 atque
2704 2272 2955 2342 jubemus
3008 2283 3066 2329 ut
3112 2276 3291 2332 nullus
3331 2276 3496 2345 judcx

1918 2362 2184 2431 publicus,
2233 2371 2327 2416 aut
2369 2363 2626 2432 quislibet
2673 2377 2739 2419 ex
2778 2364 3065 2435 judiciaria
3112 2371 3401 2438 potestate,
3441 2372 3496 2423 in

1918 2451 2204 2518 praedictas
2241 2451 2481 2515 cellulas,
2511 2460 2604 2506 aut
2642 2452 2696 2506 in
2737 2453 2897 2508 rebus
2931 2454 2997 2509 ad
3025 2455 3339 2525 praedictum
3385 2462 3500 2512 mo-

1920 2540 2219 2595 nasterium
2259 2541 2506 2612 iegaliter
2543 2543 2926 2613 aspicientibus
2964 2545 3170 2616 ingredi
3205 2550 3499 2604 temerario

1921 2635 2055 2682 ausu
2097 2629 2164 2682 ad
2192 2631 2500 2685 mansiones
2537 2631 2623 2685 vel
2657 2640 2874 2702 paratas
2911 2632 3204 2703 faciendas,
3237 2645 3331 2692 aut
3369 2637 3500 2693 ﬁde

1914 2718 2157 2788 jussores
2188 2719 2471 2788 tollendos,
2509 2729 2604 2776 aut
2630 2723 2877 2780 homines
2905 2724 3144 2794 ejusdem
3182 2731 3499 2785 monasterii

1922 2809 2343 2881 distringendos,
2385 2819 2477 2866 aut
2517 2812 2651 2868 ullas
2691 2814 3109 2884 redhibitiones,
3150 2826 3244 2873 aut
3282 2820 3499 2876 illicitas

1921 2898 2235 2953 occasiones
2274 2900 2571 2968 requirere,
2612 2909 2704 2955 aut
2744 2911 2996 2960 exactare
3036 2917 3353 2976 prmsumat;
3404 2912 3498 2966 sed

1921 2986 2080 3042 liceat
2117 2984 2433 3056 praedictum
2470 2992 2720 3046 abbatem
2760 3001 2814 3049 et
2849 3009 3190 3052 successores
3221 3014 3349 3056 suos
3376 3015 3497 3057 cum

1923 3078 2008 3134 bis
2049 3079 2209 3133 rebus
2247 3082 2502 3149 praesenti
2544 3088 2784 3152 tempore
2819 3085 2886 3139 ad
2914 3083 3194 3156 prmfatum
3233 3097 3501 3146 monaste-

236 3155 375 3219 suis,
410 3164 466 3208 ut
495 3154 748 3221 diximus,
787 3152 1087 3222 monachis,
1117 3157 1198 3212 vel
1225 3158 1518 3213 secundum
1548 3161 1818 3229 :equitatis
1847 3157 1890 3219 C
1923 3169 2060 3223 rium
2112 3170 2501 3241 aspicientibus
2553 3173 2652 3227 sub
2708 3185 2892 3230 nostra
2915 3152 2933 3156 ν
2958 3176 3266 3234 defensione
3320 3181 3500 3252 quiete

240 3244 483 3315 regulam
513 3242 719 3302 offertis
747 3245 1005 3319 fugitivis,
1038 3250 1241 3305 nullum
1269 3252 1706 3321 impedimentum
1737 3255 1820 3310 vel

235 3335 722 3389 contradictionem
765 3335 945 3392 facere
979 3341 1358 3408 praesumatis:
1397 3342 1490 3398 sed
1519 3344 1822 3414 ubicunque

237 3425 444 3480 inventi
481 3423 714 3495 fuerint,
752 3428 818 3484 de
856 3432 1111 3501 praesenti
1152 3434 1471 3502 regulariter
1514 3435 1820 3504 bujusmodi

235 3517 605 3586 recipiantur;
647 3528 702 3575 et
739 3522 827 3590 qui
867 3523 1024 3577 aliter
1048 3539 1208 3594 agere
1238 3525 1486 3592 voluerit,
1519 3528 1654 3582 sciat
1682 3543 1739 3583 se
1769 3529 1821 3583 in

234 3606 529 3673 praesentia
571 3615 752 3662 nostra
791 3624 889 3678 pro
931 3612 1030 3666 hac
1077 3628 1132 3666 re
1171 3613 1225 3667 in
1266 3615 1501 3670 rationes
1545 3616 1818 3682 advenire,

239 3702 300 3749 et
337 3696 434 3749 bas
476 3695 686 3752 litteras
726 3700 958 3756 reiectas
997 3703 1077 3758 eis
1118 3704 1608 3761 redderefaciatis.
1661 3708 1728 3761 Et
1766 3718 1824 3762 ut

240 3785 448 3841 certius
489 3787 728 3843 credatis
767 3790 908 3846 hanc
951 3801 1192 3848 nostram
1241 3809 1361 3851 esse
1400 3796 1719 3866 jussionem,
1755 3798 1821 3853 de

239 3876 444 3931 annulo
472 3887 662 3934 nostro
686 3881 875 3936 subtus
903 3883 1124 3952 sigillari
1149 3883 1429 3952 jussimus.

318 3967 450 4021 Data
493 3984 546 4022 tv
571 3968 689 4023 Kal.
719 3970 863 4037 Maii,
901 3989 1043 4028 anno
1072 3973 1288 4031 Christo
1324 3979 1557 4048 propitio
1609 3981 1822 4051 imperii

240 4055 447 4110 domini
495 4056 748 4114 Ludovici
806 4061 1036 4130 piissimi
1089 4063 1318 4136 Augusti
1373 4068 1427 4132 7,
1485 4069 1671 4124 indict.
1733 4072 1818 4125 15.

242 4147 439 4202 Actum
466 4146 789 4219 Aquisgraui
819 4147 1020 4222 palatio
1055 4156 1202 4226 regio
1237 4157 1291 4210 in
1319 4156 1413 4213 Dei
1461 4161 1677 4215 nomine
1705 4161 1822 4214 feli-

242 4238 404 4292 citer.

977 4313 1086 4368 XC.

299 4413 397 4450 I‘RO
437 4412 770 4455 NONASTERIO
806 4414 1062 4462 ARULENSI
1101 4415 1153 4458 IN
1193 4421 1420 4461 υιακεει
1461 4424 1772 4466 ΗΕΗΞΝΕΝΞΙ.

855 4493 1026 4560 (Anno
1065 4495 1216 4567 820.)

247 4575 428 4647 [Apud
469 4577 530 4632 D.
560 4577 847 4663 Bouquetq
878 4591 1008 4663 toni.
1036 4585 1122 4651 Vl,
1161 4601 1282 4658 pag.
1296 4588 1438 4663 ἕξει
1489 4600 1552 4646 ex
1581 4593 1820 4663 Append.

639 4652 708 4702 ad
734 4650 902 4705 Marc.
934 4653 1112 4723 Hisp.,
1144 4650 1264 4727 pag:
1296 4650 1442 4731 766.]

321 4755 378 4807 in
405 4757 620 4845 nomine
644 4757 856 4812 Domini
884 4761 977 4816 Dei
1003 4769 1057 4816 et
1083 4763 1460 4836 Redemptoris
1483 4767 1824 4845 [Salvatoris]

252 4844 425 4898 nostri
453 4842 578 4899 Jesu
603 4845 827 4912 Christi,
857 4848 1157 4907 Ludovicus
1189 4855 1368 4909 divina
1395 4858 1680 4914 ordinante
1703 4842 1826 4931 pro;

250 4933 488 4987 videntia
517 4933 811 5004 imperator
833 4937 1122 5010 Augustus.

327 5022 384 5078 Si
423 5038 550 5112 erga
584 5025 702 5081 loca
739 5029 938 5085 divinis
972 5033 1208 5091 cultibus
1253 5040 1560 5110 mancipata
1608 5056 1829 5112 propter

256 5125 497 5165 amorem
522 5111 613 5166 Dei
641 5114 862 5185 ejusque
898 5118 954 5172 in
979 5121 1186 5177 eisdem
1218 5124 1348 5180 locis
1375 5127 1475 5182 sibi
1505 5111 1831 5186 famulantes

258 5200 520 5293 beneficia
548 5215 846 5274 Opportuna
882 5210 1160 5282 largimur,
1187 5218 1470 5284 praemium
1505 5220 1660 5275 nobis
1686 5223 1829 5293 apud

258 5289 544 5345 Dominum
571 5301 786 5350 aeternae
821 5303 1270 5358 remunerationis
1310 5308 1527 5376 rependi
1556 5324 1662 5363 non
1689 5289 1828 5364 ditii—

331 5461 357 5531 ξ
382 5449 606 5531 indictio
634 5452 700 5531 μ
725 5469 756 5508 a
781 5470 968 5531 mense
997 5459 1297 5531 Septembri
1336 5463 1655 5521 inchoanda.

331 5518 361 5558 δ
389 5518 725 5577 Mabiilonius
780 5523 873 5578 lib.
907 5543 959 5581 νι
1013 5518 1085 5584 de'
1119 5530 1197 5612 tu;
1243 5518 1658 5659 diplomnﬁiiil
1701 5537 1825 5602 526,

331 5595 525 5659 amarat
564 5602 890 5659 praeceptum
935 5596 1188 5654 Ludovici
1246 5603 1428 5658 datum
1473 5621 1505 5658 ν
1589 5622 1617 5659 a
1645 5647 1658 5659 .
1704 5606 1824 5659 Oct.

261 5595 525 5662 memorat
564 5602 890 5662 praeceptum
935 5596 1188 5654 Ludovici
1246 5595 1428 5658 da'tum
1473 5595 1505 5658 v
1538 5595 1658 5660 Kal.
1704 5595 1824 5662 Oct.

261 5658 670 5744 eodemuanbo,
715 5658 783 5744 ab
823 5658 1829 5744 eodem_Durant_iorecognitumide

262 5727 494 5796 quadam
549 5733 970 5788 commutatione
1028 5737 1169 5791 inter
1221 5727 1826 5802 Hilduiuutb—abba’tem

695 5822 961 5889 Ρηιιοι..
995 5827 1065 5892 Cl
1079 5830 1146 5890 ν.

1920 3261 2103 3316 vivere
2141 3276 2204 3317 ac
2243 3262 2500 3318 residere.
2546 3263 2615 3318 Et
2652 3266 3085 3335 quandoquidem
3123 3269 3303 3324 divina
3340 3287 3499 3326 voca-

1925 3351 2070 3406 tione
2130 3360 2461 3406 memoratus
2518 3353 2686 3408 abbas
2732 3354 2799 3410 de
2848 3356 2949 3411 hac
2991 3358 3112 3415 luce
3163 3362 3500 3433 migraverit,

1923 3442 2160 3512 quandiu
2201 3443 2299 3511 ipsi
2339 3443 2588 3499 monachi
2625 3445 2767 3500 inter
2805 3461 2863 3501 se
2901 3448 3037 3504 tales
3078 3450 3382 3507 invenerint
3410 3456 3503 3523 qui

1921 3551 2014 3590 eos
2051 3537 2344 3591 secundum
2384 3536 2626 3607 regulam
2666 3539 2841 3595 sancti
2865 3540 3140 3597 Benedicti
3183 3557 3370 3616 regere
3409 3561 3503 3602 va-

1923 3627 2089 3691 leant,
2118 3627 2390 3680 licentiam
2416 3626 2651 3681 habeant
2675 3628 2905 3700 eligendi
2937 3631 3160 3688 abbates
3188 3653 3201 3689 :
3230 3645 3498 3705 quatenus

1922 3719 2066 3788 ipsos
2113 3719 2406 3774 monachos
2442 3734 2539 3790 pro
2579 3721 2770 3786 nobis,
2812 3722 3071 3795 conjuge,
3109 3726 3366 3798 pr‘oleque
3407 3739 3501 3785 no-

1921 3820 2057 3875 stra,
2088 3809 2170 3865 vel
2202 3825 2299 3878 pro
2327 3809 2620 3866 stabilitate
2649 3811 2812 3867 totius
2841 3812 3054 3883 imperii
3082 3817 3275 3882 nostri,
3301 3818 3502 3889 jugitcr‘

1923 3899 2138 3954 Domini
2177 3900 2606 3955 misericordiam
2645 3916 2872 3957 exorare
2909 3903 3157 3961 delectet.
3203 3907 3270 3962 Et
3306 3917 3364 3963 ut
3389 3907 3503 3964 haec

1923 3990 2219 4044 auctoritas
2274 3990 2477 4044 nostris
2539 3989 2845 4062 futurisque
2897 3997 3227 4065 temporibus
3272 3998 3502 4056 Domino

1925 4085 2244 4147 protegente
2269 4077 2446 4132 valeat
2475 4078 2787 4134 iuconvulsa
2829 4092 3065 4148 manere,
3098 4101 3257 4140 manu
3283 4091 3501 4159 propria

1924 4166 2467 4234 subterﬂrmavimus,
2509 4178 2565 4224 et
2603 4170 2789 4224 annuli
2825 4173 2997 4228 nostri
3027 4174 3383 4246 impressione
3423 4173 3499 4238 si-

1925 4257 2080 4327 gnari
2111 4258 2390 4327 jussimus.

1998 4347 2503 4419 SignumLudovici
2534 4351 2861 4408 serenissimi
2887 4353 3252 4424 imperatoris.

1997 4441 2281 4498 Durandus
2306 4441 2564 4496 diaconus
2589 4442 2656 4496 ad
2679 4443 2849 4499 vicem
2874 4443 3140 4516 Fridugisi
3163 4454 3495 4521 recognovit.

1852 4500 1902 4558 υ
2001 4534 2134 4588 Data
2181 4549 2248 4587 xv
2291 4532 2406 4587 Kal.
2450 4532 2717 4599 Octobris,
2765 4549 2908 4591 anno
2948 4500 3498 4612 Christo,

1933 4623 2114 4678 domni
2159 4622 2413 4678 Ludovici
2465 4623 2696 4692 piissimi
2743 4623 2988 4696 Augusti,
3022 4639 3048 4668 ι
3081 4628 3374 4687 indictione
3412 4634 3497 4690 14.

1933 4713 2125 4767 Actum
2158 4712 2294 4769 γει-ιι
2320 4711 2522 4782 palatio
2547 4712 2603 4768 in
2624 4712 2720 4768 Dei
2743 4716 2960 4771 nomine
2983 4715 3230 4778 feliciter.
3260 4721 3431 4778 Amen
3450 4725 3497 4781 δ.

2633 4819 2768 4880 XCI.

2286 4957 2386 4996 PRO
2410 4956 2744 4997 IONLSTERIO
2770 4957 3069 5008 PBUIIENSI,

2537 5050 2708 5122 (Anno
2731 5052 2880 5126 820.)

1931 5156 2106 5228 [Apud
2132 5157 2464 5222 Hontheinn,
2497 5158 2748 5282 Minoi-ila2
2773 5159 3111 5302 {resinatum
3150 5175 3276 5221 tom.
3300 5167 3339 5234 l,
3373 5185 3494 5242 pag.

2003 5319 2060 5372 lu
2085 5321 2300 5374 nomine
2329 5319 2538 5375 Domini
2588 5320 2683 5376 Dei
2735 5329 2789 5376 et
2831 5322 3128 5381 Salvatoris
3157 5331 3328 5385 nostri
3369 5331 3495 5388 Jesu

1932 5467 2315 5553 Dionysiapum
2343 5479 2400 5553 et
2421 5464 2818 5553 T'h'eodariumz
2833 5472 3094 5553 Memorat
3119 5487 3174 5553 et
3200 5479 3500 5553 aliudprte-

1931 5539 2231 5622 εοριυιηάθ
2257 5541 2495 5622 quadam
2509 5539 3025 5622 commutationehab
3044 5549 3232 5622 eodem
3248 5539 3503 5622 Hilditino

1932 5606 2070 5662 facta
2111 5618 2231 5663 eum
2271 5606 2564 5675 llairrado;
2605 5611 2788 5666 datum
2831 5629 2885 5668 xi
2929 5613 3045 5669 Kal.
3093 5606 3348 5674 Novemb.
3395 5606 3500 5677 Sile

1931 5677 2308 5759 viacopahtio
2341 5679 2510 5751 regio,
2542 5680 2732 5738 eodem
2761 5697 2920 5750 anno,
2951 5694 3006 5739 et
3038 5686 3226 5742 eodem
3249 5687 3505 5748 Durando

1930 5757 2161 5803 notario.

2987 5845 3067 5907 35
