3936 6382
435 362 458 417 ί
467 362 573 419 099

1580 356 1903 415 LUDOVICI
1944 356 1963 411 1
2003 352 2469 411 COGNOMENTO
2509 355 2591 410 ΡΠ

3573 348 3713 403 “00

427 477 651 540 Christi,
684 473 990 530 Ludovicus
1011 474 1193 529 divina
1223 473 1510 531 ordinante
1538 473 1879 543 providentia
1910 472 2009 525 im-
2035 473 2085 531 Α
2114 470 2311 523 mobile
2336 478 2388 523 et
2420 466 2711 529 immobile,
2758 474 2929 519 totum
2966 472 3020 520 et
3045 463 3111 518 ad
3135 464 3411 533 integrum
3434 476 3538 531 per
3572 468 3717 517 hanc

429 576 649 638 perator
676 564 970 635 Augustus.

502 658 561 713 Si
620 654 963 713 liberalitatis
1013 662 1491 709 nostraemunere
1539 654 1605 709 de
1654 652 1932 708 beneﬁciis
1982 667 2010 705 a

432 748 547 805 Deo
596 746 754 809 nobis
786 744 1000 801 collatis
1045 743 1178 797 locis
1206 743 1316 797 Deo
1348 743 1543 798 dicatis
1591 742 1847 812 quiddam
1883 755 2013 795 con-

434 836 660 893 ferimus
684 875 700 899 ,
735 834 789 889 id
838 832 997 888 nobis
1048 839 1103 887 et
1129 831 1197 886 ad
1233 831 1521 887 mortalem
1561 832 1724 886 vitam
1783 829 2013 884 feliciter

432 925 839 997 transigendam
874 964 889 988 ,
925 932 981 978 et
1022 922 1091 977 ad
1133 930 1391 979 aeternam
1436 921 1826 995 perpetualiter
1866 921 2011 976 obti-

430 1012 687 1075 nendam,
716 1009 1057 1080 profuturum
1109 1007 1316 1077 liquido
1346 1008 1638 1063 credimus.
1669 1007 1878 1061 Idcirco
1919 1021 2014 1060 no.

434 1098 572 1157 verit
595 1102 837 1155 omnium
866 1097 1105 1155 fidelium
1141 1106 1479 1164 nostrorum,
1526 1107 1635 1153 tam
1665 1096 2012 1168 praesentium

432 1204 596 1262 quam
619 1198 674 1244 et
697 1188 1024 1253 futurorum,
1066 1186 1309 1252 solertia,
1337 1187 1465 1256 quia
1512 1202 1612 1241 nos
1640 1186 1823 1240 divina
1873 1184 2015 1253 aSpi-

436 1281 647 1336 ratione
671 1279 822 1343 tacti,
864 1286 919 1333 et
945 1277 1189 1333 coalestis
1216 1278 1409 1347 patria:
1436 1292 1622 1332 amore
1650 1276 1921 1339 succensi,
1945 1274 2013 1328 li-

432 1374 551 1429 buit
584 1370 739 1427 nobis
789 1370 859 1426 ob
905 1369 1101 1426 animae
1152 1378 1353 1425 nostra:
1381 1369 1615 1424 salutem
1665 1368 1732 1422 ad
1764 1381 1788 1408 ει
1825 1367 2015 1422 cellam

433 1463 493 1519 Β.
524 1462 694 1530 Goar,
721 1462 812 1517 ubi
848 1463 963 1531 ipse
992 1469 1215 1523 sanctus
1253 1475 1481 1531 corpore
1533 1460 1842 1529 requiescit,
1897 1476 2017 1529 quce

432 1562 517 1610 est
548 1569 614 1609 ex
640 1553 850 1608 ratione
878 1552 1195 1607 monasterii
1228 1550 1286 1606 S.
1319 1549 1623 1607 Salvatoris
1656 1549 2016 1607 Prumiacen-

432 1647 547 1711 sis,
597 1646 741 1717 quod
792 1643 1066 1714 quondam
1122 1642 1373 1698 dominus
1418 1642 1677 1713 Pippinus
1732 1656 1829 1697 rex
1886 1656 2018 1697 avus

430 1742 619 1790 noster
642 1741 698 1790 et
725 1732 885 1788 Bcrta
920 1733 1106 1803 regina
1132 1748 1228 1787 ava
1261 1733 1533 1788 nostra-in
1580 1732 1742 1787 rebus
1770 1734 2017 1804 preprie-

2118 570 2319 613 nostra:
2367 557 2708 613 auctoritatis
2742 556 3084 611 donationem
3108 564 3428 609 memorata:
3455 551 3617 607 cellae
3653 553 3719 607 S.

2116 649 2308 704 Goaris
2337 658 2393 703 ct
2446 648 2706 718 prmdicto
2738 646 3069 700 monasterio
3112 643 3171 698 S.
3215 642 3524 698 Salvatoris
3570 642 3723 696 Pru-

2114 740 2407 794 miacensis
2431 738 2498 793 ad
2524 737 2790 808 stipendia
2818 737 3045 790 fratrum
3080 735 3280 790 ibidem
3312 734 3423 791 Deo
3453 733 3719 788 militan-

2119 832 2253 886 tium
2290 873 2304 897 ,
2344 830 2431 885 vel
2473 839 2699 885 cunctas
2744 827 2983 898 ejusdem
3041 826 3359 881 monasterii
3404 825 3727 882 necessita-

2115 930 2198 979 tes
2246 922 2605 979 consulendas
2634 962 2648 987 ,
2687 922 2756 976 ob
2799 919 3222 976 emolumentum
3263 918 3459 971 anima:
3499 928 3726 971 nostra

2113 1014 2500 1085 perpetualiter
2542 1012 2908 1067 concessimus
2936 1051 2951 1075 ,
2994 1018 3158 1079 atque
3198 1017 3462 1078 perpetuo
3502 1008 3578 1060 ad
3615 1007 3725 1059 ha—

2113 1101 2349 1157 bendum
2384 1097 2712 1171 'delegamus
2745 1099 2859 1164 ;ita
2890 1098 3175 1162 videlicet,
3232 1104 3295 1150 ut-
3332 1094 3603 1165 quidquid
3651 1093 3725 1147 de

2115 1192 2218 1248 hoc
2261 1201 2501 1248 rectores
2537 1198 2592 1245 et
2647 1190 2885 1246 ministri
2916 1206 3080 1260 supra
3136 1188 3423 1243 memorati
3479 1202 3721 1241 monas-

2116 1282 2239 1337 terii
2265 1282 2552 1352 disponere
2581 1288 2742 1350 atque
2782 1281 3060 1345 ordinare,
3090 1278 3173 1333 vel
3204 1279 3368 1333 etiam
3396 1277 3589 1332 facere
3609 1290 3683 1328 vo
3702 1304 3719 1313 ρ

2116 1374 2338 1438 luerint,
2386 1372 2557 1427 libero
2586 1372 2641 1425 in
2672 1370 2924 1425 omnibus
2958 1367 3305 1439 perfruantur
3355 1365 3589 1420 arbitrio
3630 1362 3715 1416 fa-

2117 1463 2313 1518 ciendi.
2337 1461 2411 1515 ‘Et
2448 1461 2644 1515 uthazc
2686 1444 2981 1513 auctoritas
3022 1457 3321 1526 largitionis
3363 1464 3574 1509 nostra:
3606 1453 3712 1507 ﬁr-

2117 1554 2259 1607 mior
2285 1552 2577 1616 habeatur,
2598 1557 2653 1604 et
2678 1566 2774 1620 per
2792 1548 2973 1603 futura
3005 1558 3247 1618 tempora
3267 1548 3460 1602 melius
3480 1562 3717 1601 conser-

2116 1652 2296 1708 vetur,
2324 1632 2489 1709 manu
2519 1642 2742 1711 propria
2793 1641 2979 1695 subter
3019 1639 3353 1693 ﬁrmavimus
3381 1679 3395 1702 ,
3427 1648 3482 1693 et
3509 1636 3706 1691 annuli

2119 1737 2292 1793 nostri
2324 1735 2683 1807 impressione
2714 1732 2915 1803 signari
2930 1731 3218 1801 jussimus.

432 1824 566 1885 tatis
618 1839 807 1880 eorum
867 1838 933 1878 ex
992 1823 1345 1879 fundamento
1395 1831 1865 1889 construxerunt,
1922 1824 2012 1878 ubi
2047 1813 2092 1872 Β
2196 1829 2425 1900 Signum
2458 1826 2717 1881 Ludovici
2735 1824 3066 1879 serenissimi
3096 1823 3462 1893 imperatoris.

429 1914 595 1968 etiam
636 1911 891 1983 prmsenti
925 1920 1169 1981 tempore
1226 1910 1544 1968 Tancradus
1581 1913 1719 1967 abba
1776 1928 2013 1983 praeesse

430 2003 667 2069 videtur,
688 2001 977 2072 quamdam
1008 2008 1215 2071 partem
1255 2002 1429 2067 silva»,
1448 2017 1569 2072 quae
1602 2011 1685 2057 est
1716 2003 1859 2056 intra
1891 2002 2013 2057 We-

430 2093 619 2150 saliam
640 2091 1057 2147 etDidobricum
1095 2090 1500 2163 [Boppardiam]
1522 2132 1538 2157 ,
1568 2092 1730 2147 ﬁscos
1773 2100 2009 2155 nostros,

432 2186 516 2241 vel
540 2200 659 2255 quae
681 2183 820 2239 infra
843 2193 991 2251 sunt,
1017 2185 1379 2255 prmsentibus
1402 2186 1639 2251 tradere,
1665 2186 1799 2241 etde
1828 2195 2014 2241 nostro

430 2276 549 2345 iure
580 2278 633 2331 in
672 2274 764 2346 jus
810 2283 864 2331 ct
911 2276 1338 2331 dominationem
1366 2277 1609 2345 prmfatae
1664 2277 1813 2332 cella:
1851 2285 2015 2347 atque

352 2432 355 2439 λ
432 2368 747 2424 monasterii
777 2366 1046 2424 conferre.
1090 2367 1237 2423 Silva
1268 2384 1395 2424 vero
1431 2372 1546 2439 ipsa
1575 2358 1674 2426 has
1722 2371 1885 2425 habet
1908 2380 2015 2425 ter-

433 2459 779 2513 minationes.
822 2458 1014 2525 Incipit
1052 2458 1197 2511 enim
1238 2457 1479 2512 Antilioli
1524 2460 1706 2525 rivuli,
1760 2460 1851 2513 ubi
1901 2460 2014 2529 ipse

432 2548 656 2605 conﬂuit
684 2548 739 2602 in
785 2546 1057 2611 Rhenum,
1101 2562 1274 2617 usque
1300 2548 1353 2602 in
1395 2563 1519 2603 eum
1548 2550 1727 2603 locum
1760 2550 1851 2603 ubi
1902 2550 2016 2617 ipse

432 2638 622 2709 surgit,
652 2636 777 2692 inde
798 2636 988 2691 subtus
1034 2634 1339 2703 lloavelisa,
1370 2638 1562 2692 deinde
1612 2639 1759 2697 venit
1780 2640 1836 2692 in
1864 2637 2016 2692 Win-

431 2728 569 2783 bach
610 2741 781 2796 usque
805 2727 859 2780 in
888 2724 1101 2791 lloron;
1147 2741 1214 2781 ex
1244 2727 1370 2782 inde
1397 2728 1451 2782 in
1481 2728 1814 2783 Moldeshart
1842 2744 2015 2799 usque

434 2816 485 2871 in
508 2814 727 2871 Boucha
758 2812 931 2869 rivulo
962 2852 977 2880 ,
1009 2824 1063 2869 et
1106 2830 1205 2885 per
1235 2816 1409 2885 ipsum
1452 2832 1668 2871 sursum
1714 2834 1885 2888 usque
1925 2819 2013 2873 ubi

424 2909 545 2977 ipse
577 2905 761 2961 sursit.
805 2904 934 2961 lude
960 2905 1109 2960 venit
1159 2905 1213 2960 in
1244 2905 1476 2961 rivulum
1500 2910 1594 2977 qui
1620 2916 1847 2963 vocatur
1890 2908 2016 2963 We-

431 2994 687 3060 sterbeia,
735 3001 790 3049 et
818 2994 915 3064 per
953 2993 1129 3064 ipsum
1159 2994 1417 3051 deorsum
1455 3012 1627 3066 usque
1677 2999 1745 3052 ad
1789 3007 2015 3052 stratam

431 3102 549 3156 qure
584 3084 759 3156 pergit
802 3085 869 3140 ad
897 3083 1206 3154 Trigorium
1234 3084 1290 3155 Β,
1361 3086 1555 3147 deinde
1590 3090 1737 3143 vadit
1766 3089 1908 3143 ultra
1937 3091 2015 3159 ip—

430 3192 551 3231 sum
586 3176 841 3240 rivulum,
863 3182 917 3229 et
940 3176 1087 3230 venit
1109 3177 1162 3230 in
1198 3174 1522 3233 Heisvvillari
1574 3195 1745 3248 usque
1780 3181 1847 3235 ad
1878 3188 2016 3235 stra-

435 3275 546 3321 tam
577 3282 699 3335 qua:
727 3266 904 3335 pergit
927 3266 994 3320 ad
1021 3264 1441 3332 Conﬂuentium,
1471 3282 1535 3323 ex
1571 3269 1694 3323 inde
1726 3269 1776 3323 in
1808 3268 2014 3324 Basaa-

433 3357 727 3419 brunnum,
752 3362 807 3409 et
841 3370 937 3425 per
960 3355 1135 3424 ipsum
1164 3356 1413 3413 deorsum
1442 3372 1611 3426 usque
1640 3358 1693 3411 in
1728 3357 2019 3413 Granderi-

344 3483 350 3501 .
435 3464 580 3514 vum,
613 3456 668 3503 et
714 3462 810 3517 per
842 3446 1241 3502 Grandcrivum
1274 3462 1445 3518 usque
1477 3448 1531 3502 in
1559 3447 1825 3503 Rhenum.
1872 3449 2015 3504 Infra

434 3541 534 3596 has
578 3539 990 3594 terminationes
1034 3546 1511 3609 quantumcunque
1550 3540 1747 3599 ibidem
1772 3543 2017 3596 contine-

436 3637 548 3695 tur,
594 3644 717 3684 cum
747 3628 927 3682 villula
968 3644 1087 3697 qu.e
1117 3636 1341 3683 vocatur
1376 3628 1765 3695 Biberesheim,
1805 3632 1860 3684 in
1910 3646 2017 3700 qua

437 3725 563 3773 sunt
580 3731 766 3771 mansa
782 3717 889 3771 duo
909 3718 1266 3771 etmanentes
1296 3717 1602 3771 duodecim.
1638 3717 1867 3772 Nomina
1889 3734 2020 3774 vero

439 3807 836 3876 mancipiorum
863 3805 979 3861 bmc
1007 3813 1133 3860 sunt
1157 3823 1170 3859 :
1206 3804 1557 3861 Ruodlandus
1584 3821 1710 3862 cum
1731 3818 1901 3863 Uxore
1923 3824 2019 3863 sua

445 3894 701 3962 Ilelidim,
728 3904 783 3950 et
805 3912 927 3952 cum
976 3895 1275 3951 infantibus
1304 3910 1489 3951 eorum
1511 3937 1525 3963 ,
1575 3906 1679 3952 etc.
1716 3898 1868 3953 llanc
1896 3914 2025 3955 vero

443 3988 637 4042 silvam
688 3987 985 4043 secundum
1018 3987 1409 4042 dimensionem
1451 3996 1506 4041 et
1556 3988 2019 4044 collaterationem

449 4077 699 4147 superius
740 4078 1131 4147 prmscriptam,
1172 4092 1297 4132 cum
1344 4079 1507 4133 terris
1536 4087 1647 4133 tam
1672 4080 1835 4135 cultis
1864 4097 2026 4150 quam

446 4166 687 4234 incultis,
702 4167 878 4236 pratis
901 4176 1062 4238 atque
1084 4167 1321 4239 pascuis,
1338 4169 1581 4225 exitibus
1591 4177 1643 4225 et
1665 4170 2029 4241 regressibus,

521 4362 548 4391 ι
578 4345 778 4402 Cellam
804 4347 865 4404 S.
894 4346 1057 4413 Coar,
1084 4355 1188 4402 etc.
1216 4348 1330 4415 Qua
1361 4350 1572 4404 ratione
1632 4350 1847 4406 abbatia
1896 4352 2030 4406 Pru-

2186 1919 2475 1976 Durandus
2497 1918 2760 1973 diaconus
2778 1914 2845 1969 ad
2864 1914 3035 1968 vicem
3064 1912 3334 1982 Fridugisi
3368 1910 3712 1981 recognovit.

2184 2011 2322 2065 Data
2354 2025 2413 2063 ιιι
2443 2007 2561 2062 Kal.
2609 2004 2916 2071 Februarii,
2949 2017 3114 2063 anno,
3141 2001 3360 2057 Christo
3389 2001 3643 2070 propitio.
3680 1999 3719 2053 6

2114 2102 2324 2173 imperii
2343 2098 2599 2154 Ludovici
2616 2096 2865 2167 Augusti,
2886 2094 3177 2148 indictione
3196 2092 3281 2146 15.
3300 2092 3497 2145 Actum
3515 2092 3717 2159 Aquis-

2113 2194 2266 2263 grani
2302 2190 2505 2263 palatio
2546 2189 2727 2260 regio,
2761 2189 2816 2242 in
2858 2188 2953 2242 Dei
2982 2186 3198 2240 nomine
3239 2184 3495 2246 feliciter,
3528 2199 3709 2238 amen.

2834 2275 2989 2331 XCII.

2553 2386 2653 2426 PRO
2675 2384 2924 2425 ECCLESIA
2948 2381 3263 2421 PARISIENSI.

2724 2459 2898 2529 (Anno
2944 2454 3099 2525 820.)

2118 2553 2294 2626 [Apud
2335 2550 2634 2613 Baluzium,
2678 2546 2935 2619 Capitul.,
2964 2553 3096 2600 tom.
3148 2544 3213 2609 ll,
3262 2559 3391 2614 pag.
3436 2543 3597 2608 HIS,
3646 2558 3711 2597 ex

2296 2658 2465 2712 parvo
2499 2638 2832 2695 cbartulario
2860 2636 3105 2691 ecclesia:
3141 2634 3524 2707 Parisiensis.]

2188 2736 2245 2789 In
2271 2734 2487 2789 nomine
2516 2730 2727 2785 Domini
2773 2728 2869 2782 Dei
2896 2736 2948 2781 et
3003 2725 3308 2780 Salvatoris
3356 2726 3533 2778 nostri
3588 2722 3711 2778 Jesu

2117 2826 2341 2892 Christi,
2380 2824 2708 2883 Ludovicus,
2765 2820 2951 2875 divina
3015 2817 3304 2873 ordinante
3349 2817 3710 2887 providentia,

2119 2921 2417 2990 imperator
2442 2916 2739 2986 Augustus.

2190 3008 2382 3063 Notum
2409 3006 2481 3060 sit
2514 3005 2767 3060 omnibus
2807 3002 3055 3057 ﬁdelibus
3086 3010 3290 3057 sanctae
3319 3002 3417 3056 Dei
3464 2999 3714 3054 Ecclesia

2122 3108 2176 3157 et
2202 3098 2422 3159 nostris,
2454 3094 2815 3167 praesentibus
2856 3093 3065 3147 scilicet
3110 3100 3163 3147 et
3196 3090 3421 3153 futuris,
3452 3106 3581 3158 quia
3635 3090 3716 3142 vir

2122 3188 2452 3247 venerabilis
2494 3185 2789 3241 Ynchadus
2819 3183 3111 3238 Parisiacae
3157 3182 3722 3251 Ecclesizeepiscopus

2126 3282 2320 3338 detulit
2355 3277 2639 3334 serenitati
2674 3283 2875 3331 nostrae
2903 3273 3164 3343 quasdam
3194 3273 3559 3326 auctoritates
3587 3284 3723 3340 quas

2110 3370 2364 3425 ~Domnus
2393 3381 2523 3420 avus
2550 3374 2736 3419 noster
2764 3363 3021 3433 Pippinus
3050 3370 3105 3415 et
3148 3361 3366 3431 genitor
3399 3361 3559 3413 bona:
3604 3374 3718 3412 mc-

2125 3461 2314 3516 moriaz
2357 3457 2585 3513 Carolus
2647 3454 2926 3525 piissimus
2980 3453 3278 3519 imperator
3323 3451 3389 3503 ad
3438 3451 3725 3519 prtTtioncs

2119 3550 2581 3620 praedecessorum
2608 3559 2829 3599 suorum
2885 3542 3054 3611 ipsius
3082 3541 3324 3595 civitatis
3384 3539 3506 3593 ﬁeri
3552 3540 3727 3609 jusse-

2119 3645 2277 3709 runt;
2310 3638 2362 3689 iu
2389 3637 2588 3705 quibus
2630 3632 3015 3687 continebatur
3048 3632 3313 3684 inscrtum
3346 3630 3586 3698 qualiter
3630 3644 3728 3697 pro

2121 3728 2394 3783 mercedis
2432 3735 2647 3780 aaternzc
2671 3733 2963 3796 augmento
2989 3734 3045 3779 et
3090 3724 3371 3778 {irinimtis
3409 3725 3593 3778 studio
3646 3724 3726 3777 ei-

2131 3820 2252 3873 dem
2273 3817 2711 3893 jam.nominat:e
2758 3816 3050 3870 Parisiacze
3100 3814 3346 3869 ecclesia:
3390 3830 3493 3884 per
3544 3829 3728 3868 eorum

2134 3908 2487 3962 auctoritates
2512 3906 2867 3960 ﬁrmaverunt
2903 3914 2963 3959 ut
2991 3920 3078 3959 res
3112 3904 3383 3972 mancipia
3420 3919 3488 3956 ac
3522 3904 3729 3955 telouea

2134 4010 2254 4063 qua:
2277 4009 2343 4049 ex
2370 3992 2695 4047 liberalitate
2717 4007 2907 4061 regum
2920 3992 3005 4046 vel
3020 3982 3410 4061 imperatorum
3424 3992 3513 4045 vel
3529 4006 3625 4060 per
3652 3992 3731 4044 in-

2135 4092 2438 4139 strumenta
2461 4082 2774 4136 chartarum
2801 4083 2977 4136 eidem
3002 4079 3242 4151 praefata:
3269 4082 3493 4135 tradita:
3519 4080 3732 4133 fuerunt

2135 4174 2403 4239 ecclesiae,
2425 4172 2680 4241 deinceps
2705 4171 2951 4226 securius
2978 4170 3257 4239 possidere
3272 4171 3610 4241 potuissent.
3628 4169 3733 4224 Nos

2141 4353 2320 4409 clesia:
2347 4366 2458 4422 suae
2497 4351 2793 4422 pertinere.
2827 4350 3004 4422 Causa
3033 4353 3216 4407 missis
3257 4352 3556 4409 dominicis
3593 4370 3735 4408 com-

440 4417 895 4493 miensiscellam
926 4417 984 4493 S_.
1017 4418 1215 4493 Coaris
1244 4434 1272 4471 a
1306 4434 1433 4488 rege
1456 4418 1772 4493 Pippinum
1806 4437 2039 4493 conven—
2067 4426 2120 4484 D
2148 4425 2335 4493 missa,
2380 4417 2835 4493 judicatumest,
2870 4421 3070 4493 cellam
3113 4422 3247 4493 regii
3294 4421 3437 4490 juris
3464 4439 3625 4487 esse;
3674 4440 3735 4479 ac

452 4501 509 4546 tu
537 4488 889 4543 Attiniacensi
915 4488 1232 4553 obtinuerit,
1265 4498 1449 4559 narrat
1481 4488 1897 4546 Wandelbertus
1926 4491 2041 4559 ejus

453 4559 556 4615 loci
574 4559 884 4628 monachus
909 4567 965 4612 et
1012 4559 1270 4612 diaconus
1300 4558 1354 4611 in
1388 4558 1571 4613 libello
1602 4560 1667 4614 de
1704 4560 1866 4628 hujus
1890 4558 2043 4615 sanc-

456 4632 503 4702 ti
520 4626 810 4702 iliraculis.
837 4626 1043 4702 l‘jempe
1068 4628 1293 4702 contigit
1318 4636 1376 4681 ut
1403 4628 1660 4702 Bertrada
1683 4626 1892 4702 regina,
1919 4630 2043 4702 Pip-

454 4699 765 4771 pini_uxor,
797 4696 1154 4771 e_PrumienSi
1190 4699 1538 4771 monasterio
1577 4700 1643 4771 a_d
1693 4696 1828 4756 ﬁnes
1877 4696 2041 4754 Wor-

458 4765 804 4823 inatieusium
829 4767 933 4820 iter
972 4780 1157 4835 agens,
1182 4765 1249 4819 ad
1272 4765 1462 4821 cellam
1498 4767 1554 4821 S.
1587 4768 1779 4824 Guaris
1807 4770 2049 4825 declina-

459 4847 563 4901 ret,
592 4836 681 4890 ubi
710 4846 837 4891 tunc
858 4836 1072 4909 quidem
1100 4836 1364 4906 Erpingus
1412 4840 1640 4909 rectoris
1663 4842 1880 4894 nomine
1907 4856 2046 4909 prae-

459 4914 578 4961 erat
602 4948 615 4971 ,
645 4920 745 4960 nec
769 4906 1060 4974 quidquam
1090 4921 1271 4973 rerum
1296 4908 1727 4961 necessariarum
1756 4910 1868 4963 illic
1900 4906 2049 4963 inve-

461 4979 624 5031 niret.
654 4975 765 5029 Rex
797 4975 1125 5042 intelligens,
1157 4976 1210 5028 in
1240 4989 1305 5028 eo
1334 4975 1455 5031 loco
1484 4976 1881 5032 humanitatem
1918 4980 2048 5034 hos-

500 5044 749 5099 italitatis
774 5044 1091 5109 desiderari,
1140 5044 1230 5107 ubi
1274 5047 1548 5113 quondam
1593 5047 1695 5101 sub
1726 5049 1885 5103 beato
1932 5050 2051 5103 viro

484 5129 581 5189 nec
606 5114 795 5169 eadem
824 5114 1185 5189 virtusquarn
1204 5114 1466 5189 maxime
1493 5115 1781 5189 viguisset,
1810 5119 1861 5171 in
1891 5133 1969 5189 ge.
1996 5134 2053 5172 e-

467 5185 565 5239 rali
596 5192 866 5239 conventu
909 5182 1167 5237 Attiniaci
1204 5183 1410 5249 habito,
1441 5182 1678 5239 Assuero
1701 5182 2054 5243 abbati‘Pru-

469 5254 685 5328 micnsi,
719 5253 1075 5328 quiprmsens
1112 5252 1320 5318 aderat,
1358 5254 1603 5308 eamdem
1629 5256 1819 5311 cellam
1865 5272 2056 5328 regen-

471 5327 596 5384 dam
621 5323 1207 5395 com'misit,‘ho_rtatus
1236 5330 1296 5375 ut
1347 5338 1467 5377 eam
1504 5339 1740 5395 congrue
1779 5323 2058 5381 ordinaret

475 5403 640 5462 atque
687 5392 1042 5462 hospitalitati
1074 5399 1468 5461 compctentem
1520 5392 1777 5451 ediceret.
1819 5396 1891 5450 At
1921 5396 2056 5450 cella

477 5480 588 5518 non
622 5462 722 5532 ipsi
752 5462 1080 5517 monasterio
1108 5469 1164 5517 et
1195 5462 1475 5532 monachis
1501 5470 1613 5516 tum
1648 5464 1892 5532 subjecta
1935 5465 2055 5530 fuit,

476 5535 570 5586 sed
612 5529 795 5587 abbati
845 5539 1052 5585 tantum
1084 5530 1333 5586 beneﬁcii
1371 5529 1495 5600 jure
1538 5529 1816 5589 concessa.
1865 5534 2059 5590 Carolo

478 5602 671 5672 Magno
700 5609 960 5671 regnante
1013 5610 1133 5672 orta
1174 5608 1259 5655 est
1308 5600 1661 5672 WeomadUm
1693 5604 2061 5659 ‘Trcvirorum

518 5670 789 5727 ontiliceni
816 5672 959 5725 inter
972 5677 1025 5726 et
1058 5670 1355 5725 Assuerum
1382 5671 1631 5726 abbatem
1656 5673 1723 5727 de
1744 5675 1930 5729 eadem
1958 5673 2065 5730 cel-

504 5756 531 5794 a
553 5742 843 5807 contentio,
873 5748 1149 5796 asserente
1191 5741 1594 5811 archiepiscopo
1631 5758 1748 5797 eam
1780 5743 1949 5813 adjus
1975 5760 2063 5799 cc-

2145 4490 2637 4614 proindeAssuero
2661 4489 2840 4570 abbati
2864 4488 3019 4572 jussu
3043 4488 3199 4572 regis
3218 4488 3461 4572 legitime
3486 4494 3735 4548 traditam

2171 4576 2334 4614 uisse.
2364 4560 2606 4614 Instante
2650 4558 3006 4614 nihilominus
3044 4562 3479 4614 archuemseono.
3512 4562 3735 4614 Carolus

2171 4565 2334 4617 uisse.
2364 4560 2606 4614 Instante
2650 4558 3479 4630 nihilominusarchiepiscopo,
3512 4562 3737 4618 Carolus

2149 4632 2372 4702 Magnus
2394 4636 2669 4702 conventu
2707 4629 2944 4697 generali
2972 4628 3302 4702 ad_Lippiam
3335 4628 3598 4702 Séxoniae
3625 4633 3735 4686 fon-

2150 4698 2259 4755 teni
2281 4700 2490 4764 habito,
2522 4699 2622 4769 sub
2653 4707 2996 4769 sacramento
3030 4698 3299 4769 Ratberti,
3339 4708 3469 4755 tunc
3493 4701 3735 4769 ejusdem

2149 4769 2467 4825 monasterii
2494 4766 2765 4839 advocati,
2796 4782 2861 4822 ac
2880 4768 3458 4839 duodecjmitestium,
3496 4766 3740 4839 pronun-

2152 4842 2332 4905 tiavit,
2363 4854 2484 4893 eam
2515 4838 2919 4907 possessionem
2951 4853 3057 4891 non
3083 4838 3339 4892 Ecclesia:
3361 4838 3735 4903 Trevirorum,

2153 4910 2246 4964 sed
2265 4909 2412 4979 regio
2433 4916 2638 4961 tantum
2663 4907 2901 4961 dominio
2915 4917 3243 4979 competere.
3268 4907 3386 4972 Quo
3404 4907 3575 4973 facto,
3597 4910 3735 4979 idem

2154 4996 2274 5043 rex,
2304 4975 2426 5033 cum
2457 4992 2681 5031 suorum
2711 4991 3000 5041 consensu,
3030 4975 3223 5030 cellam
3246 4979 3582 5034 monasterio
3608 4978 3739 5034 Pru-

2154 5049 2278 5103 miae
2306 5048 2455 5116 regio
2500 5046 2790 5115 diplomate
2818 5045 3062 5109 tradidit,
3094 5046 3242 5116 quod
3267 5046 3323 5100 in
3352 5048 3598 5116 archivis
3624 5063 3737 5102 mo-

2155 5113 2394 5172 nasterii
2406 5131 2504 5171 suo
2528 5113 2770 5184 tempore
2807 5113 3141 5184 asservatum
3174 5113 3360 5179 fuisse,
3410 5117 3555 5171 idem
3580 5115 3741 5183 Wan-

2157 5188 2431 5242 dclbertus
2459 5183 2743 5240 memorat.
2778 5183 2845 5237 At
2872 5185 3031 5238 hodie
3069 5183 3203 5238 cella
3250 5194 3305 5238 et
3348 5184 3653 5240 dominium
3680 5185 3735 5239 S.

2159 5256 2352 5312 Goaris
2380 5259 2432 5310 in
2448 5263 2715 5325 potestate
2741 5262 2795 5307 et
2813 5252 2934 5321 jure
2955 5252 3355 5325 Prumiensium
3383 5256 3615 5325 amplius
3637 5270 3737 5309 non

2161 5335 2304 5381 sunt.
2337 5321 2466 5379 Jam'
2507 5338 2605 5379 suo
2637 5331 2878 5393 tempore
2922 5321 3506 5393 scripsit'li‘rithemiu's
3545 5323 3737 5379 Chron.

2163 5396 2420 5462 Hirsuug,
2450 5406 2577 5447 tom.
2596 5393 2651 5457 ’1,
2676 5392 2796 5462 pag.
2832 5393 2901 5446 22
2930 5412 2941 5445 :
2986 5411 3003 5442 ι
3036 5392 3303 5462 Oppidum
3328 5395 3396 5447 ad
3426 5394 3483 5449 S.
3512 5394 3738 5450 Goarcm

2165 5413 2363 5449 nrrmu
2407 5437 2420 5457 ,
2450 5413 2577 5447 tom.
2614 5413 2651 5457 I,
2676 5413 2796 5462 pag.
2832 5413 2901 5446 zz
2930 5413 2941 5445 :
2986 5413 3003 5442 ι
3036 5413 3303 5462 upptuum
3328 5413 3396 5447 au
3427 5413 3483 5449 δ.
3512 5413 3738 5450 honrem

2165 5481 2287 5520 cum
2312 5413 2511 5519 tefonio
2526 5463 2789 5531 pertinuit
2812 5462 2878 5516 ad
2894 5463 3201 5527 Brumiam;
3228 5462 3322 5517 sed
3347 5479 3490 5518 nunc
3506 5463 3647 5531 juris
3664 5472 3739 5515 est

2165 5536 2422 5590 comitum
2459 5530 2752 5587 Bassorum
2776 5532 3126 5601 provincialis
3151 5548 3165 5596 ;
3193 5540 3248 5586 et
3275 5530 3515 5586 ecclesia
3549 5533 3600 5587 in
3628 5530 3735 5591 illo,

2146 5604 2437 5724 'qulondam
2481 5603 2838 5671 prmpositura
2881 5601 3056 5656 nostri
3087 5602 3317 5667 ordinis,
3352 5602 3511 5658 hodie
3533 5609 3613 5657 est
3646 5614 3737 5655 sm-

2169 5690 2232 5724 cu
2260 5688 2388 5724 arts.
2432 5691 2450 5723 ι

2169 5688 2388 5728 ριιιιιτις.
2432 5691 2450 5723 ι

2245 5744 2270 5783 ιι
2299 5742 2394 5797 Ubi
2422 5756 2561 5795 nunc
2593 5739 2648 5793 S.
2682 5738 2841 5794 Coar.

3872 436 3896 647 ἣ
