3936 6350
1744 11 3107 53 manu—3W;
3344 6 3365 11 ῃ

201 407 231 450 1
254 394 357 448 [01
1362 383 1757 443 DlPLOMATA
1791 382 2347 441 ECCLESIASTICA.
3342 384 3364 437 l
3384 380 3482 436 102

203 526 351 566 vero
383 523 479 579 per
514 509 656 564 hanc
692 515 932 563 nostram
961 504 1338 561 auctoritatem
1368 501 1585 556 easdem
1611 512 1700 555 res
1748 504 1802 553 et
1829 498 1881 557 Α
1906 496 2072 560 milis,
2106 504 2161 551 et
2207 496 2278 551 ibi
2333 511 2440 551 una
2471 512 2595 551 cum
2634 498 2895 553 advocato
2923 496 3209 552 Parisiacze
3240 496 3483 553 ecclesia:

204 604 493 673 mancipia
523 616 588 656 ac
633 599 841 655 telonea
871 598 1042 668 ipsius
1074 595 1338 660 ecclesiae,
1364 592 1806 650 conﬁrmavimus
1908 589 2094 643 venire
2122 604 2231 643 non
2260 587 2533 654 diﬁ‘erant,
2556 596 2612 643 et
2635 596 2834 643 rectam
2866 589 3132 644 rationem
3162 604 3227 645 ac
3255 588 3483 660 legalem

209 711 288 751 ac
336 692 733 757 roboravimus,
764 697 824 745 ut
847 690 900 744 in
931 696 1211 760 posterum
1238 694 1478 743 rectores
1510 685 1681 756 ipsius
1716 698 1803 738 ee-
1900 675 2168 745 justitiam
2195 677 2492 748 adimplere
2531 686 2811 748 cogantur.
2841 679 2967 737 llazc
3014 694 3145 736 vero
3184 678 3485 736 auctoritas

212 787 407 842 clesize
435 786 641 853 absque
664 783 825 837 ullius
845 780 1219 853 inquietudine
1262 779 1347 834 vel
1393 778 1589 849 iniusta
1636 777 1805 831 inter-

209 876 511 947 pellatione
531 874 710 943 quiete
748 881 967 928 teneant
995 879 1051 927 et
1081 886 1273 931 secure
1328 869 1665 939 possideant.
1718 866 1803 920 ln-

212 981 388 1036 super
425 966 592 1020 etiam
617 965 791 1020 eidem
815 963 929 1031 jam
959 963 1238 1016 nominato
1291 961 1552 1016 Ynchado
1592 960 1799 1029 episco-

218 1071 293 1125 po
323 1056 543 1125 suisque
587 1053 993 1109 successoribus
1042 1051 1410 1107 concessimus
1450 1059 1611 1118 atque
1656 1062 1804 1103 more

215 1158 452 1217 paterno
481 1161 579 1218 per
603 1153 843 1201 nostram
872 1144 1251 1199 auctoritatem
1288 1140 1726 1196 conﬁrmavimus
1748 1147 1807 1193 ut

215 1237 405 1293 nullus
430 1252 613 1293 comes
641 1252 817 1306 neque
839 1236 945 1291 ulla
976 1232 1267 1301 iudiciaria
1292 1241 1533 1303 potestas
1576 1232 1629 1286 in
1659 1241 1803 1286 terra

218 1327 438 1383 Sancta:
467 1326 648 1382 Mariae
672 1328 726 1381 in
758 1328 869 1396 ipsa
896 1326 1070 1381 insula
1109 1325 1442 1380 consistente
1468 1324 1631 1377 ullum
1684 1337 1804 1377 cen-

218 1437 345 1477 sum
376 1423 440 1477 de
472 1430 616 1477 terra
647 1420 861 1476 Sancta:
891 1419 1072 1473 Marite
1114 1418 1366 1489 accipiat,
1396 1432 1498 1472 nec
1524 1418 1591 1472 de
1649 1416 1805 1471 fami-

218 1511 298 1567 lia
329 1513 497 1583 ipsius
522 1513 768 1568 ecclesiae
798 1526 973 1580 neque
997 1511 1064 1565 de
1108 1511 1231 1565 aliis
1278 1509 1465 1566 liberis
1493 1510 1804 1566 hominibus

221 1604 314 1659 vel
342 1604 545 1667 incolis,
576 1618 697 1673 qua:
738 1602 941 1658 rustice
967 1602 1159 1657 Albani
1196 1599 1556 1673 appellantur,
1588 1602 1643 1656 in
1690 1602 1805 1670 ipsa

221 1701 373 1748 terra
402 1691 615 1748 Sancta:
638 1692 818 1747 Mariae
838 1693 1186 1748 manentibus
1242 1692 1347 1748 hoc
1383 1706 1543 1763 agere
1603 1707 1805 1762 praasu-

213 1792 402 1850 mant,
428 1799 528 1839 nec
555 1785 718 1839 etiam
744 1784 824 1838 eis
854 1783 1111 1853 quislibet
1156 1783 1319 1838 ullam
1377 1784 1804 1853 inquietudinem

220 1874 311 1928 vel
334 1874 753 1930 dominationem
780 1888 872 1929 seu
902 1873 1069 1927 ullum
1116 1874 1353 1928 bannum
1395 1882 1583 1929 contra
1635 1873 1805 1945 legem

222 1965 311 2020 vel
344 1965 584 2020 illicitam
612 1965 952 2021 occasionem
982 1964 1162 2021 facere
1183 1966 1416 2032 studeat,
1446 1982 1624 2036 neque
1673 1982 1803 2023 cen-

223 2072 348 2112 sum
398 2072 558 2127 quem
586 2058 770 2113 dicunt
795 2058 1104 2123 foraticum,
1158 2074 1336 2129 neque
1358 2059 1667 2131 ripaticum,
1713 2073 1807 2114 ne-

225 2162 336 2217 que
376 2147 716 2212 salvatieum,
774 2162 870 2202 seu
900 2147 1062 2201 ullam
1090 2148 1505 2203 redhibitionem
1561 2148 1627 2203 de
1661 2157 1806 2201 terra

226 2234 444 2291 Sancta:
475 2236 653 2291 Maria:
681 2235 765 2291 vel
787 2237 851 2292 de
872 2236 1382 2311 supermanentibus
1417 2236 1668 2307 accipere
1714 2245 1809 2291 aut

226 2335 483 2382 exactare
507 2327 721 2381 audeat.
749 2325 857 2383 Sed
879 2327 1040 2382 liceat
1061 2342 1202 2397 saepe
1230 2327 1511 2383 nominato
1554 2329 1807 2398 episcopo

230 2416 489 2472 Yucbado
508 2431 572 2472 ac
597 2418 1001 2473 successoribus
1041 2419 1152 2473 suis
1192 2418 1374 2487 quiete
1416 2418 1593 2488 ipsam
1651 2419 1801 2473 insu—

234 2508 346 2563 lam
375 2511 666 2564 secundum
692 2509 967 2579 prepriam
996 2509 1331 2564 voluntatem
1358 2509 1614 2564 ordinare
1643 2519 1805 2579 atque

230 2600 533 2671 gubernare
560 2606 616 2653 et
640 2601 691 2653 in
728 2600 842 2668 ipsa
874 2606 1018 2655 terra
1048 2598 1262 2654 Sanctae
1282 2598 1467 2653 Mariae
1494 2607 1606 2653 tam
1629 2599 1806 2653 taber-

229 2707 332 2746 nas
359 2706 519 2760 quam
547 2691 681 2745 alias
708 2706 836 2746 suas
865 2691 1217 2746 necessitates
1243 2690 1359 2745 sine
1384 2687 1611 2759 alicujus
1626 2688 1806 2745 redhi-

229 2781 433 2835 bitione
458 2795 733 2834 exercere.
762 2780 1109 2850 Praecipimus
1131 2781 1296 2834 etiam
1352 2786 1514 2849 atque
1554 2780 1806 2850 iubemus

230 2872 371 2925 utde
394 2870 556 2941 regali
584 2871 672 2925 via
698 2884 764 2924 ex
794 2878 947 2939 parte
1000 2868 1184 2924 Sancti
1233 2868 1488 2924 Germani
1527 2885 1559 2924 a
1607 2868 1805 2924 Sancto

237 2961 509 3016 Mederico
536 2977 705 3031 usque
736 2962 802 3016 ad
834 2961 1009 3017 locum
1039 2961 1130 3031 qui
1156 2961 1313 3030 vulgo
1339 2969 1566 3015 vocatur
1584 2959 1805 3015 Tudella

234 3050 288 3105 in
318 3066 449 3119 ruga
481 3050 667 3105 Sancti
691 3049 970 3115 Germani,
1003 3044 1197 3119 'neque
1229 3050 1282 3105 in
1334 3049 1455 3108 aliis
1506 3049 1828 3103 minoribus

231 3141 336 3195 viis
364 3157 483 3210 quae
512 3140 736 3196 tendunt
761 3141 828 3195 ad
869 3141 1257 3195 monasterium
1311 3138 1548 3209 ejusdem
1589 3156 1803 3210 praeno-

233 3229 423 3283 minati
453 3228 636 3283 Sancti
664 3227 939 3291 Germani,
965 3228 1104 3283 ullus
1140 3228 1339 3283 missus
1366 3229 1668 3285 dominicus
1702 3230 1801 3284 ali-

230 3335 396 3391 quam
424 3319 767 3388 judiciariam
823 3328 1145 3389 potestatem
1177 3321 1249 3375 ibi
1300 3329 1573 3386 exerceat,
1631 3336 1806 3391 neque

232 3407 466 3477 aliquem
493 3424 737 3477 censum,
766 3427 942 3481 neque
959 3413 1258 3483 ripaticum,
1284 3426 1466 3482 neque
1492 3409 1801 3475 foraticum,

232 3515 406 3570 neque
431 3501 598 3556 ullum
630 3503 894 3559 teloneum
921 3505 1179 3574 recipiat;
1204 3505 1298 3561 sed
1329 3506 1528 3560 missus
1566 3504 1804 3574 episcopi

231 3593 532 3647 secundum
570 3595 843 3664 propriam
896 3595 1228 3650 voluntatem
1276 3594 1522 3659 ordinet;
1561 3600 1615 3648 et
1643 3594 1805 3647 advo—

232 3691 387 3737 catus
406 3680 644 3751 ejusdem
673 3684 915 3739 ecclesiae
958 3694 1069 3739 tam
1127 3686 1192 3740 de
1241 3685 1357 3753 ipsa
1416 3692 1559 3738 terra
1619 3682 1803 3737 Sancti

229 3773 490 3829 Germani
518 3790 676 3843 quam
704 3776 770 3829 de
810 3776 1062 3845 praedicta
1112 3784 1257 3831 terra
1287 3775 1503 3830 Sanctae
1530 3773 1711 3827 Mariae
1748 3773 1803 3827 in

231 3862 407 3917 insula
433 3864 606 3933 posita
634 3873 837 3919 rectam
875 3880 938 3919 ac
966 3865 1189 3936 legalem
1220 3866 1481 3921 rationem
1512 3864 1705 3919 reddat
1734 3864 1805 3917 si-

230 3968 301 4006 ne
337 3952 515 4022 aliqua
544 3954 809 4023 judicaria
841 3964 1106 4023 potestate
1135 3956 1263 4011 inibi
1288 3956 1373 4011 vel
1394 3956 1591 4017 hanno,
1624 3953 1725 4008 nisi
1752 3954 1805 4009 in

230 4042 397 4097 malle
424 4043 663 4113 legitimo
701 4043 785 4097 vel
810 4044 975 4115 regali
1001 4045 1217 4113 placito,
1250 4047 1386 4100 sicut
1404 4046 1513 4099 Lex
1549 4043 1805 4098 ecclesia-

231 4146 354 4185 rum
392 4132 655 4203 przecipit.
688 4131 763 4186 De
778 4132 961 4187 liberis
984 4143 1163 4189 autem
1192 4135 1501 4189 hominibus
1522 4135 1613 4203 qui
1638 4130 1803 4202 'super

229 4232 435 4278 terram
461 4222 628 4293 ipsius
651 4225 972 4294 supradicta:
998 4226 1240 4281 ecclesiae
1255 4226 1543 4280 Parisiacae
1566 4240 1803 4280 comma-

228 4327 362 4367 nere
388 4314 656 4378 videntur,
693 4330 757 4369 ac
789 4331 907 4369 eam
936 4318 1236 4385 perservire
1281 4326 1599 4382 noscuntur,
1657 4318 1802 4371 volu-

228 4422 352 4462 mus
384 4416 441 4461 ut
464 4409 602 4461 sicut
622 4409 674 4460 in
709 4418 977 4477 prmeepto
1000 4408 1211 4478 Pippini
1233 4409 1317 4463 avi
1366 4411 1536 4464 nostri
1567 4410 1803 4464 contine—

1907 776 1967 822 ut
1993 765 2201 822 ﬁrmior
2235 768 2289 822 in
2344 767 2439 823 Dei
2492 768 2711 824 nomine
2741 767 3024 835 habeatur,
3052 778 3113 826 et
3145 785 3176 824 a
3234 768 3485 826 ﬁdelibus

1906 864 2106 912 sanctae
2134 857 2230 912 Dei
2257 856 2510 913 Ecclesia:
2546 865 2604 913 et
2637 858 2838 913 nostris
2865 858 3172 930 diligentius
3197 872 3484 915 conserve-

1907 954 2016 1011 tur,
2042 962 2203 1001 manu
2232 948 2449 1017 propria
2474 963 2594 1003 eam
2627 947 2813 1003 subter
2839 945 3175 1004 ﬁrmavimus
3194 957 3250 1005 et
3296 947 3483 1004 annuli

1909 1038 2079 1093 nostri
2120 1039 2473 1109 impressione
2488 1039 2692 1110 signari
2716 1039 2991 1106 iussimus.

1977 1130 2264 1187 Durandus
2293 1133 2537 1189 notarius
2563 1133 2630 1188 ad
2679 1132 2853 1189 vicem
2882 1132 3151 1205 Frudigisi
3174 1136 3485 1203 recognovit

1905 1231 1960 1277 et
1985 1218 2323 1296 subscripsit.

1975 1313 2168 1370 Datum
2192 1332 2281 1371 xiv
2302 1315 2419 1372 Kal.
2450 1316 2793 1382 Novembris,
2839 1332 2981 1372 anno
3011 1316 3229 1374 Christo
3253 1318 3486 1389 propitio

1907 1404 1939 1456 7
1975 1404 2190 1474 imperii
2218 1406 2401 1462 domni
2428 1407 2685 1463 Ludovici
2717 1408 2946 1477 piissimi
2977 1409 3340 1479 imperatoris.
3377 1410 3483 1465 Ac-

1907 1498 2018 1546 tum
2045 1492 2374 1566 Aquisgrani
2402 1496 2588 1565 palatii
2614 1497 2828 1568 publice
2859 1496 2912 1552 in
2936 1497 3034 1554 Dei
3068 1499 3287 1555 nomine
3316 1497 3488 1555 fclici—

1906 1587 2008 1634 ter.
2032 1580 2226 1662 Men.

2612 1672 2788 1730 XCII].

2316 1777 2418 1820 PRO
2447 1778 2698 1820 ECCLESIA
2761 1778 3074 1821 PARISIENSI.

2520 1850 2693 1924 (Anno
2725 1850 2878 1922 820.)

2339 1966 2518 2038 [Apud
2559 1967 2858 2033 Baluzium,
2902 1967 3055 2041 ibid.]

1977 2050 2033 2104 ln
2066 2053 2283 2110 nomine
2322 2056 2535 2111 Domini
2568 2055 2665 2113 Dei
2706 2065 2762 2112 et
2790 2056 3091 2113 Salvatoris
3142 2060 3317 2113 nostri
3359 2058 3484 2115 Iesu

1883 2139 2128 2207 ‘Christi,
2162 2144 2502 2214 Ludovicus,
2549 2147 2730 2202 divina
2780 2147 3070 2204 ordinante
3114 2149 3486 2219 providentia,

1908 2229 2204 2299 imperator
2228 2234 2523 2307 Augustus.

1981 2319 2038 2374 Si
2062 2323 2416 2391 petitionibus
2445 2327 2786 2383 sacerdotum
2835 2328 2889 2384 in
2927 2329 3255 2399 quibuslibet
3304 2348 3491 2391 neces—

1908 2410 2162 2467 sitatibus
2190 2414 2578 2473 ecclesiasticis
2615 2426 2802 2473 nostra
2836 2422 3156 2477 auctoritate
3204 2422 3491 2480 sublevan—

1906 2501 1989 2556 dis
2023 2504 2379 2573 consulimus,
2429 2515 2483 2562 et
2510 2508 2579 2562 ad
2630 2509 2989 2566 ministerium
3036 2528 3223 2569 eorum
3268 2514 3489 2572 liberius

1907 2594 2312 2661 exsequendum
2364 2610 2521 2665 opem
2590 2596 2831 2663 ferimus,
2877 2614 2907 2652 a
2962 2616 3174 2657 summo
3227 2600 3490 2659 Pontiﬁce

1905 2681 2132 2736 Domino
2162 2692 2349 2738 nostro
2386 2682 2513 2739 Jesu
2548 2685 2766 2741 Christo
2792 2696 3010 2743 :etcrnze
3031 2693 3491 2750 remunerationis

1906 2768 2091 2840 largiri
2124 2774 2278 2828 nobis
2302 2774 2520 2843 praemia
2561 2790 2667 2830 non
2729 2777 3071 2848 ambigimus.
3110 2778 3342 2838 Proinde
3394 2799 3492 2840 no-

1906 2869 2019 2915 tum
2057 2863 2129 2917 sit
2164 2865 2415 2920 omnibus
2458 2863 2705 2921 ﬁdelibus
2751 2877 2953 2923 sanctae
2997 2869 3094 2925 Dei
3122 2871 3380 2932 Ecclesia:
3434 2885 3490 2931 et

1906 2955 2131 3019 nostris,
2161 2957 2515 3026 praesentibus
2546 2959 2754 3013 scilicet
2779 2966 2833 3014 et
2870 2959 3086 3027 futuris,
3124 2965 3250 3032 quia
3286 2966 3372 3020 vir
3400 2982 3491 3022 ve-

1907 3045 2168 3100 nerabilis
2184 3046 2449 3101 lnchadus
2462 3046 2752 3102 Parisiacze
2771 3050 2922 3104 urbis
2938 3050 3182 3107 ecclesia:
3204 3054 3491 3126 episcopus

1908 3134 2102 3188 detulit
2115 3136 2395 3190 serenitati
2418 3145 2617 3192 nostrae
2630 3140 2919 3207 quamdam
2934 3142 3313 3199 auctoritatem
3328 3160 3489 3214 quam

1908 3225 2136 3279 domnus
2159 3234 2215 3281 et
2251 3226 2468 3297 genitor
2515 3235 2699 3284 noster
2747 3230 2903 3286 bona:
2946 3235 3222 3289 memoriae
3269 3235 3493 3292 Carolus

1904 3313 2328 3382 gloriosissimus
2361 3318 2660 3388 imperator
2688 3320 2755 3375 ad
2784 3322 3100 3391 petitionem
3132 3328 3491 3394 praedecesso-

1906 3405 1981 3460 ris
2009 3406 2093 3460 sui
2121 3406 2457 3463 Enchenradi
2473 3410 2643 3479 ipsius
2656 3412 2893 3467 civitatis
2906 3413 3149 3485 episcopi
3170 3415 3456 3485 ﬁerijussit
3476 3438 3489 3485 ;

1908 3494 1960 3549 in
1991 3512 2095 3566 qua
2126 3498 2508 3554 continebatur
2546 3502 2810 3557 insertum
2834 3504 2979 3572 quod
3020 3519 3119 3575 per
3141 3505 3405 3563 incuriam
3437 3521 3494 3565 et

1906 3589 2284 3658 negligentiam
2342 3592 2625 3647 custodum
2671 3594 2839 3663 ipsius
2893 3595 3139 3651 ecclesia:
3187 3606 3491 3655 strumcnta

1904 3679 2218 3732 chartarum
2256 3688 2446 3734 exusta
2492 3681 2577 3736 vel
2607 3692 2946 3738 concremata
2972 3685 3086 3740 sive
3112 3687 3321 3756 perdita
3353 3688 3489 3745 fuis-

1905 3777 2045 3831 sent,
2112 3783 2209 3837 per
2260 3784 2381 3837 qua:
2428 3770 2637 3826 scilicet
2683 3773 2829 3841 quod
2874 3772 3058 3843 plures
3120 3776 3330 3832 nobiles
3385 3780 3489 3837 viri

1904 3872 2002 3927 pro
2028 3858 2266 3912 remedio
2297 3858 2491 3915 anima:
2538 3874 2649 3915 suae
2697 3874 2785 3916 res
2837 3869 2894 3916 et
2918 3863 3188 3933 mancipia
3220 3866 3287 3919 ad
3316 3866 3489 3937 ipsam

1905 3946 2290 4017 delegaverunt
2324 3949 2634 4015 ecclesiam,
2681 3960 2736 4005 et
2780 3952 2922 4022 quod
2959 3951 3103 4007 idem
3133 3956 3346 4024 genitor
3384 3974 3486 4013 no-

1907 4048 2019 4093 ster
2080 4055 2177 4109 per
2234 4043 2479 4097 eamdem
2555 4042 2930 4099 conﬁrmasset
2993 4047 3371 4103 auctoritatem
3425 4061 3486 4104 ut

1907 4144 1990 4184 res
2036 4138 2090 4183 et
2126 4131 2393 4199 mancipia
2440 4147 2559 4202 quze
2613 4133 2667 4187 in
2715 4134 2920 4189 eisdem
2970 4133 3344 4193 instrumentis
3399 4140 3485 4194 in-
3541 4146 3554 4161 ’

1906 4228 2049 4274 serta
2100 4219 2332 4285 fuerant,
2365 4228 2419 4275 et
2473 4222 2615 4276 unde
2667 4223 2924 4292 praedicta
2977 4224 3205 4281 ecclesia
3245 4241 3311 4282 eo
3357 4235 3489 4283 tem-

1906 4325 2035 4379 pore
2078 4310 2287 4381 legibus
2316 4312 2508 4366 vestita
2534 4321 2671 4377 erat,
2706 4312 2827 4380 jure
2878 4314 3251 4372 ecclesiastico
3300 4334 3491 4374 secure

1907 4411 1961 4455 et
1986 4402 2167 4471 quiete
2191 4412 2431 4457 rectores
2465 4403 2635 4473 ipsius
2662 4404 2908 4460 ecclesiae
2930 4405 3128 4463 futuris
3156 4411 3489 4478 temporibus

227 4508 341 4563 tur.
378 4497 554 4552 nullus
583 4499 634 4550 in
657 4499 867 4553 hostem
898 4508 1084 4572 pergat
1111 4500 1213 4554 nisi
1262 4514 1369 4553 una
1394 4514 1516 4554 cum
1553 4500 1802 4568 episcopo
1829 4496 2154 4563 D‘tenerent
2179 4500 2341 4559 atque
2388 4492 2750 4560 possiderent.
2801 4493 2966 4549 Pctiit
2994 4496 3158 4549 etiam
3197 4498 3487 4568 praedictus

227 4587 400 4658 ipsius
434 4587 694 4651 ecclesiae,
736 4586 820 4640 vel
863 4588 1155 4641 secundum
1198 4602 1351 4642 suam
1407 4588 1803 4643 ordinationem

228 4684 542 4740 remaneat;
578 4686 633 4731 et
661 4690 837 4745 neque
893 4676 960 4731 de
1011 4677 1142 4746 ipsis
1170 4677 1478 4731 hominibus
1507 4693 1667 4745 supra
1701 4686 1805 4732 ter-

225 4784 346 4821 ram
389 4767 605 4837 sanctae
629 4767 812 4823 Maria:
840 4770 1186 4823 manentibus
1220 4768 1454 4837 aliquem
1480 4784 1701 4824 censum
1721 4770 1805 4824 vel

223 4859 467 4926 aliquam
492 4857 908 4912 redhibitionem
944 4858 1137 4927 aliquis
1165 4860 1232 4911 de
1257 4859 1431 4927 capite
1484 4873 1668 4913 eorum
1718 4874 1806 4913 ac-

224 4950 411 5017 ciperc
442 4956 734 5020 praesumat
754 4964 873 5018 quae
903 4965 933 5003 a
965 4949 1123 5020 longo
1154 4958 1394 5018 tempore
1422 4950 1553 5004 dare
1581 4966 1808 5005 consue—

226 5047 422 5093 verant
445 5046 499 5093 et
530 5038 728 5093 futuris
756 5040 1090 5108 temporibus
1115 5038 1424 5108 persolvere
1452 5038 1684 5105 debent;
1714 5042 1807 5095 sed

228 5128 498 5198 quidquid
532 5128 654 5183 inde
690 5128 852 5183 ﬁscus
873 5136 1057 5183 noster
1097 5128 1313 5198 exigere
1343 5137 1435 5182 aut
1464 5144 1684 5198 sperare
1714 5144 1809 5197 po-

225 5216 417 5279 tuerit,
449 5230 544 5285 per
570 5216 748 5270 omnia
771 5230 871 5285 pro
901 5230 1088 5271 amore
1115 5216 1209 5270 Dei
1235 5226 1501 5272 etsanctze
1535 5217 1627 5271 Dei
1656 5218 1808 5287 geni-

225 5304 384 5360 tricis
445 5304 626 5359 Marire
688 5305 912 5375 przel'ato
974 5306 1224 5364 Yncbado
1276 5308 1525 5377 episcopo
1590 5308 1809 5377 suisque

226 5396 641 5452 successoribus
669 5396 899 5452 libenter
913 5397 1282 5463 concedimus,
1315 5405 1368 5452 et
1381 5398 1614 5468 gratuito
1628 5399 1810 5453 animo

226 5489 559 5544 auctoritate
605 5497 790 5544 nostra
842 5489 1232 5545 conﬁrmamus
1286 5499 1347 5543 ut
1401 5490 1602 5543 nullam
1646 5490 1809 5543 etiam

226 5579 625 5636 districtiouem
676 5580 741 5633 de
781 5580 1091 5634 hominibus
1146 5594 1306 5649 super
1361 5588 1561 5633 terram
1611 5588 1810 5635 sancta:

227 5667 414 5723 Maria:
437 5667 775 5722 manentibus
793 5667 1075 5736 iudiciaria
1118 5676 1358 5737 potestas
1378 5683 1630 5724 exercere
1677 5684 1810 5738 prte-

229 5770 430 5828 sumat,
464 5760 585 5827 nisi,
616 5767 673 5812 ut
695 5774 857 5829 supra
886 5760 1142 5827 diximus,
1168 5760 1221 5814 in
1253 5760 1413 5815 mallo
1455 5760 1691 5832 legitimo
1720 5777 1810 5817 co-

1908 4582 2174 4636 lnchadus
2212 4582 2558 4636 serenitatem
2590 4590 2831 4637 nostram
2871 4592 2931 4638 ut
2959 4601 3058 4654 pro
3094 4589 3361 4643 mercedis
3391 4604 3488 4644 nov

1909 4681 2033 4725 strae
2055 4678 2341 4739 augmento
2384 4678 2437 4726 et
2492 4671 2767 4727 ﬁrmitatis
2810 4675 2989 4729 studio
3016 4676 3193 4731 eidem
3244 4678 3488 4735 ecclesiae

1909 4771 2057 4818 ntere
2080 4771 2309 4832 paterno
2334 4771 2578 4818 nostram
2604 4766 2987 4821 auctoritatem
3018 4782 3181 4837 super
3226 4769 3329 4824 hoc
3386 4786 3485 4826 nc-

1908 4853 2050 4921 gotio
2081 4851 2196 4906 ﬁeri
2218 4851 2551 4920 juberemus,
2582 4867 2679 4923 per
2707 4870 2870 4923 quam
2900 4856 3174 4912 modernis
3198 4869 3253 4913 et
3290 4857 3484 4916 futuris

1908 4934 2241 5013 temporibus
2263 4957 2351 4997 res
2378 4951 2434 4999 et
2469 4945 2735 5017 mancipia
2772 4960 2891 5013 quae
2916 4960 3014 5014 per
3063 4947 3290 5015 prmfata
3346 4960 3489 5003 stru-

1909 5042 2089 5089 mcnta
2139 5034 2455 5088 chartarum
2485 5034 2661 5088 eidem
2717 5035 2928 5089 traditae
2969 5034 3183 5091 fuerant
3223 5038 3484 5103 ecclesiae,

1909 5123 2159 5189 ﬁrmiter,
2187 5124 2392 5193 quiete,
2418 5138 2481 5178 ac
2507 5111 2696 5179 secure
2733 5139 2763 5178 a
2787 5125 3022 5197 prmlatis
3054 5126 3222 5196 ipsius
3247 5129 3490 5185 ecclesizn

1908 5214 2239 5269 haberentur
2290 5215 2375 5270 vel
2421 5216 2851 5284 possiderentur.
2904 5217 3014 5273 Nos
3038 5220 3221 5289 itaque
3244 5221 3487 5291 inspecta

1908 5307 2097 5361 eadem
2129 5306 2450 5362 auctoritate
2477 5306 2659 5361 domni
2708 5315 2762 5362 et
2788 5309 3047 5378 genitoris
3076 5310 3270 5375 nostri,
3326 5310 3487 5367 libuit

1910 5398 2065 5451 nobis
2087 5396 2330 5466 ejusdem
2354 5397 2681 5452 venerabilis
2702 5400 2805 5453 viri
2830 5400 3180 5468 petitionibus
3207 5415 3487 5455 assensum

1908 5488 2147 5559 praebere
2176 5497 2230 5543 et
2254 5476 2493 5559 paterna:
2514 5490 2826 5543 auctoritati
2845 5492 2985 5545 hanc
3002 5506 3215 5562 quoque
3244 5498 3486 5546 nostram

1902 5578 2128 5647 jungerc
2157 5580 2558 5635 auctoritatem.
2613 5579 2961 5651 Praecipimus
2999 5597 3125 5652 ergo
3160 5592 3318 5651 atque
3333 5580 3489 5648 jube-

1910 5686 2029 5724 mus
2075 5677 2133 5723 ut
2156 5684 2343 5723 omnes
2383 5684 2470 5724 res
2504 5678 2558 5723 et
2595 5671 2861 5739 mancipia
2890 5686 3008 5739 qua:
3055 5687 3118 5725 ex
3166 5670 3489 5724 liberalitate

1909 5762 2082 5817 eidem
2110 5759 2318 5815 collatae
2364 5758 2582 5817 fuerunt
2626 5760 2892 5829 ccclesim,
2942 5761 3143 5816 nostris
3188 5769 3243 5817 ct
3294 5760 3485 5814 futuris
