3936 6318
530 355 673 412 1105

1674 347 1988 406 LUDOVICI
2030 348 2048 402 l
2085 343 2554 404 COGNOMENTO
2591 345 2675 400 l‘ll

3683 349 3810 406 {ibi

527 475 860 546 temporibus
889 486 984 542 per
1011 470 1150 524 hanc
1179 475 1418 523 nostram
1453 467 1837 522 auctoritatem
1868 472 2106 518 rectores
2135 467 2183 527 Α
2212 458 2498 514 audientes
2526 457 2969 513 comendavimus
2999 459 3167 530 ipsius
3198 457 3493 529 Hucpuidi,
3523 469 3589 514 ut
3640 463 3812 530 inqui-

524 566 694 636 ipsius
719 559 963 617 ecclesia:
990 558 1195 628 absque
1225 557 1384 613 ullius
1408 555 1781 626 inquietudine
1809 553 1893 607 vel
1910 551 2112 620 injusta

523 652 959 724 interpellatione
988 649 1168 720 quiete
1193 655 1247 703 et
1270 661 1460 702 secure
1481 646 1683 701 habere
1719 645 1804 700 vel
1832 643 2112 714 possidere

522 751 759 806 valeant.
791 747 945 814 Quod
971 745 1016 801 si
1045 743 1186 800 forte
1213 758 1377 814 super
1404 742 1613 798 eisdem
1643 742 1805 796 rebus
1831 749 1957 794 ante
1976 755 2114 808 pra:-

522 842 725 896 dictam
754 836 1147 892 exustionema
1196 832 1435 904 praelatis
1477 833 1646 902 ipsius
1700 830 1945 886 ecclesia:
1990 827 2112 897 jure

519 929 788 1002 possessis
815 925 1046 997 quaestio
1073 933 1193 979 orta
1243 923 1428 989 fuerit,
1466 931 1526 977 ut
1555 938 1651 992 pro
1674 923 1755 978 eis
1783 921 2030 992 legaliter
2057 920 2112 974 in

523 1021 641 1076 foro
667 1018 957 1089 disceptari
985 1030 1207 1070 necesse
1239 1015 1327 1080 sit,
1359 1015 1434 1069 ita
1468 1029 1565 1084 per
1593 1015 1729 1068 hanc
1754 1021 1992 1067 nostram
2019 1025 2115 1064 au—

521 1109 831 1166 ctoritatem
860 1106 1063 1162 eisdem
1089 1121 1178 1160 res
1208 1113 1261 1159 et
1283 1103 1552 1173 mancipia
1575 1104 1744 1174 ipsius
1768 1101 2012 1158 ecclesia:
2026 1100 2116 1156 de-

521 1199 814 1255 fendantur
836 1196 997 1259 sicuti
1036 1211 1134 1265 per
1155 1195 1346 1250 eadem
1375 1186 1776 1258 instrumenta,'
1797 1193 1841 1246 si
1865 1191 1976 1260 igni
2021 1191 2114 1244 ab-

521 1299 739 1360 sumpta
780 1303 886 1343 non
911 1285 1165 1350 fuissent,
1195 1285 1403 1356 legibus
1432 1282 1643 1339 defendi
1667 1289 1942 1352 poterant.
1987 1280 2112 1335 Haec

526 1395 657 1435 vero
692 1377 990 1433 auctoritas
1017 1385 1076 1430 ut
1107 1374 1316 1429 firmior
1335 1374 1389 1428 in
1425 1374 1521 1429 Dei
1575 1373 1791 1428 nomine
1827 1373 2108 1435 habeatur,

522 1483 578 1526 et
601 1489 632 1527 a
658 1465 906 1525 fidelibus
933 1477 1137 1523 sancta:
1163 1467 1257 1522 Dei
1287 1466 1547 1521 Ecclesia:
1575 1474 1632 1520 et
1655 1465 1858 1520 nostris
1891 1463 2114 1534 diligen—

523 1565 630 1617 tius
653 1567 1029 1625 conservetur,
1060 1574 1221 1613 manu
1248 1558 1467 1628 propria
1517 1558 1705 1612 subter
1751 1556 2111 1622 firmavimus,

520 1663 576 1708 et
596 1651 778 1706 annuli
805 1651 978 1705 nostri
1008 1649 1366 1720 impressione
1389 1648 1592 1718 signari
1611 1647 1897 1717 jussimus.

593 1744 822 1815 Signum
843 1739 1103 1796 Ludovici
1127 1739 1360 1809 piissimi
1384 1737 1752 1808 imperatoris.

2217 562 2360 608 reret
2394 552 2461 607 de
2491 567 2652 607 causa
2679 553 2796 607 haec
2820 554 2865 607 si
2915 568 3038 608 cum
3067 553 3276 625 legibus
3300 554 3550 621 haberet,
3601 558 3812 613 veniret

2213 643 2280 696 ad
2308 642 2487 712 plaido
2512 681 2528 708 ,
2555 649 2611 696 et
2636 657 2740 710 qua
2781 656 2838 695 re
2872 642 3061 697 melius
3089 643 3309 712 poterit,
3345 659 3468 699 eam
3514 644 3803 701 defendaL

2214 731 2281 785 Et
2331 746 2455 786 eum
2497 746 2598 785 nos
2627 730 2701 785 illi
2732 732 2837 787 hoc
2875 733 3329 788 comendaremus
3362 735 3432 788 de
3476 735 3680 790 domni
3719 737 3815 790 im-

2211 825 2482 896 peratoris
2505 824 2684 896 jussu,
2706 827 2785 882 sic
2810 827 2926 898 ipse
2961 828 3272 898 Hucpuldus
3290 829 3648 893 comendavit
3673 846 3816 900 pra:-

2213 914 2324 971 fato
2353 917 2680 987 Raginperto
2705 919 2924 973 scavino
2954 928 3008 973 et
3031 920 3359 974 advocatore
3391 936 3514 984 suo,
3548 929 3616 974 ut
3659 923 3812 976 exin-

2213 1008 2278 1063 de
2300 1007 2596 1076 inquirere,
2642 1016 2697 1062 et
2727 1009 2793 1062 ad
2823 1009 3002 1078 plaido
3032 1010 3268 1081 plainam
3302 1012 3578 1065 racionem
3619 1012 3819 1065 exinde
3905 1007 3916 1044 '-

2214 1099 2469 1154 donared.
2504 1099 2690 1155 Posito
2746 1100 2945 1169 placito
2995 1103 3274 1158 venientes
3328 1118 3425 1158 nos
3477 1113 3700 1160 statuto
3735 1105 3820 1159 die

2214 1187 2268 1242 in
2295 1198 2446 1243 corte
2485 1189 2618 1260 regi,
2651 1205 2779 1260 qua:
2808 1190 3006 1244 dicitur
3033 1191 3273 1257 Pociolo,
3303 1193 3418 1263 ripa
3453 1192 3625 1248 ﬂuvio
3670 1193 3816 1247 Men-

2214 1277 2319 1342 cio,
2336 1287 2393 1331 et
2422 1293 2543 1333 cum
2565 1279 2983 1335 ressedissemus
3018 1281 3150 1335 inibi
3176 1283 3478 1336 adcaussas
3498 1283 3812 1348 audientes,

2215 1369 2552 1425 ressedentes
2605 1370 2887 1425 nobiscum
2933 1371 3180 1427 Andreas
3225 1373 3513 1441 episcopus
3563 1371 3812 1429 Vicenti-

2215 1477 2337 1527 nus,
2376 1471 2430 1516 et
2478 1463 2592 1532 ipse
2625 1463 2937 1533 Hucpuidus
2989 1465 3202 1530 comis,
3243 1465 3456 1521 Sevodo
3506 1468 3695 1523 comis
3753 1469 3814 1522 de

2208 1552 2447 1619 Mantua,
2480 1561 2536 1608 et
2560 1554 2961 1622 suprascriptus
2986 1553 3234 1609 Andreas
3257 1555 3451 1625 judex,
3483 1565 3539 1610 et
3569 1556 3812 1610 Bonifri-

2216 1651 2321 1708 tus,
2350 1642 2553 1713 Lupus,
2579 1642 2900 1708 Bodonicus,
2924 1648 2986 1697 'et
3007 1645 3121 1713 ipse
3148 1645 3339 1710 Draco,
3368 1654 3422 1701 et
3442 1645 3814 1716 Raginpertus

2215 1732 2489 1798 scavinus,
2510 1732 2598 1787 vel
2624 1731 2837 1803 reliqui,
2867 1747 2945 1788 sic
2977 1733 3090 1804 ipse
3108 1732 3408 1790 Bonifritus
3429 1736 3622 1789 retulit
3655 1738 3810 1791 nobis

592 1833 879 1890 Durandus
903 1831 1160 1887 diaconus
1189 1830 1258 1884 ad
1282 1829 1455 1884 vicem
1487 1826 1755 1896 Fridugisi
1772 1824 2107 1894 recognovit.
2138 1818 2186 1876 B
2215 1823 2280 1877 de
2309 1823 2413 1877 hac
2443 1837 2626 1887 causa,
2655 1831 2711 1877 et
2739 1823 2875 1878 dixit
2903 1841 2916 1875 :
2954 1841 2972 1874 ι
3003 1823 3142 1878 Ecce
3167 1825 3330 1879 modo
3350 1825 3530 1895 plaido
3566 1834 3678 1880 est.
3711 1827 3812 1879 Yo-

596 1923 732 1978 Data
760 1921 957 1976 ivKal.
999 1919 1314 1983 Novembr.,
1360 1932 1503 1973 anno
1551 1917 1769 1972 Christo
1824 1914 2109 1986 propitio7

526 2015 737 2084 imperii
766 2014 951 2068 damni
978 2012 1236 2067 Ludovici
1273 2010 1641 2081 imperatoris.
1666 2009 1860 2063 Actum
1881 2006 2116 2062 Carisia—

522 2123 587 2163 co
617 2107 813 2178 palatio
841 2105 1128 2176 publiciter
1157 2105 1212 2159 in
1240 2103 1334 2158 Dei
1361 2103 1598 2158 nomine.
1624 2101 1817 2156 Amen.

1228 2193 1409 2249 XCIV.

860 2291 964 2331 PRO
987 2289 1326 2332 IONASTEBIO
1361 2286 1771 2328 NONANTULANO.

529 2353 794 2411 Placitum
831 2353 1049 2409 Verona:
1080 2354 1317 2408 habitum
1354 2371 1386 2405 α
1413 2349 1641 2405 Rataldo
1679 2348 1967 2403 Veronense
2005 2349 2112 2417 epi-

595 2444 775 2496 scopo,
813 2423 1247 2496 misso‘lgudovici
1276 2421 1363 2496 Pii
1392 2419 1634 2496 Augusti,
1667 2418 1722 2471 in
1753 2434 1854 2496 quo
1881 2417 2108 2496 Nouim-

578 2486 772 2549 ,ιιιιίιηῖ
789 2492 1031 2549 monachi
1052 2507 1268 2546 causam
1297 2486 1531 2545 obtinent
1558 2497 1741 2542 contra
1764 2486 1817 2541 Ἠ
1827 2487 2109 2557 ucpoldum

603 2566 846 2623 comitem
881 2561 1249 2617 Veronensem.

1138 2651 1311 2722 (Arma
1341 2648 1492 2720 8‘20.)

526 2744 630 2818 [Et
663 2742 977 2806 Muralorio,
997 2741 1345 2810 Antiquitates
1365 2738 1588 2804 Italiae,
1606 2749 1736 2793 toni.
1754 2739 1792 2803 l,
1820 2753 1939 2808 pag.
1959 2736 2108 2810 461.]

599 2836 736 2891 Dum
765 2834 819 2888 in
841 2831 936 2886 Dei
989 2831 1205 2886 nomine
1229 2870 1244 2895 ,
1277 2830 1497 2884 civitate
1534 2831 1743 2884 Verona
1765 2869 1779 2895 ,
1812 2829 1863 2882 in
1906 2829 2110 2899 judicio

523 2920 946 2983 ressedissemus
984 2938 1082 2977 nos
1108 2922 1369 2977 Retaldus
1394 2923 1682 2991 episcopus
1705 2961 1719 2986 ,
1761 2921 1927 2974 misso
1955 2920 2107 2973 dom-

528 3021 582 3074 ni
618 3016 1040 3088 imperatorisad
1055 3014 1390 3086 singulorum
1423 3014 1703 3066 hominum
1735 3013 2108 3067 deliverandas

525 3109 874 3174 intentiones,
906 3107 1247 3162 ressedentes
1283 3105 1560 3159 nobiscum
1588 3102 1896 3172 llucpuldus
1940 3103 2110 3155 comis

2214 1913 2391 1968 lumus
2420 1913 2560 1968 scire
2589 1913 2720 1983 quid
2766 1914 2868 1968 iste
2898 1913 3145 1984 Hucpuld
3177 1917 3354 1970 comis
3383 1915 3447 1970 de
3487 1917 3606 1985 ipsa
3653 1916 3808 1977 silva,

2214 2019 2334 2074 qua:
2361 2004 2674 2065 nominatur
2702 2002 2908 2068 Ostilia,
2933 2019 3040 2073 que
3063 2005 3298 2073 pertinet
3321 2005 3390 2060 ad
3413 2006 3810 2061 monasterium

2216 2094 2536 2150 Nonantula:
2584 2095 2872 2150 ostendere
2914 2095 3048 2160 vult,
3082 2103 3177 2149 aut
3211 2111 3311 2165 pro
3351 2111 3459 2166 qua
3487 2111 3655 2151 causa
3691 2112 3808 2150 eam

2215 2184 2560 2241 contradicit.
2618 2202 2640 2236 ι
2675 2183 2776 2252 Qui
2803 2194 2857 2239 et
2887 2185 3000 2255 ipse
3028 2185 3274 2255 Hucpuld
3327 2188 3504 2241 comis
3539 2196 3595 2241 et
3621 2203 3809 2256 supra-

2219 2277 2422 2347 scripto
2453 2275 2818 2347 Raginpertus
2849 2271 3171 2332 advocatore
3205 2276 3323 2346 ejus
3351 2278 3640 2343 dixerunt,
3667 2280 3805 2348 (ιι)οὰ

2215 2366 2415 2419 nullam
2449 2368 2722 2421 racionem
2753 2367 3029 2436 justiciam
3057 2367 3303 2422 invenire
3345 2368 3678 2437 potuissent,
3712 2383 3806 2421 nec

2212 2457 2470 2528 poterint,
2514 2457 2782 2527 quomodo
2826 2465 3078 2526 quartam
3107 2443 3320 2526 partem
3347 2464 3405 2512 et
3454 2457 3803 2511 medietatem

2212 2560 2276 2600 ex
2307 2546 2480 2600 tribus
2505 2545 2844 2616 portionibus
2871 2546 2936 2600 de
2962 2544 3186 2616 prtefata
3215 2545 3348 2600 silva
3375 2545 3575 2601 Ostilia
3606 2561 3801 2616 excep-

2215 2636 2283 2691 tis
2311 2636 2520 2690 duabus
2547 2637 2784 2691 sortibus
2813 2677 2827 2701 ,
2857 2653 2993 2707 quas
3024 2638 3277 2707 superius
3329 2639 3734 2691 nominavimus
3772 2655 3798 2690 a

2212 2735 2365 2796 parte
2403 2726 2644 2796 prtcdicti
2672 2728 2988 2783 monasterii
3028 2744 3148 2783 cum
3183 2729 3302 2798 lege
3335 2729 3542 2798 poterit
3596 2739 3801 2782 contra-

2212 2816 2412 2871 dicere.
2440 2816 2531 2870 Sic
2560 2817 2624 2871 de
2651 2820 2903 2886 prmsenti
2942 2818 3054 2887 ipse
3087 2817 3330 2887 llucpold
3357 2833 3548 2873 comes
3574 2833 3669 2887 per
3695 2835 3797 2872 ma.

2214 2907 2384 2961 nicias
2425 2921 2551 2962 suas
2604 2907 2671 2961 de
2707 2923 2869 2961 manu
2916 2906 3158 2975 ejusdem
3211 2907 3514 2962 Bonifritus
3569 2923 3599 2960 a
3650 2917 3795 2976 parte

2212 2996 2423 3064 praefati
2455 2998 2770 3052 monasterii
2800 2999 3096 3052 revestivit.
3133 2998 3285 3054 Unde
3311 3007 3365 3052 et
3391 3014 3492 3068 pro
3512 3000 3796 3053 securitate

2214 3085 2453 3153 ejusdem
2484 3089 2800 3168 monasterii
2826 3086 3161 3153 Nonantulzc,
3192 3088 3336 3143 hanc
3363 3089 3627 3142 noticiam
3652 3087 3791 3142 fare-

526 3202 697 3273 ipsius
725 3168 978 3259 civitatis,
1023 3195 1270 3250 Andreas
1299 3195 1484 3265 judex,
1529 3203 1584 3249 et
1627 3168 1924 3247 Bonifritus
1956 3199 2112 3246 nola-

2218 3192 2274 3232 re
2304 3179 2756 3234 commonuimus.

527 3290 644 3343 rias
673 3287 963 3358 regularis,
994 3285 1170 3339 Draco
1194 3294 1250 3340 et
1283 3283 1651 3354 Ilaginpertus
1683 3282 1919 3336 scavinis
1944 3281 2113 3350 ipsius

529 3378 787 3442 civitatis,
815 3374 900 3430 vel
941 3374 1194 3442 reliquis;
1241 3373 1322 3428 sic
1349 3373 1462 3441 ipse
1491 3371 1786 3425 Bonifritus
1834 3369 2108 3436 notarius,

523 3465 680 3535 juxta
729 3472 788 3519 ut
836 3479 936 3517 nos
981 3462 1057 3516 illi
1117 3461 1599 3525 comendavimus,
1645 3461 1813 3530 cmpit
1863 3473 2110 3530 qumrere

528 3555 740 3627 prmfati
777 3553 1043 3623 Hucpuldi
1073 3552 1288 3606 comitis
1315 3553 1379 3607 de
1409 3559 1566 3622 parte
1597 3553 1986 3606 monachorum
2015 3551 2114 3606 No-

531 3646 766 3701 nantulm
796 3655 851 3700 et
880 3645 1015 3698 silva
1047 3658 1166 3711 qua:
1202 3643 1512 3696 nominatur
1537 3641 1750 3706 Ostilia,
1787 3660 1907 3713 qua:
1937 3644 2112 3712 posita

529 3754 652 3794 esse
681 3736 896 3792 videtur
922 3735 975 3787 in
1023 3732 1220 3787 ﬁnibus
1266 3732 1436 3800 ipsius
1471 3732 1706 3787 civitatis
1765 3730 2109 3796 Veronensis,

529 3829 836 3901 portionem
862 3826 1007 3879 illam
1054 3839 1174 3894 qua:
1214 3823 1312 3876 fuit
1337 3823 1608 3892 quondam
1641 3823 1879 3876 Anselmi
1905 3824 2112 3887 abbati,

535 3929 592 3974 et
617 3917 796 3973 Addini
853 3915 1117 3986 germani,
1148 3928 1379 3984 quarum
1425 3927 1513 3966 res
1539 3928 1657 3981 qua:
1691 3928 1719 3965 a
1751 3912 1974 3980 praefato
2003 3928 2115 3967 mo-

529 4007 773 4064 nasterio
808 4006 1144 4062 devenerunt
1170 4021 1182 4057 :
1224 4004 1324 4056 hoc
1347 4011 1429 4056 est
1450 4010 1699 4069 quartam
1723 4001 2021 4070 portionem
2051 4001 2114 4053 de

529 4112 692 4165 super
720 4103 829 4150 tota
865 4109 930 4147 ex
970 4090 1196 4162 praefata
1243 4092 1397 4156 silva,
1427 4098 1482 4145 et
1525 4089 1868 4144 medietatem
1901 4089 1954 4142 in
1996 4089 2114 4143 aliis

532 4189 707 4242 tribus
741 4185 1104 4256 portionibus,
1159 4198 1320 4252 quam
1365 4198 1393 4235 a
1429 4191 1582 4252 parte
1622 4181 1766 4249 regia
1814 4181 2114 4249 acquisive-

531 4283 943 4345 runt;excepla
966 4282 1112 4329 sorte
1142 4287 1266 4338 una,
1320 4286 1440 4341 qum
1492 4270 1727 4339 pertinet
1778 4267 1844 4322 ad
1898 4269 2113 4324 domum

531 4369 714 4425 cultile
749 4367 967 4437 capella:
1019 4363 1233 4435 regalis,
1257 4363 1400 4431 quoi
1431 4360 1752 4416 vocabulum
1784 4369 1870 4414 est
1902 4358 2106 4412 Sancto

532 4458 846 4521 Laurentio,
878 4464 932 4509 et
969 4454 1104 4508 alias
1136 4453 1421 4507 Sorticella
1453 4492 1466 4517 ,
1494 4468 1615 4521 qua:
1649 4452 1864 4505 videtur
1895 4465 2016 4505 esse
2047 4449 2112 4502 de

533 4556 690 4602 curte
713 4543 1058 4600 Roverscclle
1100 4541 1340 4594 Anselmi
1369 4541 1602 4594 comitis.
1637 4540 1703 4592 Et
1731 4540 1948 4592 dicebat
1974 4539 2116 4608 quod

534 4647 723 4693 contra
771 4636 941 4706 legem
990 4635 1102 4702 ipse
1133 4632 1444 4701 llucpuldus
1474 4647 1594 4685 eam
1625 4632 1807 4686 habet.
1847 4629 1971 4686 litec
2020 4648 2118 4686 nos

607 4760 631 4785 ει
656 4744 1041 4800 Animadverte
1069 4743 1120 4795 in
1145 4744 1245 4795 hoc
1269 4740 1687 4810 placitoltalica:
1721 4750 1815 4794 aut
1842 4741 2116 4795 Francicm

537 4818 731 4886 lingua:
758 4829 916 4867 voces
943 4828 1024 4886 ac‘
1051 4809 1319 4886 phrases,_
1359 4812 1567 4865 scilicet
1591 4852 1605 4872 ,
1657 4809 2112 4886 Contendavimus,

537 4881 643 4940 hoc
673 4892 756 4938 est
803 4881 1223 4944 comandmzmo,
1278 4882 1392 4934 sive
1441 4881 1906 4943 commandames;
1956 4889 2011 4932 et
2051 4881 2115 4933 de

538 4966 683 5026 parte
725 4951 1122 5026 monachorum,
1151 4950 1293 5026 quod
1328 4949 1516 5026 italice
1545 4951 1754 5026 diceres
1781 4948 1848 5000 da
1875 4959 2023 5026 ρανίᾳ
2051 4951 2114 5026 (ζέε

538 5018 792 5089 inonuri;
842 5030 897 5074 et
939 5021 1130 5072 veniret
1170 5018 1466 5089 ’adplaido
1494 5036 1510 5082 ;
1541 5028 1597 5089 et
1638 5019 1899 5089 racionem
1927 5018 2115 5072 exinde

539 5087 779 5146 domzred
800 5109 816 5155 ;
837 5100 901 5158 Δ(ξι
941 5105 1035 5158 per
1076 5087 1332 5142 multicia:
1362 5105 1504 5141 suas.
1536 5088 1623 5142 Uti
1664 5088 1718 5140 in
1751 5087 2022 5158 dissertat:
2053 5090 2116 5139 de

540 5161 729 5231 (lamin
758 5154 1528 5231 palut.animadvertiyapno
1553 5158 1656 5212 855
1684 5157 1923 5231 occurrit
1965 5155 2116 5231 linc-

577 5230 727 5284 oldur
751 5225 919 5283 come:
943 5226 1146 5297 palatii.
1187 5227 1380 5281 Nescio
1410 5226 1596 5280 fierine
1627 5225 1862 5297 potuerit
1892 5234 1950 5279 ut
1976 5227 2113 5279 idem

538 5249 727 5352 ῧοιαιω
751 5249 919 5283 0071188
943 5249 1146 5297 pasam.
1188 5249 1380 5281 l‘CSClU
1410 5249 1596 5280 IICI'IIIC
1663 5249 1862 5281 υιυιπιι
1892 5249 1950 5279 υι
1976 5249 2113 5279 ιιιειιι

590 5299 873 5364 eronensis
917 5311 1098 5352 comes
1132 5337 1145 5360 ,
1181 5298 1270 5366 qui
1312 5298 1364 5350 in
1394 5298 1585 5350 charta
1627 5249 1733 5349 hac
1765 5303 2114 5358 memoratus,

540 5370 867 5493 procedente
896 5376 1136 5448 tempore
1165 5365 1409 5447 ampliori
1446 5366 1784 5447 illomunere
1809 5365 2036 5418 donatus
2059 5375 2113 5419 et

566 5447 759 5492 unctus
804 5438 1006 5493 fuerit;
1040 5451 1106 5489 an
1139 5446 1318 5493 potius
1357 5451 1523 5493 nepos
1548 5436 1712 5493 illius,
1758 5445 1850 5488 aut
1874 5435 2014 5489 alter
2046 5436 2112 5489 ab

566 5443 759 5492 unctus
804 5438 1006 5498 fuerit;
1040 5451 1106 5489 an
1139 5438 1318 5504 potius
1357 5451 1523 5505 nepos
1548 5436 1712 5498 illius,
1758 5445 1850 5488 aut
1874 5435 2014 5489 alter
2046 5436 2112 5489 ab

543 5523 610 5587 eo
646 5524 816 5587 comes
837 5506 1018 5587 pqiatii
1042 5505 1320 5587 dicendus
1349 5504 1589 5587 sitl._Sed
1630 5519 1935 5587 quanquam
1963 5513 2109 5584 tanta

545 5576 685 5632 foret
711 5573 1019 5634 comitibus,
1042 5576 1144 5629 hoc
1176 5583 1260 5629 est
1295 5575 1568 5643 judieibus
1594 5574 1771 5642 populi
1801 5573 2105 5632 ordinariis.

547 5647 862 5710 auctoritas,
906 5653 961 5698 et
1000 5644 1226 5714 amplior
1265 5660 1478 5713 quoque
1500 5643 1680 5697 missis
1708 5643 1888 5712 regiis,
1939 5644 1991 5695 id
2029 5650 2114 5714 est

541 5716 813 5787 judicibus
839 5712 1324 5787 extraordinariis:
1360 5712 1549 5787 adhuc
1584 5722 1758 5766 tamen
1796 5714 1866 5787 si
1893 5712 2107 5779 quando

547 5781 802 5857 placitum
834 5785 1030 5840 habere
1056 5794 1107 5838 et
1131 5784 1392 5855 judicium
1426 5785 1704 5854 instituere
1737 5781 1983 5838 volebant
2013 5797 2108 5836 ex-

2282 3282 2393 3352 Ego
2426 3281 2717 3338 Deusdedit
2738 3283 2979 3338 notarius
3004 3282 3157 3353 regal
3177 3283 3272 3337 iris
3295 3283 3517 3353 scripsi,
3543 3298 3684 3336 anno
3710 3283 3797 3336 do-

2213 3372 2324 3426 mni
2370 3372 2595 3428 Ludoici
2646 3373 2988 3443 imperatoris
3030 3373 3296 3443 septimo,
3332 3375 3508 3444 pridie
3539 3372 3799 3427 Kalendas

2212 3462 2445 3532 Aprelis,
2477 3462 2770 3517 indictione
2811 3463 3206 3517 tertiadecima.

2284 3558 2398 3626 Ego
2435 3555 2694 3610 Rataldus
2734 3556 3041 3625 episcOpus,
3083 3555 3252 3609 misso
3283 3554 3474 3626 domn}
3515 3555 3798 3625 imperato.

2215 3649 2290 3702 ris
2313 3664 2473 3701 manu
2510 3661 2628 3700 mea
2655 3646 2970 3716 subscripsi.

2284 3739 2395 3808 Ego
2421 3739 2661 3792 Andreas
2677 3737 2961 3807 episcopus
2989 3734 3303 3792 Vicentinus
3326 3735 3667 3790 concordans
3683 3735 3797 3788 sub

2216 3847 2430 3899 scripsi.

2286 3918 2526 3972 Andreas
2542 3917 2708 3987 judex
2730 3918 3046 3988 subscripsi.

2286 4009 2460 4064 Draco
2486 4009 2804 4078 subscripsi.

2287 4099 2646 4169 Raginpertus
2673 4100 2927 4153 scavinus
2952 4097 3269 4167 subscripsi.

2289 4190 2402 4259 Ego
2426 4188 2736 4258 Hucpuldus
2755 4203 2939 4242 eomes
2977 4187 3291 4256 subscripsi.

2287 4282 2398 4352 Ego
2433 4280 2728 4335 Bonifritus
2754 4279 3001 4334 notarius
3027 4278 3346 4346 subscripsi.

2287 4374 2400 4443 Ego
2427 4371 2542 4427 Od'o
2569 4386 2750 4426 comes
2773 4371 3086 4440 subscripsi.

2291 4463 2471 4531 Lupus
2496 4460 2811 4528 subscripsi.

2291 4551 2592 4606 Bodonicus
2631 4549 2951 4618 subscripsi.

2293 4643 2649 4697 Brandolinus
2677 4641 2969 4709 subscripsi
2999 4653 3045 4696 ε.

2220 4763 2301 4807 tra
2332 4751 2589 4822 palatium
2616 4752 2761 4822 regis
2783 4791 2795 4811 ,
2822 4760 2920 4822 aut
2946 4759 3097 4804 extra
3122 4748 3264 4822 mdes
3284 4762 3478 4822 eorum
3525 4750 3798 4822 proprias,

2222 4824 2274 4876 id
2300 4817 2380 4876 eis
2431 4817 2775 4875 interdictum
2812 4819 2945 4885 fuit,
2977 4835 3150 4888 neque
3186 4817 3366 4873 facere
3417 4817 3675 4883 licebat}
3703 4821 3800 4873 nisi

2221 4893 2510 4959 impetrata
2532 4891 2685 4959 venia
2712 4906 2742 4942 a
2764 4889 2995 4959 dominis
3020 4888 3146 4959 ejus,
3162 4889 3355 4959 domus
3380 4898 3476 4941 aut
3505 4891 3648 4957 agri.
3684 4888 3801 4942 Sta-

2224 4956 2395 5014 tutum
2445 4960 2499 5013 id
2528 4957 2650 5030 fuit
2685 4959 2802 5030 lege
2841 4957 2912 5011 2‘2
2949 4958 3225 5030 Ludovici“
3258 4956 3801 5030 Pii_A_u_gusti_i_nter

2218 5029 2676 5098 Langobardicas,
2708 5025 2853 5098 part.
2877 5043 2936 5098 ιι,
2962 5027 3092 5081 tomi
3120 5025 3162 5089 l,
3197 5027 3322 5098 Ber.
3353 5025 3524 5081 ltalié.
3559 5028 3659 5081 ubi
3683 5028 3801 5097 legi-

2218 5094 2376 5152 mus':
2416 5097 2626 5150 Minora
2658 5094 2775 5150 vero
2802 5096 2996 5167 placita
3024 5111 3195 5149 comes
3217 5094 3362 5163 infra
3386 5103 3540 5167 sitan:
3567 5094 3800 5165 potestne

2220 5177 2341 5231 tem,
2371 5168 2446 5220 vel
2475 5167 2562 5219 ubi
2603 5165 2882 5236 impetrare
2903 5167 3147 5236 potuerit,
3189 5166 3399 5236 habent.
3425 5165 3796 5231 Quamobrem

2221 5238 2311 5291 ubi
2344 5237 2395 5291 in
2434 5235 2625 5290 alienis
2655 5232 2858 5305 aedibus
2894 5232 2989 5288 aut
3016 5235 3160 5305 agris
3186 5232 3334 5305 (nam
3370 5243 3427 5289 et
3459 5236 3518 5288 in
3563 5250 3728 5305 agro,
3750 5245 3800 5287 et

2221 5309 2322 5361 sub
2360 5305 2470 5369 dio,
2507 5313 2562 5359 et
2587 5306 2686 5359 sub
2708 5303 2990 5358 arboribus
3018 5303 3124 5358 non
3154 5303 3429 5373 nunquam
3473 5305 3526 5358 id
3566 5303 3797 5373 factum)

2188 5376 2415 5445 placita
2451 5374 2883 5445 celebrabantur,
2918 5387 3246 5445 consuevere
3283 5371 3512 5445 comites
3554 5382 3621 5445 et
3651 5371 3798 5445 missi

2214 5442 2509 5499 exposcere
2547 5459 2576 5496 a
2603 5443 2820 5497 domino
2847 5442 2948 5496 loci
2975 5442 3289 5496 facultatem
3323 5442 3430 5495 illic
3477 5442 3797 5496 instituendi

2207 5511 2415 5584 judieii.
2443 5513 2732 5584 Impetrata
2775 5526 2986 5584 quoque
3015 5511 3174 5584 venia
3229 5512 3281 5584 i_n_
3313 5512 3442 5580 ipsis
3463 5511 3794 5584 iudiciorum

2213 5580 2418 5638 chartis
2447 5580 2673 5650 exprimi
2711 5581 2992 5651 consuevit
3027 5581 3096 5634 iis
3133 5580 3338 5651 verbis,
3367 5599 3459 5651 per
3480 5582 3611 5634 data
3635 5580 3790 5632 licen-

2211 5654 2306 5731 tia,
2336 5666 2402 5705 ne
2437 5650 2906 5731 quidquamjuris
2953 5651 3158 5731 iunctim
3195 5650 3414 5703 domum
3464 5659 3562 5731 au_t
3604 5663 3786 5717 agrum

2210 5717 2564 5776 tribuereisibi
2585 5717 2855 5789 judicibus
2885 5719 3114 5788 publicis
3137 5719 3191 5773 in
3211 5728 3491 5788 posterum
3520 5717 3604 5773 fas
3625 5727 3780 5772 esset
