3936 6398
228 402 365 459 1105

925 515 1081 570 XCV.

651 643 749 684 PRO
787 643 986 682 IONAS'I
997 643 1121 681 Ειιιο
1161 642 1384 681 ΙΝΒΕΝΕοΙ.

841 718 1014 793 (Anno
1043 717 1193 787 82!.)

217 809 402 882 [Apud
429 809 682 875 Martem,
707 808 879 882 Ampi:
907 794 1148 882 Callet-1.,
1184 814 1313 862 tom.
1338 806 1388 871 l,
1421 822 1486 862 ex
1513 824 1614 864 ms.
1645 808 1707 862 D.
1736 810 1799 864 de

119 901 140 906 -
221 876 231 878 ἡ
293 876 313 882 ’
806 876 1150 949 "Louvrcx.]

292 970 348 1024 ln
392 969 609 1024 nomine
637 968 849 1022 Domini
894 967 988 1021 Dei
1034 975 1086 1022 et
1128 965 1429 1023 Salvatoris
1470 959 1641 1023 nostri
1670 968 1798 1024 Jesu

213 1057 452 1123 Christi,
483 1059 788 1114 Ludovicus
817 1058 996 1113 divina
1021 1059 1306 1113 ordinante
1334 1059 1670 1129 providentia
1701 1060 1799 1114 im-

210 1158 439 1222 perator
462 1149 754 1222 Augustus,
782 1148 1032 1204 omnibus
1056 1151 1341 1220 episcopis,
1369 1151 1679 1216 abbatibus,
1710 1167 1800 1206 eo-

211 1242 464 1306 mitibus,
487 1241 730 1305 vieariis,
755 1241 1105 1307 centenariis,
1136 1241 1433 1307 telonariis,
1460 1243 1796 1307 actionariis,

209 1332 304 1386 vel
353 1333 602 1387 omnibus
652 1326 1038 1400 rempublicam
1098 1331 1640 1397 administrantibus,
1701 1349 1796 1388 scu

205 1421 430 1474 caeteris
477 1419 721 1475 fidelibus
768 1427 969 1475 saneta;
1015 1420 1111 1475 Dei
1160 1421 1415 1476 Ecclesia:
1463 1431 1518 1477 et
1565 1425 1793 1488 nostris,

207 1510 328 1565 tam
371 1511 729 1580 praesentibus
765 1527 929 1582 quam
969 1520 1026 1567 et
1065 1512 1262 1569 futuris
1289 1555 1303 1580 ,
1352 1523 1538 1569 notum
1570 1516 1640 1570 sit
1668 1517 1794 1586 quia

204 1602 587 1657 concessimus
614 1603 943 1658 monasterio
967 1611 1154 1658 nostro
1175 1615 1225 1668 ε,
1252 1605 1394 1672 quod
1418 1605 1618 1659 dicitur
1642 1606 1792 1662 Inda.

202 1692 361 1762 quod
401 1701 485 1747 cst
521 1691 759 1748 dicatum
799 1692 852 1747 in
894 1693 1101 1748 honore
1140 1694 1352 1748 Domini
1396 1705 1452 1749 et
1499 1693 1794 1752 Salvatoris

204 1782 389 1837 nostri
416 1780 542 1839 Jesu
567 1781 795 1848 Christi,
824 1791 1194 1837 constructum
1224 1784 1279 1837 in
1310 1783 1443 1838 silva
1473 1792 1660 1839 nostra
1690 1785 1792 1838 Ar-

1366 398 1759 456 Dll’l.0.\l.~\TA
1802 395 2352 452 ECCLESIASTICA.

1822 513 1870 569 Α
1971 507 2102 562 Data
2129 499 2285 562 sexto
2312 507 2435 562 ldus
2461 506 2740 562 Februarii
2766 519 2810 572 τ,
2850 523 2990 564 anno
3016 509 3218 565 Christi
3245 514 3477 581 propitio

3345 400 3477 456 “06

1903 602 1935 657 8
1969 600 2176 669 imperii
2215 599 2398 654 domni
2435 599 2687 653 Ludovici
2722 601 3055 655 serenissimi
3085 600 3345 672 Augusti,
3394 603 3473 656 in-

1901 691 2134 746 dictione
2167 690 2251 744 l4.
2287 691 2481 745 Actum
2511 689 2835 759 Aquisgrani
2866 691 3066 760 palatio
3098 693 3268 762 regio,
3304 692 3359 746 in
3385 692 3478 752 Dei

1901 782 2118 838 nomine
2140 780 2390 838 feliciter.
2418 781 2610 836 Amen.

2591 868 2771 927 XCVI.

2256 979 2354 1019 ΜΟ
2385 978 2722 1017 κοκιδτῑιιιο
2757 978 3131 1021 ιυριιειηεκεικ,

2508 1053 2680 1124 (Anno
2722 1052 2875 1122 891.)
2931 1051 2941 1064 '

1900 1142 2076 1214 [Apud
2109 1142 2367 1199 Schaten.
2389 1183 2404 1208 ,
2431 1141 2661 1198 Annales
2691 1140 3176 1207 Padarbornenscs,
3201 1157 3323 1212 pag.
3362 1142 3478 1215 67.]

1967 1237 2022 1291 In
2061 1238 2279 1292 nomine
2307 1236 2520 1292 Domini
2553 1236 2648 1291 Dei
2693 1243 2750 1290 et
2793 1233 3100 1291 Salvatoris
3139 1236 3313 1289 nostri
3349 1235 3478 1290 Jesu

1897 1329 2122 1393 Christi,
2147 1329 2452 1384 Ludovicus
2472 1326 2657 1382 divina
2687 1326 2974 1380 ordinante
3004 1324 3336 1394 providentia
3383 1325 3482 1379 im-

1896 1430 2114 1491 perator
2141 1420 2437 1491 Augustus.

1969 1509 2024 1564 Si
2054 1509 2393 1565 sacerdon
2431 1515 2486 1562 et
2517 1521 2799 1562 servorum
2852 1505 2944 1560 Dei
2988 1505 3301 1574 petitiones,
3338 1518 3475 1572 quas

1896 1616 1993 1671 pro
2019 1600 2132 1656 suis
2159 1581 2575 1654 necessitatibus
2599 1597 2953 1659 innotuerint,
2983 1595 3050 1650 ad
3076 1594 3323 1650 eﬂ‘ectum
3357 1608 3479 1664 per-

1897 1692 2163 1756 ducimus,
2192 1707 2296 1746 non
2323 1690 2496 1746 solum
2525 1688 2861 1760 imperialem
2887 1701 3202 1743 exercemus
3226 1699 3477 1738 mansne-

1899 1781 2155 1842 tudinem,
2184 1796 2375 1835 verum
2409 1781 2573 1834 etiam
2604 1779 2671 1832 ad
2697 1779 2870 1851 beatae
2916 1775 3292 1830 retributionis
3332 1789 3474 1827 mer-

202 1873 459 1938 duenna,
501 1873 592 1929 ubi
631 1874 794 1928 etiam
831 1888 975 1928 nunc
1001 1873 1284 1943 religiosus
1314 1875 1397 1928 vir
1421 1874 1742 1931 Benedictus
1766 1878 1793 1916 b
1823 1864 1869 1922 B
1899 1871 2082 1924 cedem
2113 1870 2237 1924 talia
2274 1870 2430 1923 nobis
2456 1867 2596 1922 facta
2624 1865 2905 1935 profutura
2945 1863 3290 1919 confidimus.
3333 1862 3476 1928 Qua-

201 1962 380 2018 abbas
403 1970 622 2032 praeest,
653 1969 708 2016 et
733 1962 879 2016 omni
908 1964 1314 2032 congregationi
1345 1963 1542 2020 ibidem
1575 1965 1686 2021 Deo
1714 1965 1794 2021 fa-

201 2050 469 2116 mulanti,
515 2066 675 2106 omne
719 2050 1009 2119 telonium,
1053 2059 1161 2106 tam
1192 2053 1257 2107 de
1287 2053 1512 2108 navibus
1540 2069 1659 2124 quae
1697 2070 1794 2126 per

201 2139 424 2196 diversa
444 2138 664 2196 ﬂumina
692 2141 902 2210 imperii
929 2142 1099 2196 nostri
1123 2157 1220 2210 pro
1243 2143 1481 2210 qualibet
1505 2159 1563 2199 re
1583 2144 1793 2200 discur-

200 2239 378 2297 runt,
424 2247 587 2302 quam
626 2239 683 2287 et
724 2231 790 2286 de
827 2230 1006 2286 curris
1051 2239 1106 2285 et
1152 2231 1436 2302 sagmariis
1471 2235 1792 2290 necessariis

204 2321 398 2394 [Forte
428 2321 756 2394 necessaria]
803 2321 972 2392 ipsius
1014 2322 1334 2376 monasterii
1370 2323 1454 2377 vel
1494 2339 1790 2395 congrcga-

202 2411 375 2467 tionis
421 2410 620 2466 ibidem
659 2411 772 2466 Deo
812 2409 1122 2466 famulantis
1160 2410 1557 2477 deferentibus,
1601 2416 1684 2468 vel
1725 2418 1790 2471 de

203 2503 454 2574 quolibet
497 2503 603 2558 alio
648 2503 866 2574 negotio
914 2503 1272 2572 undecunque
1319 2503 1481 2561 fiscus
1529 2506 1787 2562 telonium

199 2594 426 2663 exigere
450 2600 694 2663 poterat,
727 2594 780 2647 in
807 2592 1076 2663 integrum
1103 2594 1492 2659 concessimus,
1525 2603 1583 2649 ut
1610 2597 1789 2653 nullus

202 2683 438 2754 quilibet
478 2683 736 2739 telonium
780 2691 874 2738 aut
912 2684 1146 2753 aliquam
1176 2684 1511 2739 exactionem
1543 2687 1790 2756 accipere

200 2783 302 2829 aut
340 2775 556 2844 exigere
590 2782 902 2844 praesumat.
950 2773 1102 2829 Unde
1144 2775 1282 2829 hanc
1319 2783 1516 2829 nostrai
1555 2778 1790 2833 auctori-

202 2867 336 2922 tatis
359 2865 774 2936 prmceptionem
814 2865 1072 2935 priedicto
1099 2866 1429 2921 monasterio
1467 2876 1523 2921 et
1559 2883 1788 2939 congre-

201 2955 411 3024 gationi
457 2954 655 3009 ibidem
700 2953 914 3024 degenti
961 2953 1077 3007 fieri
1121 2955 1484 3024 praecipimus,
1513 2965 1569 3010 ut
1599 2973 1786 3025 naves,

1894 1969 2114 2030 propter
2141 1969 2325 2014 notum
2353 1960 2422 2013 sit
2444 1957 2682 2012 omnium
2711 1955 2947 2009 fidelium
2973 1962 3279 2010 nostrorum
3305 1952 3473 2006 soler-

1896 2051 2004 2115 tiae,
2033 2051 2382 2120 praesentium
2423 2057 2479 2103 et
2516 2049 2841 2111 futurorum,
2879 2045 3002 2113 quia
3039 2044 3118 2096 vir
3146 2041 3471 2096 venerabilis

1892 2142 2087 2197 Castus
2115 2143 2282 2196 abbas
2329 2141 2570 2195 ecclesia:
2612 2154 2731 2208 qua:
2758 2145 2981 2192 vocatur
3012 2134 3312 2194 Fiscbechi,
3347 2150 3494 2188 cuur

1893 2234 2148 2303 subjectis
2183 2232 2428 2287 ecclesiis
2457 2232 2509 2285 in
2534 2232 2722 2286 eodem
2748 2242 2883 2298 pago
2914 2226 3126 2296 Leriga,
3149 2232 3204 2277 et
3234 2239 3355 2289 cum
3381 2223 3471 2278 de-

1879 2326 2031 2380 cima
2063 2326 2128 2379 de
2157 2324 2291 2379 silva
2337 2323 2575 2376 Annueri
2607 2330 2659 2377 et
2686 2320 3016 2388 Ponteburg,
3043 2323 3100 2370 et
3128 2314 3340 2369 caeteris
3374 2329 3466 2368 es.

1890 2414 2068 2469 etesiis
2098 2415 2149 2466 in
2172 2413 2366 2483 Hesiga
2388 2420 2443 2466 et
2471 2410 2727 2480 Fenkiga,
2756 2415 2980 2475 excepta
3018 2420 3122 2459 una
3154 2402 3381 2458 ecclesia
3413 2403 3468 2455 in

1891 2502 2166 2572 Saxlinga,
2191 2516 2351 2570 quam
2389 2500 2755 2554 concessimus
2799 2497 2866 2551 ad
2918 2494 3230 2565 parochiam
3283 2491 3470 2551 Sancti

1889 2593 2042 2647 Pauli
2074 2591 2304 2656 reverti,
2335 2590 2400 2644 ad
2439 2589 2612 2644 locum
2637 2588 2729 2657 qui
2754 2594 2978 2640 vocatur
3006 2578 3467 2651 Mijnigernaford,

1888 2684 1978 2736 ubi
2030 2679 2309 2737 Gerfridus
2362 2680 2646 2748 episcopus
2694 2687 2928 2745 praeesse
2958 2673 3202 2736 videtur,
3243 2668 3469 2735 veniens

1889 2774 1956 2827 ad
1980 2773 2276 2842 nos,petiit
2321 2770 2694 2826 celsitudinem
2736 2774 2994 2831 nostram,
3026 2773 3083 2818 ut
3121 2764 3294 2832 ipsum
3344 2776 3472 2816 san-

1889 2871 2035 2917 ctum
2082 2863 2258 2916 locum
2305 2875 2403 2930 pro
2457 2860 2722 2914 mercedis
2776 2866 2976 2918 nostra}
3025 2862 3315 2924 augmento
3369 2852 3468 2906 sub

1891 2961 2076 3007 nostra
2108 2951 2422 3005 defensione
2457 2959 2511 3004 et
2539 2948 2895 3004 immunitatis
2923 2946 3152 2999 tuitione
3193 2945 3466 3012 recipere~

201 3045 290 3098 vel
317 3060 494 3110 curra,
525 3053 579 3099 et
603 3045 878 3116 sagmarii,
908 3060 1001 3099 seu
1031 3045 1279 3112 quaelibet
1308 3046 1408 3100 alia
1433 3047 1696 3110 vehicula,
1720 3049 1788 3102 ad
1821 3065 1860 3122 ο
1889 3058 2030 3096 mus.
2061 3042 2225 3112 Cujus
2262 3041 2507 3110 petitioni
2540 3056 2638 3110 pro
2661 3040 2841 3093 divino
2883 3051 3068 3091 amore
3103 3034 3464 3096 adsenSimUS.

201 3136 420 3189 diversa
451 3136 663 3206 negotia
697 3135 864 3204 ipsius
889 3135 1200 3189 monasterii
1240 3136 1539 3205 peragenda
1563 3178 1576 3200 ,
1625 3146 1678 3192 et
1722 3142 1788 3194 ad

199 3223 562 3279 necessitates
594 3224 711 3293 ejus
745 3222 1124 3287 sublevandas,
1155 3238 1250 3292 per
1277 3225 1588 3280 universum
1621 3228 1788 3298 impe-

203 3315 348 3367 rium
380 3321 623 3368 nostrum
653 3313 820 3368 libere
848 3314 1186 3377 discurrant,
1233 3323 1288 3369 et
1332 3316 1508 3375 nullus
1542 3319 1787 3388 publicus

197 3403 390 3472 iudex,
418 3403 502 3458 vel
533 3403 760 3473 quilibet
788 3413 1010 3458 exactor
1029 3402 1330 3470 judiciaria:
1358 3408 1664 3476 potestatis,
1697 3418 1790 3462 aut

203 3492 503 3548 telonarius
548 3493 614 3547 de
663 3493 887 3548 navibus
930 3501 1023 3546 aut
1068 3493 1133 3548 de
1176 3495 1426 3550 omnibus
1465 3512 1586 3566 qua:
1625 3513 1786 3568 supra

200 3591 504 3638 memorata
541 3591 706 3648 sunt,
765 3584 1118 3652 undecunque
1164 3585 1414 3641 videlicet
1454 3589 1615 3643 ﬁscus
1658 3591 1788 3644 telo-

202 3671 356 3725 nium
379 3671 594 3742 exigere
617 3680 811 3742 potest,
846 3673 1012 3726 ullum
1047 3675 1322 3740 telonium,
1358 3685 1447 3731 aut
1477 3680 1780 3748 ripaticum,

203 3770 302 3816 aut
336 3763 659 3832 portaticum
683 3804 697 3826 ,
744 3769 836 3817 aut
863 3764 1228 3834 pontatieum,
1273 3774 1366 3819 aut
1403 3768 1780 3835 salutaticum,

203 3861 304 3906 aut
334 3853 651 3918 rotaticum,
683 3861 775 3906 aut
801 3854 1228 3922 pulveratieum,
1261 3864 1352 3909 aut
1382 3860 1745 3926 cespontieum
1764 3901 1780 3925 ,

203 3953 301 3999 aut
343 3934 709 4007 travatieum,
762 3951 856 3998 aut
903 3944 1069 3999 ullum
1116 3961 1440 4012 occursum,
1490 3949 1574 4003 vel
1617 3950 1784 4006 ullum

201 4049 426 4088 censum
452 4072 467 4098 ,
514 4039 610 4086 aut
637 4032 800 4086 ullam
833 4034 1244 4089 retributionem
1286 4036 1354 4092 ab
1395 4038 1474 4092 eis
1509 4038 1788 4108 requirere

201 4131 301 4178 aut
337 4131 593 4179 exactare
621 4131 927 4192 praesumat.
979 4123 1084 4179 Sed
1112 4125 1318 4181 licitum
1349 4128 1420 4182 sit
1450 4127 1655 4197 absque
1684 4130 1785 4183 ali-

201 4212 360 4280 cujus
398 4212 585 4266 illicita
624 4212 1010 4267 contrarietate
1032 4213 1125 4268 vel
1160 4214 1470 4270 detentione
1510 4232 1608 4285 per
1643 4218 1783 4271 hanc

202 4311 446 4357 nostram
475 4301 852 4356 auctoritatem
874 4341 887 4364 ,
927 4316 1113 4365 naves,
1141 4318 1325 4366 curra,
1354 4305 1668 4374 sagmarios,
1699 4307 1783 4360 vel

205 4401 402 4449 caetera
429 4390 672 4446 vehicula
693 4430 708 4455 ,
744 4398 804 4444 et
840 4390 1088 4446 homines
1114 4391 1206 4461 qui
1237 4392 1340 4446 hoc
1376 4393 1665 4461 providere
1691 4394 1784 4450 de-

203 4481 364 4547 bent,
407 4496 530 4535 cum
562 4480 647 4535 bis
679 4495 800 4550 qua:
830 4478 1109 4543 deferunt,
1154 4495 1251 4550 per
1277 4481 1588 4537 universum
1621 4484 1785 4553 impe-

1844 3127 1847 3130 ί
1888 3141 1942 3187 et
1966 3132 2037 3184 ita
2072 3131 2122 3184 in
2161 3131 2433 3193 omnibus,
2461 3130 2584 3197 quia
2618 3127 2763 3198 juste
2789 3134 2843 3181 et
2877 3124 3267 3180 rationabiliter
3290 3122 3467 3191 petiit,

1890 3236 1987 3291 per
2023 3222 2160 3276 hanc
2198 3229 2438 3275 nostram
2481 3219 2854 3274 auctoritatem
2901 3214 3222 3270 confirmare
3261 3213 3469 3267 studui-

1891 3328 2027 3366 mus.
2050 3312 2432 3381 Przeeipientes
2455 3325 2583 3380 ergo
2602 3308 2856 3378 jubemus
2883 3316 2944 3361 ut
2982 3305 3160 3360 nullus
3178 3304 3340 3374 judex
3374 3320 3466 3372 pu-

1887 3401 2080 3466 blicus,
2100 3416 2273 3471 neque
2287 3401 2541 3470 quislibet
2555 3416 2620 3454 ex
2637 3398 2921 3467 judiciaria
2947 3403 3237 3468 potestate,
3260 3409 3356 3449 seu
3374 3396 3467 3447 ali»

1888 3494 2010 3562 quis
2030 3507 2095 3546 ex
2113 3491 2357 3546 ﬁdelibus
2372 3500 2572 3545 saneta:
2587 3489 2682 3542 Dei
2702 3487 2976 3552 Ecclesiae,
2994 3501 3056 3540 ac
3073 3485 3292 3547 nostris,
3311 3485 3364 3536 in
3387 3501 3468 3538 cc-

1889 3583 2103 3647 clesias,
2130 3581 2372 3644 autloca,
2403 3580 2678 3650 velagros,
2696 3594 2790 3633 seu
2817 3577 3052 3646 reliquas
3072 3574 3465 3644 possessiones,

1887 3689 2022 3742 quas
2035 3673 2291 3727 moderno
2307 3670 2700 3739 temporejuste
2713 3675 2766 3741 et
2783 3665 3177 3720 rationabiliter
3187 3665 3469 3732 possidere

1886 3764 2120 3827 videtur,
2154 3762 2207 3815 in
2239 3760 2568 3830 quibuslibet
2601 3758 2754 3829 pagis
2784 3765 2839 3811 et
2877 3754 3167 3812 terriloriis
3190 3754 3344 3817 sitas,
3380 3753 3464 3813 veJ

1885 3853 2147 3923 quidquid
2201 3853 2365 3906 etiam
2412 3851 2667 3919 deinceps
2705 3856 2924 3918 propter
2952 3846 3192 3901 divinum
3222 3859 3462 3910 amorem

1886 3943 2138 3999 collatum
2164 3942 2346 4007 fuerit,
2375 3941 2442 3995 ad
2468 3956 2660 3995 causas
2689 3937 3006 4002 audiendas,
3038 3934 3305 3996 vel,freda
3346 3935 3463 3998 exi:

1887 4037 2093 4108 genda,
2124 4042 2216 4089 aut
2243 4034 2553 4088 mansiones
2576 4040 2632 4087 et
2659 4039 2880 4104 paratas
2903 4028 3198 4091 faciendas,
3228 4034 3320 4080 aut
3368 4027 3465 4088 ho,-

1886 4129 2061 4180 mines
2093 4125 2260 4193 ipsius
2283 4123 2525 4178 ecclesia:
2551 4131 2660 4176 tam
2686 4122 2949 4192 ingenuos
2977 4133 3140 4188 quam
3179 4124 3236 4170 et
3275 4131 3463 4179 servos

1885 4215 2082 4285 injuste
2112 4212 2532 4283 distringendos,
2567 4218 2661 4265 aut
2690 4210 2827 4266 ullas
2855 4207 3265 4271 redhibitioncs,
3285 4205 3370 4259 vel
3402 4206 3464 4266 il-

1884 4307 2060 4360 licitas
2089 4304 2403 4360 occasiones
2435 4302 2785 4372 requirendas
2815 4299 2924 4363 ullo
2945 4313 3185 4380 unquam
3224 4305 3467 4365 tempore

1886 4397 2093 4468 ingredi
2139 4397 2355 4460 audeat,
2382 4394 2467 4448 vel
2519 4401 2777 4452 exactare
2823 4398 3147 4462 praesumat;
3203 4389 3463 4458 qujdquid

1886 4497 2064 4542 autem
2093 4488 2157 4542 de
2188 4487 2346 4539 rebus
2374 4483 2609 4554 praefatae
2633 4483 2877 4543 ecclesia:
2904 4481 3068 4543 fiscus
3111 4493 3332 4549 sperare
3373 4491 3464 4547 po-

204 4574 345 4627 rium
375 4579 623 4625 nostrum
654 4570 822 4624 libere
848 4577 1011 4638 atque
1035 4584 1221 4624 secure
1248 4571 1327 4625 ire
1355 4581 1408 4626 et
1433 4573 1629 4637 redire,
1657 4583 1711 4629 et
1739 4575 1785 4629 si
1809 4546 1862 4608 Ῑ)
1889 4589 2044 4646 terat,
2075 4589 2244 4634 totum
2288 4594 2386 4633 nos
2429 4593 2526 4648 pro
2555 4579 2734 4634 divino
2771 4593 2956 4632 amore
3000 4577 3376 4637 concedimus,
3406 4584 3464 4630 ut

202 4664 415 4732 aliquas
443 4676 625 4715 moras
656 4661 708 4714 in
738 4661 979 4730 quolibet
1014 4661 1134 4716 loco
1172 4661 1429 4728 fecerint,
1462 4673 1556 4717 aut
1583 4665 1784 4734 aliquid

203 4752 430 4806 mercati
461 4749 663 4806 fuerint
697 4758 790 4803 aut
819 4750 1193 4829 vendiderint,
1243 4751 1376 4805 nihil
1417 4753 1485 4806 ab
1522 4753 1601 4807 eis
1629 4769 1785 4823 pror-

203 4831 319 4909 sus,
350 4853 407 4898 ut
451 4843 654 4896 dictum
687 4849 798 4905 est,
840 4841 1106 4912 exigatur.
1154 4841 1279 4896 Haec
1315 4858 1442 4897 vero
1489 4845 1783 4899 auctoritas

200 4949 262 4994 ut
294 4939 591 5011 pleniorem
639 4937 694 4990 in
742 4937 835 4990 Dei
879 4937 1096 4992 nomine
1138 4937 1379 4991 obtineat
1406 4939 1680 5009 vigorem,
1728 4949 1782 4994 et

200 5031 453 5088 omnibus
477 5029 657 5083 verius
694 5036 876 5083 nostra
915 5042 1036 5082 esse
1069 5028 1343 5092 credatur,
1382 5039 1438 5082 et
1471 5029 1780 5099 diligentius

202 5127 576 5184 conservetur,
623 5117 689 5173 de
732 5117 930 5173 annulo
971 5127 1156 5173 nostro
1199 5120 1382 5173 subter
1410 5118 1671 5188 jussimus
1709 5122 1781 5177 si-

204 5209 404 5281 gillari.

274 5299 557 5356 Durandus
581 5299 841 5355 diaconus
870 5299 936 5353 ad
958 5299 1127 5354 vicem
1155 5297 1420 5370 Fridugisi
1446 5302 1771 5370 recognovit.

274 5426 299 5454 α
330 5413 498 5467 Suum
526 5424 684 5470 vocat
719 5413 946 5469 Indense
985 5416 1406 5477 monasterium,
1457 5431 1562 5470 non
1603 5417 1772 5472 solum

205 5482 539 5554 quodgregio
576 5500 672 5538 suo
715 5484 910 5554 palatio
950 5485 1252 5553 proximum
1284 5494 1450 5549 esset,
1476 5487 1568 5540 sed
1611 5487 1774 5542 etiam

207 5552 490 5623 quiaiillud
516 5552 854 5608 fundaverat.

278 5623 305 5661 δ
334 5622 432 5676 llic
469 5630 551 5676 est
589 5624 853 5677 maximus
894 5622 978 5676 ille
1015 5621 1331 5679 Benedictus
1368 5625 1574 5679 ordinis
1605 5628 1772 5680 nostri

206 5691 558 5755 reformator,
610 5693 775 5746 abbas
822 5693 1144 5746 Aniancnsis
1192 5704 1246 5746 ct
1295 5695 1570 5758 Inde-usis,
1625 5695 1776 5760 cujus

210 5762 439 5819 maxime
460 5775 620 5832 Opera
643 5771 1023 5831 congregatum
1050 5762 1220 5820 fuerat
1250 5764 1432 5834 paucis
1453 5774 1575 5829 ante
1597 5767 1771 5833 anuis,

1886 4671 2212 4742 perennibus
2247 4670 2590 4740 temporibus.
2607 4669 2663 4722 in
2685 4668 2938 4725 alimonia
2967 4682 3263 4738 pauperum
3290 4675 3346 4720 et
3370 4667 3459 4728 sti«

1886 4761 2077 4829 pendis
2099 4776 2377 4815 servorum
2410 4760 2501 4813 Dei
2532 4760 2729 4818 ibidem
2761 4759 2869 4814 Deo
2909 4758 3286 4817 famulantium
3335 4773 3457 4827 pro,-

1886 4850 2033 4906 ﬁciat
2055 4852 2108 4904 in
2138 4860 2503 4921 augmentum.
2549 4849 2986 4917 Quatenusipsis
3014 4848 3186 4902 servis
3217 4847 3332 4910 Dei,
3367 4847 3459 4914 qui

1886 4941 1959 4996 ibi
1986 4939 2370 5006 Deofamulari
2398 4940 2670 5002 videntur,
2694 4953 2792 5007 pro
2819 4938 2976 4998 nobis
3005 4947 3058 4998 et
3080 4939 3306 5007 conjuge
3335 4953 3457 5007 pro-

1887 5032 2042 5100 leque
2073 5038 2258 5085 nostra
2289 5040 2344 5084 et
2381 5030 2669 5083 stabilitate
2720 5028 2892 5096 ipsius
2940 5027 3152 5096 imperii
3207 5026 3379 5080 nostri
3427 5043 3456 5082 a

1885 5123 1997 5176 Deo
2022 5123 2178 5177 nobis
2201 5121 2445 5177 concessi
2460 5103 2620 5189 atque
2641 5117 3217 5188 conservandijugiter
3243 5117 3456 5181 Domini

1884 5213 2313 5268 misericordiam
2373 5227 2600 5267 exorare
2647 5213 2896 5272 delectet.
2954 5212 3272 5267 Pratdictam
3325 5226 3455 5266 vero

1882 5306 2152 5360 abbatiam
2201 5305 2364 5370 illius,
2396 5306 2814 5374 circumquaque
2853 5320 2950 5377 per
2996 5305 3239 5359 diversos
3287 5318 3452 5373 pagos

1879 5418 2084 5474 scilicet
2113 5417 2235 5481 8l7,
2263 5416 2700 5488 Aquisgrauense
2717 5416 3022 5475 concilium.

1952 5501 1972 5527 ο
2002 5488 2080 5543 Ae
2111 5487 2334 5543 proinde
2358 5486 2541 5540 datum
2573 5496 2627 5540 et
2653 5502 2968 5541 concessum
2999 5494 3082 5540 est
3111 5486 3448 5540 sanctissime

1879 5557 2057 5612 abbati
2094 5553 2384 5612 Benedicto
2421 5556 2563 5611 istud
2597 5557 2850 5626 diploma,
2906 5557 3077 5610 tribus
3114 5564 3238 5626 ante
3277 5553 3447 5626 ipsius

1879 5636 2104 5681 mortem
2129 5626 2346 5688 diebus;
2366 5641 2492 5680 nam
2522 5623 2681 5680 tertio
2710 5625 2832 5681 ldus
2859 5625 3135 5680 Februarii
3164 5623 3286 5676 anni
3318 5624 3443 5684 821,

1879 5697 2170 5750 indictione
2200 5695 2284 5756 ιιι
2320 5705 2641 5764 ργωερηιρηι
2673 5712 2793 5751 eum
2825 5704 3022 5750 acterna
3054 5694 3162 5747 vita
3187 5693 3441 5758 mutavit,

1878 5768 1930 5822 in
1959 5781 2055 5822 suo
2081 5764 2290 5821 lndcnsi
2317 5766 2581 5822 cwnobio.
