3936 6320
509 321 638 378 H07

1620 332 1939 390 LUDOVlCl
1977 337 1994 390 Ι
2033 335 2504 397 ΕΟΕΝΟΜΕΝΤΟ
2543 343 2624 398 l’ll

3645 359 3780 419 “UB

499 437 681 503 sitam,
713 453 875 495 nemo
900 439 1137 494 ﬁdelium
1166 449 1473 497 nostrorum
1498 445 1692 503 exinde
1727 447 1930 518 aliquid
1958 451 2078 504 abs—
2107 451 2158 508 A
2185 451 2313 506 stris
2339 453 2652 523 inquisitum
2685 467 2738 512 et
2765 462 2921 516 nobis
2958 465 3263 521 nuntiatum
3309 478 3392 524 est
3413 512 3426 535 ,
3459 472 3534 525 ita
3567 474 3642 528 ab
3692 477 3782 531 ho-

499 531 716 585 trahere
744 538 838 586 aut
862 532 1150 601 prohibere
1175 545 1499 604 praesumat;
1561 539 1760 609 quinei
1791 543 1951 598 liceat
1980 560 2079 614 per

497 620 648 677 bane
687 630 930 680 nostram
972 625 1357 682 auctoritatem
1393 630 1619 684 verbum
1651 632 2076 702 praedicationis,

497 710 727 768 Domino
762 714 1078 780 auxiliante,
1111 731 1378 772 exercere.
1421 727 1477 774 et
1512 722 1874 778 ministerium
1922 740 2079 779 suum

495 799 728 870 pleniter
746 817 1027 874 peragere.
1057 805 1125 859 Et
1150 814 1216 859 ut
1234 805 1353 861 hmo
1378 810 1676 866 auctoritas
1704 813 1904 866 nostris
1936 813 2078 868 futu-

495 888 681 958 risque
717 891 1052 961 temporibus
1083 892 1313 950 Domino
1343 895 1659 969 protegente
1693 900 1870 955 valeat
1895 902 2079 956 incon-

493 980 649 1035 vulsa
679 997 924 1048 manere,
955 999 1122 1039 manu
1164 987 1385 1056 propria
1425 989 1849 1058 subscripsimus
1890 1001 1943 1047 et
1983 1008 2077 1047 an-

491 1071 608 1128 null
642 1075 814 1130 nostri
838 1076 1197 1145 impressione
1220 1078 1422 1149 signari
1439 1079 1722 1148 jussimus.

564 1161 792 1235 Signum
840 1165 1100 1224 Ludovici
1155 1169 1490 1226 serenissimi
1545 1173 1905 1243 imperatoris.

560 1255 853 1314 Durandus
874 1258 1135 1317 diaconus
1153 1260 1222 1315 ad
1246 1261 1418 1317 vicem
1444 1261 1758 1318 Helisachar
1788 1267 2075 1335 recognovi

489 1355 544 1401 et
570 1348 891 1418 subscripsi.

563 1435 696 1504 Data
729 1453 764 1492 v
797 1437 980 1497 Nonas
1013 1438 1320 1509 Septembr.
1369 1443 1497 1497 anni
1534 1444 1745 1512 imperii
1779 1447 1966 1501 nostri
2017 1449 2067 1510 8,

489 1525 786 1585 indictione
811 1527 898 1582 ll.
915 1529 1111 1585 Actum
1135 1531 1466 1603 Aquisgrani
1490 1532 1691 1601 palatio
1720 1535 1869 1604 regio
1895 1535 1950 1590 in
1977 1536 2072 1590 Dei

485 1617 709 1673 nomine
727 1616 980 1675 feliciter.
1012 1620 1206 1677 Amen.

1181 1712 1384 1770 XCV".

838 1815 944 1860 PIO
969 1818 1304 1861 noueram
1327 1821 1688 1865 IIOBNBACENSI
1698 1850 1709 1862 .

1082 1898 1463 1972 (Amto82L)

864 1986 1125 2060 [Histoire
1152 1990 1218 2044 de
1253 1990 1424 2059 Heu,
1449 2007 1573 2064 pag.
1615 1993 1709 2064 23]

549 2075 610 2133 ln
640 2080 861 2135 nomine
887 2081 1107 2136 Domini
1135 2093 1191 2138 et
1217 2083 1517 2141 Salvator-is
1540 2088 1714 2142 nostri
1743 2085 1872 2142 Jesu
1911 2086 2070 2142 Cbri~

478 2167 575 2233 sti,
598 2167 926 2236 Ludovicus,
951 2171 1138 2228 divina
1161 2175 1452 2231 ordinante
1495 2177 1859 2247 providentia,
1892 2177 2068 2245 impe-

477 2267 629 2313 rator
653 2258 948 2331 Augustus.

548 2347 748 2404 Notum
810 2365 930 2408 esse
982 2355 1233 2412 volumus
1285 2357 1496 2413 cunctis
1545 2357 1794 2418 ﬁdelibus
1843 2359 2062 2424 nostris,

473 2440 1069 2509 {instantibus-scilicet
1089 2454 1146 2500 et
1168 2445 1388 2511 futuris,
1419 2448 1546 2516 quia
1587 2449 1776 2504 adiens
1807 2450 2064 2506 serenita-

474 2518 586 2583 tem
618 2530 1073 2589 culminis'nostri
1110 2537 1196 2590 vir
1242 2536 1467 2592 illustris
1516 2539 1844 2594 Lantbertus
1879 2555 2062 2596 comes

458 2620 748 2691 suggessit
783 2623 1067 2689 nobis,'eo
1099 2627 1243 2696 quod
1299 2635 1448 2682 actor
1474 2611 1792 2684 dominicus
1844 2629 2062 2684 nomine

468 2707 902 2776 'Nantcarius,ex
925 2713 1265 2772 ﬁsconestro
1291 2716 1720 2782 Franconofurd,
1736 2719 2057 2789 proprisset,

477 2811 721 2871 tempore
751 2803 956 2860 domini
983 2813 1039 2861 et
1065 2810 1328 2878 genitoris
1355 2809 1526 2863 nostri
1557 2808 1735 2864 Caroli
1756 2809 1911 2866 bonas
1950 2825 2061 2865 me-

471 2891 660 2948 moria:
702 2895 932 2964 piissimi
965 2896 1331 2969 imperatoris,
1373 2900 1637 2970 quasdam
1685 2915 1792 2966 res,
1845 2901 1900 2955 id
1950 2908 2054 2966 est,

469 2991 647 3038 terras
673 2991 728 3039 et
768 2986 938 3042 silvas
981 2998 1045 3042 et
1072 2997 1230 3058 prata
1249 3006 1412 3060 super
1449 2992 1729 3047 marcham
1777 2992 1901 3057 sita,
1935 3007 2055 3060 qua:

465 3078 647 3128 estex
678 3077 1012 3133 monasterio
1038 3093 1158 3144 suo,
1187 3081 1328 3149 quod
1357 3081 1555 3136 dicitur
1583 3080 1918 3147 Orombach,
1941 3081 2051 3138 Nos

470 3176 599 3218 vero
626 3163 767 3220 banc
811 3181 926 3221 rem
964 3167 1230 3238 jussimus
1257 3170 1571 3241 investigari
1592 3172 1790 3226 dilecto
1820 3171 1931 3227 ﬁlio
1956 3189 2052 3228 no-

466 3257 581 3307 stro
604 3251 868 3309 Lothario
897 3255 1237 3325 imperatori,
1262 3273 1365 3318 nec
1389 3274 1497 3314 non
1527 3268 1582 3314 et
1609 3258 1910 3315 Mantfredo
1939 3260 2054 3314 illu-

464 3341 564 3395 stri
591 3343 729 3397 viro.
761 3343 1205 3406 Posteaveniens
1231 3351 1301 3406 ad
1328 3364 1428 3405 nos
1455 3351 1787 3421 Wyrundus,
1803 3353 2049 3420 prmdicti

467 3432 792 3488 venerabilis
821 3439 1136 3492 monasterii
1163 3439 1352 3504 abbas,
1376 3442 1622 3496 eamdem
1648 3457 1868 3500 causam
1894 3444 2051 3499 nol-is

463 3526 755 3594 suggessit.
797 3526 906 3583 Nos
944 3530 1769 3610 iterum.‘jussimusllantfredo
1823 3545 1878 3591 et
1916 3538 2050 3593 alios

461 3612 655 3669 ﬁdeles
696 3625 916 3671 nostros
957 3619 1104 3676 hanc
1146 3635 1259 3675 rem
1286 3623 1572 3694 diligenter
1602 3627 1895 3695 inquirere.
1923 3626 2048 3694 Qui,

464 3704 606 3759 sicut
659 3707 814 3762 nobis
848 3712 1317 3778 renuntiaverunt,
1345 3715 1672 3772 invenerunt
1703 3733 1801 3786 per
1853 3717 2049 3772 Hruot-

460 3793 655 3849 bertur
680 3798 954 3866 comitem,
988 3809 1043 3856 et
1086 3811 1314 3860 cmteros
1339 3806 1544 3862 nobiles
1587 3824 1654 3863 ac
1681 3825 1905 3865 veraces
1950 3812 2048 3866 ho-

460 3885 637 3941 mines
663 3888 810 3943 circa
840 3900 1144 3960 manentes,
1174 3895 1321 3964 quod
1358 3897 1654 3966 praedictus
1686 3897 2047 3957 Nantcbarius

459 3993 583 4032 cum
614 3981 788 4036 servis
817 3983 1104 4040 dominicis
1140 3986 1338 4055 injuste
1374 3990 1548 4059 ipsam
1576 3991 1953 4049 investituram
1981 3997 2046 4051 de

452 4073 1031 4142 potentatu,praedicti
1079 4080 1403 4134 monasterii
1458 4081 1795 4148 abstulisset,
1842 4091 1896 4139 et
1947 4101 2047 4154 per

450 4161 717 4230 justitiam
749 4171 804 4219 et
830 4167 1219 4224 certimdinem
1247 4171 1390 4227 inter.
1432 4182 1676 4228 nostram
1705 4183 1760 4229 et
1797 4178 2043 4247 praedicti

454 4259 768 4312 monasterii
816 4273 1026 4329 partem
1071 4277 1194 4319 esse
1236 4266 1490 4332 debebat,
1515 4275 1569 4321 et
1597 4271 1743 4337 quod
1788 4275 2043 4340 praedicta

450 4346 679 4401 marcha
706 4348 1140 4407 divisaessetin
1172 4354 1282 4420 via,
1306 4370 1427 4424 qua:
1483 4357 1683 4411 dicitur
1718 4359 2043 4416 Talanweke

2180 545 2368 601 dierno
2390 549 2476 603 die
2501 550 2554 604 in
2583 558 2852 619 potestate
2879 557 3121 624 praedicti
3145 564 3462 616 monasterii
3484 567 3777 621 consistat.

2180 635 2246 689 Et
2286 637 2493 693 nullam
2541 641 2794 713 deinceps
2835 648 3255 703 commotionem
3299 662 3393 706 ant
3439 655 3778 713 calumniam

2179 735 2271 782 aut
2300 729 2516 800 aliquod
2542 731 2987 802 impedimentum
3037 752 3068 792 a
3115 748 3272 807 parte
3295 741 3410 797 ﬁsci
3440 748 3620 801 nostri
3643 764 3774 817 pars

2179 820 2422 887 praedicti
2483 826 2798 899 monasterii
2857 840 2916 881 se
2964 829 3274 884 habituram
3335 837 3554 901 penitus
3603 840 3775 908 perti-

2179 918 2425 964 mescat:
2463 920 2519 966 et
2565 923 2623 967 ut
2665 915 2781 969 huic
2825 918 3120 973 auctoritas
3170 919 3375 976 ﬁrmior
3415 925 3688 981 habeatur
3722 940 3777 983 et

2178 1016 2207 1055 a
2249 1001 2496 1058 ﬁdelibus
2527 1005 2729 1061 nostris
2760 1009 2944 1064 verius
2974 1011 3282 1080 certiusque
3313 1016 3572 1070 credatur
3601 1028 3775 1089 atque

2177 1101 2548 1162 conservetur,
2574 1097 2640 1152 de
2663 1098 2871 1154 annulo.
2890 1110 3078 1157 nostro
3101 1103 3289 1158 subter
3329 1121 3448 1161 eam
3494 1110 3770 1179 jussimus

2176 1181 2420 1251 sigillari.

2247 1271 2534 1328 Durandus
2563 1273 2824 1332 diaconus
2850 1277 2916 1331 ad
2958 1278 3130 1334 vicem
3182 1281 3452 1349 Fridugisi
3503 1300 3767 1357 recogno-

2174 1360 2271 1413 vit.

2244 1455 2378 1512 Data
2439 1473 2488 1511 vi
2533 1457 2657 1514 Idus
2708 1460 3025 1527 Januarias,
3051 1479 3218 1529 anno,
3248 1466 3466 1524 Christo
3496 1470 3762 1542 propitio,

2174 1545 2209 1598 8
2233 1545 2445 1616 imperii
2471 1549 2672 1603 domini
2693 1549 2952 1607 Ludovici
2977 1553 3207 1621 piissimi
3230 1556 3472 1627 Augusti.

2855 1661 3084 1716 XCVIII.

2638 1744 2975 1788 IONASTBRIO
3029 1748 3217 1790 SANCTI
3256 1749 3434 1791 GALLI.

2641 1817 2814 1890 (Anno
2845 1821 2968 1886 821,
3006 1821 3070 1876 15
3109 1821 3293 1884 Febr.)

2249 1908 2424 1980 [Apud
2451 1907 2734 1980 Neugart.,
2765 1908 2942 1965 Codex
2964 1911 3360 1978 Alamannicus,
3384 1929 3505 1989 pag.
3538 1914 3688 1987 179.]

2239 1999 2298 2058 lu
2345 1999 2566 2054 nomine
2612 2001 2824 2056 Domini
2866 2001 2962 2056 Dei
3006 2012 3062 2058 et
3100 2003 3398 2064 Salvatoris
3428 2008 3603 2062 nostri
3631 2006 3756 2062 Jesu

2172 2087 2394 2154 Christi,
2419 2088 2728 2146 Ludovicus
2766 2091 2945 2146 divina
2971 2093 3256 2152 ordinante
3281 2098 3626 2166 providentia
3658 2099 3754 2155 im-

2169 2187 2390 2250 perator
2407 2180 2704 2252 Augustus.

2240 2270 2374 2327 Cum
2393 2272 2557 2342 justis
2577 2288 2860 2329 servorum
2888 2276 2982 2331 Dei
3010 2278 3381 2347 petitionibus,
3396 2295 3535 2349 quas
3556 2280 3751 2336 nostris

2167 2361 2392 2416 auribus
2438 2363 2862 2430 insinuaverint,
2894 2365 3125 2423 libenter
3170 2371 3547 2436 annuerimus,
3570 2381 3628 2424 et
3661 2385 3748 2426 eas

2164 2464 2287 2506 cum
2315 2449 2411 2504 Dei
2441 2451 2641 2509 auxilio
2686 2454 2753 2508 ad
2798 2453 3045 2512 effectum
3091 2460 3377 2528 pervenire
3431 2459 3744 2525 fecerimus,

2163 2555 2271 2598 non
2318 2540 2492 2601 solum
2545 2543 2749 2613 regiam
2811 2554 2867 2598 et
2915 2545 3250 2615 imperialem
3299 2551 3744 2605 consuetudinem

2162 2642 2501 2696 exercemus,
2545 2647 2735 2688 verum
2783 2632 2948 2689 etiam
2997 2635 3102 2690 hoc
3149 2637 3306 2692 nobis
3352 2639 3546 2710 procul
3591 2640 3743 2695 dubio

2164 2731 2272 2776 tam
2307 2723 2376 2777 ad
2401 2730 2601 2781 statum
2643 2725 2846 2781 terreni
2875 2726 3025 2796 regni
3073 2728 3562 2796 corroborandum,
3588 2745 3740 2799 quam

2159 2811 2228 2865 ad
2279 2819 2493 2868 aeternae
2539 2814 2663 2868 vitae
2701 2813 3087 2870 beatitudinem
3131 2819 3522 2887 capessendam
3566 2818 3741 2888 profu-

2158 2910 2341 2957 turum
2361 2917 2482 2958 esse
2511 2903 2852 2962 conﬁdimus.
2883 2905 3090 2961 Idcirco
3113 2916 3301 2962 notum
3337 2907 3461 2964 ﬁeri
3498 2909 3739 2963 voltnnus

2157 2993 2400 3049 omnium
2427 2993 2666 3050 ﬁdelium
2693 3005 3028 3062 nostrorum,
3050 3005 3160 3054 tam
3197 3001 3550 3069 prmsentinm
3582 3015 3738 3068 quam

2157 3083 2482 3152 futurorum,
2516 3087 2768 3153 solertiae,
2802 3089 2976 3142 virum
3007 3091 3376 3146 venerabilem
3413 3089 3737 3146 Cozbertum

2157 3179 2411 3236 abbatem
2436 3198 2504 3238 ex
2523 3184 2854 3239 monasterio
2877 3183 2935 3239 S.
2962 3183 3102 3241 Galli
3123 3193 3367 3240 nostram
3390 3185 3574 3240 adisse
3595 3201 3736 3239 man-

2155 3277 2531 3344 suetudinem,
2567 3279 2829 3360 nobisque
2875 3279 3209 3346 innotuisse,
3237 3280 3473 3349 qualiter
3502 3288 3738 3348 tempore

2154 3369 2383 3426 Joannis
2407 3373 2651 3443 episcopi
2672 3381 2727 3428 et
2752 3372 2994 3441 ejusdem
3024 3376 3337 3431 monasterii
3365 3376 3603 3439 abbatis,
3621 3373 3738 3428 villa

2154 3477 2276 3532 quae
2302 3462 2500 3518 dicitur
2530 3463 2870 3520 Uhcinriuda
2894 3477 2942 3529 ει,
2972 3479 3138 3533 quam
3161 3463 3313 3518 Gieta
3336 3473 3393 3519 et
3433 3463 3734 3533 Lantpreb-

2155 3561 2242 3608 tus
2294 3553 2438 3610 Illius
2484 3556 2600 3625 ejus
2648 3571 2772 3611 cum
2823 3555 3155 3626 appendiciis
3189 3556 3304 3612 suis
3330 3556 3420 3624 pia
3454 3555 3736 3626 largitione

2151 3661 2251 3714 per
2313 3649 2624 3703 testamenti
2681 3648 3153 3718 oonscriptionem.
3186 3649 3363 3703 eidem
3412 3649 3736 3704 monasterio

2151 3735 2520 3802 contulerunt,
2550 3737 2731 3801 ablata
2773 3746 2949 3803 esset,
2975 3746 3033 3792 et
3073 3737 3273 3808 Turigo
3310 3738 3338 3778 ιι
3371 3737 3506 3792 ﬁsco
3554 3745 3735 3792 nostm

2150 3826 2374 3879 sociata.
2404 3825 2558 3890 Unde
2591 3826 2914 3896 deprecatus
2937 3834 3022 3882 est
3070 3843 3171 3886 nos
3211 3836 3272 3882 ut
3323 3842 3488 3897 super
3529 3827 3635 3881 hac
3679 3841 3734 3881 re

2143 3910 2501 3979 iustissimam
2522 3914 2932 3983 inquisitionem
2959 3915 3139 3971 facere
3154 3915 3476 3984 juberemus
3507 3934 3523 3970 :
3549 3924 3735 3986 quate.

2150 4017 2252 4056 nus
2277 4001 2331 4056 id
2363 4002 2505 4071 quod
2532 4002 2626 4060 ille
2643 4003 2710 4061 de
2735 4005 2976 4073 pmdicti
3008 4006 3328 4066 monasterii
3351 4007 3521 4062 rebus
3549 4021 3734 4062 secun-

2147 4088 2275 4143 dum
2302 4090 2575 4159 aequitatis
2600 4093 2847 4150 ordinem
2874 4095 3080 4150 habere
3101 4095 3384 4161 debuerat,
3407 4096 3611 4166 injuste
3631 4111 3732 4150 non

2148 4177 2440 4231 amitteret.
2468 4177 2636 4248 Cujus
2660 4180 2910 4249 petitioni
2953 4197 3054 4244 nos
3096 4198 3378 4238 assensum
3406 4185 3728 4254 praebentes,

2490 1744 2590 1784 PRO

2136 4262 2374 4344 fecimus
2402 4275 2462 4322 ut
2486 4278 2792 4339 rogaverat.
2816 4269 2886 4324 Et
2906 4269 3139 4330 Ceroldo
3165 4283 3187 4309 ο
3219 4271 3360 4327 ﬁdeli
3383 4283 3576 4328 nostro
3598 4273 3731 4328 hanc

2146 4368 2368 4409 causam
2398 4357 2675 4426 inquirere
2695 4357 2979 4428 iussimus,
3011 4370 3070 4417 et
3108 4362 3395 4433 diligenter
3415 4365 3731 4434 inquisitam

452 4444 508 4488 et
538 4436 662 4492 inde
686 4439 755 4493 ab
786 4439 1213 4510 Gereldlsphad,
1242 4445 1435 4500 deinde
1464 4448 1531 4502 ad
1567 4447 2040 4518 Wisigartaweck,
2068 4445 2304 4522 Dnobis
2329 4448 2660 4504 renuntiare.
2683 4448 2787 4514 Qui
2821 4466 3070 4505 reversus
3099 4451 3456 4520 retulit,quia—
3474 4454 3621 4508 sicut
3643 4467 3732 4523 per

452 4527 547 4581 sed
575 4537 630 4581 et
657 4527 966 4586 Gheroldus
993 4542 1144 4590 actor
1172 4544 1375 4602 noster,
1391 4537 1483 4604 qui
1506 4539 1824 4606 praedictum
1851 4541 2038 4597 ﬁscum

451 4625 700 4674 nostrum
728 4621 787 4674 in
833 4617 1139 4680 ministerio
1184 4627 1368 4693 habet,
1412 4629 1779 4698 interrogatus
1826 4633 1894 4686 ab
1935 4633 2036 4700 eis,

450 4710 655 4764 nullam
685 4713 765 4766 rei
783 4715 1166 4770 eertitudinem
1193 4718 1368 4784 potuit
1394 4717 2039 4791 demonstrare,qualiter

449 4800 519 4854 ad
565 4810 808 4856 nostram
861 4815 1073 4874 partem
1126 4806 1346 4878 legibus
1385 4818 1568 4863 tenere
1627 4811 1929 4880 potuisset;
1983 4825 2038 4868 et

448 4889 574 4946 ideo
609 4892 813 4961 placuit
858 4896 1032 4962 nobis,
1060 4899 1356 4952 secundum
1403 4899 1544 4955 banc
1602 4902 2031 4970 inquisitionem,

448 4982 699 5047 eamdem
742 4986 1021 5040 marcham
1048 4989 1308 5056 prasdicto
1336 4988 1670 5046 monasterio
1698 4995 1869 5058 reddi,
1896 4998 2037 5052 sicut

451 5071 772 5142 inquisitum
799 5083 854 5130 et
878 5076 1223 5132 testiﬁcatum
1253 5058 1372 5132 uin.
1396 5079 1630 5135 Proinde
1659 5082 1800 5138 hanc
1847 5085 2037 5140 aucto.

451 5167 668 5222 rltatem
693 5171 1072 5240 praeceptionis
1098 5179 1298 5227 nostrae
1323 5173 1438 5228 ﬁeri
1452 5173 1854 5252 jussimus,|per
1870 5195 2031 5247 quam

445 5256 795 5326 praecipimus
823 5269 988 5332 atque
1007 5261 1283 5332 iubemus,
1313 5271 1371 5317 ut
1411 5265 1554 5320 sicut
1589 5282 1620 5320 a
1652 5266 1901 5324 ﬁdelibus
1939 5287 2033 5326 no-

522 5407 547 5436 ι
587 5397 645 5452 lu
673 5398 878 5454 chartis
895 5393 1076 5453 Beatze
1102 5406 1156 5453 et
1184 5398 1458 5453 Lamberti
1489 5415 1595 5455 non
1624 5403 1862 5458 occurrit
1909 5404 2024 5460 Uh-

447 5466 714 5532 cinriuda,
737 5464 831 5524 sed
859 5467 1173 5544 Tunriudde
1196 5483 1292 5544 seu
1321 5469 1624 5544 Tunriude;
1673 5488 1863 5527 verum
1886 5474 2029 5544 inter

449 5539 1153 5615 utrumqueynomcn-nimia
1194 5539 1449 5615 distantia
1479 5550 1580 5606 est,
1606 5546 1783 5615 quam
1811 5552 1882 5615 _ut
1926 5539 2026 5615 pro

449 5600 558 5678 uno
578 5593 876 5678 eodemque
897 5606 1180 5662 habeatur.
1207 5607 1343 5666 Hinc
1364 5593 1584 5665 Beatam
1599 5593 2024 5678 etfliambertii—rn

450 5672 841 5747 Uhclnriudain
894 5690 992 5747 per
1039 5678 1199 5731 aliam
1247 5679 1492 5734 chartam
1540 5681 1596 5734 S.
1643 5672 2028 5737 Galloi'ascri-

446 5744 622 5810 psissc
650 5744 912 5818 conjicio.‘
933 5747 1135 5818 Estque
1161 5749 1216 5805 in
1253 5751 1565 5806 eorumdem
1598 5752 1858 5819 locorum,
1887 5766 2022 5822 quo-

2147 4537 2413 4605 pagenses
2463 4536 2565 4591 loci
2608 4537 2779 4602 illius.
2822 4538 3082 4593 adhibitis
3111 4540 3198 4594 his
3231 4540 3429 4608 quibus
3472 4541 3618 4598 inter
3643 4556 3730 4595 eos

2147 4628 2384 4686 maxima
2432 4629 2566 4686 ﬁdes
2618 4630 2950 4694 habebatur,
2981 4631 3226 4686 invenire
3278 4640 3552 4700 potuerat,
3591 4630 3728 4701 quod

2144 4719 2461 4787 pres-dictum
2489 4721 2881 4776 monasterium
2900 4720 2966 4775 de
2987 4721 3072 4779 his
3095 4720 3728 4777 rebusundeCozbcrtus

2143 4817 2302 4871 nobis
2355 4825 2721 4888 suggesserat,
2759 4816 2959 4885 injuste
2997 4817 3288 4886 spoliatum
3316 4815 3531 4872 fuisset.
3560 4814 3726 4881 Quam

2148 4909 2466 4966 relationem
2492 4923 2613 4962 cum
2635 4909 2993 4973 audissemus,
3015 4917 3070 4962 et
3094 4923 3216 4962 eam
3237 4922 3424 4962 veram
3451 4921 3578 4960 esse
3592 4919 3725 4960 com-

2139 5000 2487 5070 perissemus,
2515 4997 2772 5068 iussimus
2789 4998 3106 5066 praedictam
3125 4996 3312 5059 villam
3333 5010 3458 5051 cum
3480 4991 3726 5048 omnibus

2139 5095 2304 5149 rebus
2334 5093 2400 5147 ad
2428 5106 2548 5146 eam
2577 5091 2992 5159 pertinentibus,
3012 5103 3137 5158 qum
3164 5088 3371 5156 dudum
3402 5093 3593 5168 erepta
3616 5083 3725 5138 lue-

2136 5192 2244 5250 rat,
2273 5184 2449 5238 eidem
2504 5181 2801 5235 venerabili
2849 5179 3178 5235 monasterio
3228 5177 3464 5230 restitui.
3511 5175 3616 5236 Sed
3671 5183 3720 5228 et

2136 5277 2279 5330 idem
2305 5269 2589 5342 religiosus
2609 5272 2695 5328 vir
2714 5270 3015 5330 Cozbertus
3037 5270 3208 5334 abbas
3235 5276 3439 5328 nostra
3462 5278 3708 5322 mansue-

2133 5421 2255 5459 rum
2293 5404 2495 5460 chartae
2539 5403 3200 5478 excitataz_mes_11_inerttnt,
3235 5400 3436 5478 vicisti:
3467 5398 3718 5478 Fischer:-

2133 5476 2251 5550 ried
2269 5475 2752 5550 villainparocbia
2773 5472 3064 5532 Bussltirch
3089 5467 3711 5550 supra-gappeisvvilam

2133 5547 2198 5599 ad
2225 5544 2414 5614 lunam
2451 5536 2645 5614 ri'vnm,
2672 5545 2824 5614 cujus
2861 5536 3218 5596 nomencuin
3261 5536 3597 5596 lilicinriuda
3641 5536 3715 5592 fa-

2131 5611 2290 5672 cilius
2329 5613 2688 5680 componitur.

2204 5686 2230 5724 b
2260 5685 2546 5751 Turcgum,
2573 5680 2787 5736 Zurich.

2206 5766 2225 5794 ε
2265 5753 2528 5809 Gcroldus
2558 5767 2739 5809 comes
2765 5751 3158 5823 Zurichgovim.
