  <div class='ocr_page' id='page_1' title='image "/cluster/home/n/w/nwhite01/storage/ocr_20150623/104/uva.x000827061/562.png"; bbox 0 0 3936 6352; ppageno 0'>
   <div class='ocr_carea' id='block_1_1' title="bbox 250 394 401 449">
    <p class='ocr_par' dir='ltr' id='par_1_1' title="bbox 250 394 401 449">
     <span class='ocr_line' id='line_1_1' title="bbox 250 394 401 449; baseline 0.02 -3"><span class='ocrx_word' id='word_1_1' title='bbox 250 394 401 449; x_wconf 77' lang='grc'><strong>1109</strong></span> 
     </span>
    </p>
   </div>
   <div class='ocr_carea' id='block_1_2' title="bbox 1394 389 2382 446">
    <p class='ocr_par' dir='ltr' id='par_1_2' title="bbox 1394 389 2382 446">
     <span class='ocr_line' id='line_1_2' title="bbox 1394 389 2382 446; baseline 0 -3"><span class='ocrx_word' id='word_1_2' title='bbox 1394 390 1790 445; x_wconf 66' lang='lat' dir='ltr'><strong>Dll’LOMATA</strong></span> <span class='ocrx_word' id='word_1_3' title='bbox 1834 389 2382 446; x_wconf 68' lang='lat' dir='ltr'><strong>I~ICCI.ESIASTICA.</strong></span> 
     </span>
    </p>
   </div>
   <div class='ocr_carea' id='block_1_3' title="bbox 3384 392 3513 446">
    <p class='ocr_par' dir='ltr' id='par_1_3' title="bbox 3384 392 3513 446">
     <span class='ocr_line' id='line_1_3' title="bbox 3384 392 3513 446; baseline 0 -1"><span class='ocrx_word' id='word_1_4' title='bbox 3384 392 3513 446; x_wconf 82' lang='grc'><strong>1110</strong></span> 
     </span>
    </p>
   </div>
   <div class='ocr_carea' id='block_1_4' title="bbox 248 505 3513 587">
    <p class='ocr_par' dir='ltr' id='par_1_4' title="bbox 248 505 3513 587">
     <span class='ocr_line' id='line_1_4' title="bbox 248 505 3513 587; baseline -0 -23"><span class='ocrx_word' id='word_1_5' title='bbox 248 509 427 564; x_wconf 88' lang='lat' dir='ltr'><strong>tudini</strong></span> <span class='ocrx_word' id='word_1_6' title='bbox 452 506 739 577; x_wconf 73' lang='lat' dir='ltr'><strong>suggessit,</strong></span> <span class='ocrx_word' id='word_1_7' title='bbox 765 517 823 561; x_wconf 88' lang='lat' dir='ltr'><strong>ut</strong></span> <span class='ocrx_word' id='word_1_8' title='bbox 852 522 1010 575; x_wconf 82' lang='lat' dir='ltr'><strong>super</strong></span> <span class='ocrx_word' id='word_1_9' title='bbox 1046 508 1131 561; x_wconf 91' lang='lat' dir='ltr'><strong>his</strong></span> <span class='ocrx_word' id='word_1_10' title='bbox 1158 506 1319 561; x_wconf 86' lang='lat' dir='ltr'><strong>rebus</strong></span> <span class='ocrx_word' id='word_1_11' title='bbox 1342 507 1605 561; x_wconf 89' lang='lat' dir='ltr'><strong>restitutis</strong></span> <span class='ocrx_word' id='word_1_12' title='bbox 1628 521 1831 575; x_wconf 41' lang='lat' dir='ltr'><strong>praeces</strong></span> <span class='ocrx_word' id='word_1_13' title='bbox 1859 510 1908 568; x_wconf 78' lang='grc' dir='ltr'>Α</span> <span class='ocrx_word' id='word_1_14' title='bbox 1937 506 2143 573; x_wconf 71' lang='lat' dir='ltr'><strong>religio,</strong></span> <span class='ocrx_word' id='word_1_15' title='bbox 2168 516 2222 560; x_wconf 92' lang='lat' dir='ltr'><strong>et</strong></span> <span class='ocrx_word' id='word_1_16' title='bbox 2249 522 2346 575; x_wconf 94' lang='lat' dir='ltr'><strong>pro</strong></span> <span class='ocrx_word' id='word_1_17' title='bbox 2373 506 2548 569; x_wconf 90' lang='lat' dir='ltr'><strong>nobis,</strong></span> <span class='ocrx_word' id='word_1_18' title='bbox 2575 506 2797 577; x_wconf 81' lang='lat' dir='ltr'><strong>cenjuge</strong></span> <span class='ocrx_word' id='word_1_19' title='bbox 2824 505 3080 587; x_wconf 86' lang='lat' dir='ltr'><strong>proleqne</strong></span> <span class='ocrx_word' id='word_1_20' title='bbox 3108 515 3315 572; x_wconf 83' lang='lat' dir='ltr'><strong>nostra,</strong></span> <span class='ocrx_word' id='word_1_21' title='bbox 3338 517 3391 562; x_wconf 84' lang='lat' dir='ltr'><strong>et</strong></span> <span class='ocrx_word' id='word_1_22' title='bbox 3417 524 3513 578; x_wconf 88' lang='lat' dir='ltr'><strong>pro</strong></span> 
     </span>
    </p>
   </div>
   <div class='ocr_carea' id='block_1_5' title="bbox 246 597 1835 668">
    <p class='ocr_par' dir='ltr' id='par_1_5' title="bbox 246 597 1835 668">
     <span class='ocr_line' id='line_1_5' title="bbox 246 597 1835 668; baseline -0.001 -16"><span class='ocrx_word' id='word_1_23' title='bbox 246 600 453 668; x_wconf 75' lang='lat' dir='ltr'><strong>ptionis</strong></span> <span class='ocrx_word' id='word_1_24' title='bbox 482 607 679 651; x_wconf 74' lang='lat' dir='ltr'><strong>nostrzc</strong></span> <span class='ocrx_word' id='word_1_25' title='bbox 706 597 1168 652; x_wconf 70' lang='lat' dir='ltr'><strong>continuationem</strong></span> <span class='ocrx_word' id='word_1_26' title='bbox 1206 599 1311 651; x_wconf 91' lang='lat' dir='ltr'><strong>sibi</strong></span> <span class='ocrx_word' id='word_1_27' title='bbox 1354 599 1483 652; x_wconf 91' lang='lat' dir='ltr'><strong>dare</strong></span> <span class='ocrx_word' id='word_1_28' title='bbox 1502 598 1835 668; x_wconf 80' lang='lat' dir='ltr'><strong>juberemus.</strong></span> 
     </span>
    </p>
   </div>
   <div class='ocr_carea' id='block_1_6' title="bbox 245 687 1834 758">
    <p class='ocr_par' dir='ltr' id='par_1_6' title="bbox 245 687 1834 758">
     <span class='ocr_line' id='line_1_6' title="bbox 245 687 1834 758; baseline -0.001 -15"><span class='ocrx_word' id='word_1_29' title='bbox 245 688 422 758; x_wconf 68' lang='lat' dir='ltr'><strong>quns</strong></span> <span class='ocrx_word' id='word_1_30' title='bbox 444 687 781 757; x_wconf 88' lang='lat' dir='ltr'><strong>petitionem,</strong></span> <span class='ocrx_word' id='word_1_31' title='bbox 811 689 937 756; x_wconf 84' lang='lat' dir='ltr'><strong>quia</strong></span> <span class='ocrx_word' id='word_1_32' title='bbox 979 688 1312 743; x_wconf 83' lang='lat' dir='ltr'><strong>rationabilis</strong></span> <span class='ocrx_word' id='word_1_33' title='bbox 1338 690 1492 743; x_wconf 87' lang='lat' dir='ltr'><strong>nobis</strong></span> <span class='ocrx_word' id='word_1_34' title='bbox 1533 688 1834 751; x_wconf 80' lang='lat' dir='ltr'><strong>videbatur,</strong></span> 
     </span>
    </p>
   </div>
   <div class='ocr_carea' id='block_1_7' title="bbox 250 778 1839 850">
    <p class='ocr_par' dir='ltr' id='par_1_7' title="bbox 250 778 1839 850">
     <span class='ocr_line' id='line_1_7' title="bbox 250 778 1839 850; baseline 0.002 -20"><span class='ocrx_word' id='word_1_35' title='bbox 250 779 325 833; x_wconf 86' lang='lat' dir='ltr'><strong>ad</strong></span> <span class='ocrx_word' id='word_1_36' title='bbox 348 778 597 833; x_wconf 80' lang='lat' dir='ltr'><strong>effectum</strong></span> <span class='ocrx_word' id='word_1_37' title='bbox 625 779 921 848; x_wconf 84' lang='lat' dir='ltr'><strong>perducere</strong></span> <span class='ocrx_word' id='word_1_38' title='bbox 953 780 1261 838; x_wconf 82' lang='lat' dir='ltr'><strong>curavimus</strong></span> <span class='ocrx_word' id='word_1_39' title='bbox 1313 798 1325 834; x_wconf 93' lang='lat'>:</span> <span class='ocrx_word' id='word_1_40' title='bbox 1366 788 1665 835; x_wconf 84' lang='lat' dir='ltr'><strong>statuentes</strong></span> <span class='ocrx_word' id='word_1_41' title='bbox 1708 794 1839 850; x_wconf 89' lang='lat' dir='ltr'><strong>ergo</strong></span> 
     </span>
    </p>
   </div>
   <div class='ocr_carea' id='block_1_8' title="bbox 249 870 1836 943">
    <p class='ocr_par' dir='ltr' id='par_1_8' title="bbox 249 870 1836 943">
     <span class='ocr_line' id='line_1_8' title="bbox 249 870 1836 943; baseline 0.001 -18"><span class='ocrx_word' id='word_1_42' title='bbox 249 870 524 938; x_wconf 83' lang='lat' dir='ltr'><strong>iubemus,</strong></span> <span class='ocrx_word' id='word_1_43' title='bbox 552 881 612 926; x_wconf 92' lang='lat' dir='ltr'><strong>ut</strong></span> <span class='ocrx_word' id='word_1_44' title='bbox 636 887 799 941; x_wconf 86' lang='lat' dir='ltr'><strong>supra</strong></span> <span class='ocrx_word' id='word_1_45' title='bbox 827 872 1135 925; x_wconf 89' lang='lat' dir='ltr'><strong>nominatas</strong></span> <span class='ocrx_word' id='word_1_46' title='bbox 1164 887 1251 926; x_wconf 92' lang='lat' dir='ltr'><strong>res</strong></span> <span class='ocrx_word' id='word_1_47' title='bbox 1272 870 1569 940; x_wconf 88' lang='lat' dir='ltr'><strong>Cozpertus</strong></span> <span class='ocrx_word' id='word_1_48' title='bbox 1590 872 1836 943; x_wconf 71' lang='lat' dir='ltr'><strong>przcdicti</strong></span> 
     </span>
    </p>
   </div>
   <div class='ocr_carea' id='block_1_9' title="bbox 248 962 1840 1033">
    <p class='ocr_par' dir='ltr' id='par_1_9' title="bbox 248 962 1840 1033">
     <span class='ocr_line' id='line_1_9' title="bbox 248 962 1840 1033; baseline 0 -16"><span class='ocrx_word' id='word_1_49' title='bbox 248 963 574 1018; x_wconf 83' lang='lat' dir='ltr'><strong>monasterii</strong></span> <span class='ocrx_word' id='word_1_50' title='bbox 618 963 825 1027; x_wconf 87' lang='lat' dir='ltr'><strong>abbas,</strong></span> <span class='ocrx_word' id='word_1_51' title='bbox 870 978 1319 1032; x_wconf 90' lang='lat' dir='ltr'><strong>successoresque</strong></span> <span class='ocrx_word' id='word_1_52' title='bbox 1371 962 1488 1031; x_wconf 84' lang='lat' dir='ltr'><strong>ejus</strong></span> <span class='ocrx_word' id='word_1_53' title='bbox 1546 978 1643 1033; x_wconf 90' lang='lat' dir='ltr'><strong>per</strong></span> <span class='ocrx_word' id='word_1_54' title='bbox 1699 963 1840 1017; x_wconf 88' lang='lat' dir='ltr'><strong>hanc</strong></span> 
     </span>
    </p>
   </div>
   <div class='ocr_carea' id='block_1_10' title="bbox 247 1050 1839 1109">
    <p class='ocr_par' dir='ltr' id='par_1_10' title="bbox 247 1050 1839 1109">
     <span class='ocr_line' id='line_1_10' title="bbox 247 1050 1839 1109; baseline -0.004 0"><span class='ocrx_word' id='word_1_55' title='bbox 247 1061 457 1109; x_wconf 68' lang='lat' dir='ltr'><strong>nostra:</strong></span> <span class='ocrx_word' id='word_1_56' title='bbox 481 1053 823 1107; x_wconf 86' lang='lat' dir='ltr'><strong>auctoritatis</strong></span> <span class='ocrx_word' id='word_1_57' title='bbox 849 1052 1317 1108; x_wconf 89' lang='lat' dir='ltr'><strong>conﬁrmationem</strong></span> <span class='ocrx_word' id='word_1_58' title='bbox 1360 1053 1554 1107; x_wconf 78' lang='lat' dir='ltr'><strong>abhinc</strong></span> <span class='ocrx_word' id='word_1_59' title='bbox 1601 1053 1652 1106; x_wconf 92' lang='lat' dir='ltr'><strong>in</strong></span> <span class='ocrx_word' id='word_1_60' title='bbox 1696 1050 1839 1104; x_wconf 89' lang='lat' dir='ltr'><strong>futu-</strong></span> 
     </span>
    </p>
   </div>
   <div class='ocr_carea' id='block_1_11' title="bbox 251 1146 1839 1216">
    <p class='ocr_par' dir='ltr' id='par_1_11' title="bbox 251 1146 1839 1216">
     <span class='ocr_line' id='line_1_11' title="bbox 251 1146 1839 1216; baseline -0.001 -17"><span class='ocrx_word' id='word_1_61' title='bbox 251 1161 378 1199; x_wconf 86' lang='lat' dir='ltr'><strong>rum</strong></span> <span class='ocrx_word' id='word_1_62' title='bbox 424 1146 735 1200; x_wconf 89' lang='lat' dir='ltr'><strong>ﬁrmissime</strong></span> <span class='ocrx_word' id='word_1_63' title='bbox 783 1153 1004 1201; x_wconf 90' lang='lat' dir='ltr'><strong>teneant</strong></span> <span class='ocrx_word' id='word_1_64' title='bbox 1061 1155 1222 1215; x_wconf 90' lang='lat' dir='ltr'><strong>atque</strong></span> <span class='ocrx_word' id='word_1_65' title='bbox 1269 1147 1618 1216; x_wconf 81' lang='lat' dir='ltr'><strong>possideant,</strong></span> <span class='ocrx_word' id='word_1_66' title='bbox 1667 1158 1839 1213; x_wconf 76' lang='lat' dir='ltr'><strong>neque</strong></span> 
     </span>
    </p>
   </div>
   <div class='ocr_carea' id='block_1_12' title="bbox 250 1236 1837 1310">
    <p class='ocr_par' dir='ltr' id='par_1_12' title="bbox 250 1236 1837 1310">
     <span class='ocr_line' id='line_1_12' title="bbox 250 1236 1837 1310; baseline -0.004 -15"><span class='ocrx_word' id='word_1_67' title='bbox 250 1257 284 1295; x_wconf 85' lang='lat' dir='ltr'><strong>a</strong></span> <span class='ocrx_word' id='word_1_68' title='bbox 312 1241 552 1310; x_wconf 90' lang='lat' dir='ltr'><strong>quolibet</strong></span> <span class='ocrx_word' id='word_1_69' title='bbox 582 1240 821 1295; x_wconf 90' lang='lat' dir='ltr'><strong>ﬁdelium</strong></span> <span class='ocrx_word' id='word_1_70' title='bbox 862 1246 1063 1293; x_wconf 59' lang='lat' dir='ltr'><strong>sanctas</strong></span> <span class='ocrx_word' id='word_1_71' title='bbox 1091 1236 1184 1291; x_wconf 89' lang='lat' dir='ltr'><strong>Dei</strong></span> <span class='ocrx_word' id='word_1_72' title='bbox 1230 1236 1506 1301; x_wconf 67' lang='lat' dir='ltr'><strong>Ecclesize,</strong></span> <span class='ocrx_word' id='word_1_73' title='bbox 1532 1245 1693 1305; x_wconf 88' lang='lat' dir='ltr'><strong>atque</strong></span> <span class='ocrx_word' id='word_1_74' title='bbox 1717 1288 1721 1290; x_wconf 32' lang='grc' dir='ltr'><em>ν</em></span> <span class='ocrx_word' id='word_1_75' title='bbox 1745 1250 1837 1289; x_wconf 83' lang='lat' dir='ltr'><strong>no-</strong></span> 
     </span>
    </p>
   </div>
   <div class='ocr_carea' id='block_1_13' title="bbox 249 1311 1839 1398">
    <p class='ocr_par' dir='ltr' id='par_1_13' title="bbox 249 1311 1839 1398">
     <span class='ocr_line' id='line_1_13' title="bbox 249 1311 1839 1398; baseline -0.004 -14"><span class='ocrx_word' id='word_1_76' title='bbox 249 1339 514 1394; x_wconf 89' lang='lat' dir='ltr'><strong>strorum,</strong></span> <span class='ocrx_word' id='word_1_77' title='bbox 541 1330 625 1384; x_wconf 91' lang='lat' dir='ltr'><strong>vel</strong></span> <span class='ocrx_word' id='word_1_78' title='bbox 657 1346 686 1383; x_wconf 88' lang='lat' dir='ltr'><strong>a</strong></span> <span class='ocrx_word' id='word_1_79' title='bbox 709 1327 992 1398; x_wconf 84' lang='lat' dir='ltr'><strong>cujuslibet</strong></span> <span class='ocrx_word' id='word_1_80' title='bbox 1017 1327 1238 1380; x_wconf 80' lang='lat' dir='ltr'><strong>honoris</strong></span> <span class='ocrx_word' id='word_1_81' title='bbox 1267 1334 1359 1379; x_wconf 88' lang='lat' dir='ltr'><strong>aut</strong></span> <span class='ocrx_word' id='word_1_82' title='bbox 1404 1311 1688 1394; x_wconf 76' lang='lat' dir='ltr'><strong>potestatis</strong></span> <span class='ocrx_word' id='word_1_83' title='bbox 1718 1340 1839 1395; x_wconf 91' lang='lat' dir='ltr'><strong>per-</strong></span> 
     </span>
    </p>
   </div>
   <div class='ocr_carea' id='block_1_14' title="bbox 252 1415 1838 1489">
    <p class='ocr_par' dir='ltr' id='par_1_14' title="bbox 252 1415 1838 1489">
     <span class='ocr_line' id='line_1_14' title="bbox 252 1415 1838 1489; baseline -0.004 -13"><span class='ocrx_word' id='word_1_84' title='bbox 252 1437 388 1476; x_wconf 82' lang='lat' dir='ltr'><strong>sona</strong></span> <span class='ocrx_word' id='word_1_85' title='bbox 421 1420 528 1475; x_wconf 91' lang='lat' dir='ltr'><strong>ullo</strong></span> <span class='ocrx_word' id='word_1_86' title='bbox 550 1435 786 1489; x_wconf 85' lang='lat' dir='ltr'><strong>unquam</strong></span> <span class='ocrx_word' id='word_1_87' title='bbox 828 1427 1072 1487; x_wconf 89' lang='lat' dir='ltr'><strong>tempore</strong></span> <span class='ocrx_word' id='word_1_88' title='bbox 1101 1432 1129 1469; x_wconf 88' lang='lat' dir='ltr'><strong>a</strong></span> <span class='ocrx_word' id='word_1_89' title='bbox 1159 1415 1281 1483; x_wconf 89' lang='lat' dir='ltr'><strong>jure</strong></span> <span class='ocrx_word' id='word_1_90' title='bbox 1310 1416 1551 1485; x_wconf 64' lang='lat' dir='ltr'><strong>praedicti</strong></span> <span class='ocrx_word' id='word_1_91' title='bbox 1576 1424 1838 1471; x_wconf 81' lang='lat' dir='ltr'><strong>monaste-</strong></span> 
     </span>
    </p>
   </div>
   <div class='ocr_carea' id='block_1_15' title="bbox 252 1508 1839 1579">
    <p class='ocr_par' dir='ltr' id='par_1_15' title="bbox 252 1508 1839 1579">
     <span class='ocr_line' id='line_1_15' title="bbox 252 1508 1839 1579; baseline -0.003 -14"><span class='ocrx_word' id='word_1_92' title='bbox 252 1513 322 1566; x_wconf 91' lang='lat' dir='ltr'><strong>rii</strong></span> <span class='ocrx_word' id='word_1_93' title='bbox 366 1512 750 1574; x_wconf 86' lang='lat' dir='ltr'><strong>subtrahatur,</strong></span> <span class='ocrx_word' id='word_1_94' title='bbox 773 1511 865 1566; x_wconf 88' lang='lat' dir='ltr'><strong>sed</strong></span> <span class='ocrx_word' id='word_1_95' title='bbox 893 1510 1070 1579; x_wconf 85' lang='lat' dir='ltr'><strong>potius</strong></span> <span class='ocrx_word' id='word_1_96' title='bbox 1100 1524 1167 1563; x_wconf 77' lang='lat' dir='ltr'><strong>ex</strong></span> <span class='ocrx_word' id='word_1_97' title='bbox 1194 1508 1297 1563; x_wconf 91' lang='lat' dir='ltr'><strong>hac</strong></span> <span class='ocrx_word' id='word_1_98' title='bbox 1325 1516 1523 1563; x_wconf 68' lang='lat' dir='ltr'><strong>nostrte</strong></span> <span class='ocrx_word' id='word_1_99' title='bbox 1552 1508 1839 1562; x_wconf 81' lang='lat' dir='ltr'><strong>auctorita-</strong></span> 
     </span>
    </p>
   </div>
   <div class='ocr_carea' id='block_1_16' title="bbox 253 1597 1838 1669">
    <p class='ocr_par' dir='ltr' id='par_1_16' title="bbox 253 1597 1838 1669">
     <span class='ocr_line' id='line_1_16' title="bbox 253 1597 1838 1669; baseline -0.002 -14"><span class='ocrx_word' id='word_1_100' title='bbox 253 1601 328 1655; x_wconf 85' lang='lat' dir='ltr'><strong>tis</strong></span> <span class='ocrx_word' id='word_1_101' title='bbox 352 1600 761 1655; x_wconf 88' lang='lat' dir='ltr'><strong>conﬁrmatione</strong></span> <span class='ocrx_word' id='word_1_102' title='bbox 788 1606 1102 1669; x_wconf 88' lang='lat' dir='ltr'><strong>perpetuam</strong></span> <span class='ocrx_word' id='word_1_103' title='bbox 1156 1606 1335 1651; x_wconf 81' lang='lat' dir='ltr'><strong>sumat</strong></span> <span class='ocrx_word' id='word_1_104' title='bbox 1382 1597 1713 1652; x_wconf 82' lang='lat' dir='ltr'><strong>ﬁrmitatem.</strong></span> <span class='ocrx_word' id='word_1_105' title='bbox 1773 1598 1838 1652; x_wconf 83' lang='lat' dir='ltr'><strong>Et</strong></span> 
     </span>
    </p>
   </div>
   <div class='ocr_carea' id='block_1_17' title="bbox 251 1690 1839 1759">
    <p class='ocr_par' dir='ltr' id='par_1_17' title="bbox 251 1690 1839 1759">
     <span class='ocr_line' id='line_1_17' title="bbox 251 1690 1839 1759; baseline -0.004 -11"><span class='ocrx_word' id='word_1_106' title='bbox 251 1702 317 1748; x_wconf 86' lang='lat' dir='ltr'><strong>ut</strong></span> <span class='ocrx_word' id='word_1_107' title='bbox 349 1694 467 1749; x_wconf 64' lang='lat' dir='ltr'><strong>haec</strong></span> <span class='ocrx_word' id='word_1_108' title='bbox 501 1694 799 1748; x_wconf 82' lang='lat' dir='ltr'><strong>auctoritas</strong></span> <span class='ocrx_word' id='word_1_109' title='bbox 832 1693 1033 1747; x_wconf 89' lang='lat' dir='ltr'><strong>nostris</strong></span> <span class='ocrx_word' id='word_1_110' title='bbox 1068 1692 1371 1759; x_wconf 84' lang='lat' dir='ltr'><strong>futurisque</strong></span> <span class='ocrx_word' id='word_1_111' title='bbox 1398 1690 1730 1759; x_wconf 83' lang='lat' dir='ltr'><strong>temporibus</strong></span> <span class='ocrx_word' id='word_1_112' title='bbox 1758 1690 1839 1743; x_wconf 90' lang='lat' dir='ltr'><strong>in-</strong></span> 
     </span>
    </p>
   </div>
   <div class='ocr_carea' id='block_1_18' title="bbox 252 1780 1833 1853">
    <p class='ocr_par' dir='ltr' id='par_1_18' title="bbox 252 1780 1833 1853">
     <span class='ocr_line' id='line_1_18' title="bbox 252 1780 1833 1853; baseline -0.004 -13"><span class='ocrx_word' id='word_1_113' title='bbox 252 1785 561 1840; x_wconf 84' lang='lat' dir='ltr'><strong>violabilem</strong></span> <span class='ocrx_word' id='word_1_114' title='bbox 604 1792 766 1853; x_wconf 89' lang='lat' dir='ltr'><strong>atque</strong></span> <span class='ocrx_word' id='word_1_115' title='bbox 797 1784 1163 1839; x_wconf 87' lang='lat' dir='ltr'><strong>inconvulsam</strong></span> <span class='ocrx_word' id='word_1_116' title='bbox 1203 1784 1447 1837; x_wconf 87' lang='lat' dir='ltr'><strong>obtineat</strong></span> <span class='ocrx_word' id='word_1_117' title='bbox 1496 1780 1833 1846; x_wconf 89' lang='lat' dir='ltr'><strong>ﬁrmitatem,</strong></span> 
     </span>
    </p>
   </div>
   <div class='ocr_carea' id='block_1_19' title="bbox 254 1869 1692 1942">
    <p class='ocr_par' dir='ltr' id='par_1_19' title="bbox 254 1869 1692 1942">
     <span class='ocr_line' id='line_1_19' title="bbox 254 1869 1692 1942; baseline -0.004 -13"><span class='ocrx_word' id='word_1_118' title='bbox 254 1874 443 1929; x_wconf 88' lang='lat' dir='ltr'><strong>annuli</strong></span> <span class='ocrx_word' id='word_1_119' title='bbox 473 1874 639 1929; x_wconf 90' lang='lat' dir='ltr'><strong>nostri</strong></span> <span class='ocrx_word' id='word_1_120' title='bbox 672 1874 1024 1942; x_wconf 84' lang='lat' dir='ltr'><strong>impressione</strong></span> <span class='ocrx_word' id='word_1_121' title='bbox 1049 1888 1169 1926; x_wconf 89' lang='lat' dir='ltr'><strong>eam</strong></span> <span class='ocrx_word' id='word_1_122' title='bbox 1190 1872 1391 1942; x_wconf 88' lang='lat' dir='ltr'><strong>signari</strong></span> <span class='ocrx_word' id='word_1_123' title='bbox 1410 1869 1692 1939; x_wconf 85' lang='lat' dir='ltr'><strong>jussimus.</strong></span> 
     </span>
    </p>
   </div>
   <div class='ocr_carea' id='block_1_20' title="bbox 325 1962 1840 2034">
    <p class='ocr_par' dir='ltr' id='par_1_20' title="bbox 325 1962 1840 2034">
     <span class='ocr_line' id='line_1_20' title="bbox 325 1962 1840 2034; baseline -0.002 -15"><span class='ocrx_word' id='word_1_124' title='bbox 325 1962 631 2019; x_wconf 82' lang='lat' dir='ltr'><strong>Gundulfus</strong></span> <span class='ocrx_word' id='word_1_125' title='bbox 654 1976 678 2003; x_wconf 74' lang='grc' dir='ltr'><strong><em>ο</em></strong></span> <span class='ocrx_word' id='word_1_126' title='bbox 702 1962 769 2017; x_wconf 89' lang='lat' dir='ltr'><strong>ad</strong></span> <span class='ocrx_word' id='word_1_127' title='bbox 799 1964 969 2019; x_wconf 83' lang='lat' dir='ltr'><strong>vicem</strong></span> <span class='ocrx_word' id='word_1_128' title='bbox 998 1963 1264 2034; x_wconf 85' lang='lat' dir='ltr'><strong>Fridugisi</strong></span> <span class='ocrx_word' id='word_1_129' title='bbox 1292 1962 1581 2032; x_wconf 72' lang='lat' dir='ltr'><strong>recognovi</strong></span> <span class='ocrx_word' id='word_1_130' title='bbox 1622 1969 1676 2015; x_wconf 89' lang='lat' dir='ltr'><strong>et</strong></span> <span class='ocrx_word' id='word_1_131' title='bbox 1717 1963 1840 2016; x_wconf 80' lang='lat' dir='ltr'><strong>sub-</strong></span> 
     </span>
    </p>
   </div>
   <div class='ocr_carea' id='block_1_21' title="bbox 255 2056 474 2123">
    <p class='ocr_par' dir='ltr' id='par_1_21' title="bbox 255 2056 474 2123">
     <span class='ocr_line' id='line_1_21' title="bbox 255 2056 474 2123; baseline -0.005 -13"><span class='ocrx_word' id='word_1_132' title='bbox 255 2056 474 2123; x_wconf 81' lang='lat' dir='ltr'><strong>scripsi.</strong></span> 
     </span>
    </p>
   </div>
   <div class='ocr_carea' id='block_1_22' title="bbox 327 2144 1843 2215">
    <p class='ocr_par' dir='ltr' id='par_1_22' title="bbox 327 2144 1843 2215">
     <span class='ocr_line' id='line_1_22' title="bbox 327 2144 1843 2215; baseline 0.001 -17"><span class='ocrx_word' id='word_1_133' title='bbox 327 2145 463 2199; x_wconf 90' lang='lat' dir='ltr'><strong>Data</strong></span> <span class='ocrx_word' id='word_1_134' title='bbox 499 2162 567 2200; x_wconf 79' lang='lat' dir='ltr'><strong>xv</strong></span> <span class='ocrx_word' id='word_1_135' title='bbox 614 2144 732 2199; x_wconf 84' lang='lat' dir='ltr'><strong>Kal.</strong></span> <span class='ocrx_word' id='word_1_136' title='bbox 764 2145 947 2212; x_wconf 81' lang='lat' dir='ltr'><strong>Mart.,</strong></span> <span class='ocrx_word' id='word_1_137' title='bbox 986 2161 1127 2200; x_wconf 91' lang='lat' dir='ltr'><strong>anno</strong></span> <span class='ocrx_word' id='word_1_138' title='bbox 1175 2147 1394 2201; x_wconf 88' lang='lat' dir='ltr'><strong>Christo</strong></span> <span class='ocrx_word' id='word_1_139' title='bbox 1416 2146 1651 2215; x_wconf 88' lang='lat' dir='ltr'><strong>propitio</strong></span> <span class='ocrx_word' id='word_1_140' title='bbox 1682 2147 1713 2199; x_wconf 93' lang='lat'><strong>8</strong></span> <span class='ocrx_word' id='word_1_141' title='bbox 1744 2148 1843 2199; x_wconf 81' lang='lat' dir='ltr'><strong>im-</strong></span> 
     </span>
    </p>
   </div>
   <div class='ocr_carea' id='block_1_23' title="bbox 252 2234 1839 2311">
    <p class='ocr_par' dir='ltr' id='par_1_23' title="bbox 252 2234 1839 2311">
     <span class='ocr_line' id='line_1_23' title="bbox 252 2234 1839 2311; baseline 0.001 -24"><span class='ocrx_word' id='word_1_142' title='bbox 252 2235 393 2304; x_wconf 86' lang='lat' dir='ltr'><strong>peril</strong></span> <span class='ocrx_word' id='word_1_143' title='bbox 417 2235 595 2289; x_wconf 90' lang='lat' dir='ltr'><strong>domni</strong></span> <span class='ocrx_word' id='word_1_144' title='bbox 630 2235 883 2291; x_wconf 82' lang='lat' dir='ltr'><strong>Ludovici</strong></span> <span class='ocrx_word' id='word_1_145' title='bbox 909 2236 1139 2311; x_wconf 89' lang='lat' dir='ltr'><strong>piissimi</strong></span> <span class='ocrx_word' id='word_1_146' title='bbox 1162 2234 1416 2306; x_wconf 80' lang='lat' dir='ltr'><strong>Augusti,</strong></span> <span class='ocrx_word' id='word_1_147' title='bbox 1442 2235 1731 2289; x_wconf 88' lang='lat' dir='ltr'><strong>indictione</strong></span> <span class='ocrx_word' id='word_1_148' title='bbox 1756 2236 1839 2289; x_wconf 71' lang='grc'><strong>14,</strong></span> 
     </span>
    </p>
   </div>
   <div class='ocr_carea' id='block_1_24' title="bbox 253 2325 1847 2398">
    <p class='ocr_par' dir='ltr' id='par_1_24' title="bbox 253 2325 1847 2398">
     <span class='ocr_line' id='line_1_24' title="bbox 253 2325 1847 2398; baseline 0.002 -19"><span class='ocrx_word' id='word_1_149' title='bbox 253 2325 453 2380; x_wconf 83' lang='lat' dir='ltr'><strong>Actum</strong></span> <span class='ocrx_word' id='word_1_150' title='bbox 479 2326 803 2398; x_wconf 85' lang='lat' dir='ltr'><strong>Aquisgrani</strong></span> <span class='ocrx_word' id='word_1_151' title='bbox 836 2328 863 2367; x_wconf 69' lang='grc' dir='ltr'>ιι</span> <span class='ocrx_word' id='word_1_152' title='bbox 892 2327 1277 2398; x_wconf 89' lang='lat' dir='ltr'><strong>palatio&#39;regio</strong></span> <span class='ocrx_word' id='word_1_153' title='bbox 1305 2328 1359 2381; x_wconf 93' lang='lat' dir='ltr'><strong>in</strong></span> <span class='ocrx_word' id='word_1_154' title='bbox 1400 2327 1495 2382; x_wconf 91' lang='lat' dir='ltr'><strong>Dei</strong></span> <span class='ocrx_word' id='word_1_155' title='bbox 1522 2328 1740 2382; x_wconf 90' lang='lat' dir='ltr'><strong>nomine</strong></span> <span class='ocrx_word' id='word_1_156' title='bbox 1769 2326 1847 2382; x_wconf 89' lang='lat' dir='ltr'><strong>fe-</strong></span> 
     </span>
    </p>
   </div>
   <div class='ocr_carea' id='block_1_25' title="bbox 258 2415 677 2471">
    <p class='ocr_par' dir='ltr' id='par_1_25' title="bbox 258 2415 677 2471">
     <span class='ocr_line' id='line_1_25' title="bbox 258 2415 677 2471; baseline 0.002 -2"><span class='ocrx_word' id='word_1_157' title='bbox 258 2415 461 2471; x_wconf 84' lang='lat' dir='ltr'><strong>liciter.</strong></span> <span class='ocrx_word' id='word_1_158' title='bbox 487 2416 677 2470; x_wconf 80' lang='lat' dir='ltr'><strong>Amen.</strong></span> 
     </span>
    </p>
   </div>
   <div class='ocr_carea' id='block_1_26' title="bbox 949 2509 1133 2565">
    <p class='ocr_par' dir='ltr' id='par_1_26' title="bbox 949 2509 1133 2565">
     <span class='ocr_line' id='line_1_26' title="bbox 949 2509 1133 2565; baseline 0 -1"><span class='ocrx_word' id='word_1_159' title='bbox 949 2509 1133 2565; x_wconf 80' lang='lat' dir='ltr'><strong>XCIX.</strong></span> 
     </span>
    </p>
   </div>
   <div class='ocr_carea' id='block_1_27' title="bbox 439 2613 1656 2660">
    <p class='ocr_par' dir='ltr' id='par_1_27' title="bbox 439 2613 1656 2660">
     <span class='ocr_line' id='line_1_27' title="bbox 439 2613 1656 2660; baseline 0.005 -9"><span class='ocrx_word' id='word_1_160' title='bbox 439 2613 539 2654; x_wconf 73' lang='lat' dir='ltr'><strong>PRO</strong></span> <span class='ocrx_word' id='word_1_161' title='bbox 578 2614 912 2656; x_wconf 66' lang='lat' dir='ltr'><strong>BITURICENSI</strong></span> <span class='ocrx_word' id='word_1_162' title='bbox 950 2618 993 2658; x_wconf 82' lang='lat' dir='ltr'><strong>S.</strong></span> <span class='ocrx_word' id='word_1_163' title='bbox 1031 2619 1261 2658; x_wconf 73' lang='lat' dir='ltr'><strong>SULPITII</strong></span> <span class='ocrx_word' id='word_1_164' title='bbox 1302 2620 1656 2660; x_wconf 73' lang='lat' dir='ltr'><strong>MONASTERIO.</strong></span> 
     </span>
    </p>
   </div>
   <div class='ocr_carea' id='block_1_28' title="bbox 763 2693 1346 2767">
    <p class='ocr_par' dir='ltr' id='par_1_28' title="bbox 763 2693 1346 2767">
     <span class='ocr_line' id='line_1_28' title="bbox 763 2693 1346 2767; baseline 0.005 -21"><span class='ocrx_word' id='word_1_165' title='bbox 763 2693 941 2764; x_wconf 79' lang='lat' dir='ltr'><strong>(Circa</strong></span> <span class='ocrx_word' id='word_1_166' title='bbox 972 2711 1168 2748; x_wconf 83' lang='lat' dir='ltr'><strong>annum</strong></span> <span class='ocrx_word' id='word_1_167' title='bbox 1198 2695 1346 2767; x_wconf 76' lang='lat'><strong>8‘21.)</strong></span> 
     </span>
    </p>
   </div>
   <div class='ocr_carea' id='block_1_29' title="bbox 258 2778 1843 2853">
    <p class='ocr_par' dir='ltr' id='par_1_29' title="bbox 258 2778 1843 2853">
     <span class='ocr_line' id='line_1_29' title="bbox 258 2778 1843 2853; baseline 0.005 -20"><span class='ocrx_word' id='word_1_168' title='bbox 258 2778 441 2851; x_wconf 80' lang='lat' dir='ltr'><strong>[Apud</strong></span> <span class='ocrx_word' id='word_1_169' title='bbox 470 2782 533 2853; x_wconf 58' lang='grc' dir='ltr'><strong>ι),</strong></span> <span class='ocrx_word' id='word_1_170' title='bbox 554 2782 853 2853; x_wconf 64' lang='grc' dir='ltr'><strong>Βουψιεῑη</strong></span> <span class='ocrx_word' id='word_1_171' title='bbox 890 2783 1101 2837; x_wconf 78' lang='lat' dir='ltr'><strong>Recueil</strong></span> <span class='ocrx_word' id='word_1_172' title='bbox 1132 2785 1221 2838; x_wconf 83' lang='lat' dir='ltr'><strong>des</strong></span> <span class='ocrx_word' id='word_1_173' title='bbox 1247 2785 1544 2850; x_wconf 74' lang='lat' dir='ltr'><strong>historicus,</strong></span> <span class='ocrx_word' id='word_1_174' title='bbox 1586 2793 1715 2841; x_wconf 86' lang='lat' dir='ltr'><strong>tom.</strong></span> <span class='ocrx_word' id='word_1_175' title='bbox 1746 2786 1843 2853; x_wconf 83' lang='lat' dir='ltr'><strong>Vl,</strong></span> 
     </span>
    </p>
   </div>
   <div class='ocr_carea' id='block_1_30' title="bbox 356 2852 1748 2928">
    <p class='ocr_par' dir='ltr' id='par_1_30' title="bbox 356 2852 1748 2928">
     <span class='ocr_line' id='line_1_30' title="bbox 356 2852 1748 2928; baseline 0.004 -24"><span class='ocrx_word' id='word_1_176' title='bbox 356 2867 479 2921; x_wconf 91' lang='lat' dir='ltr'><strong>pag.</strong></span> <span class='ocrx_word' id='word_1_177' title='bbox 505 2852 628 2917; x_wconf 69' lang='lat'><strong>5‘25,</strong></span> <span class='ocrx_word' id='word_1_178' title='bbox 659 2868 722 2907; x_wconf 83' lang='lat' dir='ltr'><strong>ex</strong></span> <span class='ocrx_word' id='word_1_179' title='bbox 755 2854 1085 2908; x_wconf 87' lang='lat' dir='ltr'><strong>chartulario</strong></span> <span class='ocrx_word' id='word_1_180' title='bbox 1111 2854 1353 2923; x_wconf 89' lang='lat' dir='ltr'><strong>ejusdem</strong></span> <span class='ocrx_word' id='word_1_181' title='bbox 1384 2855 1748 2928; x_wconf 87' lang='lat' dir='ltr'><strong>monasterii.]</strong></span> 
     </span>
    </p>
   </div>
   <div class='ocr_carea' id='block_1_31' title="bbox 333 2963 1845 3021">
    <p class='ocr_par' dir='ltr' id='par_1_31' title="bbox 333 2963 1845 3021">
     <span class='ocr_line' id='line_1_31' title="bbox 333 2963 1845 3021; baseline 0.002 -4"><span class='ocrx_word' id='word_1_182' title='bbox 333 2964 390 3017; x_wconf 86' lang='lat' dir='ltr'><strong>In</strong></span> <span class='ocrx_word' id='word_1_183' title='bbox 428 2963 645 3019; x_wconf 90' lang='lat' dir='ltr'><strong>nomine</strong></span> <span class='ocrx_word' id='word_1_184' title='bbox 683 2964 900 3019; x_wconf 90' lang='lat' dir='ltr'><strong>Domini</strong></span> <span class='ocrx_word' id='word_1_185' title='bbox 940 2964 1034 3019; x_wconf 89' lang='lat' dir='ltr'><strong>Dei</strong></span> <span class='ocrx_word' id='word_1_186' title='bbox 1075 2973 1129 3018; x_wconf 91' lang='lat' dir='ltr'><strong>et</strong></span> <span class='ocrx_word' id='word_1_187' title='bbox 1170 2964 1472 3021; x_wconf 87' lang='lat' dir='ltr'><strong>Salvatoris</strong></span> <span class='ocrx_word' id='word_1_188' title='bbox 1512 2966 1683 3021; x_wconf 85' lang='lat' dir='ltr'><strong>nostri</strong></span> <span class='ocrx_word' id='word_1_189' title='bbox 1718 2964 1845 3021; x_wconf 83' lang='lat' dir='ltr'><strong>Jesu</strong></span> 
     </span>
    </p>
   </div>
   <div class='ocr_carea' id='block_1_32' title="bbox 256 3053 1844 3126">
    <p class='ocr_par' dir='ltr' id='par_1_32' title="bbox 256 3053 1844 3126">
     <span class='ocr_line' id='line_1_32' title="bbox 256 3053 1844 3126; baseline 0.001 -17"><span class='ocrx_word' id='word_1_190' title='bbox 256 3054 489 3118; x_wconf 87' lang='lat' dir='ltr'><strong>Christi,</strong></span> <span class='ocrx_word' id='word_1_191' title='bbox 518 3053 821 3110; x_wconf 86' lang='lat' dir='ltr'><strong>Ludovicus</strong></span> <span class='ocrx_word' id='word_1_192' title='bbox 851 3055 1029 3111; x_wconf 88' lang='lat' dir='ltr'><strong>divina</strong></span> <span class='ocrx_word' id='word_1_193' title='bbox 1059 3055 1343 3111; x_wconf 88' lang='lat' dir='ltr'><strong>ordinante</strong></span> <span class='ocrx_word' id='word_1_194' title='bbox 1369 3057 1706 3126; x_wconf 89' lang='lat' dir='ltr'><strong>providentia</strong></span> <span class='ocrx_word' id='word_1_195' title='bbox 1743 3057 1844 3111; x_wconf 89' lang='lat' dir='ltr'><strong>im-</strong></span> 
     </span>
    </p>
   </div>
   <div class='ocr_carea' id='block_1_33' title="bbox 255 3148 802 3218">
    <p class='ocr_par' dir='ltr' id='par_1_33' title="bbox 255 3148 802 3218">
     <span class='ocr_line' id='line_1_33' title="bbox 255 3148 802 3218; baseline 0.002 -17"><span class='ocrx_word' id='word_1_196' title='bbox 255 3156 481 3216; x_wconf 84' lang='lat' dir='ltr'><strong>perator</strong></span> <span class='ocrx_word' id='word_1_197' title='bbox 507 3148 802 3218; x_wconf 85' lang='lat' dir='ltr'><strong>Augustus.</strong></span> 
     </span>
    </p>
   </div>
   <div class='ocr_carea' id='block_1_34' title="bbox 1942 597 3518 667">
    <p class='ocr_par' dir='ltr' id='par_1_34' title="bbox 1942 597 3518 667">
     <span class='ocr_line' id='line_1_34' title="bbox 1942 597 3518 667; baseline 0.003 -16"><span class='ocrx_word' id='word_1_198' title='bbox 1942 597 2238 651; x_wconf 84' lang='lat' dir='ltr'><strong>stabilitate</strong></span> <span class='ocrx_word' id='word_1_199' title='bbox 2269 598 2420 667; x_wconf 80' lang='lat' dir='ltr'><strong>regni</strong></span> <span class='ocrx_word' id='word_1_200' title='bbox 2459 598 2625 650; x_wconf 88' lang='lat' dir='ltr'><strong>nostri</strong></span> <span class='ocrx_word' id='word_1_201' title='bbox 2670 612 2855 651; x_wconf 88' lang='lat' dir='ltr'><strong>servos</strong></span> <span class='ocrx_word' id='word_1_202' title='bbox 2891 598 3100 653; x_wconf 88' lang='lat' dir='ltr'><strong>Domini</strong></span> <span class='ocrx_word' id='word_1_203' title='bbox 3142 600 3252 653; x_wconf 91' lang='lat' dir='ltr'><strong>illic</strong></span> <span class='ocrx_word' id='word_1_204' title='bbox 3278 616 3518 655; x_wconf 87' lang='lat' dir='ltr'><strong>comma-</strong></span> 
     </span>
    </p>
   </div>
   <div class='ocr_carea' id='block_1_35' title="bbox 1942 685 3518 759">
    <p class='ocr_par' dir='ltr' id='par_1_35' title="bbox 1942 685 3518 759">
     <span class='ocr_line' id='line_1_35' title="bbox 1942 685 3518 759; baseline 0.003 -18"><span class='ocrx_word' id='word_1_205' title='bbox 1942 697 2131 742; x_wconf 90' lang='lat' dir='ltr'><strong>nentes</strong></span> <span class='ocrx_word' id='word_1_206' title='bbox 2159 688 2440 742; x_wconf 79' lang='lat' dir='ltr'><strong>ardentius</strong></span> <span class='ocrx_word' id='word_1_207' title='bbox 2464 702 2626 741; x_wconf 89' lang='lat' dir='ltr'><strong>orare</strong></span> <span class='ocrx_word' id='word_1_208' title='bbox 2652 685 2903 742; x_wconf 88' lang='lat' dir='ltr'><strong>delectet.</strong></span> <span class='ocrx_word' id='word_1_209' title='bbox 2946 688 3392 759; x_wconf 71' lang='lat' dir='ltr'><strong>Praeceptumque</strong></span> <span class='ocrx_word' id='word_1_210' title='bbox 3422 706 3518 745; x_wconf 86' lang='lat' dir='ltr'><strong>no-</strong></span> 
     </span>
    </p>
   </div>
   <div class='ocr_carea' id='block_1_36' title="bbox 1942 777 3521 850">
    <p class='ocr_par' dir='ltr' id='par_1_36' title="bbox 1942 777 3521 850">
     <span class='ocr_line' id='line_1_36' title="bbox 1942 777 3521 850; baseline 0.002 -17"><span class='ocrx_word' id='word_1_211' title='bbox 1942 788 2069 833; x_wconf 82' lang='lat' dir='ltr'><strong>strae</strong></span> <span class='ocrx_word' id='word_1_212' title='bbox 2098 779 2443 833; x_wconf 86' lang='lat' dir='ltr'><strong>auctoritatis</strong></span> <span class='ocrx_word' id='word_1_213' title='bbox 2478 778 2583 832; x_wconf 92' lang='lat' dir='ltr'><strong>illis</strong></span> <span class='ocrx_word' id='word_1_214' title='bbox 2613 777 2730 831; x_wconf 89' lang='lat' dir='ltr'><strong>ﬁeri</strong></span> <span class='ocrx_word' id='word_1_215' title='bbox 2763 777 3053 846; x_wconf 89' lang='lat' dir='ltr'><strong>jussimus,</strong></span> <span class='ocrx_word' id='word_1_216' title='bbox 3092 796 3199 850; x_wconf 90' lang='lat' dir='ltr'><strong>quo</strong></span> <span class='ocrx_word' id='word_1_217' title='bbox 3230 781 3521 836; x_wconf 89' lang='lat' dir='ltr'><strong>conﬁrma-</strong></span> 
     </span>
    </p>
   </div>
   <div class='ocr_carea' id='block_1_37' title="bbox 1941 870 3521 943">
    <p class='ocr_par' dir='ltr' id='par_1_37' title="bbox 1941 870 3521 943">
     <span class='ocr_line' id='line_1_37' title="bbox 1941 870 3521 943; baseline 0.003 -19"><span class='ocrx_word' id='word_1_218' title='bbox 1941 873 2116 926; x_wconf 91' lang='lat' dir='ltr'><strong>vimus</strong></span> <span class='ocrx_word' id='word_1_219' title='bbox 2145 871 2249 925; x_wconf 86' lang='lat' dir='ltr'><strong>illis</strong></span> <span class='ocrx_word' id='word_1_220' title='bbox 2275 879 2461 925; x_wconf 89' lang='lat' dir='ltr'><strong>nostra</strong></span> <span class='ocrx_word' id='word_1_221' title='bbox 2489 870 2879 926; x_wconf 86' lang='lat' dir='ltr'><strong>deliberatione</strong></span> <span class='ocrx_word' id='word_1_222' title='bbox 2906 880 3067 943; x_wconf 87' lang='lat' dir='ltr'><strong>atque</strong></span> <span class='ocrx_word' id='word_1_223' title='bbox 3092 874 3312 929; x_wconf 87' lang='lat' dir='ltr'><strong>decreto</strong></span> <span class='ocrx_word' id='word_1_224' title='bbox 3336 875 3521 929; x_wconf 84' lang='lat' dir='ltr'><strong>omnia</strong></span> 
     </span>
    </p>
   </div>
   <div class='ocr_carea' id='block_1_38' title="bbox 1942 961 3605 1035">
    <p class='ocr_par' dir='ltr' id='par_1_38' title="bbox 1942 961 3605 1035">
     <span class='ocr_line' id='line_1_38' title="bbox 1942 961 3605 1035; baseline 0.004 -21"><span class='ocrx_word' id='word_1_225' title='bbox 1942 978 2061 1032; x_wconf 72' lang='lat' dir='ltr'><strong>qure</strong></span> <span class='ocrx_word' id='word_1_226' title='bbox 2107 962 2534 1032; x_wconf 84' lang='lat' dir='ltr'><strong>praedecessores</strong></span> <span class='ocrx_word' id='word_1_227' title='bbox 2579 962 2750 1017; x_wconf 88' lang='lat' dir='ltr'><strong>nostri</strong></span> <span class='ocrx_word' id='word_1_228' title='bbox 2797 961 2916 1017; x_wconf 89' lang='lat' dir='ltr'><strong>loco</strong></span> <span class='ocrx_word' id='word_1_229' title='bbox 2962 963 3135 1018; x_wconf 89' lang='lat' dir='ltr'><strong>eidem</strong></span> <span class='ocrx_word' id='word_1_230' title='bbox 3180 973 3521 1029; x_wconf 86' lang='lat' dir='ltr'><strong>statuerunt,</strong></span> <span class='ocrx_word' id='word_1_231' title='bbox 3604 1032 3605 1035; x_wconf 21' lang='grc' dir='ltr'><strong>η</strong></span> 
     </span>
    </p>
   </div>
   <div class='ocr_carea' id='block_1_39' title="bbox 1944 1044 3601 1123">
    <p class='ocr_par' dir='ltr' id='par_1_39' title="bbox 1944 1044 3601 1123">
     <span class='ocr_line' id='line_1_39' title="bbox 1944 1044 3601 1123; baseline 0.003 -15"><span class='ocrx_word' id='word_1_232' title='bbox 1944 1055 2058 1109; x_wconf 90' lang='lat' dir='ltr'><strong>sive</strong></span> <span class='ocrx_word' id='word_1_233' title='bbox 2102 1053 2341 1123; x_wconf 86' lang='lat' dir='ltr'><strong>quandiu</strong></span> <span class='ocrx_word' id='word_1_234' title='bbox 2394 1052 2463 1107; x_wconf 89' lang='lat' dir='ltr'><strong>ibi</strong></span> <span class='ocrx_word' id='word_1_235' title='bbox 2510 1055 2644 1107; x_wconf 90' lang='lat' dir='ltr'><strong>ordo</strong></span> <span class='ocrx_word' id='word_1_236' title='bbox 2689 1054 2935 1109; x_wconf 84' lang='lat' dir='ltr'><strong>ﬂoruerit</strong></span> <span class='ocrx_word' id='word_1_237' title='bbox 2982 1057 3351 1121; x_wconf 87' lang='lat' dir='ltr'><strong>monasticus,</strong></span> <span class='ocrx_word' id='word_1_238' title='bbox 3408 1058 3524 1113; x_wconf 91' lang='lat' dir='ltr'><strong>sive</strong></span> <span class='ocrx_word' id='word_1_239' title='bbox 3596 1044 3601 1056; x_wconf 69' lang='grc'><strong>’</strong></span> 
     </span>
    </p>
   </div>
   <div class='ocr_carea' id='block_1_40' title="bbox 1944 1143 3521 1217">
    <p class='ocr_par' dir='ltr' id='par_1_40' title="bbox 1944 1143 3521 1217">
     <span class='ocr_line' id='line_1_40' title="bbox 1944 1143 3521 1217; baseline 0.003 -19"><span class='ocrx_word' id='word_1_240' title='bbox 1944 1144 2229 1211; x_wconf 88' lang='lat' dir='ltr'><strong>deinceps;</strong></span> <span class='ocrx_word' id='word_1_241' title='bbox 2268 1152 2377 1197; x_wconf 89' lang='lat' dir='ltr'><strong>tam</strong></span> <span class='ocrx_word' id='word_1_242' title='bbox 2410 1158 2473 1198; x_wconf 88' lang='lat' dir='ltr'><strong>ea</strong></span> <span class='ocrx_word' id='word_1_243' title='bbox 2501 1159 2621 1213; x_wconf 67' lang='lat' dir='ltr'><strong>quae</strong></span> <span class='ocrx_word' id='word_1_244' title='bbox 2646 1143 2759 1213; x_wconf 90' lang='lat' dir='ltr'><strong>jam</strong></span> <span class='ocrx_word' id='word_1_245' title='bbox 2791 1147 3333 1202; x_wconf 86' lang='lat' dir='ltr'><strong>commemoravimus</strong></span> <span class='ocrx_word' id='word_1_246' title='bbox 3360 1163 3521 1217; x_wconf 88' lang='lat' dir='ltr'><strong>quam</strong></span> 
     </span>
    </p>
   </div>
   <div class='ocr_carea' id='block_1_41' title="bbox 1943 1236 3525 1305">
    <p class='ocr_par' dir='ltr' id='par_1_41' title="bbox 1943 1236 3525 1305">
     <span class='ocr_line' id='line_1_41' title="bbox 1943 1236 3525 1305; baseline 0.003 -15"><span class='ocrx_word' id='word_1_247' title='bbox 1943 1252 2004 1290; x_wconf 84' lang='lat' dir='ltr'><strong>ca</strong></span> <span class='ocrx_word' id='word_1_248' title='bbox 2043 1252 2162 1304; x_wconf 77' lang='lat' dir='ltr'><strong>quae</strong></span> <span class='ocrx_word' id='word_1_249' title='bbox 2202 1236 2490 1305; x_wconf 53' lang='lat' dir='ltr'><strong>praceptis</strong></span> <span class='ocrx_word' id='word_1_250' title='bbox 2534 1236 2654 1291; x_wconf 88' lang='lat' dir='ltr'><strong>aliis</strong></span> <span class='ocrx_word' id='word_1_251' title='bbox 2697 1237 3047 1291; x_wconf 89' lang='lat' dir='ltr'><strong>continentur</strong></span> <span class='ocrx_word' id='word_1_252' title='bbox 3076 1237 3143 1292; x_wconf 93' lang='lat' dir='ltr'><strong>de</strong></span> <span class='ocrx_word' id='word_1_253' title='bbox 3174 1241 3427 1295; x_wconf 79' lang='lat' dir='ltr'><strong>merentis</strong></span> <span class='ocrx_word' id='word_1_254' title='bbox 3469 1249 3525 1295; x_wconf 87' lang='lat' dir='ltr'><strong>ct</strong></span> 
     </span>
    </p>
   </div>
   <div class='ocr_carea' id='block_1_42' title="bbox 1941 1327 3524 1397">
    <p class='ocr_par' dir='ltr' id='par_1_42' title="bbox 1941 1327 3524 1397">
     <span class='ocr_line' id='line_1_42' title="bbox 1941 1327 3524 1397; baseline 0.003 -16"><span class='ocrx_word' id='word_1_255' title='bbox 1941 1327 2222 1397; x_wconf 88' lang='lat' dir='ltr'><strong>portubus,</strong></span> <span class='ocrx_word' id='word_1_256' title='bbox 2261 1344 2422 1396; x_wconf 88' lang='lat' dir='ltr'><strong>quam</strong></span> <span class='ocrx_word' id='word_1_257' title='bbox 2453 1336 2508 1382; x_wconf 91' lang='lat' dir='ltr'><strong>et</strong></span> <span class='ocrx_word' id='word_1_258' title='bbox 2538 1328 2603 1382; x_wconf 88' lang='lat' dir='ltr'><strong>de</strong></span> <span class='ocrx_word' id='word_1_259' title='bbox 2635 1329 2849 1383; x_wconf 83' lang='lat' dir='ltr'><strong>urbium</strong></span> <span class='ocrx_word' id='word_1_260' title='bbox 2880 1331 3045 1395; x_wconf 87' lang='lat' dir='ltr'><strong>areis,</strong></span> <span class='ocrx_word' id='word_1_261' title='bbox 3076 1339 3130 1384; x_wconf 89' lang='lat' dir='ltr'><strong>et</strong></span> <span class='ocrx_word' id='word_1_262' title='bbox 3161 1331 3213 1385; x_wconf 92' lang='lat' dir='ltr'><strong>in</strong></span> <span class='ocrx_word' id='word_1_263' title='bbox 3242 1332 3380 1387; x_wconf 84' lang='lat' dir='ltr'><strong>villis</strong></span> <span class='ocrx_word' id='word_1_264' title='bbox 3409 1347 3524 1387; x_wconf 88' lang='lat' dir='ltr'><strong>ser-</strong></span> 
     </span>
    </p>
   </div>
   <div class='ocr_carea' id='block_1_43' title="bbox 1944 1417 3526 1486">
    <p class='ocr_par' dir='ltr' id='par_1_43' title="bbox 1944 1417 3526 1486">
     <span class='ocr_line' id='line_1_43' title="bbox 1944 1417 3526 1486; baseline 0.003 -15"><span class='ocrx_word' id='word_1_265' title='bbox 1944 1417 2117 1471; x_wconf 84' lang='lat' dir='ltr'><strong>vanda</strong></span> <span class='ocrx_word' id='word_1_266' title='bbox 2152 1426 2259 1471; x_wconf 89' lang='lat' dir='ltr'><strong>tam</strong></span> <span class='ocrx_word' id='word_1_267' title='bbox 2291 1418 2482 1472; x_wconf 88' lang='lat' dir='ltr'><strong>incolis</strong></span> <span class='ocrx_word' id='word_1_268' title='bbox 2515 1433 2675 1485; x_wconf 90' lang='lat' dir='ltr'><strong>quam</strong></span> <span class='ocrx_word' id='word_1_269' title='bbox 2706 1418 3004 1485; x_wconf 86' lang='lat' dir='ltr'><strong>incolabus,</strong></span> <span class='ocrx_word' id='word_1_270' title='bbox 3035 1431 3093 1475; x_wconf 92' lang='lat' dir='ltr'><strong>ut</strong></span> <span class='ocrx_word' id='word_1_271' title='bbox 3119 1421 3345 1486; x_wconf 85' lang='lat' dir='ltr'><strong>scilicet,</strong></span> <span class='ocrx_word' id='word_1_272' title='bbox 3385 1422 3526 1476; x_wconf 89' lang='lat' dir='ltr'><strong>sicut</strong></span> 
     </span>
    </p>
   </div>
   <div class='ocr_carea' id='block_1_44' title="bbox 1945 1506 3527 1581">
    <p class='ocr_par' dir='ltr' id='par_1_44' title="bbox 1945 1506 3527 1581">
     <span class='ocr_line' id='line_1_44' title="bbox 1945 1506 3527 1581; baseline 0.004 -22"><span class='ocrx_word' id='word_1_273' title='bbox 1945 1507 2245 1562; x_wconf 89' lang='lat' dir='ltr'><strong>anteriores</strong></span> <span class='ocrx_word' id='word_1_274' title='bbox 2270 1522 2333 1563; x_wconf 92' lang='lat' dir='ltr'><strong>ac</strong></span> <span class='ocrx_word' id='word_1_275' title='bbox 2360 1506 2674 1564; x_wconf 87' lang='lat' dir='ltr'><strong>decessores</strong></span> <span class='ocrx_word' id='word_1_276' title='bbox 2698 1510 2870 1564; x_wconf 90' lang='lat' dir='ltr'><strong>nostri</strong></span> <span class='ocrx_word' id='word_1_277' title='bbox 2898 1510 3275 1576; x_wconf 84' lang='lat' dir='ltr'><strong>decreverunt,</strong></span> <span class='ocrx_word' id='word_1_278' title='bbox 3304 1512 3376 1565; x_wconf 79' lang='lat' dir='ltr'><strong>ita</strong></span> <span class='ocrx_word' id='word_1_279' title='bbox 3406 1528 3527 1581; x_wconf 91' lang='lat' dir='ltr'><strong>per-</strong></span> 
     </span>
    </p>
   </div>
   <div class='ocr_carea' id='block_1_45' title="bbox 1945 1600 3526 1659">
    <p class='ocr_par' dir='ltr' id='par_1_45' title="bbox 1945 1600 3526 1659">
     <span class='ocr_line' id='line_1_45' title="bbox 1945 1600 3526 1659; baseline 0.004 -7"><span class='ocrx_word' id='word_1_280' title='bbox 1945 1608 2200 1653; x_wconf 90' lang='lat' dir='ltr'><strong>maneant</strong></span> <span class='ocrx_word' id='word_1_281' title='bbox 2230 1600 2566 1655; x_wconf 86' lang='lat' dir='ltr'><strong>inconvulsa.</strong></span> <span class='ocrx_word' id='word_1_282' title='bbox 2610 1600 2765 1656; x_wconf 86' lang='lat' dir='ltr'><strong>Sane</strong></span> <span class='ocrx_word' id='word_1_283' title='bbox 2807 1611 3019 1657; x_wconf 87' lang='lat' dir='ltr'><strong>constat</strong></span> <span class='ocrx_word' id='word_1_284' title='bbox 3060 1618 3247 1658; x_wconf 90' lang='lat' dir='ltr'><strong>omnes</strong></span> <span class='ocrx_word' id='word_1_285' title='bbox 3292 1604 3526 1659; x_wconf 80' lang='lat' dir='ltr'><strong>maxime</strong></span> 
     </span>
    </p>
   </div>
   <div class='ocr_carea' id='block_1_46' title="bbox 1944 1690 3529 1771">
    <p class='ocr_par' dir='ltr' id='par_1_46' title="bbox 1944 1690 3529 1771">
     <span class='ocr_line' id='line_1_46' title="bbox 1944 1690 3529 1771; baseline 0.003 -27"><span class='ocrx_word' id='word_1_286' title='bbox 1944 1690 2315 1760; x_wconf 88' lang='lat' dir='ltr'><strong>possessiones</strong></span> <span class='ocrx_word' id='word_1_287' title='bbox 2353 1691 2465 1761; x_wconf 88' lang='lat' dir='ltr'><strong>jam</strong></span> <span class='ocrx_word' id='word_1_288' title='bbox 2508 1692 2637 1745; x_wconf 90' lang='lat' dir='ltr'><strong>dicti</strong></span> <span class='ocrx_word' id='word_1_289' title='bbox 2682 1694 2991 1747; x_wconf 85' lang='lat' dir='ltr'><strong>monasterii</strong></span> <span class='ocrx_word' id='word_1_290' title='bbox 3038 1694 3358 1749; x_wconf 85' lang='lat' dir='ltr'><strong>donationes</strong></span> <span class='ocrx_word' id='word_1_291' title='bbox 3403 1708 3529 1771; x_wconf 59' lang='lat' dir='ltr'><strong>esse</strong></span> 
     </span>
    </p>
   </div>
   <div class='ocr_carea' id='block_1_47' title="bbox 1947 1781 3528 1853">
    <p class='ocr_par' dir='ltr' id='par_1_47' title="bbox 1947 1781 3528 1853">
     <span class='ocr_line' id='line_1_47' title="bbox 1947 1781 3528 1853; baseline 0.001 -18"><span class='ocrx_word' id='word_1_292' title='bbox 1947 1782 2209 1843; x_wconf 85' lang='lat' dir='ltr'><strong>ﬁdelium,</strong></span> <span class='ocrx_word' id='word_1_293' title='bbox 2246 1782 2337 1850; x_wconf 91' lang='lat' dir='ltr'><strong>qui</strong></span> <span class='ocrx_word' id='word_1_294' title='bbox 2369 1781 2571 1851; x_wconf 67' lang='lat' dir='ltr'><strong>praedia</strong></span> <span class='ocrx_word' id='word_1_295' title='bbox 2600 1797 2698 1836; x_wconf 90' lang='lat' dir='ltr'><strong>sua</strong></span> <span class='ocrx_word' id='word_1_296' title='bbox 2728 1797 2850 1836; x_wconf 90' lang='lat' dir='ltr'><strong>cum</strong></span> <span class='ocrx_word' id='word_1_297' title='bbox 2882 1783 3163 1853; x_wconf 86' lang='lat' dir='ltr'><strong>mancipiis</strong></span> <span class='ocrx_word' id='word_1_298' title='bbox 3191 1784 3259 1837; x_wconf 92' lang='lat' dir='ltr'><strong>ob</strong></span> <span class='ocrx_word' id='word_1_299' title='bbox 3286 1798 3528 1837; x_wconf 85' lang='lat' dir='ltr'><strong>amorem</strong></span> 
     </span>
    </p>
   </div>
   <div class='ocr_carea' id='block_1_48' title="bbox 1866 1859 3525 1945">
    <p class='ocr_par' dir='ltr' id='par_1_48' title="bbox 1866 1859 3525 1945">
     <span class='ocr_line' id='line_1_48' title="bbox 1866 1859 3525 1945; baseline 0.002 -21"><span class='ocrx_word' id='word_1_300' title='bbox 1866 1859 1912 1917; x_wconf 87' lang='grc' dir='ltr'><strong>Β</strong></span> <span class='ocrx_word' id='word_1_301' title='bbox 1942 1871 2153 1925; x_wconf 89' lang='lat' dir='ltr'><strong>Domini</strong></span> <span class='ocrx_word' id='word_1_302' title='bbox 2183 1880 2236 1925; x_wconf 91' lang='lat' dir='ltr'><strong>et</strong></span> <span class='ocrx_word' id='word_1_303' title='bbox 2265 1871 2323 1926; x_wconf 88' lang='lat' dir='ltr'><strong>S.</strong></span> <span class='ocrx_word' id='word_1_304' title='bbox 2356 1870 2571 1941; x_wconf 85' lang='lat' dir='ltr'><strong>Sulpitii</strong></span> <span class='ocrx_word' id='word_1_305' title='bbox 2603 1873 2781 1927; x_wconf 89' lang='lat' dir='ltr'><strong>eidem</strong></span> <span class='ocrx_word' id='word_1_306' title='bbox 2808 1872 2926 1928; x_wconf 91' lang='lat' dir='ltr'><strong>loco</strong></span> <span class='ocrx_word' id='word_1_307' title='bbox 2954 1873 3354 1945; x_wconf 90' lang='lat' dir='ltr'><strong>delegaverunt.</strong></span> <span class='ocrx_word' id='word_1_308' title='bbox 3389 1874 3525 1941; x_wconf 85' lang='lat' dir='ltr'><strong>Quia</strong></span> 
     </span>
    </p>
   </div>
   <div class='ocr_carea' id='block_1_49' title="bbox 1943 1962 3524 2035">
    <p class='ocr_par' dir='ltr' id='par_1_49' title="bbox 1943 1962 3524 2035">
     <span class='ocr_line' id='line_1_49' title="bbox 1943 1962 3524 2035; baseline 0.004 -20"><span class='ocrx_word' id='word_1_309' title='bbox 1943 1978 2089 2027; x_wconf 90' lang='lat' dir='ltr'><strong>vero,</strong></span> <span class='ocrx_word' id='word_1_310' title='bbox 2120 1971 2177 2017; x_wconf 91' lang='lat' dir='ltr'><strong>ut</strong></span> <span class='ocrx_word' id='word_1_311' title='bbox 2206 1963 2376 2018; x_wconf 89' lang='lat' dir='ltr'><strong>relatu</strong></span> <span class='ocrx_word' id='word_1_312' title='bbox 2402 1962 2509 2031; x_wconf 84' lang='lat' dir='ltr'><strong>iam</strong></span> <span class='ocrx_word' id='word_1_313' title='bbox 2539 1964 2799 2018; x_wconf 88' lang='lat' dir='ltr'><strong>nominati</strong></span> <span class='ocrx_word' id='word_1_314' title='bbox 2827 1965 3036 2020; x_wconf 90' lang='lat' dir='ltr'><strong>abbatis</strong></span> <span class='ocrx_word' id='word_1_315' title='bbox 3059 1966 3367 2033; x_wconf 85' lang='lat' dir='ltr'><strong>didicimus,</strong></span> <span class='ocrx_word' id='word_1_316' title='bbox 3392 1981 3524 2035; x_wconf 86' lang='lat' dir='ltr'><strong>sana</strong></span> 
     </span>
    </p>
   </div>
   <div class='ocr_carea' id='block_1_50' title="bbox 1942 2056 3527 2128">
    <p class='ocr_par' dir='ltr' id='par_1_50' title="bbox 1942 2056 3527 2128">
     <span class='ocr_line' id='line_1_50' title="bbox 1942 2056 3527 2128; baseline 0.001 -18"><span class='ocrx_word' id='word_1_317' title='bbox 1942 2056 2275 2126; x_wconf 85' lang='lat' dir='ltr'><strong>indulgentia</strong></span> <span class='ocrx_word' id='word_1_318' title='bbox 2325 2056 2684 2126; x_wconf 89' lang='lat' dir='ltr'><strong>quorumdam</strong></span> <span class='ocrx_word' id='word_1_319' title='bbox 2732 2056 2847 2126; x_wconf 89' lang='lat' dir='ltr'><strong>ipsa</strong></span> <span class='ocrx_word' id='word_1_320' title='bbox 2898 2056 3099 2112; x_wconf 81' lang='lat' dir='ltr'><strong>familia</strong></span> <span class='ocrx_word' id='word_1_321' title='bbox 3143 2060 3196 2113; x_wconf 91' lang='lat' dir='ltr'><strong>in</strong></span> <span class='ocrx_word' id='word_1_322' title='bbox 3235 2059 3527 2128; x_wconf 86' lang='lat' dir='ltr'><strong>judicando</strong></span> 
     </span>
    </p>
   </div>
   <div class='ocr_carea' id='block_1_51' title="bbox 1944 2145 3530 2217">
    <p class='ocr_par' dir='ltr' id='par_1_51' title="bbox 1944 2145 3530 2217">
     <span class='ocr_line' id='line_1_51' title="bbox 1944 2145 3530 2217; baseline 0.002 -18"><span class='ocrx_word' id='word_1_323' title='bbox 1944 2146 2143 2199; x_wconf 89' lang='lat' dir='ltr'><strong>dicitur</strong></span> <span class='ocrx_word' id='word_1_324' title='bbox 2172 2145 2344 2213; x_wconf 90' lang='lat' dir='ltr'><strong>legem</strong></span> <span class='ocrx_word' id='word_1_325' title='bbox 2378 2161 2599 2201; x_wconf 90' lang='lat' dir='ltr'><strong>servare</strong></span> <span class='ocrx_word' id='word_1_326' title='bbox 2637 2145 2920 2211; x_wconf 88' lang='lat' dir='ltr'><strong>servilem,</strong></span> <span class='ocrx_word' id='word_1_327' title='bbox 2961 2147 3030 2201; x_wconf 90' lang='lat' dir='ltr'><strong>ob</strong></span> <span class='ocrx_word' id='word_1_328' title='bbox 3062 2148 3165 2202; x_wconf 88' lang='lat' dir='ltr'><strong>hoc</strong></span> <span class='ocrx_word' id='word_1_329' title='bbox 3193 2149 3412 2217; x_wconf 88' lang='lat' dir='ltr'><strong>quidam</strong></span> <span class='ocrx_word' id='word_1_330' title='bbox 3439 2162 3530 2203; x_wconf 92' lang='lat' dir='ltr'><strong>ee-</strong></span> 
     </span>
    </p>
   </div>
   <div class='ocr_carea' id='block_1_52' title="bbox 1944 2234 3533 2309">
    <p class='ocr_par' dir='ltr' id='par_1_52' title="bbox 1944 2234 3533 2309">
     <span class='ocr_line' id='line_1_52' title="bbox 1944 2234 3533 2309; baseline 0.002 -20"><span class='ocrx_word' id='word_1_331' title='bbox 1944 2234 2123 2289; x_wconf 65' lang='lat' dir='ltr'><strong>clesiat</strong></span> <span class='ocrx_word' id='word_1_332' title='bbox 2152 2236 2491 2302; x_wconf 84' lang='lat' dir='ltr'><strong>detrectant,</strong></span> <span class='ocrx_word' id='word_1_333' title='bbox 2545 2250 2668 2289; x_wconf 88' lang='lat' dir='ltr'><strong>cum</strong></span> <span class='ocrx_word' id='word_1_334' title='bbox 2713 2236 2817 2291; x_wconf 91' lang='lat' dir='ltr'><strong>sibi</strong></span> <span class='ocrx_word' id='word_1_335' title='bbox 2863 2236 3185 2306; x_wconf 65' lang='lat' dir='ltr'><strong>aliquotiens</strong></span> <span class='ocrx_word' id='word_1_336' title='bbox 3225 2235 3533 2309; x_wconf 86' lang='lat' dir='ltr'><strong>junguntur</strong></span> 
     </span>
    </p>
   </div>
   <div class='ocr_carea' id='block_1_53' title="bbox 1947 2323 3530 2403">
    <p class='ocr_par' dir='ltr' id='par_1_53' title="bbox 1947 2323 3530 2403">
     <span class='ocr_line' id='line_1_53' title="bbox 1947 2323 3530 2403; baseline 0.004 -26"><span class='ocrx_word' id='word_1_337' title='bbox 1947 2323 2201 2391; x_wconf 69' lang='lat' dir='ltr'><strong>familiae,</strong></span> <span class='ocrx_word' id='word_1_338' title='bbox 2246 2325 2568 2380; x_wconf 89' lang='lat' dir='ltr'><strong>divisionem</strong></span> <span class='ocrx_word' id='word_1_339' title='bbox 2608 2340 2826 2381; x_wconf 86' lang='lat' dir='ltr'><strong>servare</strong></span> <span class='ocrx_word' id='word_1_340' title='bbox 2866 2327 3130 2403; x_wconf 80' lang='lat' dir='ltr'><strong>legalem.</strong></span> <span class='ocrx_word' id='word_1_341' title='bbox 3165 2328 3317 2384; x_wconf 87' lang='lat' dir='ltr'><strong>Unde</strong></span> <span class='ocrx_word' id='word_1_342' title='bbox 3352 2329 3530 2384; x_wconf 88' lang='lat' dir='ltr'><strong>eidem</strong></span> 
     </span>
    </p>
   </div>
   <div class='ocr_carea' id='block_1_54' title="bbox 1946 2412 3529 2490">
    <p class='ocr_par' dir='ltr' id='par_1_54' title="bbox 1946 2412 3529 2490">
     <span class='ocr_line' id='line_1_54' title="bbox 1946 2412 3529 2490; baseline 0.003 -19"><span class='ocrx_word' id='word_1_343' title='bbox 1946 2416 2089 2473; x_wconf 90' lang='lat' dir='ltr'><strong>ﬁdeli</strong></span> <span class='ocrx_word' id='word_1_344' title='bbox 2129 2427 2318 2473; x_wconf 89' lang='lat' dir='ltr'><strong>nostro</strong></span> <span class='ocrx_word' id='word_1_345' title='bbox 2348 2417 2629 2473; x_wconf 80' lang='lat' dir='ltr'><strong>Ranincbo</strong></span> <span class='ocrx_word' id='word_1_346' title='bbox 2655 2412 2858 2487; x_wconf 83' lang='lat' dir='ltr'><strong>petenti</strong></span> <span class='ocrx_word' id='word_1_347' title='bbox 2901 2420 3131 2490; x_wconf 87' lang='lat' dir='ltr'><strong>benigne</strong></span> <span class='ocrx_word' id='word_1_348' title='bbox 3158 2421 3529 2486; x_wconf 87' lang='lat' dir='ltr'><strong>concedimus,</strong></span> 
     </span>
    </p>
   </div>
   <div class='ocr_carea' id='block_1_55' title="bbox 1945 2508 3531 2579">
    <p class='ocr_par' dir='ltr' id='par_1_55' title="bbox 1945 2508 3531 2579">
     <span class='ocr_line' id='line_1_55' title="bbox 1945 2508 3531 2579; baseline 0.004 -18"><span class='ocrx_word' id='word_1_349' title='bbox 1945 2518 2005 2562; x_wconf 89' lang='lat' dir='ltr'><strong>ut</strong></span> <span class='ocrx_word' id='word_1_350' title='bbox 2028 2510 2461 2578; x_wconf 89' lang='lat' dir='ltr'><strong>quandocunque</strong></span> <span class='ocrx_word' id='word_1_351' title='bbox 2490 2508 2694 2563; x_wconf 80' lang='lat' dir='ltr'><strong>familia</strong></span> <span class='ocrx_word' id='word_1_352' title='bbox 2723 2508 2779 2564; x_wconf 89' lang='lat' dir='ltr'><strong>S.</strong></span> <span class='ocrx_word' id='word_1_353' title='bbox 2813 2510 3027 2579; x_wconf 86' lang='lat' dir='ltr'><strong>Sulpitii</strong></span> <span class='ocrx_word' id='word_1_354' title='bbox 3059 2510 3275 2566; x_wconf 76' lang='lat' dir='ltr'><strong>familia:</strong></span> <span class='ocrx_word' id='word_1_355' title='bbox 3306 2513 3531 2567; x_wconf 89' lang='lat' dir='ltr'><strong>alterius</strong></span> 
     </span>
    </p>
   </div>
   <div class='ocr_carea' id='block_1_56' title="bbox 1948 2598 3529 2668">
    <p class='ocr_par' dir='ltr' id='par_1_56' title="bbox 1948 2598 3529 2668">
     <span class='ocr_line' id='line_1_56' title="bbox 1948 2598 3529 2668; baseline 0.001 -15"><span class='ocrx_word' id='word_1_356' title='bbox 1948 2598 2191 2653; x_wconf 67' lang='lat' dir='ltr'><strong>ecclesiae</strong></span> <span class='ocrx_word' id='word_1_357' title='bbox 2220 2613 2317 2666; x_wconf 91' lang='lat' dir='ltr'><strong>per</strong></span> <span class='ocrx_word' id='word_1_358' title='bbox 2343 2599 2671 2653; x_wconf 90' lang='lat' dir='ltr'><strong>connubium</strong></span> <span class='ocrx_word' id='word_1_359' title='bbox 2702 2598 2869 2657; x_wconf 85' lang='lat' dir='ltr'><strong>fuerit</strong></span> <span class='ocrx_word' id='word_1_360' title='bbox 2898 2600 3146 2668; x_wconf 89' lang='lat' dir='ltr'><strong>copulata</strong></span> <span class='ocrx_word' id='word_1_361' title='bbox 3164 2640 3178 2664; x_wconf 95' lang='lat'><strong>,</strong></span> <span class='ocrx_word' id='word_1_362' title='bbox 3212 2600 3417 2654; x_wconf 90' lang='lat' dir='ltr'><strong>nullum</strong></span> <span class='ocrx_word' id='word_1_363' title='bbox 3446 2599 3529 2655; x_wconf 85' lang='lat' dir='ltr'><strong>fa-</strong></span> 
     </span>
    </p>
   </div>
   <div class='ocr_carea' id='block_1_57' title="bbox 1948 2686 3535 2762">
    <p class='ocr_par' dir='ltr' id='par_1_57' title="bbox 1948 2686 3535 2762">
     <span class='ocr_line' id='line_1_57' title="bbox 1948 2686 3535 2762; baseline 0.003 -21"><span class='ocrx_word' id='word_1_364' title='bbox 1948 2687 2056 2741; x_wconf 88' lang='lat' dir='ltr'><strong>ciat</strong></span> <span class='ocrx_word' id='word_1_365' title='bbox 2084 2687 2482 2757; x_wconf 60' lang='lat' dir='ltr'><strong>praéjudieium,</strong></span> <span class='ocrx_word' id='word_1_366' title='bbox 2507 2686 2650 2755; x_wconf 90' lang='lat' dir='ltr'><strong>quod</strong></span> <span class='ocrx_word' id='word_1_367' title='bbox 2680 2688 2894 2743; x_wconf 89' lang='lat' dir='ltr'><strong>servilis</strong></span> <span class='ocrx_word' id='word_1_368' title='bbox 2918 2690 3157 2745; x_wconf 89' lang='lat' dir='ltr'><strong>conditio</strong></span> <span class='ocrx_word' id='word_1_369' title='bbox 3184 2690 3355 2762; x_wconf 85' lang='lat' dir='ltr'><strong>legem</strong></span> <span class='ocrx_word' id='word_1_370' title='bbox 3386 2707 3535 2745; x_wconf 90' lang='lat' dir='ltr'><strong>reva-</strong></span> 
     </span>
    </p>
   </div>
   <div class='ocr_carea' id='block_1_58' title="bbox 1948 2775 3532 2850">
    <p class='ocr_par' dir='ltr' id='par_1_58' title="bbox 1948 2775 3532 2850">
     <span class='ocr_line' id='line_1_58' title="bbox 1948 2775 3532 2850; baseline 0.004 -20"><span class='ocrx_word' id='word_1_371' title='bbox 1948 2776 2097 2830; x_wconf 86' lang='lat' dir='ltr'><strong>diare</strong></span> <span class='ocrx_word' id='word_1_372' title='bbox 2126 2777 2369 2830; x_wconf 88' lang='lat' dir='ltr'><strong>cernitur</strong></span> <span class='ocrx_word' id='word_1_373' title='bbox 2392 2775 2679 2831; x_wconf 85' lang='lat' dir='ltr'><strong>colonilem</strong></span> <span class='ocrx_word' id='word_1_374' title='bbox 2703 2795 2714 2830; x_wconf 88' lang='lat'>:</span> <span class='ocrx_word' id='word_1_375' title='bbox 2748 2778 2841 2833; x_wconf 89' lang='lat' dir='ltr'><strong>sed</strong></span> <span class='ocrx_word' id='word_1_376' title='bbox 2865 2780 3113 2835; x_wconf 88' lang='lat' dir='ltr'><strong>omnibus</strong></span> <span class='ocrx_word' id='word_1_377' title='bbox 3139 2781 3192 2834; x_wconf 93' lang='lat' dir='ltr'><strong>in</strong></span> <span class='ocrx_word' id='word_1_378' title='bbox 3222 2781 3352 2837; x_wconf 91' lang='lat' dir='ltr'><strong>locis</strong></span> <span class='ocrx_word' id='word_1_379' title='bbox 3378 2796 3532 2850; x_wconf 59' lang='lat' dir='ltr'><strong>aequa</strong></span> 
     </span>
    </p>
   </div>
   <div class='ocr_carea' id='block_1_59' title="bbox 1948 2868 3534 2949">
    <p class='ocr_par' dir='ltr' id='par_1_59' title="bbox 1948 2868 3534 2949">
     <span class='ocr_line' id='line_1_59' title="bbox 1948 2868 3534 2949; baseline 0.002 -25"><span class='ocrx_word' id='word_1_380' title='bbox 1948 2868 2243 2924; x_wconf 90' lang='lat' dir='ltr'><strong>secundum</strong></span> <span class='ocrx_word' id='word_1_381' title='bbox 2285 2868 2459 2939; x_wconf 81' lang='lat' dir='ltr'><strong>legem</strong></span> <span class='ocrx_word' id='word_1_382' title='bbox 2499 2868 2810 2924; x_wconf 88' lang='lat' dir='ltr'><strong>celebretur</strong></span> <span class='ocrx_word' id='word_1_383' title='bbox 2846 2870 3059 2925; x_wconf 90' lang='lat' dir='ltr'><strong>divisio.</strong></span> <span class='ocrx_word' id='word_1_384' title='bbox 3112 2871 3336 2949; x_wconf 77' lang='lat' dir='ltr'><strong>Insuper</strong></span> <span class='ocrx_word' id='word_1_385' title='bbox 3380 2881 3435 2927; x_wconf 89' lang='lat' dir='ltr'><strong>et</strong></span> <span class='ocrx_word' id='word_1_386' title='bbox 3478 2874 3534 2927; x_wconf 85' lang='lat' dir='ltr'><strong>iu</strong></span> 
     </span>
    </p>
   </div>
   <div class='ocr_carea' id='block_1_60' title="bbox 1949 2957 3531 3027">
    <p class='ocr_par' dir='ltr' id='par_1_60' title="bbox 1949 2957 3531 3027">
     <span class='ocr_line' id='line_1_60' title="bbox 1949 2957 3531 3027; baseline 0.004 -16"><span class='ocrx_word' id='word_1_387' title='bbox 1949 2957 2096 3013; x_wconf 89' lang='lat' dir='ltr'><strong>ﬁscis</strong></span> <span class='ocrx_word' id='word_1_388' title='bbox 2125 2958 2346 3023; x_wconf 86' lang='lat' dir='ltr'><strong>nostris,</strong></span> <span class='ocrx_word' id='word_1_389' title='bbox 2370 2958 2461 3027; x_wconf 90' lang='lat' dir='ltr'><strong>qui</strong></span> <span class='ocrx_word' id='word_1_390' title='bbox 2490 2958 2843 3015; x_wconf 86' lang='lat' dir='ltr'><strong>ecclesiastici</strong></span> <span class='ocrx_word' id='word_1_391' title='bbox 2867 2959 3033 3016; x_wconf 87' lang='lat' dir='ltr'><strong>fuisse</strong></span> <span class='ocrx_word' id='word_1_392' title='bbox 3058 2970 3374 3027; x_wconf 90' lang='lat' dir='ltr'><strong>noscuntur,</strong></span> <span class='ocrx_word' id='word_1_393' title='bbox 3399 2962 3531 3017; x_wconf 88' lang='lat' dir='ltr'><strong>illud</strong></span> 
     </span>
    </p>
   </div>
   <div class='ocr_carea' id='block_1_61' title="bbox 1948 3050 3535 3124">
    <p class='ocr_par' dir='ltr' id='par_1_61' title="bbox 1948 3050 3535 3124">
     <span class='ocr_line' id='line_1_61' title="bbox 1948 3050 3535 3124; baseline 0.003 -20"><span class='ocrx_word' id='word_1_394' title='bbox 1948 3050 2318 3105; x_wconf 90' lang='lat' dir='ltr'><strong>concedimus.</strong></span> <span class='ocrx_word' id='word_1_395' title='bbox 2357 3050 2490 3105; x_wconf 91' lang='lat' dir='ltr'><strong>lllud</strong></span> <span class='ocrx_word' id='word_1_396' title='bbox 2520 3058 2576 3105; x_wconf 91' lang='lat' dir='ltr'><strong>et</strong></span> <span class='ocrx_word' id='word_1_397' title='bbox 2603 3052 2902 3108; x_wconf 86' lang='lat' dir='ltr'><strong>concedere</strong></span> <span class='ocrx_word' id='word_1_398' title='bbox 2931 3063 2985 3108; x_wconf 91' lang='lat' dir='ltr'><strong>et</strong></span> <span class='ocrx_word' id='word_1_399' title='bbox 3016 3054 3213 3109; x_wconf 90' lang='lat' dir='ltr'><strong>addere</strong></span> <span class='ocrx_word' id='word_1_400' title='bbox 3238 3055 3439 3124; x_wconf 88' lang='lat' dir='ltr'><strong>placuit</strong></span> <span class='ocrx_word' id='word_1_401' title='bbox 3476 3065 3535 3111; x_wconf 89' lang='lat' dir='ltr'><strong>ut</strong></span> 
     </span>
    </p>
   </div>
   <div class='ocr_carea' id='block_1_62' title="bbox 1945 3142 3533 3216">
    <p class='ocr_par' dir='ltr' id='par_1_62' title="bbox 1945 3142 3533 3216">
     <span class='ocr_line' id='line_1_62' title="bbox 1945 3142 3533 3216; baseline 0.004 -21"><span class='ocrx_word' id='word_1_402' title='bbox 1945 3142 2072 3211; x_wconf 84' lang='lat' dir='ltr'><strong>quia</strong></span> <span class='ocrx_word' id='word_1_403' title='bbox 2112 3158 2200 3198; x_wconf 87' lang='lat' dir='ltr'><strong>res</strong></span> <span class='ocrx_word' id='word_1_404' title='bbox 2236 3142 2407 3213; x_wconf 90' lang='lat' dir='ltr'><strong>ipsius</strong></span> <span class='ocrx_word' id='word_1_405' title='bbox 2442 3143 2547 3198; x_wconf 93' lang='lat' dir='ltr'><strong>loci</strong></span> <span class='ocrx_word' id='word_1_406' title='bbox 2586 3145 2817 3213; x_wconf 91' lang='lat' dir='ltr'><strong>sparsim</strong></span> <span class='ocrx_word' id='word_1_407' title='bbox 2853 3145 3184 3211; x_wconf 84' lang='lat' dir='ltr'><strong>dividuntur,</strong></span> <span class='ocrx_word' id='word_1_408' title='bbox 3226 3155 3281 3201; x_wconf 91' lang='lat' dir='ltr'><strong>et</strong></span> <span class='ocrx_word' id='word_1_409' title='bbox 3315 3146 3533 3216; x_wconf 90' lang='lat' dir='ltr'><strong>plurimi</strong></span> 
     </span>
    </p>
   </div>
   <div class='ocr_carea' id='block_1_63' title="bbox 332 3206 3533 3308">
    <p class='ocr_par' dir='ltr' id='par_1_63' title="bbox 332 3206 3533 3308">
     <span class='ocr_line' id='line_1_63' title="bbox 332 3206 3533 3308; baseline 0.001 -19"><span class='ocrx_word' id='word_1_410' title='bbox 332 3206 629 3305; x_wconf 61' lang='lat' dir='ltr'><strong>lmperialis</strong></span> <span class='ocrx_word' id='word_1_411' title='bbox 660 3236 997 3292; x_wconf 86' lang='lat' dir='ltr'><strong>celsitudinis</strong></span> <span class='ocrx_word' id='word_1_412' title='bbox 1032 3238 1197 3292; x_wconf 92' lang='lat' dir='ltr'><strong>moris</strong></span> <span class='ocrx_word' id='word_1_413' title='bbox 1225 3244 1308 3292; x_wconf 89' lang='lat' dir='ltr'><strong>est</strong></span> <span class='ocrx_word' id='word_1_414' title='bbox 1335 3237 1684 3308; x_wconf 91' lang='lat' dir='ltr'><strong>petitionibus</strong></span> <span class='ocrx_word' id='word_1_415' title='bbox 1714 3236 1844 3293; x_wconf 89' lang='lat' dir='ltr'><strong>ﬁde-</strong></span> <span class='ocrx_word' id='word_1_416' title='bbox 1872 3206 1916 3267; x_wconf 58' lang='grc' dir='ltr'><strong>(ἶ</strong></span> <span class='ocrx_word' id='word_1_417' title='bbox 1948 3206 2195 3290; x_wconf 70' lang='lat' dir='ltr'><strong>advocati</strong></span> <span class='ocrx_word' id='word_1_418' title='bbox 2226 3206 2416 3290; x_wconf 81' lang='lat' dir='ltr'><strong>malles</strong></span> <span class='ocrx_word' id='word_1_419' title='bbox 2443 3249 2539 3306; x_wconf 84' lang='lat' dir='ltr'><strong>per</strong></span> <span class='ocrx_word' id='word_1_420' title='bbox 2565 3206 2777 3306; x_wconf 74' lang='lat' dir='ltr'><strong>singula</strong></span> <span class='ocrx_word' id='word_1_421' title='bbox 2806 3235 2924 3292; x_wconf 87' lang='lat' dir='ltr'><strong>loca</strong></span> <span class='ocrx_word' id='word_1_422' title='bbox 2954 3206 3227 3292; x_wconf 77' lang='lat' dir='ltr'><strong>custodire</strong></span> <span class='ocrx_word' id='word_1_423' title='bbox 3258 3206 3533 3307; x_wconf 72' lang='lat' dir='ltr'><strong>nequeunt</strong></span> 
     </span>
    </p>
   </div>
   <div class='ocr_carea' id='block_1_64' title="bbox 258 3328 1846 3399">
    <p class='ocr_par' dir='ltr' id='par_1_64' title="bbox 258 3328 1846 3399">
     <span class='ocr_line' id='line_1_64' title="bbox 258 3328 1846 3399; baseline 0.001 -18"><span class='ocrx_word' id='word_1_424' title='bbox 258 3328 394 3382; x_wconf 89' lang='lat' dir='ltr'><strong>lium</strong></span> <span class='ocrx_word' id='word_1_425' title='bbox 433 3338 739 3384; x_wconf 83' lang='lat' dir='ltr'><strong>nostrorum</strong></span> <span class='ocrx_word' id='word_1_426' title='bbox 777 3329 1008 3383; x_wconf 89' lang='lat' dir='ltr'><strong>libenter</strong></span> <span class='ocrx_word' id='word_1_427' title='bbox 1038 3344 1315 3384; x_wconf 90' lang='lat' dir='ltr'><strong>assensum</strong></span> <span class='ocrx_word' id='word_1_428' title='bbox 1352 3331 1708 3399; x_wconf 60' lang='lat' dir='ltr'><strong>praebere...&quot;</strong></span> <span class='ocrx_word' id='word_1_429' title='bbox 1737 3343 1846 3397; x_wconf 89' lang='lat' dir='ltr'><strong>quo</strong></span> 
     </span>
    </p>
   </div>
   <div class='ocr_carea' id='block_1_65' title="bbox 256 3420 1847 3492">
    <p class='ocr_par' dir='ltr' id='par_1_65' title="bbox 256 3420 1847 3492">
     <span class='ocr_line' id='line_1_65' title="bbox 256 3420 1847 3492; baseline -0.002 -15"><span class='ocrx_word' id='word_1_430' title='bbox 256 3420 469 3477; x_wconf 85' lang='lat' dir='ltr'><strong>dulcius</strong></span> <span class='ocrx_word' id='word_1_431' title='bbox 508 3430 618 3476; x_wconf 90' lang='lat' dir='ltr'><strong>tam</strong></span> <span class='ocrx_word' id='word_1_432' title='bbox 664 3423 891 3492; x_wconf 89' lang='lat' dir='ltr'><strong>privatis</strong></span> <span class='ocrx_word' id='word_1_433' title='bbox 917 3438 1079 3492; x_wconf 89' lang='lat' dir='ltr'><strong>quam</strong></span> <span class='ocrx_word' id='word_1_434' title='bbox 1118 3422 1351 3491; x_wconf 89' lang='lat' dir='ltr'><strong>publicis</strong></span> <span class='ocrx_word' id='word_1_435' title='bbox 1390 3422 1643 3476; x_wconf 87' lang='lat' dir='ltr'><strong>studeant</strong></span> <span class='ocrx_word' id='word_1_436' title='bbox 1680 3421 1847 3475; x_wconf 72' lang='lat' dir='ltr'><strong>inhre-</strong></span> 
     </span>
    </p>
   </div>
   <div class='ocr_carea' id='block_1_66' title="bbox 256 3512 1846 3584">
    <p class='ocr_par' dir='ltr' id='par_1_66' title="bbox 256 3512 1846 3584">
     <span class='ocr_line' id='line_1_66' title="bbox 256 3512 1846 3584; baseline -0.001 -16"><span class='ocrx_word' id='word_1_437' title='bbox 256 3528 385 3568; x_wconf 87' lang='lat' dir='ltr'><strong>rere</strong></span> <span class='ocrx_word' id='word_1_438' title='bbox 430 3513 726 3584; x_wconf 88' lang='lat' dir='ltr'><strong>obsequiis.</strong></span> <span class='ocrx_word' id='word_1_439' title='bbox 790 3514 997 3569; x_wconf 81' lang='lat' dir='ltr'><strong>Idcirco</strong></span> <span class='ocrx_word' id='word_1_440' title='bbox 1044 3514 1257 3568; x_wconf 88' lang='lat' dir='ltr'><strong>noverit</strong></span> <span class='ocrx_word' id='word_1_441' title='bbox 1300 3512 1633 3583; x_wconf 78' lang='lat' dir='ltr'><strong>experientia</strong></span> <span class='ocrx_word' id='word_1_442' title='bbox 1684 3520 1846 3582; x_wconf 86' lang='lat' dir='ltr'><strong>atque</strong></span> 
     </span>
    </p>
   </div>
   <div class='ocr_carea' id='block_1_67' title="bbox 256 3603 1846 3671">
    <p class='ocr_par' dir='ltr' id='par_1_67' title="bbox 256 3603 1846 3671">
     <span class='ocr_line' id='line_1_67' title="bbox 256 3603 1846 3671; baseline -0.002 -13"><span class='ocrx_word' id='word_1_443' title='bbox 256 3603 524 3658; x_wconf 88' lang='lat' dir='ltr'><strong>industria</strong></span> <span class='ocrx_word' id='word_1_444' title='bbox 555 3604 797 3658; x_wconf 91' lang='lat' dir='ltr'><strong>omnium</strong></span> <span class='ocrx_word' id='word_1_445' title='bbox 826 3604 1061 3658; x_wconf 86' lang='lat' dir='ltr'><strong>ﬁdelium</strong></span> <span class='ocrx_word' id='word_1_446' title='bbox 1093 3611 1401 3657; x_wconf 88' lang='lat' dir='ltr'><strong>nostrormn</strong></span> <span class='ocrx_word' id='word_1_447' title='bbox 1421 3643 1435 3668; x_wconf 97' lang='lat'><strong>,</strong></span> <span class='ocrx_word' id='word_1_448' title='bbox 1469 3611 1578 3655; x_wconf 90' lang='lat' dir='ltr'><strong>tam</strong></span> <span class='ocrx_word' id='word_1_449' title='bbox 1609 3615 1846 3671; x_wconf 63' lang='lat' dir='ltr'><strong>praesen-</strong></span> 
     </span>
    </p>
   </div>
   <div class='ocr_carea' id='block_1_68' title="bbox 256 3692 1847 3765">
    <p class='ocr_par' dir='ltr' id='par_1_68' title="bbox 256 3692 1847 3765">
     <span class='ocr_line' id='line_1_68' title="bbox 256 3692 1847 3765; baseline -0.004 -14"><span class='ocrx_word' id='word_1_450' title='bbox 256 3697 395 3751; x_wconf 91' lang='lat' dir='ltr'><strong>tium</strong></span> <span class='ocrx_word' id='word_1_451' title='bbox 428 3711 587 3765; x_wconf 85' lang='lat' dir='ltr'><strong>quam</strong></span> <span class='ocrx_word' id='word_1_452' title='bbox 624 3694 962 3758; x_wconf 88' lang='lat' dir='ltr'><strong>futurorum,</strong></span> <span class='ocrx_word' id='word_1_453' title='bbox 1009 3694 1151 3763; x_wconf 89' lang='lat' dir='ltr'><strong>quod</strong></span> <span class='ocrx_word' id='word_1_454' title='bbox 1190 3694 1382 3747; x_wconf 80' lang='lat' dir='ltr'><strong>adiens</strong></span> <span class='ocrx_word' id='word_1_455' title='bbox 1425 3692 1635 3761; x_wconf 90' lang='lat' dir='ltr'><strong>imperii</strong></span> <span class='ocrx_word' id='word_1_456' title='bbox 1675 3692 1847 3746; x_wconf 89' lang='lat' dir='ltr'><strong>nostri</strong></span> 
     </span>
    </p>
   </div>
   <div class='ocr_carea' id='block_1_69' title="bbox 255 3783 1846 3856">
    <p class='ocr_par' dir='ltr' id='par_1_69' title="bbox 255 3783 1846 3856">
     <span class='ocr_line' id='line_1_69' title="bbox 255 3783 1846 3856; baseline -0.003 -13"><span class='ocrx_word' id='word_1_457' title='bbox 255 3787 638 3843; x_wconf 87' lang='lat' dir='ltr'><strong>celsitudinem</strong></span> <span class='ocrx_word' id='word_1_458' title='bbox 666 3788 886 3856; x_wconf 91' lang='lat' dir='ltr'><strong>quidam</strong></span> <span class='ocrx_word' id='word_1_459' title='bbox 931 3786 1102 3839; x_wconf 88' lang='lat' dir='ltr'><strong>ﬁdelis</strong></span> <span class='ocrx_word' id='word_1_460' title='bbox 1145 3792 1345 3847; x_wconf 89' lang='lat' dir='ltr'><strong>noster,</strong></span> <span class='ocrx_word' id='word_1_461' title='bbox 1394 3783 1708 3838; x_wconf 83' lang='lat' dir='ltr'><strong>Raninchus</strong></span> <span class='ocrx_word' id='word_1_462' title='bbox 1751 3798 1846 3838; x_wconf 91' lang='lat' dir='ltr'><strong>no-</strong></span> 
     </span>
    </p>
   </div>
   <div class='ocr_carea' id='block_1_70' title="bbox 256 3874 1844 3943">
    <p class='ocr_par' dir='ltr' id='par_1_70' title="bbox 256 3874 1844 3943">
     <span class='ocr_line' id='line_1_70' title="bbox 256 3874 1844 3943; baseline -0.003 -12"><span class='ocrx_word' id='word_1_463' title='bbox 256 3877 430 3940; x_wconf 90' lang='lat' dir='ltr'><strong>mine,</strong></span> <span class='ocrx_word' id='word_1_464' title='bbox 458 3878 626 3932; x_wconf 89' lang='lat' dir='ltr'><strong>abbas</strong></span> <span class='ocrx_word' id='word_1_465' title='bbox 656 3892 721 3931; x_wconf 81' lang='lat' dir='ltr'><strong>ex</strong></span> <span class='ocrx_word' id='word_1_466' title='bbox 753 3877 1078 3931; x_wconf 89' lang='lat' dir='ltr'><strong>monasterio</strong></span> <span class='ocrx_word' id='word_1_467' title='bbox 1119 3874 1175 3929; x_wconf 91' lang='lat' dir='ltr'><strong>S.</strong></span> <span class='ocrx_word' id='word_1_468' title='bbox 1210 3874 1422 3943; x_wconf 91' lang='lat' dir='ltr'><strong>Sulpitii</strong></span> <span class='ocrx_word' id='word_1_469' title='bbox 1444 3915 1458 3937; x_wconf 95' lang='lat'><strong>,</strong></span> <span class='ocrx_word' id='word_1_470' title='bbox 1506 3874 1650 3942; x_wconf 88' lang='lat' dir='ltr'><strong>quod</strong></span> <span class='ocrx_word' id='word_1_471' title='bbox 1681 3874 1844 3927; x_wconf 87' lang='lat' dir='ltr'><strong>situm</strong></span> 
     </span>
    </p>
   </div>
   <div class='ocr_carea' id='block_1_71' title="bbox 254 3962 1846 4033">
    <p class='ocr_par' dir='ltr' id='par_1_71' title="bbox 254 3962 1846 4033">
     <span class='ocr_line' id='line_1_71' title="bbox 254 3962 1846 4033; baseline -0.005 -11"><span class='ocrx_word' id='word_1_472' title='bbox 254 3974 345 4022; x_wconf 86' lang='lat' dir='ltr'><strong>est</strong></span> <span class='ocrx_word' id='word_1_473' title='bbox 373 3966 425 4019; x_wconf 92' lang='lat' dir='ltr'><strong>in</strong></span> <span class='ocrx_word' id='word_1_474' title='bbox 456 3965 713 4021; x_wconf 88' lang='lat' dir='ltr'><strong>subnrbio</strong></span> <span class='ocrx_word' id='word_1_475' title='bbox 739 3964 993 4033; x_wconf 59' lang='lat' dir='ltr'><strong>Biturigae</strong></span> <span class='ocrx_word' id='word_1_476' title='bbox 1021 3964 1275 4026; x_wconf 85' lang='lat' dir='ltr'><strong>civitatis,</strong></span> <span class='ocrx_word' id='word_1_477' title='bbox 1305 3962 1498 4017; x_wconf 87' lang='lat' dir='ltr'><strong>detulit</strong></span> <span class='ocrx_word' id='word_1_478' title='bbox 1523 3962 1577 4015; x_wconf 91' lang='lat' dir='ltr'><strong>in</strong></span> <span class='ocrx_word' id='word_1_479' title='bbox 1606 3970 1846 4016; x_wconf 85' lang='lat' dir='ltr'><strong>nostram</strong></span> 
     </span>
    </p>
   </div>
   <div class='ocr_carea' id='block_1_72' title="bbox 252 4055 1822 4129">
    <p class='ocr_par' dir='ltr' id='par_1_72' title="bbox 252 4055 1822 4129">
     <span class='ocr_line' id='line_1_72' title="bbox 252 4055 1822 4129; baseline -0.003 -17"><span class='ocrx_word' id='word_1_480' title='bbox 252 4058 605 4129; x_wconf 72' lang='lat' dir='ltr'><strong>prtesentiam</strong></span> <span class='ocrx_word' id='word_1_481' title='bbox 634 4057 867 4124; x_wconf 89' lang='lat' dir='ltr'><strong>plurima</strong></span> <span class='ocrx_word' id='word_1_482' title='bbox 895 4063 1163 4124; x_wconf 71' lang='lat' dir='ltr'><strong>praecepta</strong></span> <span class='ocrx_word' id='word_1_483' title='bbox 1192 4069 1376 4123; x_wconf 87' lang='lat' dir='ltr'><strong>regum</strong></span> <span class='ocrx_word' id='word_1_484' title='bbox 1396 4094 1410 4118; x_wconf 95' lang='lat'><strong>,</strong></span> <span class='ocrx_word' id='word_1_485' title='bbox 1459 4055 1696 4122; x_wconf 88' lang='lat' dir='ltr'><strong>ipsorum</strong></span> <span class='ocrx_word' id='word_1_486' title='bbox 1730 4068 1822 4107; x_wconf 79' lang='lat' dir='ltr'><strong>mu</strong></span> 
     </span>
    </p>
   </div>
   <div class='ocr_carea' id='block_1_73' title="bbox 255 4135 1846 4215">
    <p class='ocr_par' dir='ltr' id='par_1_73' title="bbox 255 4135 1846 4215">
     <span class='ocr_line' id='line_1_73' title="bbox 255 4135 1846 4215; baseline -0.001 -14"><span class='ocrx_word' id='word_1_487' title='bbox 255 4146 535 4202; x_wconf 87' lang='lat' dir='ltr'><strong>niﬁcentia</strong></span> <span class='ocrx_word' id='word_1_488' title='bbox 567 4146 815 4200; x_wconf 88' lang='lat' dir='ltr'><strong>roborata</strong></span> <span class='ocrx_word' id='word_1_489' title='bbox 834 4187 847 4211; x_wconf 94' lang='lat'><strong>,</strong></span> <span class='ocrx_word' id='word_1_490' title='bbox 887 4162 950 4201; x_wconf 90' lang='lat' dir='ltr'><strong>ac</strong></span> <span class='ocrx_word' id='word_1_491' title='bbox 978 4146 1205 4215; x_wconf 69' lang='lat' dir='ltr'><strong>praefato</strong></span> <span class='ocrx_word' id='word_1_492' title='bbox 1233 4144 1350 4199; x_wconf 91' lang='lat' dir='ltr'><strong>loco</strong></span> <span class='ocrx_word' id='word_1_493' title='bbox 1376 4135 1569 4200; x_wconf 76' lang='lat' dir='ltr'><strong>collata</strong></span> <span class='ocrx_word' id='word_1_494' title='bbox 1590 4186 1604 4209; x_wconf 91' lang='lat'><strong>,</strong></span> <span class='ocrx_word' id='word_1_495' title='bbox 1651 4147 1846 4214; x_wconf 88' lang='lat' dir='ltr'><strong>quibus</strong></span> 
     </span>
    </p>
   </div>
   <div class='ocr_carea' id='block_1_74' title="bbox 253 4236 1845 4306">
    <p class='ocr_par' dir='ltr' id='par_1_74' title="bbox 253 4236 1845 4306">
     <span class='ocr_line' id='line_1_74' title="bbox 253 4236 1845 4306; baseline -0.001 -14"><span class='ocrx_word' id='word_1_496' title='bbox 253 4236 642 4292; x_wconf 88' lang='lat' dir='ltr'><strong>continebatur</strong></span> <span class='ocrx_word' id='word_1_497' title='bbox 668 4236 901 4306; x_wconf 88' lang='lat' dir='ltr'><strong>qualiter</strong></span> <span class='ocrx_word' id='word_1_498' title='bbox 930 4236 996 4290; x_wconf 92' lang='lat' dir='ltr'><strong>ad</strong></span> <span class='ocrx_word' id='word_1_499' title='bbox 1026 4236 1343 4305; x_wconf 89' lang='lat' dir='ltr'><strong>petitionem</strong></span> <span class='ocrx_word' id='word_1_500' title='bbox 1385 4236 1639 4289; x_wconf 87' lang='lat' dir='ltr'><strong>abbatum</strong></span> <span class='ocrx_word' id='word_1_501' title='bbox 1684 4244 1845 4303; x_wconf 87' lang='lat' dir='ltr'><strong>atque</strong></span> 
     </span>
    </p>
   </div>
   <div class='ocr_carea' id='block_1_75' title="bbox 254 4324 1843 4396">
    <p class='ocr_par' dir='ltr' id='par_1_75' title="bbox 254 4324 1843 4396">
     <span class='ocr_line' id='line_1_75' title="bbox 254 4324 1843 4396; baseline -0.001 -15"><span class='ocrx_word' id='word_1_502' title='bbox 254 4334 534 4381; x_wconf 88' lang='lat' dir='ltr'><strong>rectorum</strong></span> <span class='ocrx_word' id='word_1_503' title='bbox 576 4326 842 4396; x_wconf 57' lang='lat' dir='ltr'><strong>praelibati</strong></span> <span class='ocrx_word' id='word_1_504' title='bbox 883 4325 1117 4380; x_wconf 71' lang='lat' dir='ltr'><strong>cosnobii</strong></span> <span class='ocrx_word' id='word_1_505' title='bbox 1162 4324 1491 4379; x_wconf 86' lang='lat' dir='ltr'><strong>liberalitate</strong></span> <span class='ocrx_word' id='word_1_506' title='bbox 1535 4325 1843 4395; x_wconf 87' lang='lat' dir='ltr'><strong>principum</strong></span> 
     </span>
    </p>
   </div>
   <div class='ocr_carea' id='block_1_76' title="bbox 252 4413 1845 4483">
    <p class='ocr_par' dir='ltr' id='par_1_76' title="bbox 252 4413 1845 4483">
     <span class='ocr_line' id='line_1_76' title="bbox 252 4413 1845 4483; baseline 0 -12"><span class='ocrx_word' id='word_1_507' title='bbox 252 4430 575 4472; x_wconf 89' lang='lat' dir='ltr'><strong>concessum</strong></span> <span class='ocrx_word' id='word_1_508' title='bbox 622 4424 738 4478; x_wconf 89' lang='lat' dir='ltr'><strong>est,</strong></span> <span class='ocrx_word' id='word_1_509' title='bbox 784 4423 842 4468; x_wconf 93' lang='lat' dir='ltr'><strong>ut</strong></span> <span class='ocrx_word' id='word_1_510' title='bbox 885 4414 941 4469; x_wconf 91' lang='lat' dir='ltr'><strong>S.</strong></span> <span class='ocrx_word' id='word_1_511' title='bbox 974 4414 1151 4469; x_wconf 88' lang='lat' dir='ltr'><strong>Patris</strong></span> <span class='ocrx_word' id='word_1_512' title='bbox 1182 4413 1398 4483; x_wconf 88' lang='lat' dir='ltr'><strong>Sulpitii</strong></span> <span class='ocrx_word' id='word_1_513' title='bbox 1430 4415 1734 4470; x_wconf 90' lang='lat' dir='ltr'><strong>reverentia</strong></span> <span class='ocrx_word' id='word_1_514' title='bbox 1783 4430 1845 4471; x_wconf 89' lang='lat' dir='ltr'><strong>ac</strong></span> 
     </span>
    </p>
   </div>
   <div class='ocr_carea' id='block_1_77' title="bbox 252 4504 1842 4577">
    <p class='ocr_par' dir='ltr' id='par_1_77' title="bbox 252 4504 1842 4577">
     <span class='ocr_line' id='line_1_77' title="bbox 252 4504 1842 4577; baseline 0 -16"><span class='ocrx_word' id='word_1_515' title='bbox 252 4506 497 4577; x_wconf 85' lang='lat' dir='ltr'><strong>dignitas</strong></span> <span class='ocrx_word' id='word_1_516' title='bbox 523 4507 622 4561; x_wconf 90' lang='lat' dir='ltr'><strong>sub</strong></span> <span class='ocrx_word' id='word_1_517' title='bbox 652 4506 1009 4561; x_wconf 80' lang='lat' dir='ltr'><strong>immanitatis</strong></span> <span class='ocrx_word' id='word_1_518' title='bbox 1040 4506 1269 4561; x_wconf 87' lang='lat' dir='ltr'><strong>tuitione</strong></span> <span class='ocrx_word' id='word_1_519' title='bbox 1292 4504 1494 4576; x_wconf 86' lang='lat' dir='ltr'><strong>jugiter</strong></span> <span class='ocrx_word' id='word_1_520' title='bbox 1518 4522 1842 4577; x_wconf 86' lang='lat' dir='ltr'><strong>permanere</strong></span> 
     </span>
    </p>
   </div>
   <div class='ocr_carea' id='block_1_78' title="bbox 253 4595 1839 4667">
    <p class='ocr_par' dir='ltr' id='par_1_78' title="bbox 253 4595 1839 4667">
     <span class='ocr_line' id='line_1_78' title="bbox 253 4595 1839 4667; baseline -0.002 -13"><span class='ocrx_word' id='word_1_521' title='bbox 253 4598 488 4654; x_wconf 75' lang='lat' dir='ltr'><strong>debeat:</strong></span> <span class='ocrx_word' id='word_1_522' title='bbox 523 4604 579 4651; x_wconf 91' lang='lat' dir='ltr'><strong>et</strong></span> <span class='ocrx_word' id='word_1_523' title='bbox 607 4597 751 4651; x_wconf 87' lang='lat' dir='ltr'><strong>nulla</strong></span> <span class='ocrx_word' id='word_1_524' title='bbox 789 4597 1075 4667; x_wconf 87' lang='lat' dir='ltr'><strong>judiciaria</strong></span> <span class='ocrx_word' id='word_1_525' title='bbox 1118 4606 1361 4666; x_wconf 87' lang='lat' dir='ltr'><strong>potestas</strong></span> <span class='ocrx_word' id='word_1_526' title='bbox 1402 4598 1454 4651; x_wconf 92' lang='lat' dir='ltr'><strong>in</strong></span> <span class='ocrx_word' id='word_1_527' title='bbox 1497 4598 1659 4652; x_wconf 89' lang='lat' dir='ltr'><strong>rebus</strong></span> <span class='ocrx_word' id='word_1_528' title='bbox 1693 4595 1839 4664; x_wconf 89' lang='lat' dir='ltr'><strong>ejus-</strong></span> 
     </span>
    </p>
   </div>
   <div class='ocr_carea' id='block_1_79' title="bbox 255 4686 1839 4755">
    <p class='ocr_par' dir='ltr' id='par_1_79' title="bbox 255 4686 1839 4755">
     <span class='ocr_line' id='line_1_79' title="bbox 255 4686 1839 4755; baseline -0.002 -12"><span class='ocrx_word' id='word_1_529' title='bbox 255 4689 382 4743; x_wconf 90' lang='lat' dir='ltr'><strong>dem</strong></span> <span class='ocrx_word' id='word_1_530' title='bbox 409 4687 724 4742; x_wconf 89' lang='lat' dir='ltr'><strong>monasterii</strong></span> <span class='ocrx_word' id='word_1_531' title='bbox 752 4687 931 4755; x_wconf 88' lang='lat' dir='ltr'><strong>aliqno</strong></span> <span class='ocrx_word' id='word_1_532' title='bbox 958 4688 1116 4741; x_wconf 92' lang='lat' dir='ltr'><strong>modo</strong></span> <span class='ocrx_word' id='word_1_533' title='bbox 1144 4687 1429 4749; x_wconf 90' lang='lat' dir='ltr'><strong>damnare,</strong></span> <span class='ocrx_word' id='word_1_534' title='bbox 1480 4701 1657 4755; x_wconf 91' lang='lat' dir='ltr'><strong>neque</strong></span> <span class='ocrx_word' id='word_1_535' title='bbox 1694 4686 1839 4740; x_wconf 87' lang='lat' dir='ltr'><strong>intra</strong></span> 
     </span>
    </p>
   </div>
   <div class='ocr_carea' id='block_1_80' title="bbox 255 4775 1843 4842">
    <p class='ocr_par' dir='ltr' id='par_1_80' title="bbox 255 4775 1843 4842">
     <span class='ocr_line' id='line_1_80' title="bbox 255 4775 1843 4842; baseline 0 -10"><span class='ocrx_word' id='word_1_536' title='bbox 255 4786 352 4837; x_wconf 85' lang='lat' dir='ltr'><strong>aut</strong></span> <span class='ocrx_word' id='word_1_537' title='bbox 375 4786 528 4832; x_wconf 80' lang='lat' dir='ltr'><strong>extra</strong></span> <span class='ocrx_word' id='word_1_538' title='bbox 555 4778 829 4831; x_wconf 77' lang='lat' dir='ltr'><strong>civitatem</strong></span> <span class='ocrx_word' id='word_1_539' title='bbox 859 4777 913 4831; x_wconf 89' lang='lat' dir='ltr'><strong>in</strong></span> <span class='ocrx_word' id='word_1_540' title='bbox 946 4777 1109 4842; x_wconf 89' lang='lat' dir='ltr'><strong>areis,</strong></span> <span class='ocrx_word' id='word_1_541' title='bbox 1137 4776 1402 4839; x_wconf 89' lang='lat' dir='ltr'><strong>ecclesiis,</strong></span> <span class='ocrx_word' id='word_1_542' title='bbox 1430 4777 1514 4831; x_wconf 90' lang='lat' dir='ltr'><strong>vel</strong></span> <span class='ocrx_word' id='word_1_543' title='bbox 1535 4777 1678 4831; x_wconf 82' lang='lat' dir='ltr'><strong>villis</strong></span> <span class='ocrx_word' id='word_1_544' title='bbox 1704 4775 1843 4832; x_wconf 87' lang='lat' dir='ltr'><strong>fora-</strong></span> 
     </span>
    </p>
   </div>
   <div class='ocr_carea' id='block_1_81' title="bbox 254 4864 1840 4933">
    <p class='ocr_par' dir='ltr' id='par_1_81' title="bbox 254 4864 1840 4933">
     <span class='ocr_line' id='line_1_81' title="bbox 254 4864 1840 4933; baseline -0.001 -12"><span class='ocrx_word' id='word_1_545' title='bbox 254 4866 425 4921; x_wconf 82' lang='lat' dir='ltr'><strong>ticum</strong></span> <span class='ocrx_word' id='word_1_546' title='bbox 458 4872 513 4919; x_wconf 90' lang='lat' dir='ltr'><strong>et</strong></span> <span class='ocrx_word' id='word_1_547' title='bbox 540 4864 828 4919; x_wconf 87' lang='lat' dir='ltr'><strong>rotaticum</strong></span> <span class='ocrx_word' id='word_1_548' title='bbox 857 4865 1095 4933; x_wconf 75' lang='lat' dir='ltr'><strong>exigere,</strong></span> <span class='ocrx_word' id='word_1_549' title='bbox 1126 4873 1220 4918; x_wconf 91' lang='lat' dir='ltr'><strong>aut</strong></span> <span class='ocrx_word' id='word_1_550' title='bbox 1245 4864 1481 4933; x_wconf 89' lang='lat' dir='ltr'><strong>aliquem</strong></span> <span class='ocrx_word' id='word_1_551' title='bbox 1511 4880 1728 4920; x_wconf 91' lang='lat' dir='ltr'><strong>servum</strong></span> <span class='ocrx_word' id='word_1_552' title='bbox 1754 4866 1840 4921; x_wconf 89' lang='lat' dir='ltr'><strong>vel</strong></span> 
     </span>
    </p>
   </div>
   <div class='ocr_carea' id='block_1_82' title="bbox 256 4955 1845 5026">
    <p class='ocr_par' dir='ltr' id='par_1_82' title="bbox 256 4955 1845 5026">
     <span class='ocr_line' id='line_1_82' title="bbox 256 4955 1845 5026; baseline 0.001 -17"><span class='ocrx_word' id='word_1_553' title='bbox 256 4956 487 5009; x_wconf 89' lang='lat' dir='ltr'><strong>liberum</strong></span> <span class='ocrx_word' id='word_1_554' title='bbox 516 4970 614 5024; x_wconf 92' lang='lat' dir='ltr'><strong>pro</strong></span> <span class='ocrx_word' id='word_1_555' title='bbox 643 4955 866 5009; x_wconf 87' lang='lat' dir='ltr'><strong>servitio</strong></span> <span class='ocrx_word' id='word_1_556' title='bbox 888 4955 1102 5009; x_wconf 91' lang='lat' dir='ltr'><strong>Domini</strong></span> <span class='ocrx_word' id='word_1_557' title='bbox 1127 4957 1367 5011; x_wconf 89' lang='lat' dir='ltr'><strong>bannum</strong></span> <span class='ocrx_word' id='word_1_558' title='bbox 1392 4956 1610 5026; x_wconf 83' lang='lat' dir='ltr'><strong>aliquod</strong></span> <span class='ocrx_word' id='word_1_559' title='bbox 1638 4955 1845 5011; x_wconf 89' lang='lat' dir='ltr'><strong>facien-</strong></span> 
     </span>
    </p>
   </div>
   <div class='ocr_carea' id='block_1_83' title="bbox 258 5044 1842 5119">
    <p class='ocr_par' dir='ltr' id='par_1_83' title="bbox 258 5044 1842 5119">
     <span class='ocr_line' id='line_1_83' title="bbox 258 5044 1842 5119; baseline 0.002 -18"><span class='ocrx_word' id='word_1_560' title='bbox 258 5055 367 5101; x_wconf 86' lang='lat' dir='ltr'><strong>tem</strong></span> <span class='ocrx_word' id='word_1_561' title='bbox 397 5046 721 5115; x_wconf 89' lang='lat' dir='ltr'><strong>distringere</strong></span> <span class='ocrx_word' id='word_1_562' title='bbox 743 5044 1099 5117; x_wconf 73' lang='lat' dir='ltr'><strong>[prtesumat].</strong></span> <span class='ocrx_word' id='word_1_563' title='bbox 1135 5046 1423 5103; x_wconf 85' lang='lat' dir='ltr'><strong>Humiliter</strong></span> <span class='ocrx_word' id='word_1_564' title='bbox 1448 5064 1575 5119; x_wconf 86' lang='lat' dir='ltr'><strong>ergo</strong></span> <span class='ocrx_word' id='word_1_565' title='bbox 1602 5050 1756 5119; x_wconf 88' lang='lat' dir='ltr'><strong>petiit</strong></span> <span class='ocrx_word' id='word_1_566' title='bbox 1783 5060 1842 5105; x_wconf 90' lang='lat' dir='ltr'><strong>ut</strong></span> 
     </span>
    </p>
   </div>
   <div class='ocr_carea' id='block_1_84' title="bbox 256 5138 1841 5209">
    <p class='ocr_par' dir='ltr' id='par_1_84' title="bbox 256 5138 1841 5209">
     <span class='ocr_line' id='line_1_84' title="bbox 256 5138 1841 5209; baseline 0.004 -19"><span class='ocrx_word' id='word_1_567' title='bbox 256 5138 403 5207; x_wconf 89' lang='lat' dir='ltr'><strong>quod</strong></span> <span class='ocrx_word' id='word_1_568' title='bbox 448 5138 680 5207; x_wconf 87' lang='lat' dir='ltr'><strong>sparsim</strong></span> <span class='ocrx_word' id='word_1_569' title='bbox 728 5138 1137 5202; x_wconf 88' lang='lat' dir='ltr'><strong>continebatur;</strong></span> <span class='ocrx_word' id='word_1_570' title='bbox 1192 5147 1249 5192; x_wconf 91' lang='lat' dir='ltr'><strong>et</strong></span> <span class='ocrx_word' id='word_1_571' title='bbox 1289 5139 1401 5209; x_wconf 89' lang='lat' dir='ltr'><strong>jam</strong></span> <span class='ocrx_word' id='word_1_572' title='bbox 1450 5141 1841 5209; x_wconf 88' lang='lat' dir='ltr'><strong>quodammodo</strong></span> 
     </span>
    </p>
   </div>
   <div class='ocr_carea' id='block_1_85' title="bbox 256 5225 1841 5298">
    <p class='ocr_par' dir='ltr' id='par_1_85' title="bbox 256 5225 1841 5298">
     <span class='ocr_line' id='line_1_85' title="bbox 256 5225 1841 5298; baseline 0.003 -17"><span class='ocrx_word' id='word_1_573' title='bbox 256 5225 713 5291; x_wconf 87' lang='lat' dir='ltr'><strong>labefactabatur,</strong></span> <span class='ocrx_word' id='word_1_574' title='bbox 763 5236 950 5282; x_wconf 89' lang='lat' dir='ltr'><strong>nostro</strong></span> <span class='ocrx_word' id='word_1_575' title='bbox 994 5235 1267 5297; x_wconf 62' lang='lat' dir='ltr'><strong>pratcepto</strong></span> <span class='ocrx_word' id='word_1_576' title='bbox 1314 5229 1727 5298; x_wconf 86' lang='lat' dir='ltr'><strong>eolligeremus,</strong></span> <span class='ocrx_word' id='word_1_577' title='bbox 1777 5246 1841 5286; x_wconf 87' lang='lat' dir='ltr'><strong>ac</strong></span> 
     </span>
    </p>
   </div>
   <div class='ocr_carea' id='block_1_86' title="bbox 255 5317 1839 5385">
    <p class='ocr_par' dir='ltr' id='par_1_86' title="bbox 255 5317 1839 5385">
     <span class='ocr_line' id='line_1_86' title="bbox 255 5317 1839 5385; baseline 0.004 -16"><span class='ocrx_word' id='word_1_578' title='bbox 255 5317 424 5372; x_wconf 87' lang='lat' dir='ltr'><strong>veluti</strong></span> <span class='ocrx_word' id='word_1_579' title='bbox 460 5317 515 5371; x_wconf 92' lang='lat' dir='ltr'><strong>in</strong></span> <span class='ocrx_word' id='word_1_580' title='bbox 544 5332 711 5371; x_wconf 87' lang='lat' dir='ltr'><strong>unttm</strong></span> <span class='ocrx_word' id='word_1_581' title='bbox 740 5318 1162 5385; x_wconf 89' lang='lat' dir='ltr'><strong>complectentes</strong></span> <span class='ocrx_word' id='word_1_582' title='bbox 1197 5319 1665 5375; x_wconf 90' lang='lat' dir='ltr'><strong>conﬁrmaremus.</strong></span> <span class='ocrx_word' id='word_1_583' title='bbox 1716 5320 1839 5376; x_wconf 85' lang='lat' dir='ltr'><strong>Pla-</strong></span> 
     </span>
    </p>
   </div>
   <div class='ocr_carea' id='block_1_87' title="bbox 256 5407 1840 5479">
    <p class='ocr_par' dir='ltr' id='par_1_87' title="bbox 256 5407 1840 5479">
     <span class='ocr_line' id='line_1_87' title="bbox 256 5407 1840 5479; baseline 0.004 -20"><span class='ocrx_word' id='word_1_584' title='bbox 256 5407 371 5460; x_wconf 89' lang='lat' dir='ltr'><strong>cuit</strong></span> <span class='ocrx_word' id='word_1_585' title='bbox 406 5407 590 5477; x_wconf 89' lang='lat' dir='ltr'><strong>itaque</strong></span> <span class='ocrx_word' id='word_1_586' title='bbox 634 5408 1035 5461; x_wconf 88' lang='lat' dir='ltr'><strong>mansuetudini</strong></span> <span class='ocrx_word' id='word_1_587' title='bbox 1081 5416 1280 5462; x_wconf 68' lang='lat' dir='ltr'><strong>nostrae</strong></span> <span class='ocrx_word' id='word_1_588' title='bbox 1325 5409 1694 5465; x_wconf 88' lang='lat' dir='ltr'><strong>saluberrimis</strong></span> <span class='ocrx_word' id='word_1_589' title='bbox 1724 5411 1840 5479; x_wconf 86' lang='lat' dir='ltr'><strong>ejus</strong></span> 
     </span>
    </p>
   </div>
   <div class='ocr_carea' id='block_1_88' title="bbox 259 5495 1837 5568">
    <p class='ocr_par' dir='ltr' id='par_1_88' title="bbox 259 5495 1837 5568">
     <span class='ocr_line' id='line_1_88' title="bbox 259 5495 1837 5568; baseline 0.006 -21"><span class='ocrx_word' id='word_1_590' title='bbox 259 5510 501 5549; x_wconf 83' lang='lat' dir='ltr'><strong>artnuere</strong></span> <span class='ocrx_word' id='word_1_591' title='bbox 522 5495 792 5564; x_wconf 89' lang='lat' dir='ltr'><strong>precibus,</strong></span> <span class='ocrx_word' id='word_1_592' title='bbox 807 5502 862 5548; x_wconf 91' lang='lat' dir='ltr'><strong>et</strong></span> <span class='ocrx_word' id='word_1_593' title='bbox 882 5509 989 5563; x_wconf 89' lang='lat' dir='ltr'><strong>quo</strong></span> <span class='ocrx_word' id='word_1_594' title='bbox 1009 5497 1180 5563; x_wconf 86' lang='lat' dir='ltr'><strong>magis</strong></span> <span class='ocrx_word' id='word_1_595' title='bbox 1204 5498 1478 5568; x_wconf 87' lang='lat' dir='ltr'><strong>magisque</strong></span> <span class='ocrx_word' id='word_1_596' title='bbox 1498 5499 1607 5554; x_wconf 89' lang='lat' dir='ltr'><strong>illic</strong></span> <span class='ocrx_word' id='word_1_597' title='bbox 1628 5511 1837 5558; x_wconf 87' lang='lat' dir='ltr'><strong>crescat</strong></span> 
     </span>
    </p>
   </div>
   <div class='ocr_carea' id='block_1_89' title="bbox 335 5624 1835 5694">
    <p class='ocr_par' dir='ltr' id='par_1_89' title="bbox 335 5624 1835 5694">
     <span class='ocr_line' id='line_1_89' title="bbox 335 5624 1835 5694; baseline 0.005 -15"><span class='ocrx_word' id='word_1_598' title='bbox 335 5638 356 5663; x_wconf 77' lang='grc' dir='ltr'><strong><em>η</em></strong></span> <span class='ocrx_word' id='word_1_599' title='bbox 402 5625 696 5694; x_wconf 85' lang='lat' dir='ltr'><strong>Episcopus</strong></span> <span class='ocrx_word' id='word_1_600' title='bbox 722 5624 992 5679; x_wconf 77' lang='lat' dir='ltr'><strong>Metensis.</strong></span> <span class='ocrx_word' id='word_1_601' title='bbox 1020 5624 1164 5681; x_wconf 89' lang='lat' dir='ltr'><strong>Obiit</strong></span> <span class='ocrx_word' id='word_1_602' title='bbox 1199 5643 1266 5679; x_wconf 89' lang='lat' dir='ltr'><strong>an</strong></span> <span class='ocrx_word' id='word_1_603' title='bbox 1293 5627 1425 5690; x_wconf 59' lang='lat'><strong>8*25,</strong></span> <span class='ocrx_word' id='word_1_604' title='bbox 1469 5644 1835 5687; x_wconf 86' lang='lat' dir='ltr'><strong>successorem</strong></span> 
     </span>
    </p>
   </div>
   <div class='ocr_carea' id='block_1_90' title="bbox 260 5694 1837 5764">
    <p class='ocr_par' dir='ltr' id='par_1_90' title="bbox 260 5694 1837 5764">
     <span class='ocr_line' id='line_1_90' title="bbox 260 5694 1837 5764; baseline 0.004 -13"><span class='ocrx_word' id='word_1_605' title='bbox 260 5708 453 5751; x_wconf 76' lang='lat' dir='ltr'><strong>nactus</strong></span> <span class='ocrx_word' id='word_1_606' title='bbox 476 5696 793 5764; x_wconf 85' lang='lat' dir='ltr'><strong>Drogonem,</strong></span> <span class='ocrx_word' id='word_1_607' title='bbox 824 5694 1077 5751; x_wconf 82' lang='lat' dir='ltr'><strong>Ludovici</strong></span> <span class='ocrx_word' id='word_1_608' title='bbox 1122 5697 1200 5751; x_wconf 66' lang='lat' dir='ltr'><strong>l‘ii</strong></span> <span class='ocrx_word' id='word_1_609' title='bbox 1236 5696 1480 5764; x_wconf 80' lang='lat' dir='ltr'><strong>fratrem,</strong></span> <span class='ocrx_word' id='word_1_610' title='bbox 1526 5709 1581 5754; x_wconf 85' lang='lat' dir='ltr'><strong>ut</strong></span> <span class='ocrx_word' id='word_1_611' title='bbox 1628 5712 1837 5758; x_wconf 83' lang='lat' dir='ltr'><strong>veteres</strong></span> 
     </span>
    </p>
   </div>
   <div class='ocr_carea' id='block_1_91' title="bbox 261 5764 1022 5834">
    <p class='ocr_par' dir='ltr' id='par_1_91' title="bbox 261 5764 1022 5834">
     <span class='ocr_line' id='line_1_91' title="bbox 261 5764 1022 5834; baseline -0.007 -10"><span class='ocrx_word' id='word_1_612' title='bbox 261 5765 483 5824; x_wconf 77' lang='lat' dir='ltr'><strong>aintales</strong></span> <span class='ocrx_word' id='word_1_613' title='bbox 505 5764 707 5834; x_wconf 85' lang='lat' dir='ltr'><strong>passim</strong></span> <span class='ocrx_word' id='word_1_614' title='bbox 736 5774 1022 5821; x_wconf 79' lang='lat' dir='ltr'><strong>testantur.</strong></span> 
     </span>
    </p>
   </div>
   <div class='ocr_carea' id='block_1_92' title="bbox 1867 4567 1919 4626">
    <p class='ocr_par' dir='ltr' id='par_1_92' title="bbox 1867 4567 1919 4626">
     <span class='ocr_line' id='line_1_92' title="bbox 1867 4567 1919 4626; baseline 0 0"><span class='ocrx_word' id='word_1_615' title='bbox 1867 4567 1919 4626; x_wconf 93' lang='lat' dir='ltr'><strong>D</strong></span> 
     </span>
    </p>
   </div>
   <div class='ocr_carea' id='block_1_93' title="bbox 1948 3326 3532 3397">
    <p class='ocr_par' dir='ltr' id='par_1_93' title="bbox 1948 3326 3532 3397">
     <span class='ocr_line' id='line_1_93' title="bbox 1948 3326 3532 3397; baseline 0.001 -16"><span class='ocrx_word' id='word_1_616' title='bbox 1948 3326 2065 3381; x_wconf 83' lang='lat' dir='ltr'><strong>sine</strong></span> <span class='ocrx_word' id='word_1_617' title='bbox 2093 3326 2381 3394; x_wconf 64' lang='lat' dir='ltr'><strong>praesentia</strong></span> <span class='ocrx_word' id='word_1_618' title='bbox 2411 3328 2669 3396; x_wconf 88' lang='lat' dir='ltr'><strong>regis.....</strong></span> <span class='ocrx_word' id='word_1_619' title='bbox 2703 3327 3087 3381; x_wconf 88' lang='lat' dir='ltr'><strong>detrimentum</strong></span> <span class='ocrx_word' id='word_1_620' title='bbox 3118 3342 3222 3382; x_wconf 90' lang='lat' dir='ltr'><strong>non</strong></span> <span class='ocrx_word' id='word_1_621' title='bbox 3254 3328 3532 3397; x_wconf 84' lang='lat' dir='ltr'><strong>patiantur</strong></span> 
     </span>
    </p>
   </div>
   <div class='ocr_carea' id='block_1_94' title="bbox 1948 3416 3529 3487">
    <p class='ocr_par' dir='ltr' id='par_1_94' title="bbox 1948 3416 3529 3487">
     <span class='ocr_line' id='line_1_94' title="bbox 1948 3416 3529 3487; baseline 0.001 -17"><span class='ocrx_word' id='word_1_622' title='bbox 1948 3432 2153 3482; x_wconf 90' lang='lat' dir='ltr'><strong>rerum,</strong></span> <span class='ocrx_word' id='word_1_623' title='bbox 2183 3431 2358 3485; x_wconf 91' lang='lat' dir='ltr'><strong>neque</strong></span> <span class='ocrx_word' id='word_1_624' title='bbox 2388 3417 2443 3470; x_wconf 91' lang='lat' dir='ltr'><strong>in</strong></span> <span class='ocrx_word' id='word_1_625' title='bbox 2474 3416 2727 3481; x_wconf 89' lang='lat' dir='ltr'><strong>civitate;</strong></span> <span class='ocrx_word' id='word_1_626' title='bbox 2763 3432 2871 3487; x_wconf 93' lang='lat' dir='ltr'><strong>quo</strong></span> <span class='ocrx_word' id='word_1_627' title='bbox 2904 3427 2961 3472; x_wconf 87' lang='lat' dir='ltr'><strong>et</strong></span> <span class='ocrx_word' id='word_1_628' title='bbox 2995 3417 3163 3470; x_wconf 90' lang='lat' dir='ltr'><strong>tutius</strong></span> <span class='ocrx_word' id='word_1_629' title='bbox 3193 3431 3255 3471; x_wconf 90' lang='lat' dir='ltr'><strong>ac</strong></span> <span class='ocrx_word' id='word_1_630' title='bbox 3280 3418 3529 3472; x_wconf 84' lang='lat' dir='ltr'><strong>securius</strong></span> 
     </span>
    </p>
   </div>
   <div class='ocr_carea' id='block_1_95' title="bbox 1948 3507 3533 3566">
    <p class='ocr_par' dir='ltr' id='par_1_95' title="bbox 1948 3507 3533 3566">
     <span class='ocr_line' id='line_1_95' title="bbox 1948 3507 3533 3566; baseline 0.002 -4"><span class='ocrx_word' id='word_1_631' title='bbox 1948 3508 2069 3564; x_wconf 92' lang='lat' dir='ltr'><strong>illos</strong></span> <span class='ocrx_word' id='word_1_632' title='bbox 2096 3508 2325 3562; x_wconf 88' lang='lat' dir='ltr'><strong>Domino</strong></span> <span class='ocrx_word' id='word_1_633' title='bbox 2350 3507 2584 3563; x_wconf 86' lang='lat' dir='ltr'><strong>militare</strong></span> <span class='ocrx_word' id='word_1_634' title='bbox 2609 3508 2858 3563; x_wconf 89' lang='lat' dir='ltr'><strong>delectet.</strong></span> <span class='ocrx_word' id='word_1_635' title='bbox 2892 3507 3161 3564; x_wconf 68' lang='lat' dir='ltr'><strong>Praeterea</strong></span> <span class='ocrx_word' id='word_1_636' title='bbox 3188 3510 3533 3566; x_wconf 88' lang='lat' dir='ltr'><strong>concedimus</strong></span> 
     </span>
    </p>
   </div>
   <div class='ocr_carea' id='block_1_96' title="bbox 1948 3599 3533 3668">
    <p class='ocr_par' dir='ltr' id='par_1_96' title="bbox 1948 3599 3533 3668">
     <span class='ocr_line' id='line_1_96' title="bbox 1948 3599 3533 3668; baseline 0.001 -13"><span class='ocrx_word' id='word_1_637' title='bbox 1948 3601 2002 3655; x_wconf 90' lang='lat' dir='ltr'><strong>in</strong></span> <span class='ocrx_word' id='word_1_638' title='bbox 2028 3600 2279 3655; x_wconf 89' lang='lat' dir='ltr'><strong>vestiaria</strong></span> <span class='ocrx_word' id='word_1_639' title='bbox 2311 3608 2366 3655; x_wconf 88' lang='lat' dir='ltr'><strong>et</strong></span> <span class='ocrx_word' id='word_1_640' title='bbox 2390 3599 2653 3656; x_wconf 88' lang='lat' dir='ltr'><strong>calccaria</strong></span> <span class='ocrx_word' id='word_1_641' title='bbox 2682 3599 2911 3657; x_wconf 86' lang='lat' dir='ltr'><strong>fratrum</strong></span> <span class='ocrx_word' id='word_1_642' title='bbox 2938 3603 3329 3657; x_wconf 88' lang='lat' dir='ltr'><strong>monachorum</strong></span> <span class='ocrx_word' id='word_1_643' title='bbox 3348 3643 3362 3668; x_wconf 93' lang='lat'><strong>,</strong></span> <span class='ocrx_word' id='word_1_644' title='bbox 3393 3603 3533 3657; x_wconf 86' lang='lat' dir='ltr'><strong>sicut</strong></span> 
     </span>
    </p>
   </div>
   <div class='ocr_carea' id='block_1_97' title="bbox 1948 3692 3531 3757">
    <p class='ocr_par' dir='ltr' id='par_1_97' title="bbox 1948 3692 3531 3757">
     <span class='ocr_line' id='line_1_97' title="bbox 1948 3692 3531 3757; baseline 0.003 -11"><span class='ocrx_word' id='word_1_645' title='bbox 1948 3692 2125 3749; x_wconf 90' lang='lat' dir='ltr'><strong>fuerat</strong></span> <span class='ocrx_word' id='word_1_646' title='bbox 2150 3692 2308 3757; x_wconf 92' lang='lat' dir='ltr'><strong>olim,</strong></span> <span class='ocrx_word' id='word_1_647' title='bbox 2342 3707 2531 3747; x_wconf 91' lang='lat' dir='ltr'><strong>omnes</strong></span> <span class='ocrx_word' id='word_1_648' title='bbox 2558 3692 2721 3746; x_wconf 86' lang='lat' dir='ltr'><strong>ferias</strong></span> <span class='ocrx_word' id='word_1_649' title='bbox 2749 3694 3006 3747; x_wconf 89' lang='lat' dir='ltr'><strong>annuales</strong></span> <span class='ocrx_word' id='word_1_650' title='bbox 3038 3696 3260 3748; x_wconf 88' lang='lat' dir='ltr'><strong>mercati</strong></span> <span class='ocrx_word' id='word_1_651' title='bbox 3293 3711 3413 3750; x_wconf 88' lang='lat' dir='ltr'><strong>cum</strong></span> <span class='ocrx_word' id='word_1_652' title='bbox 3446 3697 3531 3750; x_wconf 90' lang='lat' dir='ltr'><strong>in-</strong></span> 
     </span>
    </p>
   </div>
   <div class='ocr_carea' id='block_1_98' title="bbox 1946 3782 3532 3855">
    <p class='ocr_par' dir='ltr' id='par_1_98' title="bbox 1946 3782 3532 3855">
     <span class='ocr_line' id='line_1_98' title="bbox 1946 3782 3532 3855; baseline 0.002 -20"><span class='ocrx_word' id='word_1_653' title='bbox 1946 3782 2197 3850; x_wconf 88' lang='lat' dir='ltr'><strong>tegritate</strong></span> <span class='ocrx_word' id='word_1_654' title='bbox 2226 3789 2281 3834; x_wconf 90' lang='lat' dir='ltr'><strong>et</strong></span> <span class='ocrx_word' id='word_1_655' title='bbox 2311 3782 2559 3835; x_wconf 90' lang='lat' dir='ltr'><strong>districtu</strong></span> <span class='ocrx_word' id='word_1_656' title='bbox 2582 3822 2597 3847; x_wconf 93' lang='lat'><strong>,</strong></span> <span class='ocrx_word' id='word_1_657' title='bbox 2642 3795 2709 3836; x_wconf 76' lang='lat' dir='ltr'><strong>ex</strong></span> <span class='ocrx_word' id='word_1_658' title='bbox 2749 3789 2991 3836; x_wconf 86' lang='lat' dir='ltr'><strong>mercato</strong></span> <span class='ocrx_word' id='word_1_659' title='bbox 3022 3798 3239 3852; x_wconf 89' lang='lat' dir='ltr'><strong>quoque</strong></span> <span class='ocrx_word' id='word_1_660' title='bbox 3278 3786 3532 3855; x_wconf 87' lang='lat' dir='ltr'><strong>septima-</strong></span> 
     </span>
    </p>
   </div>
   <div class='ocr_carea' id='block_1_99' title="bbox 1946 3873 3531 3946">
    <p class='ocr_par' dir='ltr' id='par_1_99' title="bbox 1946 3873 3531 3946">
     <span class='ocr_line' id='line_1_99' title="bbox 1946 3873 3531 3946; baseline 0.003 -19"><span class='ocrx_word' id='word_1_661' title='bbox 1946 3873 2055 3927; x_wconf 89' lang='lat' dir='ltr'><strong>nali</strong></span> <span class='ocrx_word' id='word_1_662' title='bbox 2094 3874 2239 3929; x_wconf 90' lang='lat' dir='ltr'><strong>illam</strong></span> <span class='ocrx_word' id='word_1_663' title='bbox 2290 3874 2709 3927; x_wconf 88' lang='lat' dir='ltr'><strong>redhibitionem</strong></span> <span class='ocrx_word' id='word_1_664' title='bbox 2765 3890 2927 3943; x_wconf 88' lang='lat' dir='ltr'><strong>quam</strong></span> <span class='ocrx_word' id='word_1_665' title='bbox 2962 3876 3028 3927; x_wconf 91' lang='lat' dir='ltr'><strong>ad</strong></span> <span class='ocrx_word' id='word_1_666' title='bbox 3058 3876 3231 3943; x_wconf 89' lang='lat' dir='ltr'><strong>ipsum</strong></span> <span class='ocrx_word' id='word_1_667' title='bbox 3265 3878 3531 3946; x_wconf 88' lang='lat' dir='ltr'><strong>pertinere</strong></span> 
     </span>
    </p>
   </div>
   <div class='ocr_carea' id='block_1_100' title="bbox 1947 3962 3529 4037">
    <p class='ocr_par' dir='ltr' id='par_1_100' title="bbox 1947 3962 3529 4037">
     <span class='ocr_line' id='line_1_100' title="bbox 1947 3962 3529 4037; baseline 0.003 -20"><span class='ocrx_word' id='word_1_668' title='bbox 1947 3964 2126 4018; x_wconf 89' lang='lat' dir='ltr'><strong>locum</strong></span> <span class='ocrx_word' id='word_1_669' title='bbox 2156 3962 2498 4017; x_wconf 86' lang='lat' dir='ltr'><strong>indulsimus.</strong></span> <span class='ocrx_word' id='word_1_670' title='bbox 2540 3962 2807 4019; x_wconf 62' lang='lat' dir='ltr'><strong>Prwterea</strong></span> <span class='ocrx_word' id='word_1_671' title='bbox 2840 3973 2897 4018; x_wconf 90' lang='lat' dir='ltr'><strong>ut</strong></span> <span class='ocrx_word' id='word_1_672' title='bbox 2926 3965 3101 4020; x_wconf 90' lang='lat' dir='ltr'><strong>nullus</strong></span> <span class='ocrx_word' id='word_1_673' title='bbox 3130 3967 3355 4035; x_wconf 63' lang='lat' dir='ltr'><strong>praesul,</strong></span> <span class='ocrx_word' id='word_1_674' title='bbox 3389 3968 3529 4037; x_wconf 85' lang='lat' dir='ltr'><strong>nulla</strong></span> 
     </span>
    </p>
   </div>
   <div class='ocr_carea' id='block_1_101' title="bbox 1946 4053 3532 4124">
    <p class='ocr_par' dir='ltr' id='par_1_101' title="bbox 1946 4053 3532 4124">
     <span class='ocr_line' id='line_1_101' title="bbox 1946 4053 3532 4124; baseline 0.002 -15"><span class='ocrx_word' id='word_1_675' title='bbox 1946 4063 2209 4124; x_wconf 87' lang='lat' dir='ltr'><strong>potestas,</strong></span> <span class='ocrx_word' id='word_1_676' title='bbox 2242 4069 2341 4109; x_wconf 92' lang='lat' dir='ltr'><strong>nec</strong></span> <span class='ocrx_word' id='word_1_677' title='bbox 2371 4053 2535 4108; x_wconf 90' lang='lat' dir='ltr'><strong>etiam</strong></span> <span class='ocrx_word' id='word_1_678' title='bbox 2573 4054 2715 4110; x_wconf 87' lang='lat' dir='ltr'><strong>ullus</strong></span> <span class='ocrx_word' id='word_1_679' title='bbox 2751 4065 2935 4111; x_wconf 87' lang='lat' dir='ltr'><strong>noster</strong></span> <span class='ocrx_word' id='word_1_680' title='bbox 2970 4058 3367 4112; x_wconf 89' lang='lat' dir='ltr'><strong>mansionarins</strong></span> <span class='ocrx_word' id='word_1_681' title='bbox 3393 4058 3532 4112; x_wconf 89' lang='lat' dir='ltr'><strong>infra</strong></span> 
     </span>
    </p>
   </div>
   <div class='ocr_carea' id='block_1_102' title="bbox 1946 4146 3527 4216">
    <p class='ocr_par' dir='ltr' id='par_1_102' title="bbox 1946 4146 3527 4216">
     <span class='ocr_line' id='line_1_102' title="bbox 1946 4146 3527 4216; baseline 0.003 -16"><span class='ocrx_word' id='word_1_682' title='bbox 1946 4147 2190 4216; x_wconf 88' lang='lat' dir='ltr'><strong>ejusdem</strong></span> <span class='ocrx_word' id='word_1_683' title='bbox 2236 4146 2555 4201; x_wconf 89' lang='lat' dir='ltr'><strong>monasterii</strong></span> <span class='ocrx_word' id='word_1_684' title='bbox 2600 4146 2835 4201; x_wconf 88' lang='lat' dir='ltr'><strong>claustra</strong></span> <span class='ocrx_word' id='word_1_685' title='bbox 2887 4156 2942 4201; x_wconf 88' lang='lat' dir='ltr'><strong>et</strong></span> <span class='ocrx_word' id='word_1_686' title='bbox 2990 4148 3106 4203; x_wconf 84' lang='lat' dir='ltr'><strong>loca</strong></span> <span class='ocrx_word' id='word_1_687' title='bbox 3154 4149 3415 4205; x_wconf 87' lang='lat' dir='ltr'><strong>damnare</strong></span> <span class='ocrx_word' id='word_1_688' title='bbox 3443 4152 3527 4205; x_wconf 87' lang='lat' dir='ltr'><strong>vel</strong></span> 
     </span>
    </p>
   </div>
   <div class='ocr_carea' id='block_1_103' title="bbox 1947 4236 3531 4308">
    <p class='ocr_par' dir='ltr' id='par_1_103' title="bbox 1947 4236 3531 4308">
     <span class='ocr_line' id='line_1_103' title="bbox 1947 4236 3531 4308; baseline 0.004 -20"><span class='ocrx_word' id='word_1_689' title='bbox 1947 4236 2287 4289; x_wconf 85' lang='lat' dir='ltr'><strong>mansionare</strong></span> <span class='ocrx_word' id='word_1_690' title='bbox 2312 4243 2637 4305; x_wconf 78' lang='lat' dir='ltr'><strong>praesumat;</strong></span> <span class='ocrx_word' id='word_1_691' title='bbox 2678 4244 2737 4289; x_wconf 87' lang='lat' dir='ltr'><strong>ut</strong></span> <span class='ocrx_word' id='word_1_692' title='bbox 2764 4238 2833 4291; x_wconf 91' lang='lat' dir='ltr'><strong>ob</strong></span> <span class='ocrx_word' id='word_1_693' title='bbox 2864 4237 2945 4291; x_wconf 93' lang='lat' dir='ltr'><strong>sui</strong></span> <span class='ocrx_word' id='word_1_694' title='bbox 2972 4237 3268 4307; x_wconf 90' lang='lat' dir='ltr'><strong>profectum</strong></span> <span class='ocrx_word' id='word_1_695' title='bbox 3298 4247 3353 4293; x_wconf 87' lang='lat' dir='ltr'><strong>et</strong></span> <span class='ocrx_word' id='word_1_696' title='bbox 3376 4241 3531 4308; x_wconf 92' lang='lat' dir='ltr'><strong>quie-</strong></span> 
     </span>
    </p>
   </div>
   <div class='ocr_carea' id='block_1_104' title="bbox 1949 4328 3531 4397">
    <p class='ocr_par' dir='ltr' id='par_1_104' title="bbox 1949 4328 3531 4397">
     <span class='ocr_line' id='line_1_104' title="bbox 1949 4328 3531 4397; baseline 0.003 -16"><span class='ocrx_word' id='word_1_697' title='bbox 1949 4336 2057 4381; x_wconf 91' lang='lat' dir='ltr'><strong>tem</strong></span> <span class='ocrx_word' id='word_1_698' title='bbox 2090 4329 2156 4383; x_wconf 91' lang='lat' dir='ltr'><strong>ab</strong></span> <span class='ocrx_word' id='word_1_699' title='bbox 2192 4328 2271 4383; x_wconf 93' lang='lat' dir='ltr'><strong>eis</strong></span> <span class='ocrx_word' id='word_1_700' title='bbox 2310 4344 2415 4382; x_wconf 89' lang='lat' dir='ltr'><strong>non</strong></span> <span class='ocrx_word' id='word_1_701' title='bbox 2455 4329 2627 4397; x_wconf 89' lang='lat' dir='ltr'><strong>possit</strong></span> <span class='ocrx_word' id='word_1_702' title='bbox 2656 4328 2763 4383; x_wconf 82' lang='lat' dir='ltr'><strong>ullo</strong></span> <span class='ocrx_word' id='word_1_703' title='bbox 2793 4330 2951 4385; x_wconf 88' lang='lat' dir='ltr'><strong>modo</strong></span> <span class='ocrx_word' id='word_1_704' title='bbox 2983 4340 3165 4385; x_wconf 89' lang='lat' dir='ltr'><strong>nostra</strong></span> <span class='ocrx_word' id='word_1_705' title='bbox 3197 4331 3378 4385; x_wconf 89' lang='lat' dir='ltr'><strong>divelli</strong></span> <span class='ocrx_word' id='word_1_706' title='bbox 3416 4347 3531 4395; x_wconf 82' lang='lat' dir='ltr'><strong>me-</strong></span> 
     </span>
    </p>
   </div>
   <div class='ocr_carea' id='block_1_105' title="bbox 1948 4418 3532 4476">
    <p class='ocr_par' dir='ltr' id='par_1_105' title="bbox 1948 4418 3532 4476">
     <span class='ocr_line' id='line_1_105' title="bbox 1948 4418 3532 4476; baseline 0.003 -5"><span class='ocrx_word' id='word_1_707' title='bbox 1948 4419 2138 4472; x_wconf 89' lang='lat' dir='ltr'><strong>moria.</strong></span> <span class='ocrx_word' id='word_1_708' title='bbox 2194 4418 2261 4472; x_wconf 87' lang='lat' dir='ltr'><strong>Et</strong></span> <span class='ocrx_word' id='word_1_709' title='bbox 2300 4426 2360 4472; x_wconf 88' lang='lat' dir='ltr'><strong>nt</strong></span> <span class='ocrx_word' id='word_1_710' title='bbox 2406 4428 2605 4473; x_wconf 60' lang='lat' dir='ltr'><strong>nostrae</strong></span> <span class='ocrx_word' id='word_1_711' title='bbox 2650 4419 3009 4474; x_wconf 88' lang='lat' dir='ltr'><strong>ordinationis</strong></span> <span class='ocrx_word' id='word_1_712' title='bbox 3057 4437 3121 4475; x_wconf 92' lang='lat' dir='ltr'><strong>ac</strong></span> <span class='ocrx_word' id='word_1_713' title='bbox 3163 4421 3532 4476; x_wconf 85' lang='lat' dir='ltr'><strong>concessionis</strong></span> 
     </span>
    </p>
   </div>
   <div class='ocr_carea' id='block_1_106' title="bbox 1948 4508 3525 4578">
    <p class='ocr_par' dir='ltr' id='par_1_106' title="bbox 1948 4508 3525 4578">
     <span class='ocr_line' id='line_1_106' title="bbox 1948 4508 3525 4578; baseline 0.002 -17"><span class='ocrx_word' id='word_1_714' title='bbox 1948 4508 2240 4562; x_wconf 79' lang='lat' dir='ltr'><strong>auctoritas</strong></span> <span class='ocrx_word' id='word_1_715' title='bbox 2262 4508 2343 4561; x_wconf 91' lang='lat' dir='ltr'><strong>sui</strong></span> <span class='ocrx_word' id='word_1_716' title='bbox 2366 4508 2567 4578; x_wconf 87' lang='lat' dir='ltr'><strong>vigoris</strong></span> <span class='ocrx_word' id='word_1_717' title='bbox 2589 4517 2900 4577; x_wconf 87' lang='lat' dir='ltr'><strong>perpetuam</strong></span> <span class='ocrx_word' id='word_1_718' title='bbox 2928 4510 3167 4564; x_wconf 90' lang='lat' dir='ltr'><strong>obtineat</strong></span> <span class='ocrx_word' id='word_1_719' title='bbox 3192 4511 3525 4575; x_wconf 90' lang='lat' dir='ltr'><strong>ﬁrmitatem,</strong></span> 
     </span>
    </p>
   </div>
   <div class='ocr_carea' id='block_1_107' title="bbox 1946 4598 3527 4667">
    <p class='ocr_par' dir='ltr' id='par_1_107' title="bbox 1946 4598 3527 4667">
     <span class='ocr_line' id='line_1_107' title="bbox 1946 4598 3527 4667; baseline 0.003 -16"><span class='ocrx_word' id='word_1_720' title='bbox 1946 4612 2107 4651; x_wconf 89' lang='lat' dir='ltr'><strong>manu</strong></span> <span class='ocrx_word' id='word_1_721' title='bbox 2129 4598 2345 4667; x_wconf 88' lang='lat' dir='ltr'><strong>propria</strong></span> <span class='ocrx_word' id='word_1_722' title='bbox 2366 4599 2550 4653; x_wconf 88' lang='lat' dir='ltr'><strong>subter</strong></span> <span class='ocrx_word' id='word_1_723' title='bbox 2564 4614 2681 4653; x_wconf 90' lang='lat' dir='ltr'><strong>eam</strong></span> <span class='ocrx_word' id='word_1_724' title='bbox 2705 4598 3057 4666; x_wconf 89' lang='lat' dir='ltr'><strong>ﬁrmavimus,</strong></span> <span class='ocrx_word' id='word_1_725' title='bbox 3074 4609 3129 4657; x_wconf 88' lang='lat' dir='ltr'><strong>et</strong></span> <span class='ocrx_word' id='word_1_726' title='bbox 3148 4602 3331 4657; x_wconf 85' lang='lat' dir='ltr'><strong>annuli</strong></span> <span class='ocrx_word' id='word_1_727' title='bbox 3355 4604 3527 4658; x_wconf 81' lang='lat' dir='ltr'><strong>nostri</strong></span> 
     </span>
    </p>
   </div>
   <div class='ocr_carea' id='block_1_108' title="bbox 1948 4689 2900 4761">
    <p class='ocr_par' dir='ltr' id='par_1_108' title="bbox 1948 4689 2900 4761">
     <span class='ocr_line' id='line_1_108' title="bbox 1948 4689 2900 4761; baseline 0.003 -19"><span class='ocrx_word' id='word_1_728' title='bbox 1948 4689 2303 4758; x_wconf 90' lang='lat' dir='ltr'><strong>impressione</strong></span> <span class='ocrx_word' id='word_1_729' title='bbox 2328 4691 2593 4761; x_wconf 90' lang='lat' dir='ltr'><strong>assignari</strong></span> <span class='ocrx_word' id='word_1_730' title='bbox 2618 4689 2900 4759; x_wconf 76' lang='lat' dir='ltr'><strong>iussimus.</strong></span> 
     </span>
    </p>
   </div>
   <div class='ocr_carea' id='block_1_109' title="bbox 2336 4885 3105 4929">
    <p class='ocr_par' dir='ltr' id='par_1_109' title="bbox 2336 4885 3105 4929">
     <span class='ocr_line' id='line_1_109' title="bbox 2336 4885 3105 4929; baseline 0.007 -6"><span class='ocrx_word' id='word_1_731' title='bbox 2336 4885 2436 4924; x_wconf 77' lang='lat' dir='ltr'><strong>PRO</strong></span> <span class='ocrx_word' id='word_1_732' title='bbox 2464 4886 2802 4928; x_wconf 69' lang='lat' dir='ltr'><strong>IIONASTEMO</strong></span> <span class='ocrx_word' id='word_1_733' title='bbox 2832 4890 2998 4929; x_wconf 67' lang='grc' dir='ltr'>ῐυιυε</span> <span class='ocrx_word' id='word_1_734' title='bbox 3007 4889 3105 4929; x_wconf 66' lang='lat' dir='ltr'><strong>NSI&#39;.</strong></span> 
     </span>
    </p>
   </div>
   <div class='ocr_carea' id='block_1_110' title="bbox 1953 4960 3523 5037">
    <p class='ocr_par' dir='ltr' id='par_1_110' title="bbox 1953 4960 3523 5037">
     <span class='ocr_line' id='line_1_110' title="bbox 1953 4960 3523 5037; baseline 0.003 -24"><span class='ocrx_word' id='word_1_735' title='bbox 1953 4961 2127 5032; x_wconf 87' lang='lat' dir='ltr'><strong>[Apud</strong></span> <span class='ocrx_word' id='word_1_736' title='bbox 2143 4960 2398 5023; x_wconf 88' lang='lat' dir='ltr'><strong>Schaten,</strong></span> <span class='ocrx_word' id='word_1_737' title='bbox 2419 4962 2759 5032; x_wconf 80' lang='lat' dir='ltr'><strong>Episcopatus</strong></span> <span class='ocrx_word' id='word_1_738' title='bbox 2780 4964 3248 5029; x_wconf 80' lang='lat' dir='ltr'><strong>Paderbornensis,</strong></span> <span class='ocrx_word' id='word_1_739' title='bbox 3265 4980 3388 5035; x_wconf 85' lang='lat' dir='ltr'><strong>pag.</strong></span> <span class='ocrx_word' id='word_1_740' title='bbox 3407 4964 3523 5037; x_wconf 88' lang='lat'><strong>70.]</strong></span> 
     </span>
    </p>
   </div>
   <div class='ocr_carea' id='block_1_111' title="bbox 2021 5051 3526 5111">
    <p class='ocr_par' dir='ltr' id='par_1_111' title="bbox 2021 5051 3526 5111">
     <span class='ocr_line' id='line_1_111' title="bbox 2021 5051 3526 5111; baseline 0.004 -7"><span class='ocrx_word' id='word_1_741' title='bbox 2021 5051 2078 5104; x_wconf 86' lang='lat' dir='ltr'><strong>In</strong></span> <span class='ocrx_word' id='word_1_742' title='bbox 2128 5052 2343 5106; x_wconf 87' lang='lat' dir='ltr'><strong>nomine</strong></span> <span class='ocrx_word' id='word_1_743' title='bbox 2386 5053 2597 5107; x_wconf 91' lang='lat' dir='ltr'><strong>Domini</strong></span> <span class='ocrx_word' id='word_1_744' title='bbox 2628 5053 2720 5108; x_wconf 90' lang='lat' dir='ltr'><strong>Dei</strong></span> <span class='ocrx_word' id='word_1_745' title='bbox 2764 5063 2819 5109; x_wconf 92' lang='lat' dir='ltr'><strong>et</strong></span> <span class='ocrx_word' id='word_1_746' title='bbox 2855 5053 3151 5110; x_wconf 86' lang='lat' dir='ltr'><strong>Salvatoris</strong></span> <span class='ocrx_word' id='word_1_747' title='bbox 3187 5057 3354 5111; x_wconf 91' lang='lat' dir='ltr'><strong>nostri</strong></span> <span class='ocrx_word' id='word_1_748' title='bbox 3396 5056 3526 5110; x_wconf 80' lang='lat' dir='ltr'><strong>Jesu</strong></span> 
     </span>
    </p>
   </div>
   <div class='ocr_carea' id='block_1_112' title="bbox 1950 5144 3521 5217">
    <p class='ocr_par' dir='ltr' id='par_1_112' title="bbox 1950 5144 3521 5217">
     <span class='ocr_line' id='line_1_112' title="bbox 1950 5144 3521 5217; baseline 0.001 -18"><span class='ocrx_word' id='word_1_749' title='bbox 1950 5144 2171 5209; x_wconf 86' lang='lat' dir='ltr'><strong>Christi,</strong></span> <span class='ocrx_word' id='word_1_750' title='bbox 2210 5144 2512 5199; x_wconf 74' lang='lat' dir='ltr'><strong>Ludovicus</strong></span> <span class='ocrx_word' id='word_1_751' title='bbox 2534 5146 2710 5199; x_wconf 88' lang='lat' dir='ltr'><strong>divina</strong></span> <span class='ocrx_word' id='word_1_752' title='bbox 2740 5147 3022 5202; x_wconf 87' lang='lat' dir='ltr'><strong>ordinante</strong></span> <span class='ocrx_word' id='word_1_753' title='bbox 3051 5150 3381 5217; x_wconf 80' lang='lat' dir='ltr'><strong>providentia</strong></span> <span class='ocrx_word' id='word_1_754' title='bbox 3415 5149 3521 5202; x_wconf 91' lang='lat' dir='ltr'><strong>im-</strong></span> 
     </span>
    </p>
   </div>
   <div class='ocr_carea' id='block_1_113' title="bbox 1948 5234 2479 5305">
    <p class='ocr_par' dir='ltr' id='par_1_113' title="bbox 1948 5234 2479 5305">
     <span class='ocr_line' id='line_1_113' title="bbox 1948 5234 2479 5305; baseline -0.002 -16"><span class='ocrx_word' id='word_1_755' title='bbox 1948 5244 2165 5304; x_wconf 87' lang='lat' dir='ltr'><strong>perator</strong></span> <span class='ocrx_word' id='word_1_756' title='bbox 2187 5234 2479 5305; x_wconf 81' lang='lat' dir='ltr'><strong>Augustus.</strong></span> 
     </span>
    </p>
   </div>
   <div class='ocr_carea' id='block_1_114' title="bbox 2018 5324 3525 5399">
    <p class='ocr_par' dir='ltr' id='par_1_114' title="bbox 2018 5324 3525 5399">
     <span class='ocr_line' id='line_1_114' title="bbox 2018 5324 3525 5399; baseline 0.001 -20"><span class='ocrx_word' id='word_1_757' title='bbox 2018 5324 2075 5379; x_wconf 84' lang='lat' dir='ltr'><strong>Si</strong></span> <span class='ocrx_word' id='word_1_758' title='bbox 2124 5340 2251 5395; x_wconf 86' lang='lat' dir='ltr'><strong>erga</strong></span> <span class='ocrx_word' id='word_1_759' title='bbox 2296 5325 2407 5379; x_wconf 88' lang='lat' dir='ltr'><strong>loca</strong></span> <span class='ocrx_word' id='word_1_760' title='bbox 2456 5325 2652 5381; x_wconf 89' lang='lat' dir='ltr'><strong>divinis</strong></span> <span class='ocrx_word' id='word_1_761' title='bbox 2696 5327 2925 5383; x_wconf 90' lang='lat' dir='ltr'><strong>cultibus</strong></span> <span class='ocrx_word' id='word_1_762' title='bbox 2957 5331 3275 5399; x_wconf 88' lang='lat' dir='ltr'><strong>mancipata,</strong></span> <span class='ocrx_word' id='word_1_763' title='bbox 3304 5337 3525 5398; x_wconf 83' lang='lat' dir='ltr'><strong>preptcr</strong></span> 
     </span>
    </p>
   </div>
   <div class='ocr_carea' id='block_1_115' title="bbox 1944 5413 3519 5485">
    <p class='ocr_par' dir='ltr' id='par_1_115' title="bbox 1944 5413 3519 5485">
     <span class='ocr_line' id='line_1_115' title="bbox 1944 5413 3519 5485; baseline 0.002 -17"><span class='ocrx_word' id='word_1_764' title='bbox 1944 5428 2183 5469; x_wconf 89' lang='lat' dir='ltr'><strong>amorem</strong></span> <span class='ocrx_word' id='word_1_765' title='bbox 2236 5414 2327 5468; x_wconf 88' lang='lat' dir='ltr'><strong>Dei</strong></span> <span class='ocrx_word' id='word_1_766' title='bbox 2374 5413 2595 5485; x_wconf 87' lang='lat' dir='ltr'><strong>ejusque</strong></span> <span class='ocrx_word' id='word_1_767' title='bbox 2639 5416 2691 5470; x_wconf 92' lang='lat' dir='ltr'><strong>in</strong></span> <span class='ocrx_word' id='word_1_768' title='bbox 2731 5417 2810 5471; x_wconf 88' lang='lat' dir='ltr'><strong>eis</strong></span> <span class='ocrx_word' id='word_1_769' title='bbox 2852 5417 2983 5479; x_wconf 74' lang='lat' dir='ltr'><strong>locis</strong></span> <span class='ocrx_word' id='word_1_770' title='bbox 3026 5420 3125 5473; x_wconf 86' lang='lat' dir='ltr'><strong>sibi</strong></span> <span class='ocrx_word' id='word_1_771' title='bbox 3172 5418 3519 5481; x_wconf 82' lang='lat' dir='ltr'><strong>famulantes,</strong></span> 
     </span>
    </p>
   </div>
   <div class='ocr_carea' id='block_1_116' title="bbox 1943 5504 3518 5578">
    <p class='ocr_par' dir='ltr' id='par_1_116' title="bbox 1943 5504 3518 5578">
     <span class='ocr_line' id='line_1_116' title="bbox 1943 5504 3518 5578; baseline 0.001 -20"><span class='ocrx_word' id='word_1_772' title='bbox 1943 5504 2200 5558; x_wconf 84' lang='lat' dir='ltr'><strong>beneﬁcia</strong></span> <span class='ocrx_word' id='word_1_773' title='bbox 2232 5505 2443 5573; x_wconf 88' lang='lat' dir='ltr'><strong>potiora</strong></span> <span class='ocrx_word' id='word_1_774' title='bbox 2483 5505 2790 5574; x_wconf 85' lang='lat' dir='ltr'><strong>largiamur,</strong></span> <span class='ocrx_word' id='word_1_775' title='bbox 2830 5508 3112 5575; x_wconf 65' lang='lat' dir='ltr'><strong>praemium</strong></span> <span class='ocrx_word' id='word_1_776' title='bbox 3145 5510 3283 5578; x_wconf 88' lang='lat' dir='ltr'><strong>apud</strong></span> <span class='ocrx_word' id='word_1_777' title='bbox 3332 5506 3518 5561; x_wconf 88' lang='lat' dir='ltr'><strong>Domi-</strong></span> 
     </span>
    </p>
   </div>
   <div class='ocr_carea' id='block_1_117' title="bbox 2017 5636 3527 5711">
    <p class='ocr_par' dir='ltr' id='par_1_117' title="bbox 2017 5636 3527 5711">
     <span class='ocr_line' id='line_1_117' title="bbox 2017 5636 3527 5711; baseline 0.005 -22"><span class='ocrx_word' id='word_1_778' title='bbox 2017 5636 2043 5674; x_wconf 70' lang='grc' dir='ltr'><strong>ὶ)</strong></span> <span class='ocrx_word' id='word_1_779' title='bbox 2078 5636 2487 5711; x_wconf 79' lang='lat' dir='ltr'><strong>Ubiimperator</strong></span> <span class='ocrx_word' id='word_1_780' title='bbox 2513 5639 2741 5694; x_wconf 89' lang='lat' dir='ltr'><strong>hiemem</strong></span> <span class='ocrx_word' id='word_1_781' title='bbox 2772 5642 3051 5711; x_wconf 77' lang='lat' dir='ltr'><strong>exegit,ac</strong></span> <span class='ocrx_word' id='word_1_782' title='bbox 3080 5656 3259 5698; x_wconf 89' lang='lat' dir='ltr'><strong>mense</strong></span> <span class='ocrx_word' id='word_1_783' title='bbox 3290 5643 3527 5697; x_wconf 78' lang='lat' dir='ltr'><strong>Februa-</strong></span> 
     </span>
    </p>
   </div>
   <div class='ocr_carea' id='block_1_118' title="bbox 1948 5706 3518 5781">
    <p class='ocr_par' dir='ltr' id='par_1_118' title="bbox 1948 5706 3518 5781">
     <span class='ocr_line' id='line_1_118' title="bbox 1948 5706 3518 5781; baseline 0.006 -24"><span class='ocrx_word' id='word_1_784' title='bbox 1948 5706 2033 5781; x_wconf 74' lang='lat' dir='ltr'><strong>rio</strong></span> <span class='ocrx_word' id='word_1_785' title='bbox 2067 5708 2282 5781; x_wconf 80' lang='lat' dir='ltr'><strong>comitia</strong></span> <span class='ocrx_word' id='word_1_786' title='bbox 2321 5708 2523 5772; x_wconf 88' lang='lat' dir='ltr'><strong>habuit,</strong></span> <span class='ocrx_word' id='word_1_787' title='bbox 2550 5718 2692 5781; x_wconf 77' lang='lat' dir='ltr'><strong>teste</strong></span> <span class='ocrx_word' id='word_1_788' title='bbox 2748 5706 3052 5781; x_wconf 29' lang='lat' dir='ltr'><strong>l&#39;lgiu‘bardo</strong></span> <span class='ocrx_word' id='word_1_789' title='bbox 3100 5714 3153 5766; x_wconf 80' lang='lat' dir='ltr'><strong>in</strong></span> <span class='ocrx_word' id='word_1_790' title='bbox 3197 5713 3518 5780; x_wconf 84' lang='lat' dir='ltr'><strong>Annalibus,</strong></span> 
     </span>
    </p>
   </div>
   <div class='ocr_carea' id='block_1_119' title="bbox 1949 5776 2649 5845">
    <p class='ocr_par' dir='ltr' id='par_1_119' title="bbox 1949 5776 2649 5845">
     <span class='ocr_line' id='line_1_119' title="bbox 1949 5776 2649 5845; baseline 0.01 -18"><span class='ocrx_word' id='word_1_791' title='bbox 1949 5776 2171 5844; x_wconf 72' lang='lat' dir='ltr'><strong>aliisque</strong></span> <span class='ocrx_word' id='word_1_792' title='bbox 2201 5778 2649 5845; x_wconf 83' lang='lat' dir='ltr'><strong>chronograpbis.</strong></span> 
     </span>
    </p>
   </div>
  </div>
