  <div class='ocr_page' id='page_1' title='image "/cluster/home/n/w/nwhite01/storage/ocr_20150623/104/uva.x000827061/563.png"; bbox 0 0 3936 6322; ppageno 0'>
   <div class='ocr_carea' id='block_1_1' title="bbox 431 338 560 401">
    <p class='ocr_par' dir='ltr' id='par_1_1' title="bbox 431 338 560 401">
     <span class='ocr_line' id='line_1_1' title="bbox 431 338 560 401; baseline -0.062 0"><span class='ocrx_word' id='word_1_1' title='bbox 431 338 560 401; x_wconf 76' lang='grc' dir='ltr'><strong>ΗΜ</strong></span> 
     </span>
    </p>
   </div>
   <div class='ocr_carea' id='block_1_2' title="bbox 1536 340 2555 401">
    <p class='ocr_par' dir='ltr' id='par_1_2' title="bbox 1536 340 2555 401">
     <span class='ocr_line' id='line_1_2' title="bbox 1536 340 2555 401; baseline 0.003 -3"><span class='ocrx_word' id='word_1_2' title='bbox 1536 340 1859 398; x_wconf 66' lang='grc' dir='ltr'><strong>ιυῡογιει</strong></span> <span class='ocrx_word' id='word_1_3' title='bbox 1899 344 1916 394; x_wconf 82' lang='grc' dir='ltr'>ι</span> <span class='ocrx_word' id='word_1_4' title='bbox 1955 343 2427 397; x_wconf 58' lang='grc' dir='ltr'><strong>(ιυωωιωνιυ</strong></span> <span class='ocrx_word' id='word_1_5' title='bbox 2467 343 2555 401; x_wconf 75' lang='lat' dir='ltr'><strong>l’ll</strong></span> 
     </span>
    </p>
   </div>
   <div class='ocr_carea' id='block_1_3' title="bbox 3557 352 3701 402">
    <p class='ocr_par' dir='ltr' id='par_1_3' title="bbox 3557 352 3701 402">
     <span class='ocr_line' id='line_1_3' title="bbox 3557 352 3701 402; baseline -0.007 0"><span class='ocrx_word' id='word_1_6' title='bbox 3557 352 3701 402; x_wconf 59' lang='lat' dir='ltr'><strong>illi</strong></span> 
     </span>
    </p>
   </div>
   <div class='ocr_carea' id='block_1_4' title="bbox 429 451 3702 528">
    <p class='ocr_par' dir='ltr' id='par_1_4' title="bbox 429 451 3702 528">
     <span class='ocr_line' id='line_1_4' title="bbox 429 451 3702 528; baseline 0.001 -17"><span class='ocrx_word' id='word_1_7' title='bbox 429 473 558 517; x_wconf 83' lang='lat' dir='ltr'><strong>num</strong></span> <span class='ocrx_word' id='word_1_8' title='bbox 600 467 818 516; x_wconf 76' lang='lat' dir='ltr'><strong>:eternae</strong></span> <span class='ocrx_word' id='word_1_9' title='bbox 854 457 1226 515; x_wconf 75' lang='lat' dir='ltr'><strong>retributionis</strong></span> <span class='ocrx_word' id='word_1_10' title='bbox 1253 459 1411 514; x_wconf 88' lang='lat' dir='ltr'><strong>nobis</strong></span> <span class='ocrx_word' id='word_1_11' title='bbox 1455 459 1671 528; x_wconf 83' lang='lat' dir='ltr'><strong>rependi</strong></span> <span class='ocrx_word' id='word_1_12' title='bbox 1722 473 1828 512; x_wconf 90' lang='lat' dir='ltr'><strong>non</strong></span> <span class='ocrx_word' id='word_1_13' title='bbox 1875 454 2010 511; x_wconf 76' lang='lat' dir='ltr'><strong>dim-</strong></span> <span class='ocrx_word' id='word_1_14' title='bbox 2037 461 2086 519; x_wconf 78' lang='grc' dir='ltr'>Α</span> <span class='ocrx_word' id='word_1_15' title='bbox 2113 467 2328 508; x_wconf 90' lang='lat' dir='ltr'><strong>marum</strong></span> <span class='ocrx_word' id='word_1_16' title='bbox 2385 451 2615 510; x_wconf 81' lang='lat' dir='ltr'><strong>salutem</strong></span> <span class='ocrx_word' id='word_1_17' title='bbox 2672 456 2922 525; x_wconf 89' lang='lat' dir='ltr'><strong>supernis</strong></span> <span class='ocrx_word' id='word_1_18' title='bbox 2986 457 3300 527; x_wconf 74' lang='lat' dir='ltr'><strong>angelorum</strong></span> <span class='ocrx_word' id='word_1_19' title='bbox 3361 461 3594 517; x_wconf 80' lang='lat' dir='ltr'><strong>ctetibus</strong></span> <span class='ocrx_word' id='word_1_20' title='bbox 3645 476 3702 515; x_wconf 83' lang='grc' dir='ltr'><strong>ιιι</strong></span> 
     </span>
    </p>
   </div>
   <div class='ocr_carea' id='block_1_5' title="bbox 427 546 2012 621">
    <p class='ocr_par' dir='ltr' id='par_1_5' title="bbox 427 546 2012 621">
     <span class='ocr_line' id='line_1_5' title="bbox 427 546 2012 621; baseline -0.003 -16"><span class='ocrx_word' id='word_1_21' title='bbox 427 551 626 606; x_wconf 88' lang='lat' dir='ltr'><strong>dimus.</strong></span> <span class='ocrx_word' id='word_1_22' title='bbox 656 549 824 621; x_wconf 90' lang='lat' dir='ltr'><strong>Igitur</strong></span> <span class='ocrx_word' id='word_1_23' title='bbox 861 557 1050 604; x_wconf 91' lang='lat' dir='ltr'><strong>notum</strong></span> <span class='ocrx_word' id='word_1_24' title='bbox 1087 566 1211 606; x_wconf 87' lang='lat' dir='ltr'><strong>esse</strong></span> <span class='ocrx_word' id='word_1_25' title='bbox 1239 551 1486 605; x_wconf 86' lang='lat' dir='ltr'><strong>volumus</strong></span> <span class='ocrx_word' id='word_1_26' title='bbox 1530 550 1740 604; x_wconf 90' lang='lat' dir='ltr'><strong>cunctis</strong></span> <span class='ocrx_word' id='word_1_27' title='bbox 1767 546 2012 604; x_wconf 57' lang='lat' dir='ltr'><strong>fidelitas</strong></span> 
     </span>
    </p>
   </div>
   <div class='ocr_carea' id='block_1_6' title="bbox 426 641 2011 718">
    <p class='ocr_par' dir='ltr' id='par_1_6' title="bbox 426 641 2011 718">
     <span class='ocr_line' id='line_1_6' title="bbox 426 641 2011 718; baseline -0.002 -22"><span class='ocrx_word' id='word_1_28' title='bbox 426 642 650 718; x_wconf 73' lang='lat' dir='ltr'><strong>nostris,</strong></span> <span class='ocrx_word' id='word_1_29' title='bbox 677 643 1036 711; x_wconf 67' lang='lat' dir='ltr'><strong>praesentibus</strong></span> <span class='ocrx_word' id='word_1_30' title='bbox 1056 641 1265 697; x_wconf 75' lang='lat' dir='ltr'><strong>scilicet</strong></span> <span class='ocrx_word' id='word_1_31' title='bbox 1287 649 1340 696; x_wconf 91' lang='lat' dir='ltr'><strong>et</strong></span> <span class='ocrx_word' id='word_1_32' title='bbox 1383 641 1597 707; x_wconf 88' lang='lat' dir='ltr'><strong>futuris,</strong></span> <span class='ocrx_word' id='word_1_33' title='bbox 1628 641 1755 710; x_wconf 86' lang='lat' dir='ltr'><strong>quia</strong></span> <span class='ocrx_word' id='word_1_34' title='bbox 1784 653 2011 693; x_wconf 76' lang='lat' dir='ltr'><strong>venera-</strong></span> 
     </span>
    </p>
   </div>
   <div class='ocr_carea' id='block_1_7' title="bbox 426 732 2012 804">
    <p class='ocr_par' dir='ltr' id='par_1_7' title="bbox 426 732 2012 804">
     <span class='ocr_line' id='line_1_7' title="bbox 426 732 2012 804; baseline -0.001 -17"><span class='ocrx_word' id='word_1_35' title='bbox 426 732 550 787; x_wconf 85' lang='lat' dir='ltr'><strong>bilis</strong></span> <span class='ocrx_word' id='word_1_36' title='bbox 593 733 676 787; x_wconf 82' lang='lat' dir='ltr'><strong>vir</strong></span> <span class='ocrx_word' id='word_1_37' title='bbox 702 732 1012 789; x_wconf 85' lang='lat' dir='ltr'><strong>Baderadus</strong></span> <span class='ocrx_word' id='word_1_38' title='bbox 1041 735 1325 804; x_wconf 82' lang='lat' dir='ltr'><strong>episcopus</strong></span> <span class='ocrx_word' id='word_1_39' title='bbox 1341 733 1605 798; x_wconf 64' lang='lat' dir='ltr'><strong>ecclesiae,</strong></span> <span class='ocrx_word' id='word_1_40' title='bbox 1629 749 1749 804; x_wconf 77' lang='lat' dir='ltr'><strong>qua:</strong></span> <span class='ocrx_word' id='word_1_41' title='bbox 1773 740 1856 788; x_wconf 85' lang='lat' dir='ltr'><strong>est</strong></span> <span class='ocrx_word' id='word_1_42' title='bbox 1881 747 2012 787; x_wconf 85' lang='lat' dir='ltr'><strong>con-</strong></span> 
     </span>
    </p>
   </div>
   <div class='ocr_carea' id='block_1_8' title="bbox 427 823 2012 895">
    <p class='ocr_par' dir='ltr' id='par_1_8' title="bbox 427 823 2012 895">
     <span class='ocr_line' id='line_1_8' title="bbox 427 823 2012 895; baseline -0.001 -15"><span class='ocrx_word' id='word_1_43' title='bbox 427 833 631 881; x_wconf 89' lang='lat' dir='ltr'><strong>structa</strong></span> <span class='ocrx_word' id='word_1_44' title='bbox 670 825 722 879; x_wconf 93' lang='lat' dir='ltr'><strong>in</strong></span> <span class='ocrx_word' id='word_1_45' title='bbox 751 825 957 881; x_wconf 84' lang='lat' dir='ltr'><strong>honore</strong></span> <span class='ocrx_word' id='word_1_46' title='bbox 999 833 1201 880; x_wconf 76' lang='lat' dir='ltr'><strong>sancta:</strong></span> <span class='ocrx_word' id='word_1_47' title='bbox 1236 824 1417 880; x_wconf 74' lang='lat' dir='ltr'><strong>Maria:</strong></span> <span class='ocrx_word' id='word_1_48' title='bbox 1455 839 1670 895; x_wconf 82' lang='lat' dir='ltr'><strong>semper</strong></span> <span class='ocrx_word' id='word_1_49' title='bbox 1712 823 1937 894; x_wconf 73' lang='lat' dir='ltr'><strong>virginis</strong></span> <span class='ocrx_word' id='word_1_50' title='bbox 1957 831 2012 878; x_wconf 91' lang='lat' dir='ltr'><strong>et</strong></span> 
     </span>
    </p>
   </div>
   <div class='ocr_carea' id='block_1_9' title="bbox 428 915 2007 987">
    <p class='ocr_par' dir='ltr' id='par_1_9' title="bbox 428 915 2007 987">
     <span class='ocr_line' id='line_1_9' title="bbox 428 915 2007 987; baseline -0.001 -17"><span class='ocrx_word' id='word_1_51' title='bbox 428 916 599 970; x_wconf 85' lang='lat' dir='ltr'><strong>sancti</strong></span> <span class='ocrx_word' id='word_1_52' title='bbox 627 916 840 982; x_wconf 73' lang='lat' dir='ltr'><strong>liiliani,</strong></span> <span class='ocrx_word' id='word_1_53' title='bbox 871 918 923 970; x_wconf 91' lang='lat' dir='ltr'><strong>in</strong></span> <span class='ocrx_word' id='word_1_54' title='bbox 956 916 1074 972; x_wconf 92' lang='lat' dir='ltr'><strong>loco</strong></span> <span class='ocrx_word' id='word_1_55' title='bbox 1109 917 1201 987; x_wconf 87' lang='lat' dir='ltr'><strong>qui</strong></span> <span class='ocrx_word' id='word_1_56' title='bbox 1225 917 1423 972; x_wconf 88' lang='lat' dir='ltr'><strong>dicitur</strong></span> <span class='ocrx_word' id='word_1_57' title='bbox 1443 916 1852 980; x_wconf 89' lang='lat' dir='ltr'><strong>Paderbrunna,</strong></span> <span class='ocrx_word' id='word_1_58' title='bbox 1874 915 2007 969; x_wconf 91' lang='lat' dir='ltr'><strong>mis-</strong></span> 
     </span>
    </p>
   </div>
   <div class='ocr_carea' id='block_1_10' title="bbox 427 1006 2007 1081">
    <p class='ocr_par' dir='ltr' id='par_1_10' title="bbox 427 1006 2007 1081">
     <span class='ocr_line' id='line_1_10' title="bbox 427 1006 2007 1081; baseline -0.002 -19"><span class='ocrx_word' id='word_1_59' title='bbox 427 1023 486 1062; x_wconf 90' lang='lat' dir='ltr'><strong>sa</strong></span> <span class='ocrx_word' id='word_1_60' title='bbox 529 1009 795 1081; x_wconf 90' lang='lat' dir='ltr'><strong>petitione</strong></span> <span class='ocrx_word' id='word_1_61' title='bbox 841 1009 1164 1079; x_wconf 85' lang='lat' dir='ltr'><strong>deprecatus</strong></span> <span class='ocrx_word' id='word_1_62' title='bbox 1205 1015 1307 1074; x_wconf 85' lang='lat' dir='ltr'><strong>est,</strong></span> <span class='ocrx_word' id='word_1_63' title='bbox 1366 1016 1427 1062; x_wconf 92' lang='lat' dir='ltr'><strong>ut</strong></span> <span class='ocrx_word' id='word_1_64' title='bbox 1465 1007 1778 1078; x_wconf 64' lang='lat' dir='ltr'><strong>pradictam</strong></span> <span class='ocrx_word' id='word_1_65' title='bbox 1823 1006 2007 1071; x_wconf 82' lang='lat' dir='ltr'><strong>sedem</strong></span> 
     </span>
    </p>
   </div>
   <div class='ocr_carea' id='block_1_11' title="bbox 426 1099 2006 1171">
    <p class='ocr_par' dir='ltr' id='par_1_11' title="bbox 426 1099 2006 1171">
     <span class='ocr_line' id='line_1_11' title="bbox 426 1099 2006 1171; baseline -0.002 -17"><span class='ocrx_word' id='word_1_66' title='bbox 426 1115 547 1154; x_wconf 83' lang='lat' dir='ltr'><strong>eum</strong></span> <span class='ocrx_word' id='word_1_67' title='bbox 595 1100 847 1156; x_wconf 81' lang='lat' dir='ltr'><strong>omnibus</strong></span> <span class='ocrx_word' id='word_1_68' title='bbox 873 1102 939 1156; x_wconf 89' lang='lat' dir='ltr'><strong>ad</strong></span> <span class='ocrx_word' id='word_1_69' title='bbox 959 1115 1018 1155; x_wconf 88' lang='lat' dir='ltr'><strong>se</strong></span> <span class='ocrx_word' id='word_1_70' title='bbox 1037 1102 1184 1171; x_wconf 91' lang='lat' dir='ltr'><strong>juste</strong></span> <span class='ocrx_word' id='word_1_71' title='bbox 1219 1109 1274 1156; x_wconf 90' lang='lat' dir='ltr'><strong>et</strong></span> <span class='ocrx_word' id='word_1_72' title='bbox 1307 1100 1556 1171; x_wconf 89' lang='lat' dir='ltr'><strong>legaliter</strong></span> <span class='ocrx_word' id='word_1_73' title='bbox 1581 1099 1842 1154; x_wconf 85' lang='lat' dir='ltr'><strong>moderno</strong></span> <span class='ocrx_word' id='word_1_74' title='bbox 1867 1107 2006 1152; x_wconf 80' lang='lat' dir='ltr'><strong>tem-</strong></span> 
     </span>
    </p>
   </div>
   <div class='ocr_carea' id='block_1_12' title="bbox 425 1189 2007 1262">
    <p class='ocr_par' dir='ltr' id='par_1_12' title="bbox 425 1189 2007 1262">
     <span class='ocr_line' id='line_1_12' title="bbox 425 1189 2007 1262; baseline -0.003 -15"><span class='ocrx_word' id='word_1_75' title='bbox 425 1206 555 1261; x_wconf 88' lang='lat' dir='ltr'><strong>pore</strong></span> <span class='ocrx_word' id='word_1_76' title='bbox 579 1192 974 1262; x_wconf 86' lang='lat' dir='ltr'><strong>pertinentibus</strong></span> <span class='ocrx_word' id='word_1_77' title='bbox 1007 1192 1092 1247; x_wconf 83' lang='lat' dir='ltr'><strong>vel</strong></span> <span class='ocrx_word' id='word_1_78' title='bbox 1132 1191 1513 1262; x_wconf 80' lang='lat' dir='ltr'><strong>aspicientibus</strong></span> <span class='ocrx_word' id='word_1_79' title='bbox 1546 1190 1646 1246; x_wconf 87' lang='lat' dir='ltr'><strong>sub</strong></span> <span class='ocrx_word' id='word_1_80' title='bbox 1676 1196 1862 1244; x_wconf 85' lang='lat' dir='ltr'><strong>nostra</strong></span> <span class='ocrx_word' id='word_1_81' title='bbox 1905 1189 2007 1243; x_wconf 84' lang='lat' dir='ltr'><strong>tui-</strong></span> 
     </span>
    </p>
   </div>
   <div class='ocr_carea' id='block_1_13' title="bbox 430 1281 2005 1347">
    <p class='ocr_par' dir='ltr' id='par_1_13' title="bbox 430 1281 2005 1347">
     <span class='ocr_line' id='line_1_13' title="bbox 430 1281 2005 1347; baseline 0 -13"><span class='ocrx_word' id='word_1_82' title='bbox 430 1282 596 1347; x_wconf 91' lang='lat' dir='ltr'><strong>tione,</strong></span> <span class='ocrx_word' id='word_1_83' title='bbox 623 1291 679 1337; x_wconf 91' lang='lat' dir='ltr'><strong>et</strong></span> <span class='ocrx_word' id='word_1_84' title='bbox 700 1281 1056 1339; x_wconf 78' lang='lat' dir='ltr'><strong>immanitatis</strong></span> <span class='ocrx_word' id='word_1_85' title='bbox 1097 1283 1413 1337; x_wconf 91' lang='lat' dir='ltr'><strong>defensione</strong></span> <span class='ocrx_word' id='word_1_86' title='bbox 1436 1296 1560 1336; x_wconf 87' lang='lat' dir='ltr'><strong>cum</strong></span> <span class='ocrx_word' id='word_1_87' title='bbox 1590 1281 1752 1335; x_wconf 86' lang='lat' dir='ltr'><strong>rebus</strong></span> <span class='ocrx_word' id='word_1_88' title='bbox 1776 1289 1831 1335; x_wconf 91' lang='lat' dir='ltr'><strong>et</strong></span> <span class='ocrx_word' id='word_1_89' title='bbox 1856 1295 2005 1334; x_wconf 84' lang='lat' dir='ltr'><strong>man-</strong></span> 
     </span>
    </p>
   </div>
   <div class='ocr_carea' id='block_1_14' title="bbox 418 1371 2005 1443">
    <p class='ocr_par' dir='ltr' id='par_1_14' title="bbox 418 1371 2005 1443">
     <span class='ocr_line' id='line_1_14' title="bbox 418 1371 2005 1443; baseline -0.001 -16"><span class='ocrx_word' id='word_1_90' title='bbox 418 1372 579 1442; x_wconf 81' lang='lat' dir='ltr'><strong>sipiis</strong></span> <span class='ocrx_word' id='word_1_91' title='bbox 612 1374 1087 1439; x_wconf 90' lang='lat' dir='ltr'><strong>constitueremus,</strong></span> <span class='ocrx_word' id='word_1_92' title='bbox 1132 1373 1274 1443; x_wconf 90' lang='lat' dir='ltr'><strong>quod</strong></span> <span class='ocrx_word' id='word_1_93' title='bbox 1316 1373 1390 1428; x_wconf 90' lang='lat' dir='ltr'><strong>ita</strong></span> <span class='ocrx_word' id='word_1_94' title='bbox 1435 1381 1491 1428; x_wconf 91' lang='lat' dir='ltr'><strong>et</strong></span> <span class='ocrx_word' id='word_1_95' title='bbox 1528 1371 1721 1427; x_wconf 78' lang='lat' dir='ltr'><strong>fecisse</strong></span> <span class='ocrx_word' id='word_1_96' title='bbox 1765 1372 2005 1427; x_wconf 90' lang='lat' dir='ltr'><strong>omnium</strong></span> 
     </span>
    </p>
   </div>
   <div class='ocr_carea' id='block_1_15' title="bbox 425 1461 2007 1534">
    <p class='ocr_par' dir='ltr' id='par_1_15' title="bbox 425 1461 2007 1534">
     <span class='ocr_line' id='line_1_15' title="bbox 425 1461 2007 1534; baseline -0.001 -19"><span class='ocrx_word' id='word_1_97' title='bbox 425 1463 660 1518; x_wconf 78' lang='lat' dir='ltr'><strong>fidelium</strong></span> <span class='ocrx_word' id='word_1_98' title='bbox 694 1471 1001 1519; x_wconf 88' lang='lat' dir='ltr'><strong>nostrorum</strong></span> <span class='ocrx_word' id='word_1_99' title='bbox 1029 1470 1320 1534; x_wconf 76' lang='lat' dir='ltr'><strong>cognoscat</strong></span> <span class='ocrx_word' id='word_1_100' title='bbox 1349 1463 1632 1518; x_wconf 86' lang='lat' dir='ltr'><strong>industria.</strong></span> <span class='ocrx_word' id='word_1_101' title='bbox 1683 1461 2007 1531; x_wconf 74' lang='lat' dir='ltr'><strong>Prmcipicn-</strong></span> 
     </span>
    </p>
   </div>
   <div class='ocr_carea' id='block_1_16' title="bbox 426 1552 2003 1626">
    <p class='ocr_par' dir='ltr' id='par_1_16' title="bbox 426 1552 2003 1626">
     <span class='ocr_line' id='line_1_16' title="bbox 426 1552 2003 1626; baseline 0 -20"><span class='ocrx_word' id='word_1_102' title='bbox 426 1563 504 1608; x_wconf 89' lang='lat' dir='ltr'><strong>tes</strong></span> <span class='ocrx_word' id='word_1_103' title='bbox 531 1569 658 1626; x_wconf 88' lang='lat' dir='ltr'><strong>ergo</strong></span> <span class='ocrx_word' id='word_1_104' title='bbox 674 1552 952 1623; x_wconf 90' lang='lat' dir='ltr'><strong>jubemus,</strong></span> <span class='ocrx_word' id='word_1_105' title='bbox 977 1563 1030 1609; x_wconf 93' lang='lat' dir='ltr'><strong>ut</strong></span> <span class='ocrx_word' id='word_1_106' title='bbox 1063 1555 1243 1609; x_wconf 91' lang='lat' dir='ltr'><strong>nullus</strong></span> <span class='ocrx_word' id='word_1_107' title='bbox 1253 1552 1415 1625; x_wconf 79' lang='lat' dir='ltr'><strong>judex</strong></span> <span class='ocrx_word' id='word_1_108' title='bbox 1439 1553 1703 1623; x_wconf 87' lang='lat' dir='ltr'><strong>publicus,</strong></span> <span class='ocrx_word' id='word_1_109' title='bbox 1736 1561 1823 1606; x_wconf 91' lang='lat' dir='ltr'><strong>aut</strong></span> <span class='ocrx_word' id='word_1_110' title='bbox 1854 1552 2003 1622; x_wconf 86' lang='lat' dir='ltr'><strong>quis-</strong></span> 
     </span>
    </p>
   </div>
   <div class='ocr_carea' id='block_1_17' title="bbox 424 1640 2003 1716">
    <p class='ocr_par' dir='ltr' id='par_1_17' title="bbox 424 1640 2003 1716">
     <span class='ocr_line' id='line_1_17' title="bbox 424 1640 2003 1716; baseline -0.003 -18"><span class='ocrx_word' id='word_1_111' title='bbox 424 1643 557 1714; x_wconf 72' lang='lat' dir='ltr'><strong>libet</strong></span> <span class='ocrx_word' id='word_1_112' title='bbox 597 1659 663 1700; x_wconf 73' lang='lat' dir='ltr'><strong>ex</strong></span> <span class='ocrx_word' id='word_1_113' title='bbox 695 1644 984 1714; x_wconf 90' lang='lat' dir='ltr'><strong>judiciaria</strong></span> <span class='ocrx_word' id='word_1_114' title='bbox 1021 1651 1287 1716; x_wconf 81' lang='lat' dir='ltr'><strong>potestate</strong></span> <span class='ocrx_word' id='word_1_115' title='bbox 1315 1645 1370 1699; x_wconf 92' lang='lat' dir='ltr'><strong>in</strong></span> <span class='ocrx_word' id='word_1_116' title='bbox 1410 1643 1691 1708; x_wconf 88' lang='lat' dir='ltr'><strong>ecclesias,</strong></span> <span class='ocrx_word' id='word_1_117' title='bbox 1743 1649 1836 1695; x_wconf 92' lang='lat' dir='ltr'><strong>aut</strong></span> <span class='ocrx_word' id='word_1_118' title='bbox 1864 1640 2003 1705; x_wconf 90' lang='lat' dir='ltr'><strong>loca,</strong></span> 
     </span>
    </p>
   </div>
   <div class='ocr_carea' id='block_1_18' title="bbox 421 1737 2008 1810">
    <p class='ocr_par' dir='ltr' id='par_1_18' title="bbox 421 1737 2008 1810">
     <span class='ocr_line' id='line_1_18' title="bbox 421 1737 2008 1810; baseline -0.003 -18"><span class='ocrx_word' id='word_1_119' title='bbox 421 1738 504 1793; x_wconf 94' lang='lat' dir='ltr'><strong>vel</strong></span> <span class='ocrx_word' id='word_1_120' title='bbox 538 1754 719 1810; x_wconf 89' lang='lat' dir='ltr'><strong>agros,</strong></span> <span class='ocrx_word' id='word_1_121' title='bbox 770 1754 866 1794; x_wconf 90' lang='lat' dir='ltr'><strong>seu</strong></span> <span class='ocrx_word' id='word_1_122' title='bbox 909 1738 1147 1809; x_wconf 89' lang='lat' dir='ltr'><strong>reliquas</strong></span> <span class='ocrx_word' id='word_1_123' title='bbox 1173 1737 1542 1808; x_wconf 83' lang='lat' dir='ltr'><strong>possessiones</strong></span> <span class='ocrx_word' id='word_1_124' title='bbox 1575 1743 1888 1790; x_wconf 82' lang='lat' dir='ltr'><strong>memoratae</strong></span> <span class='ocrx_word' id='word_1_125' title='bbox 1917 1747 2008 1788; x_wconf 80' lang='lat' dir='ltr'><strong>ec—</strong></span> 
     </span>
    </p>
   </div>
   <div class='ocr_carea' id='block_1_19' title="bbox 421 1828 2004 1901">
    <p class='ocr_par' dir='ltr' id='par_1_19' title="bbox 421 1828 2004 1901">
     <span class='ocr_line' id='line_1_19' title="bbox 421 1828 2004 1901; baseline -0.001 -17"><span class='ocrx_word' id='word_1_126' title='bbox 421 1830 620 1894; x_wconf 76' lang='lat' dir='ltr'><strong>clesize,</strong></span> <span class='ocrx_word' id='word_1_127' title='bbox 644 1845 779 1901; x_wconf 89' lang='lat' dir='ltr'><strong>quas</strong></span> <span class='ocrx_word' id='word_1_128' title='bbox 801 1829 1068 1886; x_wconf 84' lang='lat' dir='ltr'><strong>moderno</strong></span> <span class='ocrx_word' id='word_1_129' title='bbox 1083 1840 1324 1900; x_wconf 90' lang='lat' dir='ltr'><strong>tempore</strong></span> <span class='ocrx_word' id='word_1_130' title='bbox 1344 1828 1482 1884; x_wconf 87' lang='lat' dir='ltr'><strong>infra</strong></span> <span class='ocrx_word' id='word_1_131' title='bbox 1511 1828 1771 1884; x_wconf 74' lang='lat' dir='ltr'><strong>ditionem</strong></span> <span class='ocrx_word' id='word_1_132' title='bbox 1796 1828 2004 1896; x_wconf 88' lang='lat' dir='ltr'><strong>imperii</strong></span> 
     </span>
    </p>
   </div>
   <div class='ocr_carea' id='block_1_20' title="bbox 421 1918 2006 1994">
    <p class='ocr_par' dir='ltr' id='par_1_20' title="bbox 421 1918 2006 1994">
     <span class='ocr_line' id='line_1_20' title="bbox 421 1918 2006 1994; baseline -0.003 -18"><span class='ocrx_word' id='word_1_133' title='bbox 421 1924 624 1978; x_wconf 90' lang='lat' dir='ltr'><strong>nostris</strong></span> <span class='ocrx_word' id='word_1_134' title='bbox 652 1922 859 1994; x_wconf 89' lang='lat' dir='ltr'><strong>legibus</strong></span> <span class='ocrx_word' id='word_1_135' title='bbox 905 1923 1164 1994; x_wconf 87' lang='lat' dir='ltr'><strong>possidet,</strong></span> <span class='ocrx_word' id='word_1_136' title='bbox 1210 1932 1302 1977; x_wconf 90' lang='lat' dir='ltr'><strong>aut</strong></span> <span class='ocrx_word' id='word_1_137' title='bbox 1347 1937 1466 1992; x_wconf 77' lang='lat' dir='ltr'><strong>qua:</strong></span> <span class='ocrx_word' id='word_1_138' title='bbox 1495 1923 1747 1991; x_wconf 87' lang='lat' dir='ltr'><strong>deinceps</strong></span> <span class='ocrx_word' id='word_1_139' title='bbox 1797 1921 1851 1975; x_wconf 91' lang='lat' dir='ltr'><strong>in</strong></span> <span class='ocrx_word' id='word_1_140' title='bbox 1883 1918 2006 1986; x_wconf 84' lang='lat' dir='ltr'><strong>jure</strong></span> 
     </span>
    </p>
   </div>
   <div class='ocr_carea' id='block_1_21' title="bbox 421 2012 2005 2084">
    <p class='ocr_par' dir='ltr' id='par_1_21' title="bbox 421 2012 2005 2084">
     <span class='ocr_line' id='line_1_21' title="bbox 421 2012 2005 2084; baseline -0.002 -17"><span class='ocrx_word' id='word_1_141' title='bbox 421 2013 592 2082; x_wconf 88' lang='lat' dir='ltr'><strong>ipsius</strong></span> <span class='ocrx_word' id='word_1_142' title='bbox 637 2014 741 2069; x_wconf 92' lang='lat' dir='ltr'><strong>loci</strong></span> <span class='ocrx_word' id='word_1_143' title='bbox 776 2014 1006 2069; x_wconf 80' lang='lat' dir='ltr'><strong>voluerit</strong></span> <span class='ocrx_word' id='word_1_144' title='bbox 1038 2015 1216 2069; x_wconf 89' lang='lat' dir='ltr'><strong>divina</strong></span> <span class='ocrx_word' id='word_1_145' title='bbox 1245 2015 1418 2084; x_wconf 86' lang='lat' dir='ltr'><strong>pietas</strong></span> <span class='ocrx_word' id='word_1_146' title='bbox 1452 2014 1659 2084; x_wconf 87' lang='lat' dir='ltr'><strong>augeri,</strong></span> <span class='ocrx_word' id='word_1_147' title='bbox 1716 2012 1783 2067; x_wconf 90' lang='lat' dir='ltr'><strong>ad</strong></span> <span class='ocrx_word' id='word_1_148' title='bbox 1812 2025 2005 2066; x_wconf 82' lang='lat' dir='ltr'><strong>causas</strong></span> 
     </span>
    </p>
   </div>
   <div class='ocr_carea' id='block_1_22' title="bbox 418 2103 2005 2174">
    <p class='ocr_par' dir='ltr' id='par_1_22' title="bbox 418 2103 2005 2174">
     <span class='ocr_line' id='line_1_22' title="bbox 418 2103 2005 2174; baseline -0.001 -16"><span class='ocrx_word' id='word_1_149' title='bbox 418 2103 703 2172; x_wconf 82' lang='lat' dir='ltr'><strong>judiciario</strong></span> <span class='ocrx_word' id='word_1_150' title='bbox 729 2105 888 2162; x_wconf 86' lang='lat' dir='ltr'><strong>modo</strong></span> <span class='ocrx_word' id='word_1_151' title='bbox 913 2105 1232 2170; x_wconf 89' lang='lat' dir='ltr'><strong>audiendas,</strong></span> <span class='ocrx_word' id='word_1_152' title='bbox 1275 2105 1360 2159; x_wconf 87' lang='lat' dir='ltr'><strong>vel</strong></span> <span class='ocrx_word' id='word_1_153' title='bbox 1386 2104 1536 2159; x_wconf 82' lang='lat' dir='ltr'><strong>freda</strong></span> <span class='ocrx_word' id='word_1_154' title='bbox 1567 2103 1855 2174; x_wconf 81' lang='lat' dir='ltr'><strong>exigenda,</strong></span> <span class='ocrx_word' id='word_1_155' title='bbox 1909 2110 2005 2156; x_wconf 91' lang='lat' dir='ltr'><strong>aut</strong></span> 
     </span>
    </p>
   </div>
   <div class='ocr_carea' id='block_1_23' title="bbox 380 2181 2002 2268">
    <p class='ocr_par' dir='ltr' id='par_1_23' title="bbox 380 2181 2002 2268">
     <span class='ocr_line' id='line_1_23' title="bbox 380 2181 2002 2268; baseline -0.002 -16"><span class='ocrx_word' id='word_1_156' title='bbox 380 2259 382 2261; x_wconf 39' lang='grc'>,</span> <span class='ocrx_word' id='word_1_157' title='bbox 419 2181 748 2266; x_wconf 84' lang='lat' dir='ltr'><strong>mansiones,</strong></span> <span class='ocrx_word' id='word_1_158' title='bbox 790 2197 876 2253; x_wconf 81' lang='lat' dir='ltr'><strong>vel</strong></span> <span class='ocrx_word' id='word_1_159' title='bbox 919 2206 1136 2268; x_wconf 88' lang='lat' dir='ltr'><strong>paratas</strong></span> <span class='ocrx_word' id='word_1_160' title='bbox 1184 2197 1478 2262; x_wconf 86' lang='lat' dir='ltr'><strong>faciendas,</strong></span> <span class='ocrx_word' id='word_1_161' title='bbox 1513 2205 1608 2251; x_wconf 90' lang='lat' dir='ltr'><strong>aut</strong></span> <span class='ocrx_word' id='word_1_162' title='bbox 1636 2196 2002 2266; x_wconf 81' lang='lat' dir='ltr'><strong>lideijussores</strong></span> 
     </span>
    </p>
   </div>
   <div class='ocr_carea' id='block_1_24' title="bbox 423 2285 2003 2360">
    <p class='ocr_par' dir='ltr' id='par_1_24' title="bbox 423 2285 2003 2360">
     <span class='ocr_line' id='line_1_24' title="bbox 423 2285 2003 2360; baseline -0.001 -18"><span class='ocrx_word' id='word_1_163' title='bbox 423 2288 714 2354; x_wconf 90' lang='lat' dir='ltr'><strong>tollendos,</strong></span> <span class='ocrx_word' id='word_1_164' title='bbox 736 2297 829 2343; x_wconf 91' lang='lat' dir='ltr'><strong>aut</strong></span> <span class='ocrx_word' id='word_1_165' title='bbox 847 2290 1095 2345; x_wconf 89' lang='lat' dir='ltr'><strong>homines</strong></span> <span class='ocrx_word' id='word_1_166' title='bbox 1125 2290 1296 2360; x_wconf 91' lang='lat' dir='ltr'><strong>ipsius</strong></span> <span class='ocrx_word' id='word_1_167' title='bbox 1318 2289 1560 2345; x_wconf 73' lang='lat' dir='ltr'><strong>ecclesim</strong></span> <span class='ocrx_word' id='word_1_168' title='bbox 1583 2285 2003 2357; x_wconf 90' lang='lat' dir='ltr'><strong>distringendos,</strong></span> 
     </span>
    </p>
   </div>
   <div class='ocr_carea' id='block_1_25' title="bbox 420 2375 2008 2444">
    <p class='ocr_par' dir='ltr' id='par_1_25' title="bbox 420 2375 2008 2444">
     <span class='ocr_line' id='line_1_25' title="bbox 420 2375 2008 2444; baseline -0.003 -12"><span class='ocrx_word' id='word_1_169' title='bbox 420 2391 522 2433; x_wconf 90' lang='lat' dir='ltr'><strong>nec</strong></span> <span class='ocrx_word' id='word_1_170' title='bbox 545 2376 679 2433; x_wconf 89' lang='lat' dir='ltr'><strong>ullas</strong></span> <span class='ocrx_word' id='word_1_171' title='bbox 700 2377 1107 2443; x_wconf 85' lang='lat' dir='ltr'><strong>redhibitiones,</strong></span> <span class='ocrx_word' id='word_1_172' title='bbox 1135 2377 1220 2434; x_wconf 89' lang='lat' dir='ltr'><strong>vel</strong></span> <span class='ocrx_word' id='word_1_173' title='bbox 1247 2379 1459 2433; x_wconf 89' lang='lat' dir='ltr'><strong>illicitas</strong></span> <span class='ocrx_word' id='word_1_174' title='bbox 1487 2377 1805 2432; x_wconf 88' lang='lat' dir='ltr'><strong>occasiones</strong></span> <span class='ocrx_word' id='word_1_175' title='bbox 1830 2375 2008 2444; x_wconf 88' lang='lat' dir='ltr'><strong>requi-</strong></span> 
     </span>
    </p>
   </div>
   <div class='ocr_carea' id='block_1_26' title="bbox 429 2467 2009 2539">
    <p class='ocr_par' dir='ltr' id='par_1_26' title="bbox 429 2467 2009 2539">
     <span class='ocr_line' id='line_1_26' title="bbox 429 2467 2009 2539; baseline -0.001 -17"><span class='ocrx_word' id='word_1_176' title='bbox 429 2467 644 2535; x_wconf 88' lang='lat' dir='ltr'><strong>rendas,</strong></span> <span class='ocrx_word' id='word_1_177' title='bbox 666 2467 776 2524; x_wconf 91' lang='lat' dir='ltr'><strong>ullo</strong></span> <span class='ocrx_word' id='word_1_178' title='bbox 797 2484 1038 2538; x_wconf 87' lang='lat' dir='ltr'><strong>unquam</strong></span> <span class='ocrx_word' id='word_1_179' title='bbox 1082 2476 1324 2538; x_wconf 88' lang='lat' dir='ltr'><strong>tempore</strong></span> <span class='ocrx_word' id='word_1_180' title='bbox 1356 2468 1565 2539; x_wconf 83' lang='lat' dir='ltr'><strong>ingredi</strong></span> <span class='ocrx_word' id='word_1_181' title='bbox 1607 2467 1823 2532; x_wconf 80' lang='lat' dir='ltr'><strong>audeat,</strong></span> <span class='ocrx_word' id='word_1_182' title='bbox 1843 2467 1922 2521; x_wconf 84' lang='lat' dir='ltr'><strong>vel</strong></span> <span class='ocrx_word' id='word_1_183' title='bbox 1945 2482 2009 2522; x_wconf 88' lang='lat' dir='ltr'><strong>ea</strong></span> 
     </span>
    </p>
   </div>
   <div class='ocr_carea' id='block_1_27' title="bbox 417 2561 2003 2632">
    <p class='ocr_par' dir='ltr' id='par_1_27' title="bbox 417 2561 2003 2632">
     <span class='ocr_line' id='line_1_27' title="bbox 417 2561 2003 2632; baseline 0 -19"><span class='ocrx_word' id='word_1_184' title='bbox 417 2575 539 2629; x_wconf 73' lang='lat' dir='ltr'><strong>qum</strong></span> <span class='ocrx_word' id='word_1_185' title='bbox 587 2576 748 2630; x_wconf 88' lang='lat' dir='ltr'><strong>supra</strong></span> <span class='ocrx_word' id='word_1_186' title='bbox 783 2573 1084 2617; x_wconf 87' lang='lat' dir='ltr'><strong>memorata</strong></span> <span class='ocrx_word' id='word_1_187' title='bbox 1131 2571 1277 2627; x_wconf 86' lang='lat' dir='ltr'><strong>sunt,</strong></span> <span class='ocrx_word' id='word_1_188' title='bbox 1311 2561 1528 2632; x_wconf 87' lang='lat' dir='ltr'><strong>penitus</strong></span> <span class='ocrx_word' id='word_1_189' title='bbox 1550 2563 1766 2632; x_wconf 78' lang='lat' dir='ltr'><strong>exigere</strong></span> <span class='ocrx_word' id='word_1_190' title='bbox 1797 2576 2003 2630; x_wconf 75' lang='lat' dir='ltr'><strong>praesu-</strong></span> 
     </span>
    </p>
   </div>
   <div class='ocr_carea' id='block_1_28' title="bbox 419 2645 2002 2722">
    <p class='ocr_par' dir='ltr' id='par_1_28' title="bbox 419 2645 2002 2722">
     <span class='ocr_line' id='line_1_28' title="bbox 419 2645 2002 2722; baseline 0.002 -20"><span class='ocrx_word' id='word_1_191' title='bbox 419 2658 549 2704; x_wconf 85' lang='lat' dir='ltr'><strong>mat.</strong></span> <span class='ocrx_word' id='word_1_192' title='bbox 592 2649 697 2705; x_wconf 88' lang='lat' dir='ltr'><strong>Sed</strong></span> <span class='ocrx_word' id='word_1_193' title='bbox 732 2651 890 2706; x_wconf 89' lang='lat' dir='ltr'><strong>liceat</strong></span> <span class='ocrx_word' id='word_1_194' title='bbox 921 2659 1218 2707; x_wconf 92' lang='lat' dir='ltr'><strong>memorato</strong></span> <span class='ocrx_word' id='word_1_195' title='bbox 1239 2653 1493 2722; x_wconf 91' lang='lat' dir='ltr'><strong>episcopo</strong></span> <span class='ocrx_word' id='word_1_196' title='bbox 1525 2645 1746 2720; x_wconf 66' lang='lat' dir='ltr'><strong>suisque</strong></span> <span class='ocrx_word' id='word_1_197' title='bbox 1785 2665 2002 2705; x_wconf 89' lang='lat' dir='ltr'><strong>succes-</strong></span> 
     </span>
    </p>
   </div>
   <div class='ocr_carea' id='block_1_29' title="bbox 417 2739 2007 2810">
    <p class='ocr_par' dir='ltr' id='par_1_29' title="bbox 417 2739 2007 2810">
     <span class='ocr_line' id='line_1_29' title="bbox 417 2739 2007 2810; baseline 0.001 -16"><span class='ocrx_word' id='word_1_198' title='bbox 417 2739 633 2795; x_wconf 88' lang='lat' dir='ltr'><strong>soribus</strong></span> <span class='ocrx_word' id='word_1_199' title='bbox 676 2755 765 2795; x_wconf 88' lang='lat' dir='ltr'><strong>res</strong></span> <span class='ocrx_word' id='word_1_200' title='bbox 814 2741 1087 2810; x_wconf 67' lang='lat' dir='ltr'><strong>praedictae</strong></span> <span class='ocrx_word' id='word_1_201' title='bbox 1121 2741 1367 2796; x_wconf 74' lang='lat' dir='ltr'><strong>ecclesia:</strong></span> <span class='ocrx_word' id='word_1_202' title='bbox 1403 2756 1523 2796; x_wconf 91' lang='lat' dir='ltr'><strong>cum</strong></span> <span class='ocrx_word' id='word_1_203' title='bbox 1571 2741 1822 2795; x_wconf 87' lang='lat' dir='ltr'><strong>omnibus</strong></span> <span class='ocrx_word' id='word_1_204' title='bbox 1871 2756 2007 2810; x_wconf 89' lang='lat' dir='ltr'><strong>quas</strong></span> 
     </span>
    </p>
   </div>
   <div class='ocr_carea' id='block_1_30' title="bbox 417 2830 2000 2902">
    <p class='ocr_par' dir='ltr' id='par_1_30' title="bbox 417 2830 2000 2902">
     <span class='ocr_line' id='line_1_30' title="bbox 417 2830 2000 2902; baseline 0.001 -17"><span class='ocrx_word' id='word_1_205' title='bbox 417 2831 676 2901; x_wconf 84' lang='lat' dir='ltr'><strong>possidet,</strong></span> <span class='ocrx_word' id='word_1_206' title='bbox 725 2833 909 2902; x_wconf 90' lang='lat' dir='ltr'><strong>quieto</strong></span> <span class='ocrx_word' id='word_1_207' title='bbox 956 2833 1146 2887; x_wconf 89' lang='lat' dir='ltr'><strong>ordine</strong></span> <span class='ocrx_word' id='word_1_208' title='bbox 1176 2833 1474 2902; x_wconf 87' lang='lat' dir='ltr'><strong>possidere,</strong></span> <span class='ocrx_word' id='word_1_209' title='bbox 1505 2839 1560 2886; x_wconf 92' lang='lat' dir='ltr'><strong>et</strong></span> <span class='ocrx_word' id='word_1_210' title='bbox 1603 2839 1789 2886; x_wconf 88' lang='lat' dir='ltr'><strong>nostro</strong></span> <span class='ocrx_word' id='word_1_211' title='bbox 1829 2830 2000 2886; x_wconf 82' lang='lat' dir='ltr'><strong>fideli-</strong></span> 
     </span>
    </p>
   </div>
   <div class='ocr_carea' id='block_1_31' title="bbox 419 2910 2007 2994">
    <p class='ocr_par' dir='ltr' id='par_1_31' title="bbox 419 2910 2007 2994">
     <span class='ocr_line' id='line_1_31' title="bbox 419 2910 2007 2994; baseline 0.004 -21"><span class='ocrx_word' id='word_1_212' title='bbox 419 2910 506 2974; x_wconf 85' lang='lat' dir='ltr'><strong>ter</strong></span> <span class='ocrx_word' id='word_1_213' title='bbox 553 2934 747 2990; x_wconf 89' lang='lat' dir='ltr'><strong>parere</strong></span> <span class='ocrx_word' id='word_1_214' title='bbox 794 2921 1044 2992; x_wconf 86' lang='lat' dir='ltr'><strong>imperio.</strong></span> <span class='ocrx_word' id='word_1_215' title='bbox 1098 2922 1368 2994; x_wconf 85' lang='lat' dir='ltr'><strong>Quidquid</strong></span> <span class='ocrx_word' id='word_1_216' title='bbox 1419 2921 1549 2979; x_wconf 74' lang='lat' dir='ltr'><strong>vero</strong></span> <span class='ocrx_word' id='word_1_217' title='bbox 1599 2921 1763 2978; x_wconf 82' lang='lat' dir='ltr'><strong>ﬁscus</strong></span> <span class='ocrx_word' id='word_1_218' title='bbox 1810 2921 2007 2979; x_wconf 75' lang='lat' dir='ltr'><strong>exinle</strong></span> 
     </span>
    </p>
   </div>
   <div class='ocr_carea' id='block_1_32' title="bbox 422 3013 2007 3084">
    <p class='ocr_par' dir='ltr' id='par_1_32' title="bbox 422 3013 2007 3084">
     <span class='ocr_line' id='line_1_32' title="bbox 422 3013 2007 3084; baseline 0.003 -21"><span class='ocrx_word' id='word_1_219' title='bbox 422 3024 642 3079; x_wconf 89' lang='lat' dir='ltr'><strong>sperare</strong></span> <span class='ocrx_word' id='word_1_220' title='bbox 673 3013 929 3081; x_wconf 86' lang='lat' dir='ltr'><strong>potuerit,</strong></span> <span class='ocrx_word' id='word_1_221' title='bbox 989 3022 1290 3069; x_wconf 75' lang='grc' dir='ltr'><strong>ῑοωπη.ηοε</strong></span> <span class='ocrx_word' id='word_1_222' title='bbox 1334 3030 1434 3084; x_wconf 90' lang='lat' dir='ltr'><strong>pro</strong></span> <span class='ocrx_word' id='word_1_223' title='bbox 1462 3023 1662 3069; x_wconf 65' lang='lat' dir='ltr'><strong>aeterna</strong></span> <span class='ocrx_word' id='word_1_224' title='bbox 1693 3027 2007 3068; x_wconf 88' lang='lat' dir='ltr'><strong>remunera-</strong></span> 
     </span>
    </p>
   </div>
   <div class='ocr_carea' id='block_1_33' title="bbox 420 3103 2008 3177">
    <p class='ocr_par' dir='ltr' id='par_1_33' title="bbox 420 3103 2008 3177">
     <span class='ocr_line' id='line_1_33' title="bbox 420 3103 2008 3177; baseline 0.003 -21"><span class='ocrx_word' id='word_1_225' title='bbox 420 3103 566 3157; x_wconf 90' lang='lat' dir='ltr'><strong>tione</strong></span> <span class='ocrx_word' id='word_1_226' title='bbox 594 3104 866 3173; x_wconf 73' lang='lat' dir='ltr'><strong>prmdictae</strong></span> <span class='ocrx_word' id='word_1_227' title='bbox 898 3105 1141 3162; x_wconf 84' lang='lat' dir='ltr'><strong>ecclesiae</strong></span> <span class='ocrx_word' id='word_1_228' title='bbox 1180 3107 1248 3161; x_wconf 87' lang='lat' dir='ltr'><strong>ad</strong></span> <span class='ocrx_word' id='word_1_229' title='bbox 1298 3107 1567 3176; x_wconf 90' lang='lat' dir='ltr'><strong>stipendia</strong></span> <span class='ocrx_word' id='word_1_230' title='bbox 1610 3121 1906 3177; x_wconf 89' lang='lat' dir='ltr'><strong>pauperum</strong></span> <span class='ocrx_word' id='word_1_231' title='bbox 1953 3113 2008 3161; x_wconf 90' lang='lat' dir='ltr'><strong>et</strong></span> 
     </span>
    </p>
   </div>
   <div class='ocr_carea' id='block_1_34' title="bbox 419 3193 2010 3268">
    <p class='ocr_par' dir='ltr' id='par_1_34' title="bbox 419 3193 2010 3268">
     <span class='ocr_line' id='line_1_34' title="bbox 419 3193 2010 3268; baseline 0.003 -23"><span class='ocrx_word' id='word_1_232' title='bbox 419 3193 706 3249; x_wconf 88' lang='lat' dir='ltr'><strong>luminaria</strong></span> <span class='ocrx_word' id='word_1_233' title='bbox 729 3195 1099 3251; x_wconf 88' lang='lat' dir='ltr'><strong>coneinnanda</strong></span> <span class='ocrx_word' id='word_1_234' title='bbox 1128 3198 1505 3262; x_wconf 90' lang='lat' dir='ltr'><strong>concedimus;</strong></span> <span class='ocrx_word' id='word_1_235' title='bbox 1550 3196 1786 3268; x_wconf 87' lang='lat' dir='ltr'><strong>qualiter</strong></span> <span class='ocrx_word' id='word_1_236' title='bbox 1816 3195 2010 3251; x_wconf 82' lang='lat' dir='ltr'><strong>melius</strong></span> 
     </span>
    </p>
   </div>
   <div class='ocr_carea' id='block_1_35' title="bbox 419 3284 2009 3359">
    <p class='ocr_par' dir='ltr' id='par_1_35' title="bbox 419 3284 2009 3359">
     <span class='ocr_line' id='line_1_35' title="bbox 419 3284 2009 3359; baseline 0.004 -21"><span class='ocrx_word' id='word_1_237' title='bbox 419 3284 648 3339; x_wconf 90' lang='lat' dir='ltr'><strong>delectet</strong></span> <span class='ocrx_word' id='word_1_238' title='bbox 672 3285 901 3342; x_wconf 87' lang='lat' dir='ltr'><strong>clericos</strong></span> <span class='ocrx_word' id='word_1_239' title='bbox 936 3287 989 3341; x_wconf 92' lang='lat' dir='ltr'><strong>in</strong></span> <span class='ocrx_word' id='word_1_240' title='bbox 1020 3289 1208 3344; x_wconf 91' lang='lat' dir='ltr'><strong>eadem</strong></span> <span class='ocrx_word' id='word_1_241' title='bbox 1249 3288 1377 3344; x_wconf 91' lang='lat' dir='ltr'><strong>sede</strong></span> <span class='ocrx_word' id='word_1_242' title='bbox 1405 3290 1661 3359; x_wconf 85' lang='lat' dir='ltr'><strong>degentes</strong></span> <span class='ocrx_word' id='word_1_243' title='bbox 1690 3304 1789 3359; x_wconf 90' lang='lat' dir='ltr'><strong>pro</strong></span> <span class='ocrx_word' id='word_1_244' title='bbox 1829 3291 2009 3355; x_wconf 88' lang='lat' dir='ltr'><strong>nobis,</strong></span> 
     </span>
    </p>
   </div>
   <div class='ocr_carea' id='block_1_36' title="bbox 418 3375 2011 3447">
    <p class='ocr_par' dir='ltr' id='par_1_36' title="bbox 418 3375 2011 3447">
     <span class='ocr_line' id='line_1_36' title="bbox 418 3375 2011 3447; baseline 0.005 -20"><span class='ocrx_word' id='word_1_245' title='bbox 418 3375 644 3447; x_wconf 85' lang='lat' dir='ltr'><strong>conjuge</strong></span> <span class='ocrx_word' id='word_1_246' title='bbox 692 3385 746 3431; x_wconf 88' lang='lat' dir='ltr'><strong>et</strong></span> <span class='ocrx_word' id='word_1_247' title='bbox 770 3378 918 3447; x_wconf 88' lang='lat' dir='ltr'><strong>prole</strong></span> <span class='ocrx_word' id='word_1_248' title='bbox 949 3386 1132 3434; x_wconf 89' lang='lat' dir='ltr'><strong>nostra</strong></span> <span class='ocrx_word' id='word_1_249' title='bbox 1183 3379 1394 3433; x_wconf 89' lang='lat' dir='ltr'><strong>Domini</strong></span> <span class='ocrx_word' id='word_1_250' title='bbox 1428 3379 1857 3436; x_wconf 87' lang='lat' dir='ltr'><strong>misericordiam</strong></span> <span class='ocrx_word' id='word_1_251' title='bbox 1915 3397 2011 3435; x_wconf 80' lang='lat' dir='ltr'><strong>ex-</strong></span> 
     </span>
    </p>
   </div>
   <div class='ocr_carea' id='block_1_37' title="bbox 421 3467 2012 3541">
    <p class='ocr_par' dir='ltr' id='par_1_37' title="bbox 421 3467 2012 3541">
     <span class='ocr_line' id='line_1_37' title="bbox 421 3467 2012 3541; baseline 0.004 -23"><span class='ocrx_word' id='word_1_252' title='bbox 421 3480 603 3520; x_wconf 89' lang='lat' dir='ltr'><strong>orare.</strong></span> <span class='ocrx_word' id='word_1_253' title='bbox 641 3467 710 3520; x_wconf 89' lang='lat' dir='ltr'><strong>Et</strong></span> <span class='ocrx_word' id='word_1_254' title='bbox 731 3475 791 3520; x_wconf 92' lang='lat' dir='ltr'><strong>ut</strong></span> <span class='ocrx_word' id='word_1_255' title='bbox 816 3468 930 3524; x_wconf 76' lang='lat' dir='ltr'><strong>haec</strong></span> <span class='ocrx_word' id='word_1_256' title='bbox 981 3470 1280 3524; x_wconf 87' lang='lat' dir='ltr'><strong>auctoritas</strong></span> <span class='ocrx_word' id='word_1_257' title='bbox 1309 3485 1406 3539; x_wconf 89' lang='lat' dir='ltr'><strong>per</strong></span> <span class='ocrx_word' id='word_1_258' title='bbox 1427 3469 1603 3524; x_wconf 90' lang='lat' dir='ltr'><strong>futura</strong></span> <span class='ocrx_word' id='word_1_259' title='bbox 1631 3478 1871 3541; x_wconf 89' lang='lat' dir='ltr'><strong>tempora</strong></span> <span class='ocrx_word' id='word_1_260' title='bbox 1900 3486 2012 3525; x_wconf 91' lang='lat' dir='ltr'><strong>me-</strong></span> 
     </span>
    </p>
   </div>
   <div class='ocr_carea' id='block_1_38' title="bbox 423 3552 2006 3628">
    <p class='ocr_par' dir='ltr' id='par_1_38' title="bbox 423 3552 2006 3628">
     <span class='ocr_line' id='line_1_38' title="bbox 423 3552 2006 3628; baseline 0.006 -23"><span class='ocrx_word' id='word_1_261' title='bbox 423 3552 529 3608; x_wconf 89' lang='lat' dir='ltr'><strong>lius</strong></span> <span class='ocrx_word' id='word_1_262' title='bbox 577 3564 931 3611; x_wconf 86' lang='lat' dir='ltr'><strong>conservetur</strong></span> <span class='ocrx_word' id='word_1_263' title='bbox 960 3573 1123 3612; x_wconf 90' lang='lat' dir='ltr'><strong>manu</strong></span> <span class='ocrx_word' id='word_1_264' title='bbox 1166 3561 1384 3628; x_wconf 89' lang='lat' dir='ltr'><strong>propria</strong></span> <span class='ocrx_word' id='word_1_265' title='bbox 1429 3559 1617 3615; x_wconf 84' lang='lat' dir='ltr'><strong>subter</strong></span> <span class='ocrx_word' id='word_1_266' title='bbox 1651 3558 2006 3625; x_wconf 77' lang='lat' dir='ltr'><strong>ﬁrmavimus,</strong></span> 
     </span>
    </p>
   </div>
   <div class='ocr_carea' id='block_1_39' title="bbox 423 3646 1823 3722">
    <p class='ocr_par' dir='ltr' id='par_1_39' title="bbox 423 3646 1823 3722">
     <span class='ocr_line' id='line_1_39' title="bbox 423 3646 1823 3722; baseline 0.005 -23"><span class='ocrx_word' id='word_1_267' title='bbox 423 3655 475 3699; x_wconf 90' lang='lat' dir='ltr'><strong>et</strong></span> <span class='ocrx_word' id='word_1_268' title='bbox 500 3646 680 3700; x_wconf 91' lang='lat' dir='ltr'><strong>annuli</strong></span> <span class='ocrx_word' id='word_1_269' title='bbox 713 3649 886 3702; x_wconf 89' lang='lat' dir='ltr'><strong>nostri</strong></span> <span class='ocrx_word' id='word_1_270' title='bbox 925 3649 1280 3717; x_wconf 91' lang='lat' dir='ltr'><strong>impressione</strong></span> <span class='ocrx_word' id='word_1_271' title='bbox 1310 3650 1515 3722; x_wconf 81' lang='lat' dir='ltr'><strong>signari</strong></span> <span class='ocrx_word' id='word_1_272' title='bbox 1543 3649 1823 3719; x_wconf 90' lang='lat' dir='ltr'><strong>jussimus.</strong></span> 
     </span>
    </p>
   </div>
   <div class='ocr_carea' id='block_1_40' title="bbox 494 3733 1766 3809">
    <p class='ocr_par' dir='ltr' id='par_1_40' title="bbox 494 3733 1766 3809">
     <span class='ocr_line' id='line_1_40' title="bbox 494 3733 1766 3809; baseline 0.006 -22"><span class='ocrx_word' id='word_1_273' title='bbox 494 3733 720 3805; x_wconf 82' lang='lat' dir='ltr'><strong>Signum</strong></span> <span class='ocrx_word' id='word_1_274' title='bbox 748 3737 1001 3791; x_wconf 86' lang='lat' dir='ltr'><strong>Ludovici</strong></span> <span class='ocrx_word' id='word_1_275' title='bbox 1029 3739 1360 3794; x_wconf 90' lang='lat' dir='ltr'><strong>serenissimi</strong></span> <span class='ocrx_word' id='word_1_276' title='bbox 1402 3741 1766 3809; x_wconf 89' lang='lat' dir='ltr'><strong>imperatoris.</strong></span> 
     </span>
    </p>
   </div>
   <div class='ocr_carea' id='block_1_41' title="bbox 493 3825 2007 3900">
    <p class='ocr_par' dir='ltr' id='par_1_41' title="bbox 493 3825 2007 3900">
     <span class='ocr_line' id='line_1_41' title="bbox 493 3825 2007 3900; baseline 0.007 -22"><span class='ocrx_word' id='word_1_277' title='bbox 493 3825 871 3882; x_wconf 81' lang='lat' dir='ltr'><strong>llirminmaris</strong></span> <span class='ocrx_word' id='word_1_278' title='bbox 909 3829 1166 3884; x_wconf 87' lang='lat' dir='ltr'><strong>diaconus</strong></span> <span class='ocrx_word' id='word_1_279' title='bbox 1195 3830 1262 3883; x_wconf 91' lang='lat' dir='ltr'><strong>ad</strong></span> <span class='ocrx_word' id='word_1_280' title='bbox 1289 3830 1465 3884; x_wconf 85' lang='lat' dir='ltr'><strong>vicem</strong></span> <span class='ocrx_word' id='word_1_281' title='bbox 1491 3831 1763 3900; x_wconf 85' lang='lat' dir='ltr'><strong>Fridugisi</strong></span> <span class='ocrx_word' id='word_1_282' title='bbox 1795 3833 2007 3891; x_wconf 87' lang='lat' dir='ltr'><strong>abbatis</strong></span> 
     </span>
    </p>
   </div>
   <div class='ocr_carea' id='block_1_42' title="bbox 423 3917 1604 3987">
    <p class='ocr_par' dir='ltr' id='par_1_42' title="bbox 423 3917 1604 3987">
     <span class='ocr_line' id='line_1_42' title="bbox 423 3917 1604 3987; baseline 0.001 -17"><span class='ocrx_word' id='word_1_283' title='bbox 423 3917 729 3987; x_wconf 79' lang='lat' dir='ltr'><strong>recognovi.</strong></span> <span class='ocrx_word' id='word_1_284' title='bbox 1598 3928 1604 3934; x_wconf 88' lang='lat'>&#39;</span> 
     </span>
    </p>
   </div>
   <div class='ocr_carea' id='block_1_43' title="bbox 493 4008 2007 4082">
    <p class='ocr_par' dir='ltr' id='par_1_43' title="bbox 493 4008 2007 4082">
     <span class='ocr_line' id='line_1_43' title="bbox 493 4008 2007 4082; baseline 0.006 -21"><span class='ocrx_word' id='word_1_285' title='bbox 493 4008 627 4062; x_wconf 89' lang='lat' dir='ltr'><strong>Data</strong></span> <span class='ocrx_word' id='word_1_286' title='bbox 665 4018 859 4079; x_wconf 89' lang='lat' dir='ltr'><strong>quarto</strong></span> <span class='ocrx_word' id='word_1_287' title='bbox 906 4009 1042 4064; x_wconf 89' lang='lat' dir='ltr'><strong>Non.</strong></span> <span class='ocrx_word' id='word_1_288' title='bbox 1098 4009 1293 4080; x_wconf 90' lang='lat' dir='ltr'><strong>April.,</strong></span> <span class='ocrx_word' id='word_1_289' title='bbox 1335 4027 1480 4066; x_wconf 86' lang='lat' dir='ltr'><strong>anno</strong></span> <span class='ocrx_word' id='word_1_290' title='bbox 1519 4013 1552 4067; x_wconf 87' lang='lat'><strong>9</strong></span> <span class='ocrx_word' id='word_1_291' title='bbox 1578 4013 1787 4082; x_wconf 89' lang='lat' dir='ltr'><strong>imperii</strong></span> <span class='ocrx_word' id='word_1_292' title='bbox 1821 4015 2007 4070; x_wconf 81' lang='lat' dir='ltr'><strong>domui</strong></span> 
     </span>
    </p>
   </div>
   <div class='ocr_carea' id='block_1_44' title="bbox 424 4102 2006 4175">
    <p class='ocr_par' dir='ltr' id='par_1_44' title="bbox 424 4102 2006 4175">
     <span class='ocr_line' id='line_1_44' title="bbox 424 4102 2006 4175; baseline 0.004 -20"><span class='ocrx_word' id='word_1_293' title='bbox 424 4102 680 4157; x_wconf 83' lang='lat' dir='ltr'><strong>Ludovici</strong></span> <span class='ocrx_word' id='word_1_294' title='bbox 733 4103 965 4173; x_wconf 89' lang='lat' dir='ltr'><strong>piissimi</strong></span> <span class='ocrx_word' id='word_1_295' title='bbox 1027 4103 1275 4175; x_wconf 83' lang='lat' dir='ltr'><strong>Augusti,</strong></span> <span class='ocrx_word' id='word_1_296' title='bbox 1333 4106 1627 4160; x_wconf 88' lang='lat' dir='ltr'><strong>indictione</strong></span> <span class='ocrx_word' id='word_1_297' title='bbox 1681 4106 1762 4160; x_wconf 75' lang='grc'><strong>15.</strong></span> <span class='ocrx_word' id='word_1_298' title='bbox 1812 4105 2006 4162; x_wconf 83' lang='lat' dir='ltr'><strong>Actum</strong></span> 
     </span>
    </p>
   </div>
   <div class='ocr_carea' id='block_1_45' title="bbox 426 4193 2001 4264">
    <p class='ocr_par' dir='ltr' id='par_1_45' title="bbox 426 4193 2001 4264">
     <span class='ocr_line' id='line_1_45' title="bbox 426 4193 2001 4264; baseline 0.002 -16"><span class='ocrx_word' id='word_1_299' title='bbox 426 4193 744 4263; x_wconf 77' lang='lat' dir='ltr'><strong>Aquisgrani</strong></span> <span class='ocrx_word' id='word_1_300' title='bbox 762 4193 961 4262; x_wconf 88' lang='lat' dir='ltr'><strong>palatio</strong></span> <span class='ocrx_word' id='word_1_301' title='bbox 978 4195 1123 4264; x_wconf 89' lang='lat' dir='ltr'><strong>regio</strong></span> <span class='ocrx_word' id='word_1_302' title='bbox 1141 4196 1192 4248; x_wconf 92' lang='lat' dir='ltr'><strong>in</strong></span> <span class='ocrx_word' id='word_1_303' title='bbox 1210 4195 1304 4249; x_wconf 88' lang='lat' dir='ltr'><strong>Dei</strong></span> <span class='ocrx_word' id='word_1_304' title='bbox 1320 4195 1536 4250; x_wconf 89' lang='lat' dir='ltr'><strong>nomine</strong></span> <span class='ocrx_word' id='word_1_305' title='bbox 1551 4194 1796 4250; x_wconf 80' lang='lat' dir='ltr'><strong>feliciter.</strong></span> <span class='ocrx_word' id='word_1_306' title='bbox 1813 4196 2001 4251; x_wconf 91' lang='lat' dir='ltr'><strong>Amen.</strong></span> 
     </span>
    </p>
   </div>
   <div class='ocr_carea' id='block_1_46' title="bbox 1175 4284 1258 4340">
    <p class='ocr_par' dir='ltr' id='par_1_46' title="bbox 1175 4284 1258 4340">
     <span class='ocr_line' id='line_1_46' title="bbox 1175 4284 1258 4340; baseline -0.024 0"><span class='ocrx_word' id='word_1_307' title='bbox 1175 4284 1258 4340; x_wconf 87' lang='lat' dir='ltr'><strong>Cl.</strong></span> 
     </span>
    </p>
   </div>
   <div class='ocr_carea' id='block_1_47' title="bbox 715 4389 1759 4432">
    <p class='ocr_par' dir='ltr' id='par_1_47' title="bbox 715 4389 1759 4432">
     <span class='ocr_line' id='line_1_47' title="bbox 715 4389 1759 4432; baseline -0.003 -3"><span class='ocrx_word' id='word_1_308' title='bbox 715 4391 814 4432; x_wconf 68' lang='grc' dir='ltr'><strong>ριιο</strong></span> <span class='ocrx_word' id='word_1_309' title='bbox 849 4389 1201 4430; x_wconf 66' lang='grc' dir='ltr'><strong>ΜΟΝᾹΒΤΕΒΙῘΞ</strong></span> <span class='ocrx_word' id='word_1_310' title='bbox 1222 4391 1274 4429; x_wconf 71' lang='grc' dir='ltr'><strong>ΙΝ</strong></span> <span class='ocrx_word' id='word_1_311' title='bbox 1298 4391 1432 4431; x_wconf 74' lang='lat' dir='ltr'><strong>UBBE</strong></span> <span class='ocrx_word' id='word_1_312' title='bbox 1456 4390 1759 4431; x_wconf 72' lang='lat' dir='ltr'><strong>SENONENSI.</strong></span> 
     </span>
    </p>
   </div>
   <div class='ocr_carea' id='block_1_48' title="bbox 1090 4464 1432 4535">
    <p class='ocr_par' dir='ltr' id='par_1_48' title="bbox 1090 4464 1432 4535">
     <span class='ocr_line' id='line_1_48' title="bbox 1090 4464 1432 4535; baseline 0 -17"><span class='ocrx_word' id='word_1_313' title='bbox 1090 4465 1261 4535; x_wconf 78' lang='lat' dir='ltr'><strong>(Anno</strong></span> <span class='ocrx_word' id='word_1_314' title='bbox 1284 4464 1432 4534; x_wconf 68' lang='lat'><strong>822.)</strong></span> 
     </span>
    </p>
   </div>
   <div class='ocr_carea' id='block_1_49' title="bbox 427 4553 1998 4697">
    <p class='ocr_par' dir='ltr' id='par_1_49' title="bbox 427 4553 1998 4697">
     <span class='ocr_line' id='line_1_49' title="bbox 427 4553 1998 4697; baseline -0.001 -86"><span class='ocrx_word' id='word_1_315' title='bbox 427 4557 604 4630; x_wconf 76' lang='lat' dir='ltr'><strong>{Apud</strong></span> <span class='ocrx_word' id='word_1_316' title='bbox 629 4553 825 4609; x_wconf 78' lang='lat' dir='ltr'><strong>Mabill.</strong></span> <span class='ocrx_word' id='word_1_317' title='bbox 869 4556 1061 4610; x_wconf 81' lang='lat' dir='ltr'><strong>Annal.</strong></span> <span class='ocrx_word' id='word_1_318' title='bbox 1086 4554 1314 4678; x_wconf 44' lang='lat' dir='ltr'><strong>erigi;</strong></span> <span class='ocrx_word' id='word_1_319' title='bbox 1338 4554 1568 4697; x_wconf 71' lang='lat' dir='ltr'><strong>]Bened.,</strong></span> <span class='ocrx_word' id='word_1_320' title='bbox 1613 4564 1744 4611; x_wconf 91' lang='lat' dir='ltr'><strong>tom.</strong></span> <span class='ocrx_word' id='word_1_321' title='bbox 1783 4555 1845 4622; x_wconf 84' lang='lat' dir='ltr'><strong>ll,</strong></span> <span class='ocrx_word' id='word_1_322' title='bbox 1878 4571 1998 4627; x_wconf 81' lang='lat' dir='ltr'><strong>pag.</strong></span> 
     </span>
    </p>
   </div>
   <div class='ocr_carea' id='block_1_50' title="bbox 498 4714 2002 4771">
    <p class='ocr_par' dir='ltr' id='par_1_50' title="bbox 498 4714 2002 4771">
     <span class='ocr_line' id='line_1_50' title="bbox 498 4714 2002 4771; baseline 0.001 -2"><span class='ocrx_word' id='word_1_323' title='bbox 498 4715 556 4769; x_wconf 89' lang='lat' dir='ltr'><strong>ln</strong></span> <span class='ocrx_word' id='word_1_324' title='bbox 596 4717 813 4771; x_wconf 91' lang='lat' dir='ltr'><strong>nomine</strong></span> <span class='ocrx_word' id='word_1_325' title='bbox 856 4715 1068 4770; x_wconf 91' lang='lat' dir='ltr'><strong>Domini</strong></span> <span class='ocrx_word' id='word_1_326' title='bbox 1107 4715 1199 4770; x_wconf 85' lang='lat' dir='ltr'><strong>Dei</strong></span> <span class='ocrx_word' id='word_1_327' title='bbox 1237 4723 1292 4768; x_wconf 93' lang='lat' dir='ltr'><strong>et</strong></span> <span class='ocrx_word' id='word_1_328' title='bbox 1331 4714 1627 4770; x_wconf 87' lang='lat' dir='ltr'><strong>Salvatoris</strong></span> <span class='ocrx_word' id='word_1_329' title='bbox 1655 4716 1826 4771; x_wconf 89' lang='lat' dir='ltr'><strong>nostri</strong></span> <span class='ocrx_word' id='word_1_330' title='bbox 1875 4715 2002 4771; x_wconf 82' lang='lat' dir='ltr'><strong>Jesu</strong></span> 
     </span>
    </p>
   </div>
   <div class='ocr_carea' id='block_1_51' title="bbox 429 4803 2002 4875">
    <p class='ocr_par' dir='ltr' id='par_1_51' title="bbox 429 4803 2002 4875">
     <span class='ocr_line' id='line_1_51' title="bbox 429 4803 2002 4875; baseline 0 -15"><span class='ocrx_word' id='word_1_331' title='bbox 429 4806 652 4870; x_wconf 82' lang='lat' dir='ltr'><strong>Christi,</strong></span> <span class='ocrx_word' id='word_1_332' title='bbox 688 4805 988 4860; x_wconf 81' lang='lat' dir='ltr'><strong>Ludovicus</strong></span> <span class='ocrx_word' id='word_1_333' title='bbox 1028 4804 1206 4859; x_wconf 83' lang='lat' dir='ltr'><strong>divina</strong></span> <span class='ocrx_word' id='word_1_334' title='bbox 1234 4803 1517 4859; x_wconf 86' lang='lat' dir='ltr'><strong>ordinante</strong></span> <span class='ocrx_word' id='word_1_335' title='bbox 1538 4805 1872 4875; x_wconf 86' lang='lat' dir='ltr'><strong>providentia</strong></span> <span class='ocrx_word' id='word_1_336' title='bbox 1901 4807 2002 4860; x_wconf 92' lang='lat' dir='ltr'><strong>im-</strong></span> 
     </span>
    </p>
   </div>
   <div class='ocr_carea' id='block_1_52' title="bbox 431 4895 973 4964">
    <p class='ocr_par' dir='ltr' id='par_1_52' title="bbox 431 4895 973 4964">
     <span class='ocr_line' id='line_1_52' title="bbox 431 4895 973 4964; baseline -0.011 -13"><span class='ocrx_word' id='word_1_337' title='bbox 431 4906 647 4964; x_wconf 84' lang='lat' dir='ltr'><strong>perator</strong></span> <span class='ocrx_word' id='word_1_338' title='bbox 681 4895 973 4964; x_wconf 80' lang='lat' dir='ltr'><strong>Augustus.</strong></span> 
     </span>
    </p>
   </div>
   <div class='ocr_carea' id='block_1_53' title="bbox 502 4980 2004 5049">
    <p class='ocr_par' dir='ltr' id='par_1_53' title="bbox 502 4980 2004 5049">
     <span class='ocr_line' id='line_1_53' title="bbox 502 4980 2004 5049; baseline -0.003 -8"><span class='ocrx_word' id='word_1_339' title='bbox 502 4986 560 5040; x_wconf 89' lang='lat' dir='ltr'><strong>Si</strong></span> <span class='ocrx_word' id='word_1_340' title='bbox 599 4985 742 5047; x_wconf 84' lang='lat' dir='ltr'><strong>illius</strong></span> <span class='ocrx_word' id='word_1_341' title='bbox 781 4997 964 5038; x_wconf 86' lang='lat' dir='ltr'><strong>amore</strong></span> <span class='ocrx_word' id='word_1_342' title='bbox 989 4980 1140 5049; x_wconf 89' lang='lat' dir='ltr'><strong>cujus</strong></span> <span class='ocrx_word' id='word_1_343' title='bbox 1183 4997 1404 5038; x_wconf 85' lang='lat' dir='ltr'><strong>munere</strong></span> <span class='ocrx_word' id='word_1_344' title='bbox 1453 4985 1663 5042; x_wconf 74' lang='lat' dir='ltr'><strong>czeteris</strong></span> <span class='ocrx_word' id='word_1_345' title='bbox 1689 4985 2004 5047; x_wconf 83' lang='lat' dir='ltr'><strong>mortalilus</strong></span> 
     </span>
    </p>
   </div>
   <div class='ocr_carea' id='block_1_54' title="bbox 431 5071 2007 5145">
    <p class='ocr_par' dir='ltr' id='par_1_54' title="bbox 431 5071 2007 5145">
     <span class='ocr_line' id='line_1_54' title="bbox 431 5071 2007 5145; baseline 0 -16"><span class='ocrx_word' id='word_1_346' title='bbox 431 5075 638 5145; x_wconf 69' lang='lat' dir='ltr'><strong>prmlati</strong></span> <span class='ocrx_word' id='word_1_347' title='bbox 661 5089 869 5140; x_wconf 88' lang='lat' dir='ltr'><strong>sumus,</strong></span> <span class='ocrx_word' id='word_1_348' title='bbox 919 5071 1020 5136; x_wconf 87' lang='lat' dir='ltr'><strong>soli</strong></span> <span class='ocrx_word' id='word_1_349' title='bbox 1064 5071 1171 5124; x_wconf 91' lang='lat' dir='ltr'><strong>Deo</strong></span> <span class='ocrx_word' id='word_1_350' title='bbox 1218 5071 1320 5132; x_wconf 82' lang='lat' dir='ltr'><strong>sub</strong></span> <span class='ocrx_word' id='word_1_351' title='bbox 1353 5081 1539 5138; x_wconf 85' lang='lat' dir='ltr'><strong>sancta</strong></span> <span class='ocrx_word' id='word_1_352' title='bbox 1579 5073 1830 5142; x_wconf 82' lang='lat' dir='ltr'><strong>religione</strong></span> <span class='ocrx_word' id='word_1_353' title='bbox 1867 5074 2007 5129; x_wconf 89' lang='lat' dir='ltr'><strong>mili-</strong></span> 
     </span>
    </p>
   </div>
   <div class='ocr_carea' id='block_1_55' title="bbox 425 5161 2006 5233">
    <p class='ocr_par' dir='ltr' id='par_1_55' title="bbox 425 5161 2006 5233">
     <span class='ocr_line' id='line_1_55' title="bbox 425 5161 2006 5233; baseline -0.003 -12"><span class='ocrx_word' id='word_1_354' title='bbox 425 5167 672 5221; x_wconf 73' lang='lat' dir='ltr'><strong>tantibus</strong></span> <span class='ocrx_word' id='word_1_355' title='bbox 716 5165 781 5218; x_wconf 93' lang='lat' dir='ltr'><strong>ad</strong></span> <span class='ocrx_word' id='word_1_356' title='bbox 816 5163 1028 5216; x_wconf 90' lang='lat' dir='ltr'><strong>laudem</strong></span> <span class='ocrx_word' id='word_1_357' title='bbox 1067 5161 1436 5232; x_wconf 85' lang='lat' dir='ltr'><strong>honoremque</strong></span> <span class='ocrx_word' id='word_1_358' title='bbox 1467 5163 1638 5233; x_wconf 80' lang='lat' dir='ltr'><strong>ipsius</strong></span> <span class='ocrx_word' id='word_1_359' title='bbox 1673 5171 1730 5218; x_wconf 89' lang='lat' dir='ltr'><strong>et</strong></span> <span class='ocrx_word' id='word_1_360' title='bbox 1773 5165 1842 5218; x_wconf 90' lang='lat' dir='ltr'><strong>ad</strong></span> <span class='ocrx_word' id='word_1_361' title='bbox 1890 5165 2006 5232; x_wconf 84' lang='lat' dir='ltr'><strong>ani-</strong></span> 
     </span>
    </p>
   </div>
   <div class='ocr_carea' id='block_1_56' title="bbox 507 5312 2009 5388">
    <p class='ocr_par' dir='ltr' id='par_1_56' title="bbox 507 5312 2009 5388">
     <span class='ocr_line' id='line_1_56' title="bbox 507 5312 2009 5388; baseline -0.002 -16"><span class='ocrx_word' id='word_1_362' title='bbox 507 5332 531 5360; x_wconf 79' lang='grc' dir='ltr'>ιι</span> <span class='ocrx_word' id='word_1_363' title='bbox 572 5318 748 5388; x_wconf 77' lang='lat' dir='ltr'><strong>Cellas</strong></span> <span class='ocrx_word' id='word_1_364' title='bbox 769 5312 1057 5388; x_wconf 63' lang='lat' dir='ltr'><strong>humiliori</strong></span> <span class='ocrx_word' id='word_1_365' title='bbox 1099 5314 1356 5388; x_wconf 81' lang='lat' dir='ltr'><strong>vocabulo</strong></span> <span class='ocrx_word' id='word_1_366' title='bbox 1395 5317 1627 5388; x_wconf 79' lang='lat' dir='ltr'><strong>appellat</strong></span> <span class='ocrx_word' id='word_1_367' title='bbox 1669 5317 1786 5374; x_wconf 74' lang='lat' dir='ltr'><strong>inec</strong></span> <span class='ocrx_word' id='word_1_368' title='bbox 1822 5331 2009 5388; x_wconf 85' lang='lat' dir='ltr'><strong>mona—</strong></span> 
     </span>
    </p>
   </div>
   <div class='ocr_carea' id='block_1_57' title="bbox 437 5385 2010 5455">
    <p class='ocr_par' dir='ltr' id='par_1_57' title="bbox 437 5385 2010 5455">
     <span class='ocr_line' id='line_1_57' title="bbox 437 5385 2010 5455; baseline -0.003 -11"><span class='ocrx_word' id='word_1_369' title='bbox 437 5389 602 5444; x_wconf 88' lang='lat' dir='ltr'><strong>steria</strong></span> <span class='ocrx_word' id='word_1_370' title='bbox 659 5385 990 5447; x_wconf 87' lang='lat' dir='ltr'><strong>Ludovicus,</strong></span> <span class='ocrx_word' id='word_1_371' title='bbox 1035 5391 1129 5437; x_wconf 92' lang='lat' dir='ltr'><strong>aut</strong></span> <span class='ocrx_word' id='word_1_372' title='bbox 1171 5385 1350 5453; x_wconf 89' lang='lat' dir='ltr'><strong>potius</strong></span> <span class='ocrx_word' id='word_1_373' title='bbox 1406 5385 1702 5441; x_wconf 83' lang='lat' dir='ltr'><strong>Hieremias</strong></span> <span class='ocrx_word' id='word_1_374' title='bbox 1742 5387 1830 5455; x_wconf 90' lang='lat' dir='ltr'><strong>qui</strong></span> <span class='ocrx_word' id='word_1_375' title='bbox 1881 5402 2010 5455; x_wconf 70' lang='lat' dir='ltr'><strong>pra:-</strong></span> 
     </span>
    </p>
   </div>
   <div class='ocr_carea' id='block_1_58' title="bbox 435 5455 2008 5528">
    <p class='ocr_par' dir='ltr' id='par_1_58' title="bbox 435 5455 2008 5528">
     <span class='ocr_line' id='line_1_58' title="bbox 435 5455 2008 5528; baseline -0.002 -15"><span class='ocrx_word' id='word_1_376' title='bbox 435 5455 651 5528; x_wconf 77' lang='lat' dir='ltr'><strong>ceptum</strong></span> <span class='ocrx_word' id='word_1_377' title='bbox 687 5455 942 5517; x_wconf 88' lang='lat' dir='ltr'><strong>obtinuit,</strong></span> <span class='ocrx_word' id='word_1_378' title='bbox 996 5462 1056 5506; x_wconf 92' lang='lat' dir='ltr'><strong>ut</strong></span> <span class='ocrx_word' id='word_1_379' title='bbox 1091 5467 1278 5508; x_wconf 83' lang='lat' dir='ltr'><strong>eorum</strong></span> <span class='ocrx_word' id='word_1_380' title='bbox 1318 5455 1574 5525; x_wconf 86' lang='lat' dir='ltr'><strong>majorem</strong></span> <span class='ocrx_word' id='word_1_381' title='bbox 1623 5455 2008 5525; x_wconf 88' lang='lat' dir='ltr'><strong>subjectionem</strong></span> 
     </span>
    </p>
   </div>
   <div class='ocr_carea' id='block_1_59' title="bbox 439 5530 677 5583">
    <p class='ocr_par' dir='ltr' id='par_1_59' title="bbox 439 5530 677 5583">
     <span class='ocr_line' id='line_1_59' title="bbox 439 5530 677 5583; baseline -0.021 0"><span class='ocrx_word' id='word_1_382' title='bbox 439 5530 677 5583; x_wconf 89' lang='lat' dir='ltr'><strong>denotet.</strong></span> 
     </span>
    </p>
   </div>
   <div class='ocr_carea' id='block_1_60' title="bbox 512 5592 2010 5663">
    <p class='ocr_par' dir='ltr' id='par_1_60' title="bbox 512 5592 2010 5663">
     <span class='ocr_line' id='line_1_60' title="bbox 512 5592 2010 5663; baseline -0.001 -13"><span class='ocrx_word' id='word_1_383' title='bbox 512 5599 540 5637; x_wconf 70' lang='grc' dir='ltr'>δ</span> <span class='ocrx_word' id='word_1_384' title='bbox 580 5598 656 5650; x_wconf 77' lang='lat' dir='ltr'><strong>Ex</strong></span> <span class='ocrx_word' id='word_1_385' title='bbox 683 5595 853 5649; x_wconf 89' lang='lat' dir='ltr'><strong>tribus</strong></span> <span class='ocrx_word' id='word_1_386' title='bbox 884 5592 988 5646; x_wconf 88' lang='lat' dir='ltr'><strong>illis</strong></span> <span class='ocrx_word' id='word_1_387' title='bbox 1011 5593 1354 5663; x_wconf 73' lang='lat' dir='ltr'><strong>monasteriis</strong></span> <span class='ocrx_word' id='word_1_388' title='bbox 1382 5594 1486 5648; x_wconf 92' lang='lat' dir='ltr'><strong>duo</strong></span> <span class='ocrx_word' id='word_1_389' title='bbox 1520 5605 1826 5663; x_wconf 85' lang='lat' dir='ltr'><strong>supersunt,</strong></span> <span class='ocrx_word' id='word_1_390' title='bbox 1856 5595 2010 5648; x_wconf 88' lang='lat' dir='ltr'><strong>nimi-</strong></span> 
     </span>
    </p>
   </div>
   <div class='ocr_carea' id='block_1_61' title="bbox 443 5661 2008 5733">
    <p class='ocr_par' dir='ltr' id='par_1_61' title="bbox 443 5661 2008 5733">
     <span class='ocr_line' id='line_1_61' title="bbox 443 5661 2008 5733; baseline 0.001 -16"><span class='ocrx_word' id='word_1_391' title='bbox 443 5682 560 5733; x_wconf 82' lang='lat' dir='ltr'><strong>rum</strong></span> <span class='ocrx_word' id='word_1_392' title='bbox 608 5664 792 5720; x_wconf 81' lang='lat' dir='ltr'><strong>Sancti</strong></span> <span class='ocrx_word' id='word_1_393' title='bbox 821 5664 987 5723; x_wconf 89' lang='lat' dir='ltr'><strong>Petri,</strong></span> <span class='ocrx_word' id='word_1_394' title='bbox 1036 5661 1151 5714; x_wconf 77' lang='lat' dir='ltr'><strong>Vivi</strong></span> <span class='ocrx_word' id='word_1_395' title='bbox 1182 5662 1340 5733; x_wconf 78' lang='lat' dir='ltr'><strong>vulgo</strong></span> <span class='ocrx_word' id='word_1_396' title='bbox 1377 5665 1527 5726; x_wconf 88' lang='lat' dir='ltr'><strong>dicti,</strong></span> <span class='ocrx_word' id='word_1_397' title='bbox 1553 5661 1607 5718; x_wconf 83' lang='lat' dir='ltr'><strong>et</strong></span> <span class='ocrx_word' id='word_1_398' title='bbox 1643 5665 1823 5718; x_wconf 86' lang='lat' dir='ltr'><strong>Sancti</strong></span> <span class='ocrx_word' id='word_1_399' title='bbox 1847 5663 2008 5718; x_wconf 86' lang='lat' dir='ltr'><strong>Joan—</strong></span> 
     </span>
    </p>
   </div>
   <div class='ocr_carea' id='block_1_62' title="bbox 445 5730 2006 5823">
    <p class='ocr_par' dir='ltr' id='par_1_62' title="bbox 445 5730 2006 5823">
     <span class='ocr_line' id='line_1_62' title="bbox 445 5730 2006 5823; baseline -0.004 -34"><span class='ocrx_word' id='word_1_400' title='bbox 445 5730 543 5806; x_wconf 65' lang='lat' dir='ltr'><strong>nis,</strong></span> <span class='ocrx_word' id='word_1_401' title='bbox 597 5735 738 5823; x_wconf 71' lang='lat' dir='ltr'><strong>quod</strong></span> <span class='ocrx_word' id='word_1_402' title='bbox 762 5733 1028 5808; x_wconf 85' lang='lat' dir='ltr'><strong>posterius</strong></span> <span class='ocrx_word' id='word_1_403' title='bbox 1076 5730 1231 5786; x_wconf 88' lang='lat' dir='ltr'><strong>modo</strong></span> <span class='ocrx_word' id='word_1_404' title='bbox 1261 5730 1344 5787; x_wconf 80' lang='lat' dir='ltr'><strong>est</strong></span> <span class='ocrx_word' id='word_1_405' title='bbox 1395 5735 1772 5791; x_wconf 88' lang='lat' dir='ltr'><strong>canonicorum</strong></span> <span class='ocrx_word' id='word_1_406' title='bbox 1801 5735 2006 5803; x_wconf 69' lang='lat' dir='ltr'><strong>regula-</strong></span> 
     </span>
    </p>
   </div>
   <div class='ocr_carea' id='block_1_63' title="bbox 2113 547 3700 615">
    <p class='ocr_par' dir='ltr' id='par_1_63' title="bbox 2113 547 3700 615">
     <span class='ocr_line' id='line_1_63' title="bbox 2113 547 3700 615; baseline 0.006 -15"><span class='ocrx_word' id='word_1_407' title='bbox 2113 553 2317 601; x_wconf 74' lang='lat' dir='ltr'><strong>aetema</strong></span> <span class='ocrx_word' id='word_1_408' title='bbox 2347 547 2678 602; x_wconf 84' lang='lat' dir='ltr'><strong>beatitudine</strong></span> <span class='ocrx_word' id='word_1_409' title='bbox 2707 549 3172 615; x_wconf 88' lang='lat' dir='ltr'><strong>ascribendarum,</strong></span> <span class='ocrx_word' id='word_1_410' title='bbox 3205 560 3424 606; x_wconf 85' lang='lat' dir='ltr'><strong>terrena</strong></span> <span class='ocrx_word' id='word_1_411' title='bbox 3451 568 3700 609; x_wconf 50' lang='lat' dir='ltr'><strong>commeo</strong></span> 
     </span>
    </p>
   </div>
   <div class='ocr_carea' id='block_1_64' title="bbox 2109 637 3703 711">
    <p class='ocr_par' dir='ltr' id='par_1_64' title="bbox 2109 637 3703 711">
     <span class='ocr_line' id='line_1_64' title="bbox 2109 637 3703 711; baseline 0.004 -20"><span class='ocrx_word' id='word_1_412' title='bbox 2109 637 2178 691; x_wconf 88' lang='lat' dir='ltr'><strong>da</strong></span> <span class='ocrx_word' id='word_1_413' title='bbox 2226 637 2453 693; x_wconf 87' lang='lat' dir='ltr'><strong>subsidii</strong></span> <span class='ocrx_word' id='word_1_414' title='bbox 2503 638 2830 708; x_wconf 87' lang='lat' dir='ltr'><strong>temporalis,</strong></span> <span class='ocrx_word' id='word_1_415' title='bbox 2885 639 3003 696; x_wconf 84' lang='lat' dir='ltr'><strong>sine</strong></span> <span class='ocrx_word' id='word_1_416' title='bbox 3051 641 3252 711; x_wconf 85' lang='lat' dir='ltr'><strong>quibus</strong></span> <span class='ocrx_word' id='word_1_417' title='bbox 3304 656 3543 710; x_wconf 70' lang='lat' dir='ltr'><strong>praesens</strong></span> <span class='ocrx_word' id='word_1_418' title='bbox 3584 643 3703 700; x_wconf 83' lang='lat' dir='ltr'><strong>vita</strong></span> 
     </span>
    </p>
   </div>
   <div class='ocr_carea' id='block_1_65' title="bbox 2110 727 3695 799">
    <p class='ocr_par' dir='ltr' id='par_1_65' title="bbox 2110 727 3695 799">
     <span class='ocr_line' id='line_1_65' title="bbox 2110 727 3695 799; baseline 0.003 -17"><span class='ocrx_word' id='word_1_419' title='bbox 2110 727 2335 799; x_wconf 87' lang='lat' dir='ltr'><strong>transigi</strong></span> <span class='ocrx_word' id='word_1_420' title='bbox 2374 742 2480 782; x_wconf 91' lang='lat' dir='ltr'><strong>non</strong></span> <span class='ocrx_word' id='word_1_421' title='bbox 2533 735 2730 796; x_wconf 88' lang='lat' dir='ltr'><strong>potest,</strong></span> <span class='ocrx_word' id='word_1_422' title='bbox 2789 744 3191 798; x_wconf 81' lang='lat' dir='ltr'><strong>comparamus,</strong></span> <span class='ocrx_word' id='word_1_423' title='bbox 3227 740 3287 785; x_wconf 90' lang='lat' dir='ltr'><strong>ut</strong></span> <span class='ocrx_word' id='word_1_424' title='bbox 3326 731 3400 787; x_wconf 73' lang='lat' dir='ltr'><strong>llil</strong></span> <span class='ocrx_word' id='word_1_425' title='bbox 3441 741 3695 787; x_wconf 83' lang='lat' dir='ltr'><strong>tantum-</strong></span> 
     </span>
    </p>
   </div>
   <div class='ocr_carea' id='block_1_66' title="bbox 2108 816 3702 888">
    <p class='ocr_par' dir='ltr' id='par_1_66' title="bbox 2108 816 3702 888">
     <span class='ocr_line' id='line_1_66' title="bbox 2108 816 3702 888; baseline 0.003 -19"><span class='ocrx_word' id='word_1_426' title='bbox 2108 816 2269 872; x_wconf 88' lang='lat' dir='ltr'><strong>modo</strong></span> <span class='ocrx_word' id='word_1_427' title='bbox 2297 818 2417 872; x_wconf 85' lang='lat' dir='ltr'><strong>sine</strong></span> <span class='ocrx_word' id='word_1_428' title='bbox 2446 817 2855 886; x_wconf 89' lang='lat' dir='ltr'><strong>impedimento,</strong></span> <span class='ocrx_word' id='word_1_429' title='bbox 2901 827 3165 888; x_wconf 78' lang='lat' dir='ltr'><strong>quantum</strong></span> <span class='ocrx_word' id='word_1_430' title='bbox 3186 819 3468 888; x_wconf 65' lang='lat' dir='ltr'><strong>prasentis</strong></span> <span class='ocrx_word' id='word_1_431' title='bbox 3494 828 3702 874; x_wconf 72' lang='lat' dir='ltr'><strong>morta-</strong></span> 
     </span>
    </p>
   </div>
   <div class='ocr_carea' id='block_1_67' title="bbox 2109 906 3701 979">
    <p class='ocr_par' dir='ltr' id='par_1_67' title="bbox 2109 906 3701 979">
     <span class='ocr_line' id='line_1_67' title="bbox 2109 906 3701 979; baseline 0.004 -19"><span class='ocrx_word' id='word_1_432' title='bbox 2109 906 2282 963; x_wconf 85' lang='lat' dir='ltr'><strong>litatis</strong></span> <span class='ocrx_word' id='word_1_433' title='bbox 2328 907 2459 963; x_wconf 88' lang='lat' dir='ltr'><strong>sinit</strong></span> <span class='ocrx_word' id='word_1_434' title='bbox 2496 906 2785 979; x_wconf 83' lang='lat' dir='ltr'><strong>fragilitas,</strong></span> <span class='ocrx_word' id='word_1_435' title='bbox 2817 909 2986 965; x_wconf 85' lang='lat' dir='ltr'><strong>libere</strong></span> <span class='ocrx_word' id='word_1_436' title='bbox 3031 911 3356 976; x_wconf 78' lang='lat' dir='ltr'><strong>descrviant,</strong></span> <span class='ocrx_word' id='word_1_437' title='bbox 3399 914 3487 967; x_wconf 89' lang='lat' dir='ltr'><strong>cui</strong></span> <span class='ocrx_word' id='word_1_438' title='bbox 3525 910 3701 967; x_wconf 86' lang='lat' dir='ltr'><strong>semel</strong></span> 
     </span>
    </p>
   </div>
   <div class='ocr_carea' id='block_1_68' title="bbox 2109 997 3702 1070">
    <p class='ocr_par' dir='ltr' id='par_1_68' title="bbox 2109 997 3702 1070">
     <span class='ocr_line' id='line_1_68' title="bbox 2109 997 3702 1070; baseline 0.004 -20"><span class='ocrx_word' id='word_1_439' title='bbox 2109 1011 2169 1051; x_wconf 88' lang='lat' dir='ltr'><strong>se</strong></span> <span class='ocrx_word' id='word_1_440' title='bbox 2216 997 2556 1067; x_wconf 83' lang='lat' dir='ltr'><strong>mancipasse</strong></span> <span class='ocrx_word' id='word_1_441' title='bbox 2595 998 2662 1052; x_wconf 91' lang='lat' dir='ltr'><strong>ad</strong></span> <span class='ocrx_word' id='word_1_442' title='bbox 2691 998 2904 1053; x_wconf 90' lang='lat' dir='ltr'><strong>laudem</strong></span> <span class='ocrx_word' id='word_1_443' title='bbox 2932 999 3360 1070; x_wconf 87' lang='lat' dir='ltr'><strong>obsequiumque</strong></span> <span class='ocrx_word' id='word_1_444' title='bbox 3396 1003 3563 1070; x_wconf 87' lang='lat' dir='ltr'><strong>ipsius</strong></span> <span class='ocrx_word' id='word_1_445' title='bbox 3584 1010 3702 1057; x_wconf 85' lang='lat' dir='ltr'><strong>toto</strong></span> 
     </span>
    </p>
   </div>
   <div class='ocr_carea' id='block_1_69' title="bbox 2109 1086 3703 1154">
    <p class='ocr_par' dir='ltr' id='par_1_69' title="bbox 2109 1086 3703 1154">
     <span class='ocr_line' id='line_1_69' title="bbox 2109 1086 3703 1154; baseline 0.003 -14"><span class='ocrx_word' id='word_1_446' title='bbox 2109 1086 2236 1142; x_wconf 64' lang='lat' dir='ltr'><strong>vitae</strong></span> <span class='ocrx_word' id='word_1_447' title='bbox 2263 1101 2374 1145; x_wconf 70' lang='lat' dir='ltr'><strong>suae</strong></span> <span class='ocrx_word' id='word_1_448' title='bbox 2397 1102 2560 1146; x_wconf 85' lang='lat' dir='ltr'><strong>cursu</strong></span> <span class='ocrx_word' id='word_1_449' title='bbox 2586 1097 2914 1154; x_wconf 86' lang='lat' dir='ltr'><strong>noscuntur;</strong></span> <span class='ocrx_word' id='word_1_450' title='bbox 2946 1090 3118 1148; x_wconf 82' lang='lat' dir='ltr'><strong>nostri</strong></span> <span class='ocrx_word' id='word_1_451' title='bbox 3142 1089 3342 1149; x_wconf 87' lang='lat' dir='ltr'><strong>laboris</strong></span> <span class='ocrx_word' id='word_1_452' title='bbox 3386 1092 3626 1149; x_wconf 87' lang='lat' dir='ltr'><strong>studium</strong></span> <span class='ocrx_word' id='word_1_453' title='bbox 3647 1099 3703 1145; x_wconf 84' lang='lat' dir='ltr'><strong>et</strong></span> 
     </span>
    </p>
   </div>
   <div class='ocr_carea' id='block_1_70' title="bbox 2108 1178 3702 1250">
    <p class='ocr_par' dir='ltr' id='par_1_70' title="bbox 2108 1178 3702 1250">
     <span class='ocr_line' id='line_1_70' title="bbox 2108 1178 3702 1250; baseline 0.002 -17"><span class='ocrx_word' id='word_1_454' title='bbox 2108 1178 2328 1249; x_wconf 82' lang='lat' dir='ltr'><strong>pietatis</strong></span> <span class='ocrx_word' id='word_1_455' title='bbox 2351 1195 2487 1250; x_wconf 90' lang='lat' dir='ltr'><strong>opus</strong></span> <span class='ocrx_word' id='word_1_456' title='bbox 2517 1179 2657 1250; x_wconf 91' lang='lat' dir='ltr'><strong>apud</strong></span> <span class='ocrx_word' id='word_1_457' title='bbox 2682 1179 2852 1235; x_wconf 90' lang='lat' dir='ltr'><strong>Deum</strong></span> <span class='ocrx_word' id='word_1_458' title='bbox 2880 1180 3192 1235; x_wconf 87' lang='lat' dir='ltr'><strong>nullatenus</strong></span> <span class='ocrx_word' id='word_1_459' title='bbox 3223 1180 3338 1238; x_wconf 80' lang='lat' dir='ltr'><strong>fore</strong></span> <span class='ocrx_word' id='word_1_460' title='bbox 3366 1183 3484 1238; x_wconf 88' lang='lat' dir='ltr'><strong>sine</strong></span> <span class='ocrx_word' id='word_1_461' title='bbox 3515 1183 3702 1237; x_wconf 85' lang='lat' dir='ltr'><strong>fructu</strong></span> 
     </span>
    </p>
   </div>
   <div class='ocr_carea' id='block_1_71' title="bbox 2107 1269 3696 1342">
    <p class='ocr_par' dir='ltr' id='par_1_71' title="bbox 2107 1269 3696 1342">
     <span class='ocr_line' id='line_1_71' title="bbox 2107 1269 3696 1342; baseline 0.001 -17"><span class='ocrx_word' id='word_1_462' title='bbox 2107 1269 2399 1334; x_wconf 88' lang='lat' dir='ltr'><strong>credimus,</strong></span> <span class='ocrx_word' id='word_1_463' title='bbox 2448 1269 2567 1324; x_wconf 92' lang='lat' dir='ltr'><strong>sine</strong></span> <span class='ocrx_word' id='word_1_464' title='bbox 2612 1285 2721 1340; x_wconf 91' lang='lat' dir='ltr'><strong>quo</strong></span> <span class='ocrx_word' id='word_1_465' title='bbox 2770 1284 2871 1324; x_wconf 91' lang='lat' dir='ltr'><strong>nec</strong></span> <span class='ocrx_word' id='word_1_466' title='bbox 2924 1271 3063 1325; x_wconf 83' lang='lat' dir='ltr'><strong>velle</strong></span> <span class='ocrx_word' id='word_1_467' title='bbox 3111 1270 3398 1340; x_wconf 87' lang='lat' dir='ltr'><strong>quisquam</strong></span> <span class='ocrx_word' id='word_1_468' title='bbox 3428 1272 3696 1342; x_wconf 88' lang='lat' dir='ltr'><strong>benepo-</strong></span> 
     </span>
    </p>
   </div>
   <div class='ocr_carea' id='block_1_72' title="bbox 2107 1360 3680 1431">
    <p class='ocr_par' dir='ltr' id='par_1_72' title="bbox 2107 1360 3680 1431">
     <span class='ocr_line' id='line_1_72' title="bbox 2107 1360 3680 1431; baseline 0.003 -19"><span class='ocrx_word' id='word_1_469' title='bbox 2107 1367 2234 1425; x_wconf 84' lang='lat' dir='ltr'><strong>test,</strong></span> <span class='ocrx_word' id='word_1_470' title='bbox 2267 1367 2467 1430; x_wconf 89' lang='lat' dir='ltr'><strong>quanto</strong></span> <span class='ocrx_word' id='word_1_471' title='bbox 2488 1361 2660 1430; x_wconf 85' lang='lat' dir='ltr'><strong>magis</strong></span> <span class='ocrx_word' id='word_1_472' title='bbox 2684 1360 2964 1430; x_wconf 84' lang='lat' dir='ltr'><strong>perlicere.</strong></span> <span class='ocrx_word' id='word_1_473' title='bbox 3010 1360 3178 1430; x_wconf 83' lang='lat' dir='ltr'><strong>Igitur</strong></span> <span class='ocrx_word' id='word_1_474' title='bbox 3213 1361 3515 1431; x_wconf 88' lang='lat' dir='ltr'><strong>comperiat</strong></span> <span class='ocrx_word' id='word_1_475' title='bbox 3563 1376 3680 1416; x_wconf 82' lang='lat' dir='ltr'><strong>om-</strong></span> 
     </span>
    </p>
   </div>
   <div class='ocr_carea' id='block_1_73' title="bbox 2108 1449 3700 1520">
    <p class='ocr_par' dir='ltr' id='par_1_73' title="bbox 2108 1449 3700 1520">
     <span class='ocr_line' id='line_1_73' title="bbox 2108 1449 3700 1520; baseline 0.001 -17"><span class='ocrx_word' id='word_1_476' title='bbox 2108 1451 2257 1505; x_wconf 91' lang='lat' dir='ltr'><strong>nium</strong></span> <span class='ocrx_word' id='word_1_477' title='bbox 2284 1450 2518 1504; x_wconf 78' lang='lat' dir='ltr'><strong>ﬁdelium</strong></span> <span class='ocrx_word' id='word_1_478' title='bbox 2546 1458 2750 1506; x_wconf 77' lang='lat' dir='ltr'><strong>sanctze</strong></span> <span class='ocrx_word' id='word_1_479' title='bbox 2779 1450 2874 1505; x_wconf 92' lang='lat' dir='ltr'><strong>Dei</strong></span> <span class='ocrx_word' id='word_1_480' title='bbox 2912 1449 3186 1515; x_wconf 67' lang='lat' dir='ltr'><strong>Ecclesiae,</strong></span> <span class='ocrx_word' id='word_1_481' title='bbox 3217 1458 3328 1504; x_wconf 91' lang='lat' dir='ltr'><strong>tam</strong></span> <span class='ocrx_word' id='word_1_482' title='bbox 3348 1451 3700 1520; x_wconf 68' lang='lat' dir='ltr'><strong>przesentium</strong></span> 
     </span>
    </p>
   </div>
   <div class='ocr_carea' id='block_1_74' title="bbox 2108 1537 3702 1610">
    <p class='ocr_par' dir='ltr' id='par_1_74' title="bbox 2108 1537 3702 1610">
     <span class='ocr_line' id='line_1_74' title="bbox 2108 1537 3702 1610; baseline 0.001 -17"><span class='ocrx_word' id='word_1_483' title='bbox 2108 1537 2620 1610; x_wconf 57' lang='lat' dir='ltr'><strong>quam&#39;futurorum</strong></span> <span class='ocrx_word' id='word_1_484' title='bbox 2651 1582 2665 1606; x_wconf 99' lang='lat'><strong>,</strong></span> <span class='ocrx_word' id='word_1_485' title='bbox 2709 1541 3016 1606; x_wconf 91' lang='lat' dir='ltr'><strong>sinceritas,</strong></span> <span class='ocrx_word' id='word_1_486' title='bbox 3057 1541 3184 1610; x_wconf 90' lang='lat' dir='ltr'><strong>quia</strong></span> <span class='ocrx_word' id='word_1_487' title='bbox 3230 1541 3315 1594; x_wconf 89' lang='lat' dir='ltr'><strong>vir</strong></span> <span class='ocrx_word' id='word_1_488' title='bbox 3368 1539 3702 1595; x_wconf 82' lang='lat' dir='ltr'><strong>venerabilis</strong></span> 
     </span>
    </p>
   </div>
   <div class='ocr_carea' id='block_1_75' title="bbox 2109 1629 3700 1700">
    <p class='ocr_par' dir='ltr' id='par_1_75' title="bbox 2109 1629 3700 1700">
     <span class='ocr_line' id='line_1_75' title="bbox 2109 1629 3700 1700; baseline -0.001 -16"><span class='ocrx_word' id='word_1_489' title='bbox 2109 1629 2432 1696; x_wconf 78' lang='lat' dir='ltr'><strong>Hieremias,</strong></span> <span class='ocrx_word' id='word_1_490' title='bbox 2457 1639 2660 1686; x_wconf 86' lang='lat' dir='ltr'><strong>sanctae</strong></span> <span class='ocrx_word' id='word_1_491' title='bbox 2677 1630 2959 1687; x_wconf 73' lang='lat' dir='ltr'><strong>Senoniae</strong></span> <span class='ocrx_word' id='word_1_492' title='bbox 2971 1630 3213 1686; x_wconf 68' lang='lat' dir='ltr'><strong>ecclesiae</strong></span> <span class='ocrx_word' id='word_1_493' title='bbox 3236 1630 3700 1700; x_wconf 85' lang='lat' dir='ltr'><strong>archiepiscopus,</strong></span> 
     </span>
    </p>
   </div>
   <div class='ocr_carea' id='block_1_76' title="bbox 2110 1720 3700 1793">
    <p class='ocr_par' dir='ltr' id='par_1_76' title="bbox 2110 1720 3700 1793">
     <span class='ocr_line' id='line_1_76' title="bbox 2110 1720 3700 1793; baseline 0.001 -17"><span class='ocrx_word' id='word_1_494' title='bbox 2110 1722 2302 1777; x_wconf 82' lang='lat' dir='ltr'><strong>humili</strong></span> <span class='ocrx_word' id='word_1_495' title='bbox 2344 1723 2689 1793; x_wconf 84' lang='lat' dir='ltr'><strong>suggestione</strong></span> <span class='ocrx_word' id='word_1_496' title='bbox 2733 1721 3037 1780; x_wconf 71' lang='lat' dir='ltr'><strong>clementia:</strong></span> <span class='ocrx_word' id='word_1_497' title='bbox 3078 1731 3279 1776; x_wconf 74' lang='lat' dir='ltr'><strong>nostrae</strong></span> <span class='ocrx_word' id='word_1_498' title='bbox 3326 1720 3586 1785; x_wconf 89' lang='lat' dir='ltr'><strong>innotuit,</strong></span> <span class='ocrx_word' id='word_1_499' title='bbox 3631 1737 3700 1777; x_wconf 84' lang='lat' dir='ltr'><strong>eo</strong></span> 
     </span>
    </p>
   </div>
   <div class='ocr_carea' id='block_1_77' title="bbox 2037 1809 3697 1884">
    <p class='ocr_par' dir='ltr' id='par_1_77' title="bbox 2037 1809 3697 1884">
     <span class='ocr_line' id='line_1_77' title="bbox 2037 1809 3697 1884; baseline -0.001 -16"><span class='ocrx_word' id='word_1_500' title='bbox 2037 1809 2079 1868; x_wconf 83' lang='lat' dir='ltr'><strong>B</strong></span> <span class='ocrx_word' id='word_1_501' title='bbox 2106 1813 2248 1882; x_wconf 88' lang='lat' dir='ltr'><strong>quod</strong></span> <span class='ocrx_word' id='word_1_502' title='bbox 2280 1825 2304 1854; x_wconf 69' lang='grc' dir='ltr'>δ</span> <span class='ocrx_word' id='word_1_503' title='bbox 2354 1813 2502 1868; x_wconf 73' lang='lat' dir='ltr'><strong>cellae</strong></span> <span class='ocrx_word' id='word_1_504' title='bbox 2549 1813 2876 1868; x_wconf 75' lang='lat' dir='ltr'><strong>cmnobiales</strong></span> <span class='ocrx_word' id='word_1_505' title='bbox 2899 1813 3177 1884; x_wconf 88' lang='lat' dir='ltr'><strong>episcopii,</strong></span> <span class='ocrx_word' id='word_1_506' title='bbox 3207 1814 3293 1867; x_wconf 90' lang='lat' dir='ltr'><strong>cui</strong></span> <span class='ocrx_word' id='word_1_507' title='bbox 3325 1821 3548 1867; x_wconf 80' lang='lat' dir='ltr'><strong>auctore</strong></span> <span class='ocrx_word' id='word_1_508' title='bbox 3585 1811 3697 1867; x_wconf 87' lang='lat' dir='ltr'><strong>Deo</strong></span> 
     </span>
    </p>
   </div>
   <div class='ocr_carea' id='block_1_78' title="bbox 2109 1902 3700 1974">
    <p class='ocr_par' dir='ltr' id='par_1_78' title="bbox 2109 1902 3700 1974">
     <span class='ocr_line' id='line_1_78' title="bbox 2109 1902 3700 1974; baseline -0.003 -14"><span class='ocrx_word' id='word_1_509' title='bbox 2109 1913 2329 1974; x_wconf 66' lang='lat' dir='ltr'><strong>praeest,</strong></span> <span class='ocrx_word' id='word_1_510' title='bbox 2389 1906 2442 1960; x_wconf 90' lang='lat' dir='ltr'><strong>id</strong></span> <span class='ocrx_word' id='word_1_511' title='bbox 2471 1914 2555 1960; x_wconf 92' lang='lat' dir='ltr'><strong>est</strong></span> <span class='ocrx_word' id='word_1_512' title='bbox 2601 1905 2735 1963; x_wconf 83' lang='lat' dir='ltr'><strong>cella</strong></span> <span class='ocrx_word' id='word_1_513' title='bbox 2786 1904 2973 1960; x_wconf 88' lang='lat' dir='ltr'><strong>Sancti</strong></span> <span class='ocrx_word' id='word_1_514' title='bbox 3015 1903 3183 1967; x_wconf 85' lang='lat' dir='ltr'><strong>Petri,</strong></span> <span class='ocrx_word' id='word_1_515' title='bbox 3237 1912 3290 1958; x_wconf 88' lang='lat' dir='ltr'><strong>et</strong></span> <span class='ocrx_word' id='word_1_516' title='bbox 3327 1903 3460 1958; x_wconf 87' lang='lat' dir='ltr'><strong>cella</strong></span> <span class='ocrx_word' id='word_1_517' title='bbox 3511 1902 3700 1957; x_wconf 89' lang='lat' dir='ltr'><strong>Sancti</strong></span> 
     </span>
    </p>
   </div>
   <div class='ocr_carea' id='block_1_79' title="bbox 2106 1992 3698 2067">
    <p class='ocr_par' dir='ltr' id='par_1_79' title="bbox 2106 1992 3698 2067">
     <span class='ocr_line' id='line_1_79' title="bbox 2106 1992 3698 2067; baseline 0.001 -19"><span class='ocrx_word' id='word_1_518' title='bbox 2106 1992 2351 2060; x_wconf 82' lang='lat' dir='ltr'><strong>Joannis,</strong></span> <span class='ocrx_word' id='word_1_519' title='bbox 2383 2006 2437 2051; x_wconf 90' lang='lat' dir='ltr'><strong>et</strong></span> <span class='ocrx_word' id='word_1_520' title='bbox 2463 1996 2593 2052; x_wconf 85' lang='lat' dir='ltr'><strong>cella</strong></span> <span class='ocrx_word' id='word_1_521' title='bbox 2622 1996 2805 2052; x_wconf 90' lang='lat' dir='ltr'><strong>Sancti</strong></span> <span class='ocrx_word' id='word_1_522' title='bbox 2823 1996 3054 2067; x_wconf 81' lang='lat' dir='ltr'><strong>Remigii</strong></span> <span class='ocrx_word' id='word_1_523' title='bbox 3077 1997 3127 2061; x_wconf 74' lang='grc' dir='ltr'><strong>δ,</strong></span> <span class='ocrx_word' id='word_1_524' title='bbox 3155 1996 3207 2050; x_wconf 83' lang='grc' dir='ltr'><strong>ὶη</strong></span> <span class='ocrx_word' id='word_1_525' title='bbox 3237 1995 3432 2064; x_wconf 92' lang='lat' dir='ltr'><strong>quibus</strong></span> <span class='ocrx_word' id='word_1_526' title='bbox 3447 1997 3698 2050; x_wconf 78' lang='lat' dir='ltr'><strong>monachi</strong></span> 
     </span>
    </p>
   </div>
   <div class='ocr_carea' id='block_1_80' title="bbox 2109 2085 3700 2157">
    <p class='ocr_par' dir='ltr' id='par_1_80' title="bbox 2109 2085 3700 2157">
     <span class='ocr_line' id='line_1_80' title="bbox 2109 2085 3700 2157; baseline -0.001 -17"><span class='ocrx_word' id='word_1_527' title='bbox 2109 2086 2209 2141; x_wconf 87' lang='lat' dir='ltr'><strong>sub</strong></span> <span class='ocrx_word' id='word_1_528' title='bbox 2226 2095 2413 2141; x_wconf 87' lang='lat' dir='ltr'><strong>sancta</strong></span> <span class='ocrx_word' id='word_1_529' title='bbox 2431 2087 2630 2157; x_wconf 69' lang='lat' dir='ltr'><strong>regulae</strong></span> <span class='ocrx_word' id='word_1_530' title='bbox 2655 2087 2942 2157; x_wconf 84' lang='lat' dir='ltr'><strong>disciplina</strong></span> <span class='ocrx_word' id='word_1_531' title='bbox 2971 2086 3278 2157; x_wconf 84' lang='lat' dir='ltr'><strong>religiosam</strong></span> <span class='ocrx_word' id='word_1_532' title='bbox 3308 2085 3475 2140; x_wconf 85' lang='lat' dir='ltr'><strong>vitam</strong></span> <span class='ocrx_word' id='word_1_533' title='bbox 3504 2085 3700 2139; x_wconf 72' lang='lat' dir='ltr'><strong>divina:</strong></span> 
     </span>
    </p>
   </div>
   <div class='ocr_carea' id='block_1_81' title="bbox 2108 2176 3701 2247">
    <p class='ocr_par' dir='ltr' id='par_1_81' title="bbox 2108 2176 3701 2247">
     <span class='ocr_line' id='line_1_81' title="bbox 2108 2176 3701 2247; baseline 0 -17"><span class='ocrx_word' id='word_1_534' title='bbox 2108 2178 2298 2247; x_wconf 89' lang='lat' dir='ltr'><strong>pietati</strong></span> <span class='ocrx_word' id='word_1_535' title='bbox 2342 2186 2455 2232; x_wconf 90' lang='lat' dir='ltr'><strong>toto</strong></span> <span class='ocrx_word' id='word_1_536' title='bbox 2490 2177 2695 2233; x_wconf 90' lang='lat' dir='ltr'><strong>laboris</strong></span> <span class='ocrx_word' id='word_1_537' title='bbox 2725 2178 2919 2232; x_wconf 89' lang='lat' dir='ltr'><strong>adnisu</strong></span> <span class='ocrx_word' id='word_1_538' title='bbox 2947 2176 3149 2232; x_wconf 88' lang='lat' dir='ltr'><strong>debent</strong></span> <span class='ocrx_word' id='word_1_539' title='bbox 3191 2177 3476 2242; x_wconf 77' lang='lat' dir='ltr'><strong>exhibere,</strong></span> <span class='ocrx_word' id='word_1_540' title='bbox 3539 2177 3701 2232; x_wconf 84' lang='lat' dir='ltr'><strong>variis</strong></span> 
     </span>
    </p>
   </div>
   <div class='ocr_carea' id='block_1_82' title="bbox 2109 2264 3700 2338">
    <p class='ocr_par' dir='ltr' id='par_1_82' title="bbox 2109 2264 3700 2338">
     <span class='ocr_line' id='line_1_82' title="bbox 2109 2264 3700 2338; baseline 0.002 -17"><span class='ocrx_word' id='word_1_541' title='bbox 2109 2267 2324 2322; x_wconf 88' lang='lat' dir='ltr'><strong>casibus</strong></span> <span class='ocrx_word' id='word_1_542' title='bbox 2363 2267 2699 2337; x_wconf 87' lang='lat' dir='ltr'><strong>diversisque</strong></span> <span class='ocrx_word' id='word_1_543' title='bbox 2727 2268 3059 2338; x_wconf 88' lang='lat' dir='ltr'><strong>indigentiis,</strong></span> <span class='ocrx_word' id='word_1_544' title='bbox 3108 2267 3306 2337; x_wconf 87' lang='lat' dir='ltr'><strong>quibus</strong></span> <span class='ocrx_word' id='word_1_545' title='bbox 3334 2267 3570 2321; x_wconf 88' lang='lat' dir='ltr'><strong>humana</strong></span> <span class='ocrx_word' id='word_1_546' title='bbox 3600 2264 3700 2324; x_wconf 79' lang='lat' dir='ltr'><strong>ful-</strong></span> 
     </span>
    </p>
   </div>
   <div class='ocr_carea' id='block_1_83' title="bbox 2109 2356 3702 2428">
    <p class='ocr_par' dir='ltr' id='par_1_83' title="bbox 2109 2356 3702 2428">
     <span class='ocr_line' id='line_1_83' title="bbox 2109 2356 3702 2428; baseline 0.001 -18"><span class='ocrx_word' id='word_1_547' title='bbox 2109 2356 2253 2410; x_wconf 91' lang='lat' dir='ltr'><strong>citur</strong></span> <span class='ocrx_word' id='word_1_548' title='bbox 2278 2356 2562 2428; x_wconf 88' lang='lat' dir='ltr'><strong>fragilitas,</strong></span> <span class='ocrx_word' id='word_1_549' title='bbox 2613 2367 2736 2413; x_wconf 90' lang='lat' dir='ltr'><strong>ante</strong></span> <span class='ocrx_word' id='word_1_550' title='bbox 2765 2359 2963 2414; x_wconf 91' lang='lat' dir='ltr'><strong>addicti</strong></span> <span class='ocrx_word' id='word_1_551' title='bbox 2986 2359 3086 2413; x_wconf 91' lang='lat' dir='ltr'><strong>sub</strong></span> <span class='ocrx_word' id='word_1_552' title='bbox 3113 2360 3365 2413; x_wconf 89' lang='lat' dir='ltr'><strong>manibus</strong></span> <span class='ocrx_word' id='word_1_553' title='bbox 3389 2367 3443 2413; x_wconf 90' lang='lat' dir='ltr'><strong>et</strong></span> <span class='ocrx_word' id='word_1_554' title='bbox 3469 2368 3702 2428; x_wconf 82' lang='lat' dir='ltr'><strong>potesta-</strong></span> 
     </span>
    </p>
   </div>
   <div class='ocr_carea' id='block_1_84' title="bbox 2109 2451 3695 2522">
    <p class='ocr_par' dir='ltr' id='par_1_84' title="bbox 2109 2451 3695 2522">
     <span class='ocr_line' id='line_1_84' title="bbox 2109 2451 3695 2522; baseline 0.003 -22"><span class='ocrx_word' id='word_1_555' title='bbox 2109 2454 2161 2501; x_wconf 92' lang='lat' dir='ltr'><strong>te</strong></span> <span class='ocrx_word' id='word_1_556' title='bbox 2189 2456 2592 2505; x_wconf 90' lang='lat' dir='ltr'><strong>antecessorum</strong></span> <span class='ocrx_word' id='word_1_557' title='bbox 2621 2451 2810 2521; x_wconf 89' lang='lat' dir='ltr'><strong>ipsius,</strong></span> <span class='ocrx_word' id='word_1_558' title='bbox 2868 2460 3096 2522; x_wconf 87' lang='lat' dir='ltr'><strong>urgente</strong></span> <span class='ocrx_word' id='word_1_559' title='bbox 3139 2451 3452 2506; x_wconf 87' lang='lat' dir='ltr'><strong>omnimoda</strong></span> <span class='ocrx_word' id='word_1_560' title='bbox 3492 2453 3695 2522; x_wconf 89' lang='lat' dir='ltr'><strong>inopia,</strong></span> 
     </span>
    </p>
   </div>
   <div class='ocr_carea' id='block_1_85' title="bbox 2108 2537 3692 2610">
    <p class='ocr_par' dir='ltr' id='par_1_85' title="bbox 2108 2537 3692 2610">
     <span class='ocr_line' id='line_1_85' title="bbox 2108 2537 3692 2610; baseline 0.003 -20"><span class='ocrx_word' id='word_1_561' title='bbox 2108 2537 2264 2610; x_wconf 87' lang='lat' dir='ltr'><strong>longe</strong></span> <span class='ocrx_word' id='word_1_562' title='bbox 2309 2553 2339 2593; x_wconf 89' lang='lat' dir='ltr'><strong>a</strong></span> <span class='ocrx_word' id='word_1_563' title='bbox 2389 2554 2486 2596; x_wconf 86' lang='lat' dir='ltr'><strong>suo</strong></span> <span class='ocrx_word' id='word_1_564' title='bbox 2529 2541 2805 2610; x_wconf 88' lang='lat' dir='ltr'><strong>proposito</strong></span> <span class='ocrx_word' id='word_1_565' title='bbox 2853 2541 3176 2595; x_wconf 85' lang='lat' dir='ltr'><strong>aberrantes</strong></span> <span class='ocrx_word' id='word_1_566' title='bbox 3225 2542 3692 2605; x_wconf 77' lang='lat' dir='ltr'><strong>exorbitaverunt,</strong></span> 
     </span>
    </p>
   </div>
   <div class='ocr_carea' id='block_1_86' title="bbox 2111 2629 3691 2704">
    <p class='ocr_par' dir='ltr' id='par_1_86' title="bbox 2111 2629 3691 2704">
     <span class='ocr_line' id='line_1_86' title="bbox 2111 2629 3691 2704; baseline 0.002 -22"><span class='ocrx_word' id='word_1_567' title='bbox 2111 2629 2236 2683; x_wconf 91' lang='lat' dir='ltr'><strong>dum</strong></span> <span class='ocrx_word' id='word_1_568' title='bbox 2298 2629 2552 2684; x_wconf 84' lang='lat' dir='ltr'><strong>videlicet</strong></span> <span class='ocrx_word' id='word_1_569' title='bbox 2599 2639 3039 2704; x_wconf 52' lang='lat' dir='ltr'><strong>memoratarum.</strong></span> <span class='ocrx_word' id='word_1_570' title='bbox 3077 2631 3383 2686; x_wconf 86' lang='lat' dir='ltr'><strong>substantia</strong></span> <span class='ocrx_word' id='word_1_571' title='bbox 3431 2631 3691 2685; x_wconf 89' lang='lat' dir='ltr'><strong>cellarum</strong></span> 
     </span>
    </p>
   </div>
   <div class='ocr_carea' id='block_1_87' title="bbox 2108 2717 3694 2792">
    <p class='ocr_par' dir='ltr' id='par_1_87' title="bbox 2108 2717 3694 2792">
     <span class='ocr_line' id='line_1_87' title="bbox 2108 2717 3694 2792; baseline 0.003 -22"><span class='ocrx_word' id='word_1_572' title='bbox 2108 2734 2208 2792; x_wconf 73' lang='lat' dir='ltr'><strong>per</strong></span> <span class='ocrx_word' id='word_1_573' title='bbox 2243 2717 2565 2773; x_wconf 86' lang='lat' dir='ltr'><strong>divisionem</strong></span> <span class='ocrx_word' id='word_1_574' title='bbox 2619 2718 2749 2773; x_wconf 89' lang='lat' dir='ltr'><strong>olim</strong></span> <span class='ocrx_word' id='word_1_575' title='bbox 2797 2717 2997 2774; x_wconf 84' lang='lat' dir='ltr'><strong>factam</strong></span> <span class='ocrx_word' id='word_1_576' title='bbox 3031 2719 3316 2774; x_wconf 87' lang='lat' dir='ltr'><strong>imminuta</strong></span> <span class='ocrx_word' id='word_1_577' title='bbox 3362 2718 3586 2786; x_wconf 87' lang='lat' dir='ltr'><strong>fuisset;</strong></span> <span class='ocrx_word' id='word_1_578' title='bbox 3641 2729 3694 2775; x_wconf 87' lang='lat' dir='ltr'><strong>et</strong></span> 
     </span>
    </p>
   </div>
   <div class='ocr_carea' id='block_1_88' title="bbox 2109 2809 3693 2879">
    <p class='ocr_par' dir='ltr' id='par_1_88' title="bbox 2109 2809 3693 2879">
     <span class='ocr_line' id='line_1_88' title="bbox 2109 2809 3693 2879; baseline 0.001 -18"><span class='ocrx_word' id='word_1_579' title='bbox 2109 2809 2202 2878; x_wconf 91' lang='lat' dir='ltr'><strong>qui</strong></span> <span class='ocrx_word' id='word_1_580' title='bbox 2235 2816 2507 2879; x_wconf 67' lang='lat' dir='ltr'><strong>praeerant</strong></span> <span class='ocrx_word' id='word_1_581' title='bbox 2540 2809 2801 2878; x_wconf 88' lang='lat' dir='ltr'><strong>episcopi,</strong></span> <span class='ocrx_word' id='word_1_582' title='bbox 2843 2824 2948 2863; x_wconf 90' lang='lat' dir='ltr'><strong>non</strong></span> <span class='ocrx_word' id='word_1_583' title='bbox 2984 2809 3247 2863; x_wconf 84' lang='lat' dir='ltr'><strong>habentes</strong></span> <span class='ocrx_word' id='word_1_584' title='bbox 3275 2810 3418 2864; x_wconf 89' lang='lat' dir='ltr'><strong>unde</strong></span> <span class='ocrx_word' id='word_1_585' title='bbox 3457 2810 3693 2864; x_wconf 87' lang='lat' dir='ltr'><strong>subsidia</strong></span> 
     </span>
    </p>
   </div>
   <div class='ocr_carea' id='block_1_89' title="bbox 2110 2897 3691 2973">
    <p class='ocr_par' dir='ltr' id='par_1_89' title="bbox 2110 2897 3691 2973">
     <span class='ocr_line' id='line_1_89' title="bbox 2110 2897 3691 2973; baseline 0.004 -17"><span class='ocrx_word' id='word_1_586' title='bbox 2110 2907 2419 2971; x_wconf 87' lang='lat' dir='ltr'><strong>sumptuum</strong></span> <span class='ocrx_word' id='word_1_587' title='bbox 2453 2897 2566 2958; x_wconf 86' lang='lat' dir='ltr'><strong>suis</strong></span> <span class='ocrx_word' id='word_1_588' title='bbox 2586 2899 2773 2957; x_wconf 87' lang='lat' dir='ltr'><strong>usibus</strong></span> <span class='ocrx_word' id='word_1_589' title='bbox 2803 2899 3110 2960; x_wconf 80' lang='lat' dir='ltr'><strong>necessaria</strong></span> <span class='ocrx_word' id='word_1_590' title='bbox 3152 2908 3432 2973; x_wconf 86' lang='lat' dir='ltr'><strong>caperent,</strong></span> <span class='ocrx_word' id='word_1_591' title='bbox 3479 2916 3544 2960; x_wconf 75' lang='lat' dir='ltr'><strong>ex</strong></span> <span class='ocrx_word' id='word_1_592' title='bbox 3591 2901 3691 2962; x_wconf 79' lang='lat' dir='ltr'><strong>eis-</strong></span> 
     </span>
    </p>
   </div>
   <div class='ocr_carea' id='block_1_90' title="bbox 2111 2991 3693 3064">
    <p class='ocr_par' dir='ltr' id='par_1_90' title="bbox 2111 2991 3693 3064">
     <span class='ocr_line' id='line_1_90' title="bbox 2111 2991 3693 3064; baseline 0.001 -16"><span class='ocrx_word' id='word_1_593' title='bbox 2111 2991 2232 3048; x_wconf 86' lang='lat' dir='ltr'><strong>dem</strong></span> <span class='ocrx_word' id='word_1_594' title='bbox 2261 2991 2434 3058; x_wconf 90' lang='lat' dir='ltr'><strong>cellis,</strong></span> <span class='ocrx_word' id='word_1_595' title='bbox 2461 3001 2720 3061; x_wconf 85' lang='lat' dir='ltr'><strong>quantum</strong></span> <span class='ocrx_word' id='word_1_596' title='bbox 2740 3000 3064 3063; x_wconf 80' lang='lat' dir='ltr'><strong>extorquere</strong></span> <span class='ocrx_word' id='word_1_597' title='bbox 3090 2994 3340 3064; x_wconf 86' lang='lat' dir='ltr'><strong>quibant,</strong></span> <span class='ocrx_word' id='word_1_598' title='bbox 3370 2995 3496 3052; x_wconf 92' lang='lat' dir='ltr'><strong>dum</strong></span> <span class='ocrx_word' id='word_1_599' title='bbox 3524 2996 3693 3050; x_wconf 82' lang='lat' dir='ltr'><strong>aliun-</strong></span> 
     </span>
    </p>
   </div>
   <div class='ocr_carea' id='block_1_91' title="bbox 2111 3084 3694 3156">
    <p class='ocr_par' dir='ltr' id='par_1_91' title="bbox 2111 3084 3694 3156">
     <span class='ocr_line' id='line_1_91' title="bbox 2111 3084 3694 3156; baseline 0.002 -16"><span class='ocrx_word' id='word_1_600' title='bbox 2111 3085 2178 3140; x_wconf 88' lang='lat' dir='ltr'><strong>de</strong></span> <span class='ocrx_word' id='word_1_601' title='bbox 2226 3084 2597 3140; x_wconf 77' lang='lat' dir='ltr'><strong>suﬂicientiam</strong></span> <span class='ocrx_word' id='word_1_602' title='bbox 2628 3086 2828 3141; x_wconf 90' lang='lat' dir='ltr'><strong>habere</strong></span> <span class='ocrx_word' id='word_1_603' title='bbox 2877 3101 2985 3141; x_wconf 90' lang='lat' dir='ltr'><strong>non</strong></span> <span class='ocrx_word' id='word_1_604' title='bbox 3016 3095 3260 3156; x_wconf 91' lang='lat' dir='ltr'><strong>possent,</strong></span> <span class='ocrx_word' id='word_1_605' title='bbox 3323 3087 3440 3144; x_wconf 89' lang='lat' dir='ltr'><strong>dari</strong></span> <span class='ocrx_word' id='word_1_606' title='bbox 3476 3089 3576 3143; x_wconf 86' lang='lat' dir='ltr'><strong>sibi</strong></span> <span class='ocrx_word' id='word_1_607' title='bbox 3607 3104 3694 3143; x_wconf 90' lang='lat' dir='ltr'><strong>co-</strong></span> 
     </span>
    </p>
   </div>
   <div class='ocr_carea' id='block_1_92' title="bbox 2037 3156 3692 3247">
    <p class='ocr_par' dir='ltr' id='par_1_92' title="bbox 2037 3156 3692 3247">
     <span class='ocr_line' id='line_1_92' title="bbox 2037 3156 3692 3247; baseline 0.003 -18"><span class='ocrx_word' id='word_1_608' title='bbox 2037 3156 2081 3218; x_wconf 81' lang='lat' dir='ltr'><strong>C</strong></span> <span class='ocrx_word' id='word_1_609' title='bbox 2113 3177 2310 3246; x_wconf 83' lang='lat' dir='ltr'><strong>gebant</strong></span> <span class='ocrx_word' id='word_1_610' title='bbox 2337 3190 2351 3229; x_wconf 90' lang='lat'><strong>:</strong></span> <span class='ocrx_word' id='word_1_611' title='bbox 2382 3176 2569 3246; x_wconf 89' lang='lat' dir='ltr'><strong>sicque</strong></span> <span class='ocrx_word' id='word_1_612' title='bbox 2617 3176 2783 3232; x_wconf 84' lang='lat' dir='ltr'><strong>ﬁebat</strong></span> <span class='ocrx_word' id='word_1_613' title='bbox 2831 3185 2889 3230; x_wconf 92' lang='lat' dir='ltr'><strong>ut</strong></span> <span class='ocrx_word' id='word_1_614' title='bbox 2927 3177 2980 3232; x_wconf 89' lang='lat' dir='ltr'><strong>hi</strong></span> <span class='ocrx_word' id='word_1_615' title='bbox 3026 3178 3116 3247; x_wconf 89' lang='lat' dir='ltr'><strong>qui</strong></span> <span class='ocrx_word' id='word_1_616' title='bbox 3152 3177 3346 3236; x_wconf 80' lang='lat' dir='ltr'><strong>devota</strong></span> <span class='ocrx_word' id='word_1_617' title='bbox 3396 3179 3692 3234; x_wconf 86' lang='lat' dir='ltr'><strong>stabilitate</strong></span> 
     </span>
    </p>
   </div>
   <div class='ocr_carea' id='block_1_93' title="bbox 2113 3266 3690 3339">
    <p class='ocr_par' dir='ltr' id='par_1_93' title="bbox 2113 3266 3690 3339">
     <span class='ocr_line' id='line_1_93' title="bbox 2113 3266 3690 3339; baseline 0.003 -18"><span class='ocrx_word' id='word_1_618' title='bbox 2113 3268 2310 3322; x_wconf 81' lang='lat' dir='ltr'><strong>mentis</strong></span> <span class='ocrx_word' id='word_1_619' title='bbox 2351 3276 2405 3322; x_wconf 89' lang='lat' dir='ltr'><strong>et</strong></span> <span class='ocrx_word' id='word_1_620' title='bbox 2442 3270 2688 3339; x_wconf 88' lang='lat' dir='ltr'><strong>corporis</strong></span> <span class='ocrx_word' id='word_1_621' title='bbox 2735 3266 2931 3324; x_wconf 90' lang='lat' dir='ltr'><strong>ibidem</strong></span> <span class='ocrx_word' id='word_1_622' title='bbox 2977 3285 3223 3339; x_wconf 79' lang='lat' dir='ltr'><strong>supernze</strong></span> <span class='ocrx_word' id='word_1_623' title='bbox 3272 3270 3460 3339; x_wconf 81' lang='lat' dir='ltr'><strong>pietati</strong></span> <span class='ocrx_word' id='word_1_624' title='bbox 3507 3270 3690 3326; x_wconf 72' lang='lat' dir='ltr'><strong>laudes</strong></span> 
     </span>
    </p>
   </div>
   <div class='ocr_carea' id='block_1_94' title="bbox 2110 3360 3693 3432">
    <p class='ocr_par' dir='ltr' id='par_1_94' title="bbox 2110 3360 3693 3432">
     <span class='ocr_line' id='line_1_94' title="bbox 2110 3360 3693 3432; baseline 0.003 -19"><span class='ocrx_word' id='word_1_625' title='bbox 2110 3360 2439 3428; x_wconf 89' lang='lat' dir='ltr'><strong>persolvere,</strong></span> <span class='ocrx_word' id='word_1_626' title='bbox 2491 3376 2753 3430; x_wconf 89' lang='lat' dir='ltr'><strong>suamque</strong></span> <span class='ocrx_word' id='word_1_627' title='bbox 2800 3362 2966 3416; x_wconf 87' lang='lat' dir='ltr'><strong>vitam</strong></span> <span class='ocrx_word' id='word_1_628' title='bbox 3013 3363 3419 3426; x_wconf 89' lang='lat' dir='ltr'><strong>commendare,</strong></span> <span class='ocrx_word' id='word_1_629' title='bbox 3461 3378 3559 3432; x_wconf 90' lang='lat' dir='ltr'><strong>pro</strong></span> <span class='ocrx_word' id='word_1_630' title='bbox 3599 3377 3693 3418; x_wconf 87' lang='lat' dir='ltr'><strong>no-</strong></span> 
     </span>
    </p>
   </div>
   <div class='ocr_carea' id='block_1_95' title="bbox 2112 3450 3694 3520">
    <p class='ocr_par' dir='ltr' id='par_1_95' title="bbox 2112 3450 3694 3520">
     <span class='ocr_line' id='line_1_95' title="bbox 2112 3450 3694 3520; baseline 0.004 -18"><span class='ocrx_word' id='word_1_631' title='bbox 2112 3457 2222 3503; x_wconf 90' lang='lat' dir='ltr'><strong>stra</strong></span> <span class='ocrx_word' id='word_1_632' title='bbox 2261 3461 2494 3520; x_wconf 89' lang='lat' dir='ltr'><strong>quoque,</strong></span> <span class='ocrx_word' id='word_1_633' title='bbox 2517 3451 2766 3520; x_wconf 88' lang='lat' dir='ltr'><strong>conjugis</strong></span> <span class='ocrx_word' id='word_1_634' title='bbox 2794 3465 2859 3505; x_wconf 90' lang='lat' dir='ltr'><strong>ac</strong></span> <span class='ocrx_word' id='word_1_635' title='bbox 2886 3450 3182 3506; x_wconf 87' lang='lat' dir='ltr'><strong>liberorum</strong></span> <span class='ocrx_word' id='word_1_636' title='bbox 3214 3451 3608 3513; x_wconf 87' lang='lat' dir='ltr'><strong>incolumitate,</strong></span> <span class='ocrx_word' id='word_1_637' title='bbox 3637 3459 3694 3508; x_wconf 86' lang='lat' dir='ltr'><strong>et</strong></span> 
     </span>
    </p>
   </div>
   <div class='ocr_carea' id='block_1_96' title="bbox 2110 3536 3696 3610">
    <p class='ocr_par' dir='ltr' id='par_1_96' title="bbox 2110 3536 3696 3610">
     <span class='ocr_line' id='line_1_96' title="bbox 2110 3536 3696 3610; baseline 0.001 -17"><span class='ocrx_word' id='word_1_638' title='bbox 2110 3555 2210 3608; x_wconf 91' lang='lat' dir='ltr'><strong>pro</strong></span> <span class='ocrx_word' id='word_1_639' title='bbox 2237 3540 2386 3610; x_wconf 61' lang='lat' dir='ltr'><strong>rigui</strong></span> <span class='ocrx_word' id='word_1_640' title='bbox 2412 3541 2592 3595; x_wconf 90' lang='lat' dir='ltr'><strong>divina</strong></span> <span class='ocrx_word' id='word_1_641' title='bbox 2644 3541 2798 3594; x_wconf 91' lang='lat' dir='ltr'><strong>nobis</strong></span> <span class='ocrx_word' id='word_1_642' title='bbox 2831 3541 3176 3595; x_wconf 86' lang='lat' dir='ltr'><strong>miseratione</strong></span> <span class='ocrx_word' id='word_1_643' title='bbox 3205 3536 3448 3597; x_wconf 87' lang='lat' dir='ltr'><strong>concessi</strong></span> <span class='ocrx_word' id='word_1_644' title='bbox 3483 3555 3696 3595; x_wconf 83' lang='lat' dir='ltr'><strong>conscr-</strong></span> 
     </span>
    </p>
   </div>
   <div class='ocr_carea' id='block_1_97' title="bbox 2113 3628 3692 3699">
    <p class='ocr_par' dir='ltr' id='par_1_97' title="bbox 2113 3628 3692 3699">
     <span class='ocr_line' id='line_1_97' title="bbox 2113 3628 3692 3699; baseline 0.003 -21"><span class='ocrx_word' id='word_1_645' title='bbox 2113 3629 2345 3692; x_wconf 87' lang='lat' dir='ltr'><strong>vatione,</strong></span> <span class='ocrx_word' id='word_1_646' title='bbox 2402 3644 2608 3699; x_wconf 91' lang='lat' dir='ltr'><strong>proque</strong></span> <span class='ocrx_word' id='word_1_647' title='bbox 2648 3629 2811 3684; x_wconf 89' lang='lat' dir='ltr'><strong>totius</strong></span> <span class='ocrx_word' id='word_1_648' title='bbox 2845 3628 3097 3683; x_wconf 66' lang='lat' dir='ltr'><strong>Ecclesiae</strong></span> <span class='ocrx_word' id='word_1_649' title='bbox 3139 3628 3473 3696; x_wconf 77' lang='lat' dir='ltr'><strong>indulgentia</strong></span> <span class='ocrx_word' id='word_1_650' title='bbox 3523 3638 3579 3682; x_wconf 87' lang='lat' dir='ltr'><strong>et</strong></span> <span class='ocrx_word' id='word_1_651' title='bbox 3622 3628 3692 3682; x_wconf 87' lang='lat' dir='ltr'><strong>fe-</strong></span> 
     </span>
    </p>
   </div>
   <div class='ocr_carea' id='block_1_98' title="bbox 2111 3718 3686 3787">
    <p class='ocr_par' dir='ltr' id='par_1_98' title="bbox 2111 3718 3686 3787">
     <span class='ocr_line' id='line_1_98' title="bbox 2111 3718 3686 3787; baseline -0.002 -14"><span class='ocrx_word' id='word_1_652' title='bbox 2111 3720 2199 3773; x_wconf 92' lang='lat' dir='ltr'><strong>lici</strong></span> <span class='ocrx_word' id='word_1_653' title='bbox 2265 3720 2329 3774; x_wconf 91' lang='lat' dir='ltr'><strong>ad</strong></span> <span class='ocrx_word' id='word_1_654' title='bbox 2373 3729 2630 3774; x_wconf 72' lang='lat' dir='ltr'><strong>aeternam</strong></span> <span class='ocrx_word' id='word_1_655' title='bbox 2674 3719 3061 3774; x_wconf 92' lang='lat' dir='ltr'><strong>beatitudinem</strong></span> <span class='ocrx_word' id='word_1_656' title='bbox 3109 3718 3462 3787; x_wconf 87' lang='lat' dir='ltr'><strong>perveutione</strong></span> <span class='ocrx_word' id='word_1_657' title='bbox 3521 3718 3686 3772; x_wconf 86' lang='lat' dir='ltr'><strong>inter-</strong></span> 
     </span>
    </p>
   </div>
   <div class='ocr_carea' id='block_1_99' title="bbox 2107 3807 3692 3880">
    <p class='ocr_par' dir='ltr' id='par_1_99' title="bbox 2107 3807 3692 3880">
     <span class='ocr_line' id='line_1_99' title="bbox 2107 3807 3692 3880; baseline -0.003 -16"><span class='ocrx_word' id='word_1_658' title='bbox 2107 3809 2309 3880; x_wconf 90' lang='lat' dir='ltr'><strong>pellare</strong></span> <span class='ocrx_word' id='word_1_659' title='bbox 2354 3810 2641 3874; x_wconf 84' lang='lat' dir='ltr'><strong>debebant,</strong></span> <span class='ocrx_word' id='word_1_660' title='bbox 2689 3809 2815 3862; x_wconf 90' lang='lat' dir='ltr'><strong>dum</strong></span> <span class='ocrx_word' id='word_1_661' title='bbox 2858 3823 2888 3861; x_wconf 93' lang='lat' dir='ltr'><strong>a</strong></span> <span class='ocrx_word' id='word_1_662' title='bbox 2927 3808 3240 3864; x_wconf 88' lang='lat' dir='ltr'><strong>monasterii</strong></span> <span class='ocrx_word' id='word_1_663' title='bbox 3278 3807 3533 3862; x_wconf 91' lang='lat' dir='ltr'><strong>claustris</strong></span> <span class='ocrx_word' id='word_1_664' title='bbox 3581 3817 3692 3861; x_wconf 89' lang='lat' dir='ltr'><strong>tur-</strong></span> 
     </span>
    </p>
   </div>
   <div class='ocr_carea' id='block_1_100' title="bbox 2108 3897 3688 3968">
    <p class='ocr_par' dir='ltr' id='par_1_100' title="bbox 2108 3897 3688 3968">
     <span class='ocr_line' id='line_1_100' title="bbox 2108 3897 3688 3968; baseline 0 -16"><span class='ocrx_word' id='word_1_665' title='bbox 2108 3899 2248 3968; x_wconf 89' lang='lat' dir='ltr'><strong>piter</strong></span> <span class='ocrx_word' id='word_1_666' title='bbox 2271 3898 2605 3964; x_wconf 78' lang='lat' dir='ltr'><strong>quzeritando</strong></span> <span class='ocrx_word' id='word_1_667' title='bbox 2629 3913 2692 3952; x_wconf 91' lang='lat' dir='ltr'><strong>ea</strong></span> <span class='ocrx_word' id='word_1_668' title='bbox 2717 3897 2910 3967; x_wconf 88' lang='lat' dir='ltr'><strong>quibus</strong></span> <span class='ocrx_word' id='word_1_669' title='bbox 2936 3912 3090 3952; x_wconf 84' lang='lat' dir='ltr'><strong>suam</strong></span> <span class='ocrx_word' id='word_1_670' title='bbox 3120 3905 3406 3953; x_wconf 88' lang='lat' dir='ltr'><strong>tuerentur</strong></span> <span class='ocrx_word' id='word_1_671' title='bbox 3428 3898 3688 3967; x_wconf 88' lang='lat' dir='ltr'><strong>inopiam,</strong></span> 
     </span>
    </p>
   </div>
   <div class='ocr_carea' id='block_1_101' title="bbox 2110 3986 3687 4058">
    <p class='ocr_par' dir='ltr' id='par_1_101' title="bbox 2110 3986 3687 4058">
     <span class='ocr_line' id='line_1_101' title="bbox 2110 3986 3687 4058; baseline 0 -16"><span class='ocrx_word' id='word_1_672' title='bbox 2110 3987 2266 4057; x_wconf 90' lang='lat' dir='ltr'><strong>longe</strong></span> <span class='ocrx_word' id='word_1_673' title='bbox 2294 3987 2509 4056; x_wconf 90' lang='lat' dir='ltr'><strong>lateque</strong></span> <span class='ocrx_word' id='word_1_674' title='bbox 2541 3987 2828 4058; x_wconf 79' lang='lat' dir='ltr'><strong>vag’areut;</strong></span> <span class='ocrx_word' id='word_1_675' title='bbox 2880 3986 3108 4043; x_wconf 90' lang='lat' dir='ltr'><strong>confuso</strong></span> <span class='ocrx_word' id='word_1_676' title='bbox 3134 3988 3344 4051; x_wconf 87' lang='lat' dir='ltr'><strong>ordine,</strong></span> <span class='ocrx_word' id='word_1_677' title='bbox 3389 4003 3554 4057; x_wconf 91' lang='lat' dir='ltr'><strong>quem</strong></span> <span class='ocrx_word' id='word_1_678' title='bbox 3579 4003 3687 4044; x_wconf 84' lang='lat' dir='ltr'><strong>ser-</strong></span> 
     </span>
    </p>
   </div>
   <div class='ocr_carea' id='block_1_102' title="bbox 2109 4075 3689 4148">
    <p class='ocr_par' dir='ltr' id='par_1_102' title="bbox 2109 4075 3689 4148">
     <span class='ocr_line' id='line_1_102' title="bbox 2109 4075 3689 4148; baseline 0.003 -20"><span class='ocrx_word' id='word_1_679' title='bbox 2109 4090 2236 4130; x_wconf 84' lang='lat' dir='ltr'><strong>vare</strong></span> <span class='ocrx_word' id='word_1_680' title='bbox 2275 4076 2568 4141; x_wconf 88' lang='lat' dir='ltr'><strong>debebant,</strong></span> <span class='ocrx_word' id='word_1_681' title='bbox 2619 4091 2723 4130; x_wconf 92' lang='lat' dir='ltr'><strong>non</strong></span> <span class='ocrx_word' id='word_1_682' title='bbox 2765 4075 2940 4131; x_wconf 87' lang='lat' dir='ltr'><strong>solum</strong></span> <span class='ocrx_word' id='word_1_683' title='bbox 2974 4087 3162 4131; x_wconf 89' lang='lat' dir='ltr'><strong>eorum</strong></span> <span class='ocrx_word' id='word_1_684' title='bbox 3194 4092 3359 4131; x_wconf 89' lang='lat' dir='ltr'><strong>causa</strong></span> <span class='ocrx_word' id='word_1_685' title='bbox 3405 4092 3527 4146; x_wconf 73' lang='lat' dir='ltr'><strong>quae</strong></span> <span class='ocrx_word' id='word_1_686' title='bbox 3558 4093 3689 4148; x_wconf 70' lang='lat' dir='ltr'><strong>pne-</strong></span> 
     </span>
    </p>
   </div>
   <div class='ocr_carea' id='block_1_103' title="bbox 2107 4166 3686 4235">
    <p class='ocr_par' dir='ltr' id='par_1_103' title="bbox 2107 4166 3686 4235">
     <span class='ocr_line' id='line_1_103' title="bbox 2107 4166 3686 4235; baseline 0 -14"><span class='ocrx_word' id='word_1_687' title='bbox 2107 4166 2370 4229; x_wconf 88' lang='lat' dir='ltr'><strong>misimus,</strong></span> <span class='ocrx_word' id='word_1_688' title='bbox 2397 4167 2550 4224; x_wconf 88' lang='lat' dir='ltr'><strong>nobis</strong></span> <span class='ocrx_word' id='word_1_689' title='bbox 2574 4166 2705 4220; x_wconf 88' lang='lat' dir='ltr'><strong>nihil</strong></span> <span class='ocrx_word' id='word_1_690' title='bbox 2731 4166 2984 4235; x_wconf 90' lang='lat' dir='ltr'><strong>prodesse</strong></span> <span class='ocrx_word' id='word_1_691' title='bbox 3010 4175 3279 4235; x_wconf 88' lang='lat' dir='ltr'><strong>poterant,</strong></span> <span class='ocrx_word' id='word_1_692' title='bbox 3307 4181 3497 4221; x_wconf 88' lang='lat' dir='ltr'><strong>verum</strong></span> <span class='ocrx_word' id='word_1_693' title='bbox 3530 4168 3686 4221; x_wconf 88' lang='lat' dir='ltr'><strong>etiam</strong></span> 
     </span>
    </p>
   </div>
   <div class='ocr_carea' id='block_1_104' title="bbox 2107 4257 3686 4330">
    <p class='ocr_par' dir='ltr' id='par_1_104' title="bbox 2107 4257 3686 4330">
     <span class='ocr_line' id='line_1_104' title="bbox 2107 4257 3686 4330; baseline 0 -17"><span class='ocrx_word' id='word_1_694' title='bbox 2107 4259 2209 4313; x_wconf 90' lang='lat' dir='ltr'><strong>sibi</strong></span> <span class='ocrx_word' id='word_1_695' title='bbox 2237 4259 2454 4330; x_wconf 91' lang='lat' dir='ltr'><strong>suisque</strong></span> <span class='ocrx_word' id='word_1_696' title='bbox 2484 4258 2724 4329; x_wconf 66' lang='lat' dir='ltr'><strong>praelatis</strong></span> <span class='ocrx_word' id='word_1_697' title='bbox 2760 4273 2867 4314; x_wconf 88' lang='lat' dir='ltr'><strong>non</strong></span> <span class='ocrx_word' id='word_1_698' title='bbox 2911 4258 3143 4312; x_wconf 89' lang='lat' dir='ltr'><strong>absurde</strong></span> <span class='ocrx_word' id='word_1_699' title='bbox 3179 4257 3475 4326; x_wconf 91' lang='lat' dir='ltr'><strong>plurimum</strong></span> <span class='ocrx_word' id='word_1_700' title='bbox 3503 4258 3686 4313; x_wconf 84' lang='lat' dir='ltr'><strong>crede-</strong></span> 
     </span>
    </p>
   </div>
   <div class='ocr_carea' id='block_1_105' title="bbox 2107 4345 3682 4418">
    <p class='ocr_par' dir='ltr' id='par_1_105' title="bbox 2107 4345 3682 4418">
     <span class='ocr_line' id='line_1_105' title="bbox 2107 4345 3682 4418; baseline 0 -16"><span class='ocrx_word' id='word_1_701' title='bbox 2107 4356 2295 4410; x_wconf 77' lang='lat' dir='ltr'><strong>rentur</strong></span> <span class='ocrx_word' id='word_1_702' title='bbox 2321 4347 2534 4402; x_wconf 89' lang='lat' dir='ltr'><strong>obesse.</strong></span> <span class='ocrx_word' id='word_1_703' title='bbox 2581 4345 2746 4414; x_wconf 81' lang='lat' dir='ltr'><strong>Cujus</strong></span> <span class='ocrx_word' id='word_1_704' title='bbox 2767 4347 2845 4401; x_wconf 90' lang='lat' dir='ltr'><strong>rei</strong></span> <span class='ocrx_word' id='word_1_705' title='bbox 2875 4346 3070 4418; x_wconf 89' lang='lat' dir='ltr'><strong>gratia,</strong></span> <span class='ocrx_word' id='word_1_706' title='bbox 3116 4347 3406 4401; x_wconf 90' lang='lat' dir='ltr'><strong>memorati</strong></span> <span class='ocrx_word' id='word_1_707' title='bbox 3444 4347 3682 4417; x_wconf 89' lang='lat' dir='ltr'><strong>episcopi</strong></span> 
     </span>
    </p>
   </div>
   <div class='ocr_carea' id='block_1_106' title="bbox 2105 4434 3688 4506">
    <p class='ocr_par' dir='ltr' id='par_1_106' title="bbox 2105 4434 3688 4506">
     <span class='ocr_line' id='line_1_106' title="bbox 2105 4434 3688 4506; baseline 0.001 -17"><span class='ocrx_word' id='word_1_708' title='bbox 2105 4436 2356 4505; x_wconf 88' lang='lat' dir='ltr'><strong>precibus</strong></span> <span class='ocrx_word' id='word_1_709' title='bbox 2394 4435 2674 4499; x_wconf 89' lang='lat' dir='ltr'><strong>admoniti,</strong></span> <span class='ocrx_word' id='word_1_710' title='bbox 2736 4436 2957 4505; x_wconf 85' lang='lat' dir='ltr'><strong>dignum</strong></span> <span class='ocrx_word' id='word_1_711' title='bbox 3004 4450 3140 4506; x_wconf 89' lang='lat' dir='ltr'><strong>opus</strong></span> <span class='ocrx_word' id='word_1_712' title='bbox 3177 4449 3340 4505; x_wconf 88' lang='lat' dir='ltr'><strong>supra</strong></span> <span class='ocrx_word' id='word_1_713' title='bbox 3374 4434 3492 4490; x_wconf 79' lang='lat' dir='ltr'><strong>fieri</strong></span> <span class='ocrx_word' id='word_1_714' title='bbox 3537 4437 3688 4490; x_wconf 71' lang='lat' dir='ltr'><strong>duxi-</strong></span> 
     </span>
    </p>
   </div>
   <div class='ocr_carea' id='block_1_107' title="bbox 2031 4499 3679 4594">
    <p class='ocr_par' dir='ltr' id='par_1_107' title="bbox 2031 4499 3679 4594">
     <span class='ocr_line' id='line_1_107' title="bbox 2031 4499 3679 4594; baseline 0.001 -15"><span class='ocrx_word' id='word_1_715' title='bbox 2031 4499 2084 4559; x_wconf 83' lang='lat' dir='ltr'><strong>D</strong></span> <span class='ocrx_word' id='word_1_716' title='bbox 2110 4499 2248 4590; x_wconf 83' lang='lat' dir='ltr'><strong>mus,</strong></span> <span class='ocrx_word' id='word_1_717' title='bbox 2301 4533 2379 4588; x_wconf 90' lang='lat' dir='ltr'><strong>ut,</strong></span> <span class='ocrx_word' id='word_1_718' title='bbox 2420 4525 2545 4578; x_wconf 92' lang='lat' dir='ltr'><strong>dum</strong></span> <span class='ocrx_word' id='word_1_719' title='bbox 2575 4526 2754 4580; x_wconf 92' lang='lat' dir='ltr'><strong>adhuc</strong></span> <span class='ocrx_word' id='word_1_720' title='bbox 2785 4499 2836 4578; x_wconf 67' lang='lat' dir='ltr'><strong>in</strong></span> <span class='ocrx_word' id='word_1_721' title='bbox 2874 4525 2978 4580; x_wconf 90' lang='lat' dir='ltr'><strong>hoc</strong></span> <span class='ocrx_word' id='word_1_722' title='bbox 3009 4499 3222 4589; x_wconf 80' lang='lat' dir='ltr'><strong>mortali</strong></span> <span class='ocrx_word' id='word_1_723' title='bbox 3242 4499 3478 4594; x_wconf 77' lang='lat' dir='ltr'><strong>corpore</strong></span> <span class='ocrx_word' id='word_1_724' title='bbox 3507 4527 3679 4581; x_wconf 82' lang='lat' dir='ltr'><strong>subsi-</strong></span> 
     </span>
    </p>
   </div>
   <div class='ocr_carea' id='block_1_108' title="bbox 2109 4615 3686 4687">
    <p class='ocr_par' dir='ltr' id='par_1_108' title="bbox 2109 4615 3686 4687">
     <span class='ocr_line' id='line_1_108' title="bbox 2109 4615 3686 4687; baseline 0.001 -17"><span class='ocrx_word' id='word_1_725' title='bbox 2109 4616 2327 4680; x_wconf 89' lang='lat' dir='ltr'><strong>stimus,</strong></span> <span class='ocrx_word' id='word_1_726' title='bbox 2357 4631 2460 4671; x_wconf 90' lang='lat' dir='ltr'><strong>non</strong></span> <span class='ocrx_word' id='word_1_727' title='bbox 2499 4615 2670 4672; x_wconf 91' lang='lat' dir='ltr'><strong>solum</strong></span> <span class='ocrx_word' id='word_1_728' title='bbox 2695 4617 2785 4687; x_wconf 88' lang='lat' dir='ltr'><strong>qui</strong></span> <span class='ocrx_word' id='word_1_729' title='bbox 2815 4631 2954 4671; x_wconf 92' lang='lat' dir='ltr'><strong>nunc</strong></span> <span class='ocrx_word' id='word_1_730' title='bbox 2981 4617 3240 4686; x_wconf 85' lang='lat' dir='ltr'><strong>temporis</strong></span> <span class='ocrx_word' id='word_1_731' title='bbox 3279 4617 3335 4670; x_wconf 92' lang='lat' dir='ltr'><strong>in</strong></span> <span class='ocrx_word' id='word_1_732' title='bbox 3378 4619 3586 4672; x_wconf 89' lang='lat' dir='ltr'><strong>eisdem</strong></span> <span class='ocrx_word' id='word_1_733' title='bbox 3615 4619 3686 4673; x_wconf 91' lang='lat' dir='ltr'><strong>lo-</strong></span> 
     </span>
    </p>
   </div>
   <div class='ocr_carea' id='block_1_109' title="bbox 2108 4706 3688 4776">
    <p class='ocr_par' dir='ltr' id='par_1_109' title="bbox 2108 4706 3688 4776">
     <span class='ocr_line' id='line_1_109' title="bbox 2108 4706 3688 4776; baseline 0.001 -15"><span class='ocrx_word' id='word_1_734' title='bbox 2108 4706 2187 4761; x_wconf 94' lang='lat' dir='ltr'><strong>cis</strong></span> <span class='ocrx_word' id='word_1_735' title='bbox 2236 4707 2432 4762; x_wconf 87' lang='lat' dir='ltr'><strong>divinis</strong></span> <span class='ocrx_word' id='word_1_736' title='bbox 2458 4706 2690 4761; x_wconf 78' lang='lat' dir='ltr'><strong>cultibus</strong></span> <span class='ocrx_word' id='word_1_737' title='bbox 2732 4707 3022 4776; x_wconf 88' lang='lat' dir='ltr'><strong>mancipati</strong></span> <span class='ocrx_word' id='word_1_738' title='bbox 3055 4721 3176 4771; x_wconf 82' lang='lat' dir='ltr'><strong>esse</strong></span> <span class='ocrx_word' id='word_1_739' title='bbox 3207 4715 3544 4772; x_wconf 89' lang='lat' dir='ltr'><strong>noscuntur;</strong></span> <span class='ocrx_word' id='word_1_740' title='bbox 3597 4708 3688 4763; x_wconf 85' lang='lat' dir='ltr'><strong>sed</strong></span> 
     </span>
    </p>
   </div>
   <div class='ocr_carea' id='block_1_110' title="bbox 2108 4796 3683 4868">
    <p class='ocr_par' dir='ltr' id='par_1_110' title="bbox 2108 4796 3683 4868">
     <span class='ocr_line' id='line_1_110' title="bbox 2108 4796 3683 4868; baseline 0.002 -19"><span class='ocrx_word' id='word_1_741' title='bbox 2108 4797 2214 4852; x_wconf 89' lang='lat' dir='ltr'><strong>illis</strong></span> <span class='ocrx_word' id='word_1_742' title='bbox 2254 4813 2466 4867; x_wconf 86' lang='lat' dir='ltr'><strong>quoque</strong></span> <span class='ocrx_word' id='word_1_743' title='bbox 2492 4799 2581 4867; x_wconf 89' lang='lat' dir='ltr'><strong>qui</strong></span> <span class='ocrx_word' id='word_1_744' title='bbox 2623 4796 2818 4853; x_wconf 86' lang='lat' dir='ltr'><strong>futuris</strong></span> <span class='ocrx_word' id='word_1_745' title='bbox 2859 4799 3190 4868; x_wconf 81' lang='lat' dir='ltr'><strong>temporibus</strong></span> <span class='ocrx_word' id='word_1_746' title='bbox 3228 4813 3416 4862; x_wconf 81' lang='lat' dir='ltr'><strong>amore</strong></span> <span class='ocrx_word' id='word_1_747' title='bbox 3439 4814 3683 4868; x_wconf 75' lang='lat' dir='ltr'><strong>superna:</strong></span> 
     </span>
    </p>
   </div>
   <div class='ocr_carea' id='block_1_111' title="bbox 2107 4887 3686 4958">
    <p class='ocr_par' dir='ltr' id='par_1_111' title="bbox 2107 4887 3686 4958">
     <span class='ocr_line' id='line_1_111' title="bbox 2107 4887 3686 4958; baseline -0.001 -17"><span class='ocrx_word' id='word_1_748' title='bbox 2107 4889 2383 4958; x_wconf 67' lang='lat' dir='ltr'><strong>sapientia:</strong></span> <span class='ocrx_word' id='word_1_749' title='bbox 2423 4889 2700 4951; x_wconf 89' lang='lat' dir='ltr'><strong>illustrati,</strong></span> <span class='ocrx_word' id='word_1_750' title='bbox 2750 4889 2934 4942; x_wconf 87' lang='lat' dir='ltr'><strong>eadem</strong></span> <span class='ocrx_word' id='word_1_751' title='bbox 2967 4889 3033 4941; x_wconf 85' lang='lat' dir='ltr'><strong>ad</strong></span> <span class='ocrx_word' id='word_1_752' title='bbox 3062 4887 3409 4942; x_wconf 88' lang='lat' dir='ltr'><strong>serviendum</strong></span> <span class='ocrx_word' id='word_1_753' title='bbox 3442 4888 3553 4942; x_wconf 90' lang='lat' dir='ltr'><strong>Deo</strong></span> <span class='ocrx_word' id='word_1_754' title='bbox 3595 4903 3686 4942; x_wconf 78' lang='lat' dir='ltr'><strong>ex—</strong></span> 
     </span>
    </p>
   </div>
   <div class='ocr_carea' id='block_1_112' title="bbox 2109 4977 3681 5056">
    <p class='ocr_par' dir='ltr' id='par_1_112' title="bbox 2109 4977 3681 5056">
     <span class='ocr_line' id='line_1_112' title="bbox 2109 4977 3681 5056; baseline -0.002 -24"><span class='ocrx_word' id='word_1_755' title='bbox 2109 4980 2365 5048; x_wconf 86' lang='lat' dir='ltr'><strong>pctierint</strong></span> <span class='ocrx_word' id='word_1_756' title='bbox 2413 4979 2546 5056; x_wconf 86' lang='lat' dir='ltr'><strong>loca,</strong></span> <span class='ocrx_word' id='word_1_757' title='bbox 2605 4978 2996 5047; x_wconf 90' lang='lat' dir='ltr'><strong>prospiciamus</strong></span> <span class='ocrx_word' id='word_1_758' title='bbox 3027 4991 3041 5030; x_wconf 90' lang='lat'><strong>:</strong></span> <span class='ocrx_word' id='word_1_759' title='bbox 3073 4986 3340 5046; x_wconf 91' lang='lat' dir='ltr'><strong>quatenus</strong></span> <span class='ocrx_word' id='word_1_760' title='bbox 3376 4993 3444 5032; x_wconf 75' lang='lat' dir='ltr'><strong>ex</strong></span> <span class='ocrx_word' id='word_1_761' title='bbox 3481 4977 3681 5032; x_wconf 86' lang='lat' dir='ltr'><strong>eisdem</strong></span> 
     </span>
    </p>
   </div>
   <div class='ocr_carea' id='block_1_113' title="bbox 2110 5071 3687 5143">
    <p class='ocr_par' dir='ltr' id='par_1_113' title="bbox 2110 5071 3687 5143">
     <span class='ocr_line' id='line_1_113' title="bbox 2110 5071 3687 5143; baseline -0.003 -16"><span class='ocrx_word' id='word_1_762' title='bbox 2110 5074 2425 5143; x_wconf 87' lang='lat' dir='ltr'><strong>temporaliu</strong></span> <span class='ocrx_word' id='word_1_763' title='bbox 2446 5089 2478 5126; x_wconf 89' lang='lat' dir='ltr'><strong>n</strong></span> <span class='ocrx_word' id='word_1_764' title='bbox 2505 5073 2692 5128; x_wconf 86' lang='lat' dir='ltr'><strong>solatia</strong></span> <span class='ocrx_word' id='word_1_765' title='bbox 2715 5081 3022 5142; x_wconf 84' lang='lat' dir='ltr'><strong>sumptuum</strong></span> <span class='ocrx_word' id='word_1_766' title='bbox 3047 5087 3146 5126; x_wconf 93' lang='lat' dir='ltr'><strong>suo</strong></span> <span class='ocrx_word' id='word_1_767' title='bbox 3174 5071 3352 5126; x_wconf 90' lang='lat' dir='ltr'><strong>ordini</strong></span> <span class='ocrx_word' id='word_1_768' title='bbox 3387 5085 3687 5139; x_wconf 78' lang='lat' dir='ltr'><strong>coagmen-</strong></span> 
     </span>
    </p>
   </div>
   <div class='ocr_carea' id='block_1_114' title="bbox 2112 5162 3681 5236">
    <p class='ocr_par' dir='ltr' id='par_1_114' title="bbox 2112 5162 3681 5236">
     <span class='ocr_line' id='line_1_114' title="bbox 2112 5162 3681 5236; baseline -0.005 -14"><span class='ocrx_word' id='word_1_769' title='bbox 2112 5169 2184 5232; x_wconf 77' lang='lat' dir='ltr'><strong>tia</strong></span> <span class='ocrx_word' id='word_1_770' title='bbox 2227 5169 2479 5234; x_wconf 87' lang='lat' dir='ltr'><strong>habeant,</strong></span> <span class='ocrx_word' id='word_1_771' title='bbox 2517 5168 2713 5236; x_wconf 85' lang='lat' dir='ltr'><strong>quibus</strong></span> <span class='ocrx_word' id='word_1_772' title='bbox 2754 5167 2806 5221; x_wconf 91' lang='lat' dir='ltr'><strong>in</strong></span> <span class='ocrx_word' id='word_1_773' title='bbox 2853 5167 2955 5220; x_wconf 84' lang='lat' dir='ltr'><strong>hac</strong></span> <span class='ocrx_word' id='word_1_774' title='bbox 2988 5165 3424 5234; x_wconf 82' lang='lat' dir='ltr'><strong>peregrinatione</strong></span> <span class='ocrx_word' id='word_1_775' title='bbox 3466 5162 3681 5218; x_wconf 89' lang='lat' dir='ltr'><strong>interim</strong></span> 
     </span>
    </p>
   </div>
   <div class='ocr_carea' id='block_1_115' title="bbox 2115 5313 3681 5384">
    <p class='ocr_par' dir='ltr' id='par_1_115' title="bbox 2115 5313 3681 5384">
     <span class='ocr_line' id='line_1_115' title="bbox 2115 5313 3681 5384; baseline -0.005 -12"><span class='ocrx_word' id='word_1_776' title='bbox 2115 5318 2252 5372; x_wconf 86' lang='lat' dir='ltr'><strong>rium</strong></span> <span class='ocrx_word' id='word_1_777' title='bbox 2298 5316 2503 5372; x_wconf 64' lang='lat' dir='ltr'><strong>ordinis</strong></span> <span class='ocrx_word' id='word_1_778' title='bbox 2550 5316 2718 5371; x_wconf 87' lang='lat' dir='ltr'><strong>sancti</strong></span> <span class='ocrx_word' id='word_1_779' title='bbox 2767 5314 3074 5384; x_wconf 78' lang='lat' dir='ltr'><strong>Augustini,</strong></span> <span class='ocrx_word' id='word_1_780' title='bbox 3122 5321 3251 5384; x_wconf 89' lang='lat' dir='ltr'><strong>tunc.</strong></span> <span class='ocrx_word' id='word_1_781' title='bbox 3286 5313 3681 5384; x_wconf 78' lang='lat' dir='ltr'><strong>monachorum</strong></span> 
     </span>
    </p>
   </div>
   <div class='ocr_carea' id='block_1_116' title="bbox 2113 5382 3681 5455">
    <p class='ocr_par' dir='ltr' id='par_1_116' title="bbox 2113 5382 3681 5455">
     <span class='ocr_line' id='line_1_116' title="bbox 2113 5382 3681 5455; baseline -0.006 -13"><span class='ocrx_word' id='word_1_782' title='bbox 2113 5388 2212 5442; x_wconf 91' lang='lat' dir='ltr'><strong>sub</strong></span> <span class='ocrx_word' id='word_1_783' title='bbox 2238 5397 2421 5442; x_wconf 87' lang='lat' dir='ltr'><strong>sancta</strong></span> <span class='ocrx_word' id='word_1_784' title='bbox 2453 5385 2655 5455; x_wconf 84' lang='lat' dir='ltr'><strong>regula,</strong></span> <span class='ocrx_word' id='word_1_785' title='bbox 2687 5394 2745 5439; x_wconf 91' lang='lat' dir='ltr'><strong>ut</strong></span> <span class='ocrx_word' id='word_1_786' title='bbox 2775 5382 2878 5438; x_wconf 78' lang='lat' dir='ltr'><strong>alia</strong></span> <span class='ocrx_word' id='word_1_787' title='bbox 2914 5385 3037 5443; x_wconf 89' lang='lat' dir='ltr'><strong>duo,</strong></span> <span class='ocrx_word' id='word_1_788' title='bbox 3093 5382 3681 5455; x_wconf 74' lang='lat' dir='ltr'><strong>viventimn._Abba_tia</strong></span> 
     </span>
    </p>
   </div>
   <div class='ocr_carea' id='block_1_117' title="bbox 2114 5451 3683 5524">
    <p class='ocr_par' dir='ltr' id='par_1_117' title="bbox 2114 5451 3683 5524">
     <span class='ocr_line' id='line_1_117' title="bbox 2114 5451 3683 5524; baseline -0.004 -14"><span class='ocrx_word' id='word_1_789' title='bbox 2114 5458 2299 5511; x_wconf 89' lang='lat' dir='ltr'><strong>Sancti</strong></span> <span class='ocrx_word' id='word_1_790' title='bbox 2342 5451 2603 5524; x_wconf 79' lang='lat' dir='ltr'><strong>Rhemigii</strong></span> <span class='ocrx_word' id='word_1_791' title='bbox 2631 5455 2870 5509; x_wconf 78' lang='lat' dir='ltr'><strong>V&#39;allilias</strong></span> <span class='ocrx_word' id='word_1_792' title='bbox 2900 5461 3093 5524; x_wconf 85' lang='lat' dir='ltr'><strong>postea</strong></span> <span class='ocrx_word' id='word_1_793' title='bbox 3123 5452 3388 5524; x_wconf 82' lang='lat' dir='ltr'><strong>translata</strong></span> <span class='ocrx_word' id='word_1_794' title='bbox 3421 5451 3541 5514; x_wconf 91' lang='lat' dir='ltr'><strong>fuit,</strong></span> <span class='ocrx_word' id='word_1_795' title='bbox 3582 5451 3683 5524; x_wconf 78' lang='lat' dir='ltr'><strong>de-</strong></span> 
     </span>
    </p>
   </div>
   <div class='ocr_carea' id='block_1_118' title="bbox 2114 5520 3681 5594">
    <p class='ocr_par' dir='ltr' id='par_1_118' title="bbox 2114 5520 3681 5594">
     <span class='ocr_line' id='line_1_118' title="bbox 2114 5520 3681 5594; baseline -0.004 -16"><span class='ocrx_word' id='word_1_796' title='bbox 2114 5527 2234 5581; x_wconf 88' lang='lat' dir='ltr'><strong>inde</strong></span> <span class='ocrx_word' id='word_1_797' title='bbox 2263 5528 2314 5580; x_wconf 88' lang='lat' dir='ltr'><strong>in</strong></span> <span class='ocrx_word' id='word_1_798' title='bbox 2348 5520 2582 5594; x_wconf 80' lang='lat' dir='ltr'><strong>primum</strong></span> <span class='ocrx_word' id='word_1_799' title='bbox 2617 5524 2790 5578; x_wconf 87' lang='lat' dir='ltr'><strong>locum</strong></span> <span class='ocrx_word' id='word_1_800' title='bbox 2821 5520 2996 5594; x_wconf 80' lang='lat' dir='ltr'><strong>denuo</strong></span> <span class='ocrx_word' id='word_1_801' title='bbox 3022 5523 3233 5594; x_wconf 64' lang='lat' dir='ltr'><strong>relata,</strong></span> <span class='ocrx_word' id='word_1_802' title='bbox 3263 5522 3422 5594; x_wconf 83' lang='lat' dir='ltr'><strong>modo</strong></span> <span class='ocrx_word' id='word_1_803' title='bbox 3473 5520 3681 5594; x_wconf 81' lang='lat' dir='ltr'><strong>penitus</strong></span> 
     </span>
    </p>
   </div>
   <div class='ocr_carea' id='block_1_119' title="bbox 2110 5590 3680 5666">
    <p class='ocr_par' dir='ltr' id='par_1_119' title="bbox 2110 5590 3680 5666">
     <span class='ocr_line' id='line_1_119' title="bbox 2110 5590 3680 5666; baseline -0.007 -16"><span class='ocrx_word' id='word_1_804' title='bbox 2110 5597 2292 5650; x_wconf 80' lang='lat' dir='ltr'><strong>excisa</strong></span> <span class='ocrx_word' id='word_1_805' title='bbox 2343 5590 2473 5648; x_wconf 80' lang='lat' dir='ltr'><strong>est:</strong></span> <span class='ocrx_word' id='word_1_806' title='bbox 2526 5593 2920 5666; x_wconf 17' lang='lat' dir='ltr'><strong>cujusﬂportio</strong></span> <span class='ocrx_word' id='word_1_807' title='bbox 2962 5592 3272 5666; x_wconf 5' lang='lat' dir='ltr'><strong>gab‘atialis</strong></span> <span class='ocrx_word' id='word_1_808' title='bbox 3326 5590 3680 5666; x_wconf 77' lang='lat' dir='ltr'><strong>missionariis</strong></span> 
     </span>
    </p>
   </div>
   <div class='ocr_carea' id='block_1_120' title="bbox 2111 5661 3678 5726">
    <p class='ocr_par' dir='ltr' id='par_1_120' title="bbox 2111 5661 3678 5726">
     <span class='ocr_line' id='line_1_120' title="bbox 2111 5661 3678 5726; baseline -0.004 -7"><span class='ocrx_word' id='word_1_809' title='bbox 2111 5666 2339 5726; x_wconf 85' lang='lat' dir='ltr'><strong>clericis.</strong></span> <span class='ocrx_word' id='word_1_810' title='bbox 2384 5661 2755 5719; x_wconf 67' lang='lat' dir='ltr'><strong>cmivcntualis</strong></span> <span class='ocrx_word' id='word_1_811' title='bbox 2805 5663 2974 5718; x_wconf 82' lang='lat' dir='ltr'><strong>sancti</strong></span> <span class='ocrx_word' id='word_1_812' title='bbox 3027 5662 3170 5718; x_wconf 81' lang='lat' dir='ltr'><strong>Petri</strong></span> <span class='ocrx_word' id='word_1_813' title='bbox 3222 5661 3548 5716; x_wconf 84' lang='lat' dir='ltr'><strong>monasterio</strong></span> <span class='ocrx_word' id='word_1_814' title='bbox 3591 5661 3678 5712; x_wconf 83' lang='lat' dir='ltr'><strong>tri-</strong></span> 
     </span>
    </p>
   </div>
   <div class='ocr_carea' id='block_1_121' title="bbox 2109 5736 2254 5789">
    <p class='ocr_par' dir='ltr' id='par_1_121' title="bbox 2109 5736 2254 5789">
     <span class='ocr_line' id='line_1_121' title="bbox 2109 5736 2254 5789; baseline -0.014 -1"><span class='ocrx_word' id='word_1_815' title='bbox 2109 5736 2254 5789; x_wconf 81' lang='lat' dir='ltr'><strong>bula.</strong></span> 
     </span>
    </p>
   </div>
  </div>
