3936 6324
115 377 252 436 1113

1252 381 1640 440 DIPI.0)IAT.\
1685 381 2234 440 ECCLESIASTICA.

3221 393 3355 447 illi

106 491 406 548 sustentari
455 501 671 562 queant,
724 494 895 550 donec
920 496 986 550 ad
1024 502 1240 550 mternte
1261 495 1450 566 patria:
1482 493 1674 566 gaudia
1706 495 1753 552 Α
1781 491 1847 546 ad
1873 503 2088 550 aeterme
2127 497 2573 553 remunerationis
2597 500 2816 568 prtemia
2846 505 3173 571 capessenda
3201 522 3351 562 vera-

106 583 292 636 divina
320 582 685 639 misericordia
737 586 915 641 vocati
946 586 1160 641 valeant
1206 588 1511 656 pervenire.
1545 586 1682 641 Con-

102 674 393 729 stitnentes
417 675 594 744 itaque
624 676 725 731 hoc
751 685 948 731 nostra:
969 677 1308 732 auctoritatis
1329 686 1679 746 pneceptum,

95 761 255 830 juxta
306 765 589 818 memorati
640 765 875 834 episcopi
933 765 1280 834 petitionem,
1340 765 1679 820 decrevimus

100 854 223 910 fleri
257 873 270 908 :
296 863 354 909 ut
373 870 436 910 ex
465 857 646 920 rebus,
674 871 1028 926 quascunque
1064 873 1226 929 supra
1248 858 1360 928 jam
1390 857 1680 911 nominata:

96 944 250 1000 cella:
272 960 413 999 nunc
441 946 698 1015 temporis
727 946 912 1001 usibus
939 948 1324 1002 monachorum
1350 947 1546 1002 ibidem
1570 946 1680 1001 Dco

95 1037 520 1091 deservientium
583 1038 866 1106 deputatas
909 1038 1131 1104 habent,
1179 1039 1357 1093 nullus
1400 1040 1679 1108 episcopo-

94 1142 242 1185 rum.
271 1128 576 1197 quicunque
613 1127 793 1183 divina
821 1131 1105 1185 vocatione
1128 1145 1224 1200 per
1261 1139 1501 1200 tempora
1553 1146 1678 1184 suc-

92 1218 340 1281 cesserit,
393 1228 685 1288 prmsumat
742 1220 942 1291 aliquid
994 1221 1314 1276 subtrahere
1363 1221 1444 1274 vel
1497 1222 1675 1275 immi-

92 1325 266 1364 nuere
286 1310 521 1380 quolibet
536 1321 852 1382 argumento
874 1312 955 1368 vel
979 1312 1286 1377 occasione,
1316 1327 1488 1382 neque
1516 1313 1568 1366 in
1591 1312 1677 1364 be-

90 1397 347 1453 neficium
379 1400 532 1464 dare,
559 1410 652 1455 aut
673 1403 786 1456 suis
809 1401 997 1458 usibus
1018 1402 1290 1473 applicare
1316 1421 1328 1456 :
1360 1405 1454 1458 sed
1477 1404 1549 1458 ita
1579 1418 1677 1472 per

86 1491 275 1546 omnia
307 1491 621 1547 conservari
663 1494 896 1559 studeat,
923 1495 1080 1550 sicuti
1108 1505 1442 1551 memoratus
1467 1497 1674 1566 cpisco-

87 1596 192 1650 pus
225 1581 278 1635 in
315 1581 480 1637 libelli
511 1583 654 1638 serie
697 1583 905 1654 singula
959 1584 1074 1639 ioca
1102 1601 1199 1655 per
1237 1586 1482 1640 ordinem
1513 1586 1678 1640 adno-

89 1670 261 1724 tando
288 1669 536 1742 digessit,
589 1680 645 1728 et
692 1688 852 1728 manu
891 1689 986 1729 sua
1020 1675 1359 1745 subscripsit,
1395 1684 1451 1731 et
1477 1676 1530 1729 in
1554 1691 1676 1731 con-

84 1768 255 1814 ventu
290 1762 664 1830 episcoporum
689 1778 783 1818 eos
824 1764 916 1832 qui
939 1765 1186 1829 aderant,
1217 1764 1558 1820 subscribere
1586 1781 1675 1818 ro-

1782 580 1919 634 citer
1947 583 2233 637 credimus.
2276 584 2478 638 Idcirco
2505 595 2688 640 notum
2715 602 2835 643 esse
2868 590 3115 646 volumus
3148 604 3357 652 cunctis

1783 669 2030 726 fidelibus
2057 683 2258 729 sancta:
2291 674 2384 728 Dei
2427 675 2683 732 Ecclesia:
2729 687 2784 733 et
2817 682 3041 745 nostris,
3077 685 3356 752 presenti-

1781 761 1881 816 hus
1904 763 2108 817 scilicet
2139 767 2203 819 et
2223 764 2417 818 futuris
2435 806 2450 829 ,
2501 767 2626 834 quia
2655 769 2840 824 adiens
2868 773 3213 828 serenitatem
3243 775 3355 829 cul-

1781 852 1942 906 minis
1969 855 2140 910 nostri
2193 855 2274 908 vir
2313 857 2637 912 venerabilis
2666 857 2969 915 Adaleodus
3005 863 3142 917 abba
3170 879 3356 919 mona-

1780 943 1928 997 sterii
1957 945 2129 1000 sancti
2153 945 2404 1009 Amandi,
2428 961 2534 999 una
2561 961 2682 1001 cum
2706 947 2921 1004 Aldrico
2949 952 3114 1007 misso
3147 964 3349 1018 nostro,

1778 1047 1937 1102 quem
1966 1034 2034 1088 ad
2063 1035 2378 1104 praedictum
2422 1038 2728 1090 coenobium
2771 1038 3065 1096 direximus
3105 1043 3172 1096 ad
3209 1045 3352 1097 ordi-

1779 1141 1901 1180 nem
1949 1128 2147 1198 regula:
2193 1128 2363 1182 sancti
2402 1127 2673 1184 Benedicti
2723 1129 3183 1198 confirmandum;
3227 1151 3350 1205 sug-

1778 1227 2059 1287 gesserunt
2081 1219 2472 1274 mansuetudini
2503 1229 2698 1275 nostra:
2723 1221 2954 1289 qualiter
2979 1226 3349 1294 congregatio-

1779 1309 1831 1362 ni
1854 1309 2173 1364 confessoris
2218 1310 2420 1365 Christi
2459 1312 2686 1366 Amandi
2734 1313 2908 1382 aliqua
2967 1316 3033 1369 de
3085 1319 3246 1373 rebus
3293 1326 3350 1372 et

1777 1399 1920 1454 villis
1945 1400 2184 1470 ejusdem
2233 1403 2475 1457 ecclesiae
2519 1405 2774 1473 deputare
2825 1413 2879 1459 et
2925 1406 3247 1463 confirmare
3282 1410 3349 1462 ad

1775 1508 1908 1548 usus
1937 1502 1992 1547 et
2029 1495 2380 1549 necessitates
2405 1495 2614 1550 illorum
2653 1497 3144 1566 prtejudicaremus.
3201 1499 3351 1556 Ideo-

1775 1600 1881 1653 que
1907 1586 1972 1638 ad
2008 1587 2370 1656 precationem
2414 1587 2497 1642 vel
2543 1590 2938 1658 suggestionem
2969 1593 3348 1660 pnedictorum

1777 1673 2052 1739 abbatum,
2079 1675 2335 1730 Adaleodi
2363 1677 2610 1731 videlicet
2639 1685 2692 1732 et
2721 1679 2939 1742 Aldrici,
2971 1681 3077 1734 imo
3104 1682 3173 1735 ob
3201 1697 3348 1737 emo-

1775 1765 2072 1819 iumentum
2121 1766 2313 1820 animae
2342 1776 2542 1821 nostra:
2565 1807 2578 1829 ,
2625 1766 2897 1837 conjugis,
2939 1779 3098 1838 atque
3121 1771 3352 1839 prolium

84 1852 255 1921 gavit,
318 1863 539 1924 propter
578 1855 846 1910 cavendas
904 1856 1230 1911 omnimodis
1276 1857 1671 1923 contentiones,
1704 1833 1749 1891 Β
1779 1862 2114 1918 nostrarum,
2156 1870 2242 1908 res
2272 1856 2458 1910 subter
2483 1833 2765 1912 adnotatas
2792 1833 3067 1928 praedictis
3099 1833 3352 1916 fratribus

81 1959 209 2014 quae
251 1942 446 2000 futuris
494 1947 828 2016 temporibus
883 1954 1136 2016 poterant
1163 1948 1399 2013 oboriri;
1442 1949 1534 2003 sed
1575 1965 1675 2004 nec

81 2034 255 2088 etiam
314 2035 456 2090 aliud
484 2038 763 2092 servitium
797 2038 882 2092 vel
920 2036 1127 2106 majora
1159 2054 1380 2094 munera
1409 2039 1532 2094 inde
1569 2040 1672 2094 sibi

84 2137 188 2192 pro
217 2130 460 2194 tempore
491 2135 734 2195 usurpet,
763 2135 962 2196 praeter
988 2142 1052 2182 ea
1099 2142 1218 2196 quin
1266 2129 1318 2181 in
1350 2127 1534 2183 libello
1576 2143 1671 2183 eo-

81 2213 210 2266 dem
235 2214 375 2268 idem
411 2215 526 2285 ipse
559 2217 840 2285 episcopus
864 2218 1104 2272 inserere
1132 2216 1359 2286 putavit.
1386 2215 1462 2271 Ac
1494 2231 1562 2270 ne
1583 2218 1677 2270 hu-

76 2304 169 2372 jus
205 2303 408 2369 decreti
463 2320 626 2360 causa
668 2307 723 2360 in
774 2307 978 2362 eisdem
1024 2308 1288 2362 coenobiis
1327 2306 1552 2362 abbates
1590 2308 1674 2362 vel

81 2395 336 2450 monachi
368 2397 647 2451 constituti
677 2405 862 2452 contra
897 2412 1053 2452 suum
1085 2397 1344 2467 incipiant
1385 2397 1672 2466 superbire

78 2485 421 2558 episcopum,
461 2486 816 2556 przecavimus
853 2501 1066 2541 omnem
1098 2487 1434 2547 occasionem
1478 2503 1669 2556 ampu-

83 2577 336 2643 tandam,
385 2592 557 2646 neque
587 2578 764 2632 locum
811 2577 1022 2633 diabolo
1065 2577 1321 2641 dandum,
1346 2577 1492 2632 salva
1532 2579 1674 2633 scili-

81 2675 171 2722 cet
212 2668 267 2721 in
311 2668 563 2722 omnibus
614 2667 938 2722 auctoritate
971 2675 1025 2721 et
1059 2674 1327 2736 potestate
1349 2668 1586 2740 episcopi
1617 2668 1670 2721 in

81 2757 300 2813 cunctis
335 2757 714 2813 ecclesiasticae
743 2756 942 2827 regula:
966 2756 1266 2826 disciplinis
1296 2775 1308 2809 :
1334 2756 1588 2812 videlicet
1611 2765 1670 2810 ut

80 2850 304 2904 easdem
332 2849 494 2904 cellas
529 2850 628 2904 sub
665 2849 887 2918 proprio
931 2863 1148 2918 semper
1174 2849 1441 2920 regimine
1470 2851 1670 2920 guber-

80 2957 245 3006 nans,
270 2943 561 2996 secundum
603 2942 994 2996 institutionem
1029 2947 1229 2996 sancta:
1275 2940 1472 3011 regula:
1505 2941 1671 2994 abba-

84 3041 166 3086 tes
202 3033 522 3098 constituat,
549 3040 622 3097 et,
664 3032 708 3086 si
759 3044 980 3087 necesse
1007 3029 1190 3097 fuerit,
1240 3038 1443 3097 mutet;
1497 3046 1661 3100 prava

77 3139 312 3195 qumque
343 3125 598 3195 corrigat,
631 3123 900 3193 superflua
923 3131 1154 3187 resecet,
1180 3123 1408 3177 virtutes
1437 3123 1661 3188 nutriat,

1775 1950 1830 1996 ct
1856 1944 2256 2014 congregationi
2300 1942 2482 1999 Sancti
2526 1945 2751 1998 Amandi
2803 1947 2871 2001 ad
2913 1947 3146 2012 victum,
3187 1951 3350 2004 vesti-

1775 2043 1954 2088 menta
1990 2043 2044 2088 et
2081 2035 2440 2090 calceamenta
2468 2077 2481 2101 ,
2536 2052 2628 2090 seu
2666 2039 2826 2092 etiam
2871 2048 3097 2095 caeteros
3128 2057 3258 2095 usus
3294 2051 3351 2096 et

1773 2126 2124 2180 necessitates
2153 2127 2422 2196 ipsorum,
2475 2128 2683 2181 tradere
2715 2136 2769 2182 et
2813 2129 3136 2184 confirmare
3169 2131 3353 2185 decre-

1775 2216 1979 2279 vimus,
2024 2224 2078 2270 et
2119 2230 2282 2286 super
2324 2217 2464 2271 hanc
2517 2218 2779 2272 cessionis
2831 2221 3206 2288 auctoritatem
3253 2221 3351 2275 hos

1774 2312 1989 2359 nostros
2031 2304 2336 2374 imperiales
2379 2307 2558 2379 apices
2609 2306 2723 2360 fieri
2771 2307 3137 2371 decrevimus,
3188 2317 3351 2379 atque

1767 2392 2022 2461 jubemus
2050 2403 2111 2448 ut
2146 2395 2344 2450 abhinc
2387 2395 2438 2448 in
2486 2375 2722 2450 futurum
2765 2411 2794 2450 a
2830 2397 3004 2450 nobis.
3027 2405 3081 2452 et
3129 2375 3345 2460 nostris,

1773 2482 1882 2536 Deo
1911 2474 2275 2552 dispensante,
2306 2485 2727 2548 successoribus,
2759 2485 2862 2554 piis
2891 2469 3123 2540 oraculis
3147 2487 3347 2541 nostris

1772 2574 2138 2628 conservanda
2172 2574 2566 2639 mandavimus,
2595 2577 2736 2644 quod
2772 2590 2868 2629 nos
2897 2591 2995 2644 pro
3020 2577 3236 2630 aeternis
3258 2592 3350 2631 ca-

1769 2664 2050 2733 pessendis
2075 2664 2341 2732 prtemiis,
2379 2673 2434 2718 ct
2461 2673 2772 2718 memoratae
2801 2665 3198 2735 congregationi
3223 2680 3349 2719 con-

1771 2753 2010 2808 sulendis
2045 2753 2462 2808 necessitatibus
2491 2753 2687 2829 fecisse
2720 2761 2775 2807 et
2803 2755 3134 2808 concessisse
3169 2763 3345 2808 vestra

1771 2849 2062 2910 cognoscat
2103 2841 2396 2904 industria;
2449 2842 2521 2894 ita
2564 2841 2825 2894 duntaxat
2869 2850 2927 2894 ut
2973 2843 3230 2910 quidquid
3277 2843 3342 2897 de

1772 2930 1901 2998 ipsis
1924 2930 2085 2984 rebus
2117 2930 2227 2984 Deo
2251 2931 2484 2984 donante
2520 2944 2616 2998 per
2652 2931 2851 2984 bonum
2888 2933 3122 2985 studium
3149 2932 3346 3001 poterit

1772 3020 1957 3074 haberi
1985 3019 2068 3074 vel
2090 3020 2294 3089 acquiri
2322 3061 2335 3083 ,
2380 3027 2550 3074 totum
2586 3019 2638 3072 in
2679 3019 2906 3073 fratrum
2939 3021 3054 3074 sine
3087 3021 3190 3073 ulla
3219 3021 3343 3074 sub-

1770 3111 2035 3166 tractione
2063 3111 2250 3165 usibus
2279 3111 2455 3164 cedat.
2502 3108 2622 3164 Pari
2662 3112 2825 3165 etiam
2853 3121 3037 3166 nostra
3079 3112 3344 3180 imperiali

76 3172 326 3268 eradicet
370 3172 518 3278 vitiat:
577 3172 754 3282 atqurc,
799 3220 857 3265 ut
908 3212 1082 3266 bonus
1128 3210 1384 3280 agricola,
1427 3211 1664 3265 cvellens
1693 3172 1736 3233 C
1766 3203 2091 3258 auctoritate
2137 3202 2480 3271 praecipimus
2521 3217 2583 3256 ac
2611 3202 2863 3271 jubemus
2890 3211 2952 3256 ut
2980 3202 3156 3257 nullus
3179 3203 3336 3272 quili-

79 3303 332 3367 frutiees,
383 3301 606 3355 Patrum
657 3314 889 3370 sequens
918 3300 1184 3366 instituta,
1225 3301 1498 3356 discernat
1540 3317 1668 3370 qua-

78 3393 189 3446 lem
236 3393 431 3462 cuique
461 3400 618 3453 terrm
647 3399 942 3446 sementem
976 3378 1238 3444 mandare
1260 3391 1471 3446 debeat.
1517 3391 1666 3446 lianc

77 3491 268 3536 autem
317 3490 517 3536 nostra:
565 3480 969 3536 constitutionis
1015 3480 1391 3535 auctoritatem
1424 3480 1546 3535 ideo
1592 3479 1668 3534 fa-

77 3583 248 3636 ctam,
287 3588 355 3627 ne
383 3573 658 3643 religionis
685 3572 820 3626 ordo
847 3572 898 3626 in
925 3587 1085 3641 supra
1114 3571 1328 3640 scriptis
1377 3571 1527 3631 locis,
1571 3586 1668 3626 no-

77 3667 212 3719 stris
254 3663 556 3733 futurisque
606 3663 936 3733 temporibus
983 3661 1367 3724 confundatur,
1427 3661 1521 3714 sed
1557 3676 1664 3730 per

76 3756 270 3810 omnia
301 3755 353 3808 in
383 3755 476 3808 Dei
501 3754 743 3818 servitio,
773 3753 840 3807 ad
863 3750 1241 3822 cujuslaudem
1269 3759 1323 3804 et
1347 3751 1664 3819 obsequium

75 3845 286 3900 conditi
315 3857 518 3908 sumus,
550 3841 930 3897 inviolabiliter
963 3840 1016 3894 in
1042 3847 1360 3909 perpetuum
1383 3852 1668 3892 conserve-

77 3949 196 3998 tur,
259 3945 318 3989 ut
351 3935 647 4006 pleniorem
678 3934 732 3987 in
769 3932 864 3988 Dei
908 3931 1126 3986 nomine
1165 3930 1374 3984 cunctis
1412 3929 1672 3998 tempori-

75 4030 186 4083 bus
223 4025 465 4081 obtineat
513 4024 843 4086 firmitatrm,
893 4037 1054 4076 manu
1092 4020 1307 4090 propria
1350 4021 1538 4074 subter
1577 4019 1669 4072 fir-

76 4117 374 4178 mavimus,
423 4123 480 4168 et
514 4113 696 4167 annuli
734 4111 905 4166 nostri
942 4109 1296 4180 impressione
1319 4108 1521 4178 signari
1543 4108 1664 4177 jus-

77 4208 278 4261 simus.

151 4295 380 4366 Signum
408 4291 664 4348 Ludovici
690 4287 1018 4346 serenissimi
1047 4287 1295 4356 Augusti.

152 4385 442 4440 Durandus
491 4382 752 4437 diaconus
812 4380 879 4433 ad
932 4378 1104 4432 vicem
1169 4373 1443 4446 Fridugisi
1503 4388 1663 4430 reco-

77 4475 268 4546 gnovL

158 4564 292 4618 Data
332 4578 402 4617 xv
449 4559 565 4616 Kal.
598 4558 764 4622 Junii,
805 4571 949 4610 anno
993 4554 1210 4610 Christo
1240 4553 1529 4624 propitioQ
1564 4553 1665 4607 im-

77 4655 226 4727 perii
261 4653 441 4709 domui
489 4648 662 4703 nostri
709 4645 966 4701 Ludovici
1021 4643 1357 4698 serenissimi
1422 4641 1673 4711 Augusti,

80 4746 389 4801 indictione
433 4741 520 4794 15.
582 4739 776 4793 Actum
818 4734 1144 4805 Aquisgrani
1186 4733 1385 4802 palatio
1432 4732 1580 4802 regio
1622 4731 1675 4785 in

81 4836 185 4892 Dei
213 4833 429 4888 nomine
457 4828 700 4888 feliciter.
726 4827 919 4880 Amen.

835 4916 920 4972 Cll

463 5026 563 5066 PRO
601 5022 936 5064 IONASTBBIO
972 5019 1284 5060 ELNONENSI.

704 5097 874 5168 (Anno
920 5095 1070 5164 822.)

314 5193 505 5264 [Apud
541 5192 603 5244 D.
647 5191 933 5258 Bouque't.,
961 5187 1111 5249 ibid.,
1145 5200 1266 5255 pag.
1299 5182 1448 5254 530.]

161 5288 218 5338 in
251 5284 468 5338 nomine
513 5281 722 5336 Domini
757 5280 849 5332 Dei
897 5286 952 5332 et
996 5274 1292 5336 Salvatoris
1331 5271 1500 5325 nostri
1535 5270 1658 5324 Jesu

83 5377 316 5439 Christi,
353 5375 654 5428 Ludovicus
684 5372 860 5428 divina
887 5369 1171 5424 ordinante
1199 5362 1530 5434 providentia
1559 5362 1660 5414 im-

81 5474 311 5539 perator
339 5465 630 5536 Augustus.

161 5559 296 5613 Cum
328 5556 460 5610 locis
487 5555 668 5610 divino
699 5552 864 5608 cultui
894 5547 1212 5618 mancipatis
1239 5546 1307 5600 ob
1345 5543 1537 5598 divinm
1557 5557 1666 5622 ser-

87 5648 280 5704 vitutis
311 5661 550 5702 amorem
587 5661 741 5715 Opem
784 5655 1073 5710 congruam
1122 5639 1356 5696 ferimus,
1386 5643 1439 5687 et
1460 5634 1662 5703 regium

91 5753 301 5801 morem
330 5738 582 5798 decenter
606 5735 920 5810 implemus,
972 5741 1020 5787 et
1061 5731 1112 5785 id
1143 5729 1295 5784 nobis
1324 5723 1663 5800 profuturum

1764 3295 2081 3348 betsanctze
2121 3292 2218 3348 Dei
2271 3293 2548 3358 Ecclesize,
2592 3294 2936 3362 prtesentium
2990 3295 3238 3348 videlicet
3284 3303 3340 3349 et

1769 3383 2102 3448 futurorum,
2148 3383 2212 3437 de
2249 3383 2520 3452 prmdictis
2559 3392 2610 3437 et
2649 3385 3038 3438 subternotatis
3069 3385 3150 3438 rei
3166 3400 3228 3438 us
3261 3385 3342 3437 in-

1766 3474 2134 3543 quietudinem
2165 3481 2258 3526 aut
2296 3471 2710 3542 refragationem
2743 3471 2825 3526 vel
2860 3470 3227 3541 prcejudicium
3252 3471 3338 3527 vel

1767 3564 2080 3637 violentiam
2131 3562 2311 3616 facere
2361 3570 2531 3616 tentet
2559 3580 2570 3614 :
2620 3561 2711 3615 sed
2742 3561 2918 3630 potius
2948 3561 3062 3615 sine
3093 3561 3198 3614 ulla
3225 3561 3346 3614 sub-

1766 3656 2041 3723 reptione,
2094 3661 2185 3706 aut
2222 3653 2615 3715 subtractione,
2669 3651 2751 3703 vel
2787 3652 3139 3706 diminutione
3182 3664 3344 3722 atque

1766 3744 2053 3807 divisione,
2089 3742 2249 3796 liceat
2279 3756 2371 3795 eas
2400 3741 2574 3795 eidem
2613 3741 3012 3809 congregationi
3045 3744 3340 3796 monacho-

1766 3849 1885 3887 rum
1919 3833 2028 3886 Deo
2057 3831 2404 3885 militantium
2443 3845 2565 3883 cum
2601 3830 2744 3882 omni
2779 3829 3083 3898 integritate
3116 3830 3341 3884 inviola-

1767 3926 1949 3979 biliter
1972 3924 2176 3993 absque
2213 3924 2318 3977 ulla
2350 3923 2617 3976 calumnia
2655 3931 2708 3976 et
2741 3923 3163 3978 contradictione
3189 3940 3342 3979 secu-

1768 4014 1901 4067 riter
1928 4029 1990 4068 ac
2016 4013 2397 4082 perpetualiter
2426 4013 2644 4074 habere,
2676 4013 2954 4080 possidere
2980 4022 3033 4065 ct
3065 4013 3188 4066 frui.
3235 4013 3337 4068 So-

1764 4103 2036 4156 iummudo
2080 4094 2327 4156 videlicet
2367 4102 2432 4154 ad
2475 4102 2605 4165 hoc,
2655 4103 2795 4156 sicut
2832 4105 3168 4170 prtemissum
3227 4116 3330 4168 est,

1765 4191 2071 4261 specialiter
2099 4207 2128 4245 a
2164 4190 2320 4245 nobis
2352 4199 2474 4246 sunt
2507 4207 2605 4260 pro
2633 4193 2878 4246 mercede
2906 4201 3089 4246 nostra
3127 4193 3339 4263 delega-

1768 4293 1833 4336 ta:
1859 4290 1914 4335 et
1943 4281 2300 4345 confirmatm,
2351 4291 2408 4336 ut
2441 4297 2541 4336 nec
2578 4282 2812 4336 humana
2845 4292 3081 4350 potestas
3114 4285 3229 4337 sine
3257 4286 3339 4339 sui

1767 4371 2007 4440 periculo
2031 4372 2362 4426 discriminis
2397 4372 2565 4441 possit
2592 4385 2683 4424 eas
2717 4380 3049 4434 convertere,
3078 4373 3170 4426 sed
3198 4388 3340 4427 sein-

1769 4479 1866 4533 per
1891 4465 1990 4518 sub
2036 4463 2202 4532 regali
2235 4472 2286 4516 et
2317 4461 2579 4530 imperiali
2629 4463 2851 4514 tuitione
2893 4461 3344 4532 irrefragabiliter

1772 4554 1931 4607 salvte
1964 4552 2193 4606 fratrum
2225 4551 2410 4605 usibus
2441 4551 2738 4604 consistant
2765 4569 2776 4602 :
2807 4558 3070 4618 quatenus
3097 4549 3338 4617 ejusdem

1772 4643 1874 4698 loci
1903 4643 2108 4697 devotze
2136 4641 2245 4695 Deo
2278 4639 2494 4694 amabili
2538 4638 2935 4708 congregationi
2972 4653 3068 4707 pro
3096 4637 3249 4692 nobis
3276 4654 3340 4693 ac

1773 4748 1870 4802 pro
1902 4731 2065 4785 totius
2086 4729 2295 4800 imperii
2327 4729 2485 4797 hujus
2506 4728 2799 4782 stabilitate
2841 4743 2903 4782 ac
2943 4742 3105 4796 pace,
3141 4736 3340 4782 nostrae

1774 4821 1992 4893 pietatis
2023 4834 2245 4874 munere
2286 4816 2480 4885 adjutae
2500 4855 2513 4880 ,
2560 4815 2841 4869 Dominum
2867 4815 3187 4883 propensius
3211 4830 3339 4870 exo-

1777 4926 1898 4966 rare
1925 4910 2169 4966 delectet.
2208 4908 2274 4962 Et
2315 4908 2429 4960 lucc
2458 4905 2674 4958 nomina
2709 4903 2773 4956 de
2809 4904 2939 4970 ipsis
2982 4903 3174 4966 rebus,
3205 4918 3340 4971 quas

1769 5004 1872 5058 illis
1895 5002 2010 5056 dari
2047 5000 2422 5055 decrevimus:
2458 4997 2511 5049 ln
2543 5010 2677 5064 pago
2699 4992 3077 5056 Bracbatensi,
3111 4993 3162 5046 in
3201 4993 3336 5048 locis

1768 5091 2087 5160 nuncupatis
2115 5087 2373 5142 liaceroth
2409 5082 2744 5154 (Bassarode)
2770 5122 2784 5145 ,
2814 5081 2992 5145 Decla,
3023 5079 3344 5138 Neonisioet

1769 5183 2077 5243 Securiaco,
2106 5177 2280 5232 mansi
2325 5191 2520 5240 sum;
2574 5175 2625 5227 in
2656 5188 2790 5242 pago
2813 5171 3243 5233 Ostrebantinse,
3281 5170 3316 5223 it

1767 5274 1885 5327 loco
1925 5273 2015 5341 qui
2057 5271 2254 5325 dicitur
2295 5266 2610 5327 ilalciacus,
2675 5278 2794 5316 cum
2855 5260 3182 5331 appendiciis
3227 5260 3339 5313 suis

1766 5365 1942 5419 mansi
1965 5379 2125 5427 Lvm;
2161 5363 2210 5413 in
2260 5374 2395 5430 pago
2433 5359 2521 5427 qui
2563 5357 2756 5416 dicitur
2786 5353 3105 5423 Menpiscus,
3139 5351 3189 5404 in
3221 5351 3337 5404 locr

1765 5463 2108 5525 nuncupante
2159 5452 2367 5515 Roslur,
2427 5465 2548 5504 cum
2594 5445 2922 5516 appendiciis
2969 5446 3110 5507 suis,
3165 5445 3338 5498 mansi

1764 5561 1962 5609 cxvm;
1992 5542 2338 5598 mansioniles
2364 5540 2505 5594 circa
2549 5536 2932 5591 monasterium
2963 5549 3034 5595 tv,
3074 5542 3126 5585 et
3156 5531 3331 5601 piscao

1768 5635 1966 5688 tionem
1995 5643 2152 5701 atque
2181 5631 2565 5689 Seoucnrtcm;
2616 5636 2668 5678 et
2705 5624 2756 5676 in
2789 5622 3050 5676 Flandras
3078 5620 3333 5673 marisco:

1769 5738 1862 5784 vut
1895 5741 1904 5774 :
1955 5722 2048 5776 sed
2089 5727 2142 5774 ct
2189 5720 2239 5772 in
2284 5733 2420 5789 pago
2461 5713 2800 5773 Lauduncusi
2841 5710 3175 5764 Burisiacutn
3215 5723 3336 5768 (tun
