3936 6318
496 351 634 407 IIIS

1608 344 1932 403 LUDOV'lCl
1968 346 1987 400 ι
2026 345 2497 402 COGNOMENTO
2537 345 2620 402 Pll

3652 346 3785 401 1116

490 466 744 519 omnibus
767 462 1100 533 appendiciis
1125 464 1258 519 suis.
1312 464 1534 531 insuper
1562 461 1875 517 censuimus
1912 460 2079 514 etiam
2110 464 2158 520 Α
2188 459 2269 513 vel
2301 458 2557 530 deinceps
2604 460 2659 515 in
2702 458 2825 528 jure
2875 460 3042 529 ipsius
3080 460 3256 515 sancti
3294 459 3399 513 loci
3432 459 3678 515 voluerit
3709 464 3782 518 di.

493 555 606 610 illis
631 553 750 608 dari
789 569 989 609 nonam
1030 561 1240 623 partem
1270 553 1340 609 de
1366 555 1513 608 omni
1549 553 1901 623 suppellectili
1941 550 2083 620 ejus-

493 648 621 701 dem
648 646 895 701 ecclesia:
916 661 1016 715 per
1038 653 1178 700 totas
1208 644 1386 710 villas,
1401 653 1467 699 vet
1495 645 1895 714 possessionem
1910 643 2086 712 'bujus

493 736 726 791 αωοωὶ
774 736 1038 800 rectoris,
1088 736 1141 791 id
1190 744 1274 789 est
1304 734 1370 789 de
1397 750 1643 799 annona,
1694 734 1763 789 de
1793 734 2083 805 legumine,

494 828 563 881 de
591 825 745 890 feno,
797 826 865 881 de
895 826 1211 891 formatico,
1256 827 1321 881 de
1354 826 1570 895 porcis,
1607 826 1672 879 dc
1711 825 1984 895 poledris,
2021 823 2090 879 dc

496 917 760 983 eamsilis,
790 919 855 973 de
875 919 1075 989 pastis,
1110 920 1175 974 de
1203 920 1361 983 vino,
1390 918 1457 971 de
1489 917 1629 973 ovis.
1672 918 1740 974 E1
1766 925 1826 971 ut
1853 918 1968 972 hzec
1994 932 2090 971 au-

499 1008 727 1071 ctoritas
770 1025 868 1080 per
914 1008 1094 1063 futura
1136 1018 1377 1078 tempora
1421 1009 1807 1063 imviolabilem
1849 1008 2092 1063 obtineat

498 1098 835 1163 ﬁrmitatem,
868 1116 1032 1155 manu
1059 1102 1280 1171 propria
1316 1102 1505 1156 subter
1530 1100 1887 1166 ﬁrmavimus,
1920 1108 1975 1156 et
2002 1115 2093 1154 an-

497 1192 608 1247 nuli
637 1196 808 1252 nostri
830 1195 1186 1263 impressione
1215 1195 1418 1265 signari
1440 1194 1726 1263 iussimus.

572 1282 796 1353 Signum
823 1284 1082 1341 Ludovici
1110 1285 1838 1355 serenissimidmperatoris.

569 1374 855 1428 Dnrandus
884 1374 1147 1431 diaconus
1168 1377 1246 1431 ad
1272 1377 1459 1435 vicem,
1478 1375 2089 1452 Fridttgisi-recognoyi.

568 1464 703 1520 Data
731 1477 789 1519 tu
820 1466 939 1520 Kal.
966 1465 1126 1533 Julii,
1171 1484 1317 1522 anno
1346 1467 1567 1524 Christo
1604 1468 1839 1539 propitio
1871 1470 1906 1525 8
1932 1482 1957 1510 ι
1992 1469 2092 1523 im-

498 1556 635 1625 perii
678 1557 867 1611 domui
904 1556 1165 1613 Ludovici
1210 1558 1445 1629 piissimi
1485 1558 1714 1628 Augusti
1740 1599 1754 1623 ,
1794 1559 2095 1615 indictione

499 1644 587 1702 £5.
631 1645 827 1702 Actum
859 1646 1114 1705 Stratella
1162 1649 1292 1705 villa
1340 1650 1393 1704 in
1439 1650 1537 1704 Dei
1570 1650 1791 1705 nomine
1839 1649 2088 1707 feliciter.

500 1736 688 1792 Lmen.

1224 1829 1355 1885 Clll.

753 1936 856 1976 PRO
896 1937 1235 1979 IONASTERIO
1269 1941 1487 1980 ΞΛΜ)τῶ
1527 1942 1849 1983 ClllllS'l'lN/E.

1122 2013 1297 2085 (Anno
1328 2017 1479 2087 822.)

502 2099 691 2173 [Apud
722 2102 907 2157 Balnz.
931 2103 1172 2188 Capita!1
1212 2116 1353 2188 tom._
1374 2106 1433 2168 ll,
1462 2108 1798 2188 ‘pagzlﬂﬁ,
1832 2123 1900 2164 ex
1924 2110 2095 2164 veteri

984 2175 1105 2229 cod.
1151 2175 1612 2250 Longolmrdicd]

574 2280 632 2335 In
663 2282 1148 2357 nomine/Domini
1199 2284 1293 2338 Dei
1320 2278 1397 2337 et
1433 2285 1737 2341 Salvatoris
1767 2288 1937 2342 nostri
1969 2286 2097 2342 Jcsu

500 2372 725 2435 Christi,
780 2371 1125 2437 Ludovicus,
1162 2374 1344 2427 divina
1394 2376 1682 2431 ordinante
1730 2377 2094 2447 providentia,

501 2461 797 2531 imperator
824 2462 1115 2531 Augustus.

502 2616 507 2621 I
572 2552 709 2608 Cum
745 2554 1096 2623 petitionibus
1128 2571 1410 2610 servorum
1442 2556 1534 2612 Dei
1560 2557 1725 2627 justis
1769 2566 1824 2611 et
1859 2557 2099 2612 rationa-

502 2642 705 2700 bilibus
735 2645 902 2699 divini
934 2645 1112 2700 cultus
1138 2660 1326 2700 amore
1355 2646 1629 2713 favemus,
1662 2649 1882 2717 superni
1912 2664 2101 2703 mune-

505 2737 585 2791 ris
612 2736 814 2791 donum
845 2735 1003 2790 nobis
1033 2750 1063 2789 a
1101 2736 1331 2792 Domino
1359 2738 1623 2809 impertiri
1664 2740 1959 2794 credimus.
2015 2738 2101 2793 ld-

504 2828 654 2881 circo
682 2835 869 2881 notum
900 2842 1021 2882 esse
1051 2826 1302 2882 volumus
1342 2830 1597 2883 omnibus
1620 2828 1871 2884 ﬁdelibus
1898 2836 2102 2884 sancta:

506 2919 601 2974 Dei
628 2920 889 2975 Ecclesiae
922 2922 1261 2991 nostrisque,
1296 2922 1657 2991 pnesentibus
1688 2923 1897 2978 scilicet
1934 2932 1990 2977 et
2018 2920 2103 2976 fu-

510 3009 671 3081 turis,
722 3010 848 3077 quia
877 3011 963 3064 vir
994 3012 1323 3067 venerabilis
1348 3011 1572 3077 Petrus,
1626 3014 1796 3067 abbas
1820 3028 1885 3067 ex
1915 3026 2103 3069 mona-

509 3098 679 3154 sterio
706 3098 923 3155 Sancta:
949 3099 1270 3168 Christinac,
1322 3103 1466 3172 quod
1493 3110 1577 3157 est
1612 3103 1776 3158 situm
1802 3116 1971 3174 prope
2001 3100 2103 3156 vil-

2185 552 2313 606 vina
2339 553 2515 623 pietas
2540 554 2757 625 augeri,
2809 554 2876 607 ad
2919 568 3113 608 causas
3142 552 3484 618 audiendas,
3517 553 3605 608 vel
3635 552 3782 607 freda

2184 644 2470 713 exigenda,
2502 652 2596 697 aut
2626 645 2938 699 mansiones
2965 644 3047 697 vel
3075 654 3303 713 paratas
3323 642 3639 707 faciendas,
3672 646 3784 699 sive

2187 735 2535 805 ﬁdejnssores
2569 736 2853 801 tollendos,
2896 746 2991 790 aut
3015 736 3267 813 homines
3300 737 3472 805 ipsius
3504 747 3787 791 monaste-

2191 826 2256 879 rii
2282 826 2701 896 distringendos,
2726 842 2826 881 nec
2848 826 2986 881 ullas
3009 822 3405 884 redhibitiones
3431 836 3533 883 aut
3563 828 3786 883 illicitas

2187 920 2502 974 occasiones
2538 920 2919 988 requirendum
2940 959 2956 983 ,
2984 920 3189 975 nostris
3216 919 3535 991 futurisque
3562 931 3754 989 tempo

2190 1009 2341 1064 ribus
2380 1008 2588 1079 ingredi
2629 1009 2863 1073 audeat,
2911 1009 2996 1063 vel
3040 1023 3104 1062 ea
3135 1024 3257 1077 quae
3276 1024 3437 1078 supra
3462 1018 3773 1064 memorata

2190 1108 2316 1154 sunt
2344 1100 2557 1168 penitus
2585 1102 2805 1170 exigere
2839 1110 3155 1169 praasumat.
3218 1098 3325 1155 Sed
3358 1100 3523 1155 liceat
3564 1116 3782 1155 memo-

2194 1198 2315 1245 rato
2342 1190 2525 1245 abbati
2548 1189 2770 1260 ejusque
2799 1190 3205 1245 successoribus
3252 1206 3340 1247 res
3380 1192 3637 1261 praedicti
3667 1207 3781 1246 mo—

2195 1280 3774 1336 nasterii......,........

2199 1372 2339 1426 sicut
2371 1372 2425 1426 in
2453 1380 2727 1442 prmeepto
2751 1372 2936 1428 domui
2963 1382 3020 1428 et
3047 1374 3309 1444 genitoris
3341 1373 3518 1428 nostri
3542 1374 3786 1429 contine-

2196 1473 2315 1530 tur,
2356 1466 2465 1521 sub
2504 1464 2865 1521 immanitatis
2902 1466 3450 1526 nostraedefensione
3475 1467 3676 1537 quieto
3703 1483 3788 1521 or-

2198 1555 2325 1609 dine
2372 1554 2652 1625 possidere
2703 1562 2759 1610 ct
2806 1564 2995 1611 nostro
3026 1556 3254 1612 fideliter
3289 1571 3483 1626 parere
3512 1558 3785 1626 imperio;

2196 1655 2469 1714 quatenus
2511 1646 2920 1717 congregationi
2966 1646 3164 1701 ibidem
3208 1647 3318 1701 Deo
3360 1646 3651 1701 lamulanti
3695 1663 3787 1718 pro

2199 1736 2355 1792 nobis
2376 1745 2439 1791 et
2459 1736 2688 1807 conjuge
2715 1736 2978 1807 proleque
3006 1744 3193 1792 nostra
3234 1737 3318 1791 vel
3350 1753 3449 1807 pro
3490 1737 3789 1791 stabilitate

2118 1822 2166 1881 B
2198 1828 2363 1882 totius
2386 1828 2599 1898 imperii
2626 1828 2798 1884 nostri
2827 1844 2857 1882 a
2881 1827 2993 1883 Deo
3019 1827 3177 1884 nobis
3210 1829 3455 1891 concessi
3476 1837 3645 1897 atque
3664 1842 3788 1884 con-

2198 1916 2449 1972 servandi
2484 1917 2687 1988 jugiter
2718 1917 2930 1973 Domini
2974 1919 3408 1977 misericordiam
3436 1934 3673 1974 exorare
3698 1919 3787 1974 de-

2197 2007 2382 2064 lectet.
2420 2007 2486 2063 Et
2509 2016 2569 2062 ut
2604 2009 2720 2064 haec
2753 2008 3056 2065 auctoritas
3084 2011 3289 2065 nostris
3316 2009 3627 2079 futurisque
3658 2020 3787 2064 tem-

2196 2100 2422 2171 poribus
2462 2100 2640 2153 valeat
2681 2100 2995 2156 inconvulsa
3044 2116 3264 2156 manere
3288 2142 3305 2167 ,
3360 2117 3528 2156 manu
3573 2103 3786 2171 prepria

2203 2194 2395 2247 subter
2426 2190 2762 2246 ﬁrmavimus
2807 2199 2863 2247 et
2909 2191 3098 2246 annuli
3123 2192 3297 2247 nostri
3327 2193 3691 2267 impressione
3716 2194 3785 2247 si-

2198 2288 2353 2357 gnari
2378 2284 2660 2353 iussimus.

2273 2376 2497 2446 Signum
2529 2376 2790 2431 Ludovici
2819 2376 3156 2432 serenissimi
3182 2376 3560 2452 imperatoris.

2272 2467 2560 2522 Durandus
2583 2467 2846 2522 diaconus
2870 2467 2938 2522 ad
2962 2468 3135 2522 vicem
3158 2466 3429 2535 Fridugisi
3454 2465 3782 2535 recognovit.

2272 2557 2466 2610 Datum
2504 2573 2555 2611 tv
2585 2557 2810 2611 Kalend.
2849 2555 3120 2623 Octobris,
3151 2573 3293 2627 anpo
3316 2557 3538 2613 Christo
3562 2556 3784 2627 pmpitio

2201 2649 2234 2704 9
2274 2648 2488 2717 imperii
2535 2648 2718 2704 domni
2770 2647 3029 2703 Ludovici
3071 2648 3301 2717 piissimi
3347 2646 3611 2717 Augusti,
3657 2644 3793 2706 indi:

2202 2742 2382 2795 ctione
2411 2740 2609 2809 prima.
2658 2738 2858 2794 Actum
2887 2739 3176 2809 Cispiacbo
3203 2738 3259 2793 in
3278 2736 3466 2793 Ardua
3493 2738 3549 2791 in
3579 2737 3672 2792 Dei
3697 2751 3785 2790 no-

2203 2832 2349 2888 mine
2386 2830 2641 2895 feliciter.
2668 2830 2867 2886 Amen.

2930 2920 3062 2976 CIV.

2402 3025 2513 3068 ‘PBO
2548 3024 2796 3067 ECCLBSIA
2833 3025 2879 3066 Β.
2916 3026 3168 3066 VICTORIS
3206 3026 3588 3067 κλεειιιειςδιε.

2828 3104 3001 3174 (Anno
3029 3104 3181 3176 822.)

508 3188 910 3291 lam-nostram
932 3189 1284 3291 _0llonu_amg,
1336 3193 1533 3291 obtulit
1571 3194 1867 3291 obtutibus-
1899 3192 2101 3291 nostris
2128 3182 2172 3243 C
2208 3217 2385 3291 [Apud
2416 3218 2479 3271 Β.
2512 3216 2787 3291 nmque“
2822 3214 3043 3291 liam,“-
3066 3216 3155 3291 ἀφ
3189 3215 3499 3291 ﬁgam-qm!
3533 3222 3664 3291 εφη,
3705 3213 3782 3277 γι,

507 3283 891 3337 auctoritatem
932 3286 1297 3340 immunitatis
1339 3287 1524 3342 domui
1554 3296 1609 3341 et
1640 3286 1901 3357 genitoris
1930 3286 2101 3341 nostri

504 3372 688 3428 Caroli
720 3372 876 3427 bona:
923 3376 1202 3429 memoriae
1244 3376 1579 3431 srrenissimi
1629 3377 2008 3447 imperatoris,
2044 3376 2101 3431 in

498 3478 614 3531 qua
644 3463 1026 3517 contine‘atur
1056 3465 1324 3522 insertum
1357 3466 1592 3535 qualiter
1626 3468 1743 3538 ipse
1781 3467 2101 3538 praedictum

506 3552 898 3608 monasterium
962 3568 1087 3607 cum
1140 3555 1394 3609 omnibus
1452 3558 1617 3611 rebus
1664 3564 1719 3611 et
1766 3557 2100 3621 hominibus,

508 3658 647 3713 quos
684 3653 797 3698 tam
833 3644 900 3698 de
938 3645 1232 3698 donatione
1269 3659 1458 3715 regum
1491 3647 1913 3715 reginarumque
1941 3660 2102 3716 quam

508 3734 672 3788 etiam
714 3734 1045 3802 reliquorum
1086 3735 1255 3790 Deum
1295 3736 1604 3791 timentium
1643 3737 1929 3792 hominum
1959 3737 2103 3791 idem

510 3826 906 3897 monasterium
954 3840 1020 3880 eo
1067 3834 1311 3895 tempore
1356 3827 1595 3897 legitime
1626 3827 1971 3898 possidebat,
2002 3828 2105 3882 sub

510 3931 611 3969 suo
665 3906 965 3969 munimine
1010 3922 1068 3969 et
1110 3914 1429 3970 defensione
1476 3916 1778 3970 consistere
1826 3914 1987 3979 fecit,
2053 3924 2107 3970 et

507 4008 627 4075 ejus
672 4008 999 4068 auctoritate
1049 3998 1406 4063 immunitatis
1463 4009 1728 4063 hactenus
1781 4008 1849 4063 ab
1899 4008 2109 4078 inquie-

512 4098 705 4153 tudine
740 4090 1046 4177 judiciariae
1078 4100 1363 4169 potestatis
1424 4100 1567 4154 idem
1605 4092 1891 4154 'munitum
1946 4108 2109 4171 atque

511 4188 871 4246 defensatum“
905 4190 1073 4245 fuisse
1120 4191 1532 4245 monasterium.
1607 4192 1675 4245 Et
1719 4206 1842 4260 pro
1879 4190 2109 4246 ﬁrmita-

514 4286 587 4341 tis
640 4286 820 4340 studio
871 4286 1166 4355 postulavit
1210 4285 1352 4340 idem
1414 4283 1611 4339 Petrus
1673 4284 1840 4339 abbas
1891 4284 2108 4339 sereni-

515 4385 685 4432 tatem
724 4385 968 4432 nostram
998 4387 1057 4429 ut
1082 4384 1326 4444 paternae
1356 4374 1667 4430 auctoritati
1700 4381 1943 4429 nostram
1969 4389 2111 4444 quo.-

515 4484 622 4539 que
663 4468 991 4523 adderemus
1038 4468 1438 4521 auctoritatem.
1523 4463 1688 4533 Cujus
1727 4464 1985 4535 precibus
2039 4463 2111 4518 ob

518 4558 690 4613 divini
720 4558 897 4613 cultus
934 4571 1177 4612 amorem
1206 4566 1262 4611 et
1288 4556 1699 4611 venerationem
1733 4555 1905 4625 ipsius
1931 4553 2109 4609 sancti
2133 4540 2188 4601 D

518 4650 623 4707 loci
653 4665 934 4705 assensum
966 4650 1298 4719 praebentes,
1337 4650 1479 4703 hanc
1505 4648 1884 4702 auctoritatem
1913 4647 2110 4701 immu-

519 4743 709 4799 nitatis
731 4750 932 4797 nostra:
955 4741 1130 4796 eidem
1175 4740 1511 4795 monasterio
1546 4738 1663 4793 ﬁeri
1690 4736 1978 4806 iussimus,
2009 4750 2110 4805 per

519 4848 685 4904 quam
730 4832 1073 4903 prtecipimus
1121 4838 1284 4900 atque
1322 4830 1576 4901 jubemus
1629 4836 1688 4883 ut
1746 4834 2109 4883 memoratum

521 4927 913 4983 monasterium
949 4940 1072 4980 cum
1112 4924 1364 4979 omnibus
1392 4923 1554 4978 rebus
1594 4929 1649 4977 et
1686 4920 2001 4975 hominibus
2032 4918 2102 4973 ad

524 5034 584 5074 se
605 5008 1139 5090 praesenti'tempore
1163 5013 1311 5083 juste
1348 5023 1404 5069 et
1441 5012 1688 5083 legaliter
1709 5009 2111 5079 pertinentibus

523 5112 610 5167 vel
637 5103 1028 5181 aspicientibus
1054 5110 1153 5164 sub
1181 5107 1541 5163 immunitatis
1571 5113 1769 5160 nostra:
1798 5101 2113 5159 defensione

528 5204 703 5259 modis
734 5203 986 5257 omnibus
1024 5204 1316 5267 consistat,
1365 5210 1420 5258 et
1457 5201 1635 5257 nullus
1666 5201 1832 5271 judex
1865 5198 2112 5268 publicus

527 5295 613 5349 vel
636 5294 866 5364 quilibet
904 5310 970 5349 ex
1013 5294 1302 5366 judiciaria
1343 5302 1609 5364 potestate
1634 5292 1686 5347 in
1722 5290 1987 5348 ecclesias
2020 5296 2113 5343 aut

526 5376 717 5449 villas,
781 5394 996 5450 curtes,
1074 5382 1191 5439 loca
1227 5384 1380 5449 ,rvel
1431 5399 1591 5455 agros
1619 5423 1633 5449 ,
1700 5398 1795 5437 seu
1874 5380 2112 5449 reliquas

528 5476 902 5549 possessiones
949 5476 1235 5530 memorati
1283 5473 1631 5538 monasterii,
1676 5485 1812 5541 quas
1854 5469 2117 5525 moderno

531 5578 776 5639 tempore
822 5568 970 5637 juste
1014 5578 1071 5624 et
1122 5568 1371 5639 lcgaliter
1420 5566 1660 5638 possidet
1704 5565 1759 5619 in
1785 5563 2119 5633 quibuslibet

530 5662 684 5731 pagis
731 5660 813 5715 vel
863 5661 1157 5717 territoriis
1195 5660 1334 5715 infra
1373 5646 1627 5714 ditionem
1676 5656 1884 5728 imperii
1921 5654 2116 5721 nostri,

606 5788 631 5816 ι
670 5775 979 5848 chcndum
1001 5777 1056 5831 9.

2404 3304 2529 3358 pag.
2555 3284 2681 3351 559,
2704 3301 2773 3341 ex
2806 3287 3083 3341 chartario
3112 3285 3274 3355 hujus
3302 3284 3599 3355 ecclesia]

2274 3379 2334 3434 In
2371 3378 2588 3433 nomine
2634 3378 2731 3433 Dei
2760 3386 2816 3432 et
2846 3377 3145 3433 Salvatoris
3188 3378 3368 3432 nostri
3394 3375 3525 3451 Jesu
3561 3375 3784 3437 Christi,

2204 3472 2515 3528 Ludovicus
2556 3471 2739 3527 divina
2783 3471 3071 3525 ordinante
3110 3469 3457 3539 providentia
3501 3470 3792 3537 imperator

2205 3565 2523 3637 Augustus,
2568 3565 2831 3619 omnibus
2878 3564 3127 3618 ﬁdelibus
3173 3570 3375 3618 sancta:
3401 3562 3501 3616 Dei
3545 3560 3793 3616 Ecclesia

2206 3667 2260 3713 et
2281 3656 2511 3720 nostris,
2544 3655 2628 3709 vel
2667 3655 2879 3709 cunctis
2918 3653 3365 3708 ministerialibus
3407 3651 3791 3721 rempublicam

2206 3745 2723 3803 administrantibus
2751 3754 2863 3799 tam
2890 3743 3249 3814 praesentibus
3274 3758 3442 3813 quam
3490 3751 3547 3795 et
3580 3740 3788 3795 futuris.

2282 3835 2480 3890 Notum
2507 3850 2627 3890 esse
2652 3834 2901 3889 volumus
2928 3841 3123 3888 vestra:
3148 3833 3429 3887 industriae
3460 3830 3702 3900 qualiter
3721 3832 3795 3883 vir

2209 3926 2541 3983 venerabilis
2558 3925 2929 3981 Theodbertus
2942 3924 3225 3993 episcopus
3239 3921 3604 3977 Massiliensis
3620 3920 3796 3975 adiens

2211 4018 2587 4091 serenitatem‘
2614 4016 2867 4073 culminis
2915 4016 3129 4080 nostri,
3190 4021 3412 4086 gestans
3455 4013 3513 4067 in
3557 4013 3797 4066 manibus

2211 4116 2503 4183 quamdam
2550 4110 2928 4165 auctoritatem
2978 4108 3159 4163 domui
3192 4096 3456 4178 genitoris
3491 4104 3671 4160 nostri
3708 4102 3794 4156 Ca—

2214 4204 2315 4259 roli
2346 4201 2785 4272 praestantissimi
2836 4199 3203 4269 imperatoris,
3253 4198 3305 4251 in
3341 4211 3447 4265 qua
3482 4193 3792 4249 contineba-

2215 4302 2306 4348 tur
2336 4293 2599 4347 insertum
2632 4291 2868 4361 qualiter
2904 4289 3151 4344 ecclesia:
3188 4288 3363 4342 sancti
3399 4284 3642 4341 Victoris
3669 4300 3803 4339 mar-

2215 4382 2369 4453 tyris,
2396 4382 2485 4436 ubi
2505 4381 2939 4437 sacratissimum
2988 4394 3187 4449 corpus
3220 4378 3336 4449 ejus
3371 4377 3669 4431 humatum
3707 4384 3797 4437 εει,

2216 4471 2577 4526 concessisset
2598 4470 2871 4525 teloneum
2922 4471 2987 4525 de
3029 4470 3157 4523 villa
3200 4484 3321 4537 quas
3347 4468 3556 4522 dicitur
3586 4466 3797 4526 Leonio,

2214 4564 2479 4635 quidquid
2515 4563 2679 4619 ﬁscus
2719 4564 2902 4633 regius
2943 4562 3139 4616 exinde
3168 4561 3423 4629 exigebat
3460 4568 3578 4614 tam
3609 4561 3676 4613 de
3700 4558 3797 4613 sale

2213 4672 2376 4727 quam
2402 4664 2459 4710 et
2482 4656 2547 4710 de
2571 4654 2693 4709 aliis
2714 4654 3137 4716 conditionibus,
3177 4667 3280 4707 nec
3305 4665 3415 4705 non
3439 4658 3498 4705 et
3530 4650 3797 4704 teloneum

2214 4752 2280 4805 de
2326 4749 2559 4803 navibus
2603 4747 2671 4801 ab
2707 4746 2861 4801 Italia
2897 4745 3269 4804 venientibus.
3306 4758 3430 4813 quas
3458 4742 3530 4796 ad
3562 4740 3798 4795 eamdem

2214 4838 2502 4895 ecclesiam
2541 4838 2788 4906 arripare
2827 4836 3098 4899 videntur,
3137 4842 3197 4889 ut
3221 4832 3487 4903 quidquid
3525 4830 3596 4886 ad
3625 4830 3797 4899 publi-

2215 4945 2338 4985 cum
2366 4944 2501 4999 opus
2533 4929 2618 4983 vel
2664 4928 2732 4982 ad
2774 4926 2962 4981 ﬁscum
3005 4926 3215 4995 regium
3244 4923 3443 4978 exinde
3468 4918 3797 4975 consuetudo

2220 5022 2322 5079 fuit
2352 5033 2630 5087 exactam,
2670 5021 2737 5075 ad
2763 5019 3075 5089 pratdictam
3098 5016 3390 5071 ecclesiam
3420 5012 3595 5067 sancti
3629 5011 3794 5063 Victo-

2220 5115 2297 5169 ris
2324 5113 2580 5183 martyris
2608 5109 2990 5174 Massiliensis,
3028 5108 3114 5163 vel
3148 5108 3216 5161 ad
3247 5114 3490 5160 rectores
3526 5100 3643 5170 ejus
3676 5114 3795 5154 con-

2220 5206 2555 5260 cederemus.
2612 5201 2948 5270 Quapropter
2986 5197 3241 5268 precibus
3280 5196 3478 5264 quibus
3509 5191 3675 5245 valuit
3706 5201 3794 5241 n0-

2220 5303 2389 5351 stram
2434 5293 2683 5349 exoravit
2733 5291 3072 5346 clementiam
3121 5296 3216 5353 ut,
3261 5294 3550 5355 paternum
3598 5292 3794 5335 morem

2222 5397 2549 5459 sequentes,
2601 5393 2842 5440 nostram
2890 5383 3056 5437 etiam
3115 5379 3496 5435 auctoritatem
3547 5370 3790 5443 prmdicta

2217 5480 2469 5544 ecclesia,
2502 5478 2555 5531 in
2581 5491 2687 5547 qua
2716 5476 2830 5544 ipse
2859 5473 2971 5528 Deo
3006 5479 3228 5527 auctore
3268 5470 3557 5539 episcopus
3580 5466 3786 5532 prteest.
3834 5464 3835 5467 “

2217 5570 2419 5625 habere
2441 5573 2763 5623 mereretur.
2789 5562 2952 5632 Cujus
2978 5562 3234 5633 precibus
3276 5572 3466 5613 aurem
3490 5563 3784 5619 accommo-

2218 5660 2430 5725 dantes,
2456 5658 2554 5713 ltos
2580 5662 2793 5711 nostros
2817 5652 3124 5723 imperiales
3155 5650 3338 5721 apices
3372 5646 3485 5702 ﬁcri
3512 5640 3781 5714 jussintus,
