3936 6346
231 394 375 449 Hi7

218 604 353 658 dum
388 604 637 661 domnus»
659 618 712 662 et
747 612 961 680 genitor
1005 625 1193 671 noster
1234 621 1509 688 praedictae
1528 630 1799 683 concessit

1366 412 1759 475 DlPLOMATA
1800 422 2351 491 ECCLESIASTICA.

3183 1 3337 23 ψ*
3350 6 3541 25 Ἦν

3335 455 3473 512 HIS

218 524 327 627 per
352 528 490 627 quos
517 514 865 624 praecipimus
884 529 1047 591 atque
1060 523 1313 594 iubemus
1336 538 1413 627 ut,
1438 536 1793 602 quemadmo-
1823 555 1873 612 Α
1900 542 2017 597 riali
2046 549 2369 604 auctoritate
2403 552 2764 622 przecipimus,
2802 571 2866 611 ac
2886 557 3158 627 jubetnus,
3191 569 3250 615 ut
3291 565 3470 621 nullus

1906 631 2131 699 quilibet
2162 644 2363 691 sancta:
2390 639 2481 691 Dei
2512 641 2799 708 Ecclesiae,
2847 649 3196 714 praesentium
3222 650 3473 708 videlicet

553 698 626 753 ita
662 708 718 755 et
752 702 1005 773 deinceps
1148 718 1468 779 perpetuum
1495 714 1715 772 ﬁrmum
1744 729 1800 775 et
1899 694 1957 774 e—t
1980 719 2306 790 futurorum,
2352 726 2417 781 de
2442 694 2811 798 praedictisﬂe't
2848 694 3041 791 lsubter
3069 710 3273 794 notatis
3308 694 3471 799 rculids

213 784 415 900 stabile
454 800 770 900 permaneat
794 833 820 900 ,‘
855 802 911 848 et
954 794 1133 900 nullus
1172 800 1397 868 quilibet
1422 804 1796 873 eajudiciaria
1899 784 2325 880 inquietudinem
2371 784 2465 873 sui
2508 784 3471 900 refragstie’nemﬂv'e-l—pra-ajddiei-u‘;

210 876 723 985 potestatealiquod
752 882 1125 985 teloneutunde
1152 893 1476 960 supradictis
1509 896 1642 953 locis
1670 914 1799 954 exa-
1896 876 1991 957 vei
2008 904 2316 960 violentiam
2363 906 2545 964 facere
2587 876 2757 966 tentet

211 976 367 1024 ctare
394 977 487 1024 aut
518 974 793 1041 requirere
817 1015 832 1040 ,
878 977 962 1031 vel
992 978 1155 1034 ullam
1190 987 1633 1044 contrarietatem
1664 1004 1795 1063 erga
1895 990 2263 1061 subreptione,
2292 1005 2384 1050 aut
2411 1000 2802 1066 subtractione,
2837 1003 2929 1059 vel
2946 974 3340 1073 diminutione,
3370 974 3466 1064 at:

210 1061 527 1130 praedictam
565 1065 847 1123 ecclesiam
888 1067 1071 1125 Sancti
1109 1071 1345 1131 Victoris
1373 1076 1597 1148 ejusque
1619 1061 1797 1136 recto-

208 1165 305 1206 res
325 1150 506 1209 facere
530 1165 622 1210 aut
647 1157 893 1227 ingerere
929 1173 1250 1229 praesumat;
1274 1165 1384 1220 sed
1414 1169 1615 1223 nostris
1640 1169 1788 1223 futu-

204 1244 397 1313 risque
426 1249 759 1318 temporibus
789 1251 1169 1310 inviolabiliter
1196 1267 1572 1315 conservetur.
1631 1262 1699 1317 Et
1726 1274 1790 1319 ut

202 1333 328 1391 hac
348 1340 643 1396 auctoritas
667 1340 941 1400 ﬁrmitatis
976 1356 1175 1401 nostrae
1198 1362 1297 1417 per
1322 1348 1501 1407 futura
1544 1361 1786 1424 tempora

201 1423 535 1484 inviolabilis
576 1443 949 1501 conservetur,
996 1436 1183 1491 annuli
1222 1440 1391 1494 nostri
1427 1423 1787 1512 impressione

196 1517 410 1588 signari
433 1519 713 1588 jussimus.

278 1606 506 1678 Signum
532 1612 715 1666 domni
753 1614 1012 1672 Ludovici
1050 1618 1399 1688 imperatoris
1423 1624 1779 1679 serenissimi.

275 1696 413 1753 Data
454 1699 580 1761 Kal.
628 1700 979 1777 Novembris,
1028 1722 1173 1763 anno
1200 1710 1405 1766 Christi
1440 1704 1677 1783 propitio
1702 1715 1779 1788 [9]

189 1784 415 1856 imperii
442 1789 637 1844 domni'
659 1791 917 1850 Ludovici
947 1798 1177 1867 piissimi
1198 1800 1455 1870 Augusti,
1485 1784 1781 1862 indictione

188 1874 399 1941 prima.
438 1876 631 1934 Actum
653 1879 967 1955 lsemburgo
992 1887 1195 1956 palatio
1223 1890 1398 1959 regio.

516 2100 616 2140 PRO
647 2101 981 2145 IIONASTERIO
1015 2106 1201 2148 SANCTI
1238 2109 1457 2150 AIANDI.

816 2178 990 2251 (Anno
1020 2179 1173 2249 822.)

188 2259 375 2332 [Apud
419 2262 641 2332 Mabiil.,
686 2269 801 2321 Act.
836 2267 937 2325 SS.
989 2268 1466 2344 0rd.AS._Bened.
1517 2289 1642 2331 sine.
1702 2292 1776 2344 tv,

725 2347 869 2408 part.
904 2356 945 2405 ι-,
970 2355 1097 2412 pag.
1131 2340 1217 2395 66.
1228 2342 1245 2413 j

261 2422 319 2478 in
359 2426 577 2483 nomine
604 2429 819 2484 Domini
864 2430 961 2486 Dei
1006 2440 1061 2487 et
1106 2432 1405 2490 Salv-storis
1453 2437 1622 2493 nostri
1649 2437 1775 2494 Jesu

185 2512 417 2583 Christi,
443 2518 748 2578 Ludovicus
789 2521 969 2580 divina
993 2524 1280 2581 ordinante
1305 2528 1641 2597 providentia
1675 2531 1776 2585 im-

184 2614 411 2674 perator
443 2606 738 2679 Angustus.

256 2693 394 2749 Cum
424 2696 557 2753 locis
582 2698 767 2755 divino
785 2699 954 2757 cultui
981 2702 1310 2773 mancipatis
1330 2705 1400 2760 ob
1436 2705 1633 2764 divinae
1662 2723 1775 2764 ser-

181 2787 375 2842 vitutis
400 2802 641 2844 amorem
682 2806 837 2862 opem
865 2806 1158 2865 congruam
1185 2794 1431 2865 ferimus,
1482 2806 1539 2852 et
1567 2798 1772 2871 regium

182 2891 399 2932 morem
438 2880 693 2937 decenter
721 2884 1027 2954 implemus,
1067 2886 1201 2940 et'id
1224 2887 1387 2943 nobis
1426 2889 1770 2958 profuturum

180 2968 250 3022 ad
296 2976 512 3027 internae
543 2976 999 3031 remunerationis
1048 2977 1270 3047 prsimia
1313 2980 1645 3048 capessenda
1675 2996 1766 3036 ve—

1892 1094 1998 1150 que
2026 1082 2325 1149 divisione,
2366 1085 2527 1145 liceat
2566 1103 2661 1144 eas
2689 1090 2863 1146 eidem
2906 1099 3311 1164 congregationi
3352 1115 3473 1153 mo-

1892 1172 2189 1228 nachorum
2217 1175 2325 1229 Deo
2350 1177 2696 1236 militantium
2731 1194 2856 1236 cum
2882 1184 3029 1237 omni
3057 1186 3363 1263 integritate
3383 1190 3467 1243 in-

1890 1260 2214 1318 violabiliter
2247 1266 2449 1335 absque
2493 1268 2601 1323 ulla
2642 1272 2911 1328 calumnia
2949 1283 3004 1329 et
3030 1260 3465 1335 contradictione

1888 1353 2152 1407 securiter
2175 1368 2238 1408 ac
2267 1359 2648 1425 perpetualiter
2691 1361 2911 1428 habere,
2949 1365 3227 1433 possidere
3250 1376 3307 1422 et
3333 1366 3459 1427 frui.

1888 1442 2237 1500 Solummodo
2267 1446 2515 1504 videlicet
2551 1449 2616 1503 ad
2646 1451 2771 1516 hoc,
2805 1454 2946 1509 sicut
2980 1457 3318 1524 praemissum
3339 1466 3453 1522 est,

1885 1534 2191 1602 speciaiiter
2232 1551 2262 1589 a
2297 1538 2453 1592 nobis
2500 1549 2625 1594 sunt
2671 1556 2771 1609 pro
2796 1545 3047 1601 mercede
3092 1557 3283 1602 nostra
3300 1550 3462 1611 ,dele-

1884 1635 2024 1696 gntae
2068 1636 2123 1682 et
2149 1628 2516 1695 conﬁrmatae,
2557 1642 2615 1687 ut
2656 1650 2757 1690 nec
2803 1637 3038 1697 humana
3079 1648 3325 1710 potestas
3341 1644 3463 1702 sine

1884 1718 1969 1772 sui
1986 1720 2231 1788 periculo
2269 1720 2795 1792 discriminispossit
2818 1740 2915 1780 eas
2955 1738 3273 1793 convertere
3296 1772 3311 1797 ,
3358 1733 3459 1790 sed
3490 1803 3494 1806 ἠ
3574 1792 3577 1795 λ

1884 1822 2098 1875 semper
2124 1809 2225 1863 sub
2254 1811 2427 1880 regali
2446 1819 2499 1866 et
2531 1812 2796 1881 imperiali
2824 1816 3048 1874 tuitiene
3074 1820 3460 1892 irrefragabili-i

1808 1894 1856 1954 B
1887 1896 2150 1951 tersalvas
2180 1896 2410 1954 fratrum
2437 1892 2622 1955 usibus
2648 1896 2945 1959 consistant
2973 1923 2985 1958 :
3018 1917 3285 1975 quatenus
3309 1910 3453 1979 ejus—

1884 1986 2008 2038 dem
2034 1985 2136 2040 loci
2162 1985 2369 2042 devotae
2396 1988 2506 2043 Deo
2537 1990 2752 2050 amabili
2782 1997 3191 2065 congregationi.
3218 2013 3321 2067 pro
3360 2017 3456 2058 no~

1882 2072 1966 2128 bis
1993 2089 2056 2130 ac
2083 2090 2182 2145 pro
2223 2076 2387 2131 totius
2427 2078 2641 2147 imperii
2690 2078 2851 2147 hujus
2875 2084 3167 2139 stabilitate
3198 2101 3263 2141 ac
3296 2076 3453 2163 pace,

1883 2172 2082 2219 nostra:
2105 2166 2319 2235 pietatis
2343 2182 2567 2225 munere
2598 2171 2787 2239 adjuti,
2829 2171 3115 2228 Dominum
3139 2179 3455 2245 propensius

1881 2269 2109 2310 exorare
2128 2257 2378 2312 delectet.
2410 2258 2478 2312 Et
2502 2261 2618 2315 haec
2643 2262 2865 2316 nomina
2884 2263 2952 2317 de
2981 2264 3110 2334 ipsis
3138 2267 3299 2323 rebus
3321 2284 3458 2338 quas

1882 2344 1989 2400 illis
2016 2346 2135 2403 dari
2165 2348 2523 2405 decrevimus.
2571 2351 2629 2405 in
2660 2366 2797 2422 pago
2825 2351 3159 2412 Bracbatinsi
3183 2396 3199 2423 ,
3234 2358 3287 2412 in
3322 2358 3456 2420 locis

1878 2436 2205 2505 nuncupatis
2235 2437 2504 2497 Baceroth
2536 2438 2719 2511 (vulgo
2739 2442 3083 2518 Bassarode),
3112 2446 3295 2513 Deoia,
3320 2448 3457 2508 Neo-

1878 2522 2033 2588 niﬁo,
2056 2532 2111 2578 et
2138 2522 2450 2591 Securiaco,
2488 2530 2664 2591 mansi
2696 2548 2883 2603 xcviu.
2920 2533 2977 2587 In
3003 2550 3139 2605 pago
3164 2536 3455 2594 Ostreban-

1879 2612 2039 2677 tinse,
2064 2612 2125 2672 in
2145 2613 2276 2692 1.9m-
2293 2616 2387 2685 qui
2413 2616 2611 2679 dicitur
2636 2619 2934 2685 Halciacus,
2969 2639 3093 2682 cum
3122 2627 3454 2696 appendiciis

1878 2701 1990 2755 suis
2020 2703 2193 2757 mansi
2220 2720 2373 2761 ιγηι.
2414 2706 2472 2759 in
2494 2722 2631 2775 pago
2666 2710 2757 2777 qui
2787 2710 2985 2769 dicitur
3022 2712 3357 2783 Menpiscus,
3392 2718 3447 2771 in

1876 2790 1995 2846 loco
2009 2803 2352 2863 nuncupante
2364 2794 2587 2861 Roslar,
2610 2813 2731 2854 cum
2757 2801 3090 2869 qipendiciis
3119 2805 3251 2870 suis,
3264 2808 3452 2864 .mansi

1874 2894 2062 2938 cxvitt.
2094 2882 2440 2939 Mansioniles
2480 2887 2623 2942 circa
2665 2892 3051 2950 monasterium
3080 2910 3156 2960 tv,
3203 2904 3259 2951 et
3276 2897 3460 2966 pisca-

1874 2971 2073 3028 tionem
2103 2981 2264 3041 atque
2295 2971 2686 3043 Seoncurtem;
2734 2989 2788 3034 et
2814 2981 2865 3035 in
2894 2980 3154 3039 Flandms
3188 2986 3451 3043 mariscos

178 3059 385 3113 raciter
409 3062 702 3117 credimus.
746 3064 956 3119 idcirco
992 3073 1332 3121 notum'esse
1360 3067 1606 3129 volumus
1630 3084 1765 3124 eun-
1871 3077 1987 3118 νιιιο
2046 3062 2154 3119 Sed
2194 3074 2251 3119 θῐ
2293 3066 2348 3121 in
2388 3083 2525 3137 9080
2556 3068 2896 3127 Land‘meﬂSi
2949 3074 3281 3133 Βδτίδίαουοδ
3324 3092 3448 3133 cum

173 3148 282 3201 clis
312 3148 559 3207 ﬁdelibus
605 3163 807 3209 sane“,
836 3154 933 3209 De;
975 3155 1230 3212 [500133533
1274 3166 1329 3212 ει
1355 3160 1577 3225 nosH-is,
1622 3175 1767 3230 pm}.
1870 3151 2119 3206 omnibus
2148 3153 2479 3221 appendiciis
2508 3156 2638 3210 suis.
2677 3157 2900 3227 insuper
2944 3162 3253 3219 censuimus
3278 3164 3448 3218 etiam

168 3237 427 3294 sentibus
456 3240 662 3297 scilicet
690 3250 746 3297 et
770 3242 997 3311 futuris,
1042 3246 1171 3315 quia
1199 3247 1393 3302 adiens
1408 3250 1762 3306 serenitatem
1793 3238 1836 3299 C
1869 3239 1975 3295 illis
2016 3240 2131 3295 dari
2170 3254 2363 3295 novam
2408 3251 2621 3312 partem
2662 3246 2729 3300 de
2758 3247 2904 3303 omni
2944 3250 3263 3319 supellectili
3295 3251 3447 3321 sins-

168 3328 428 3386 culminis
455 3334 628 3388 nostri
665 3333 748 3388 vir
765 3335 1103 3390 venerabilis
1124 3336 1431 3413 Adaieodns
1450 3340 1615 3405 abba,
1642 3356 1759 3395 mo—

168 3423 404 3477 nasterii
430 3422 617 3479 Sancti
647 3423 902 3490 Amandi,
938 3438 1044 3480 una
1069 3442 1191 3481 cum
1229 3426 1444 3482 Aldrico
1472 3429 1763 3486 missono—

167 3522 313 3579 stre,
364 3529 524 3584 quem
553 3518 622 3573 ad
663 3519 981 3589 praedictum
1027 3522 1334 3576 coenobium
1366 3522 1664 3579 direximus
1694 3526 1762 3580 ad

163 3604 419 3659 ordinem
476 3608 675 3677 regulae
722 3610 898 3664 sancti
952 3609 1229 3667 Benedicti
1277 3611 1755 3679 conﬁrmandum;

165 3705 561 3766 suggesserunt
598 3699 1003 3754 mansuetudini
1032 3710 1230 3756 nostra
1271 3703 1505 3781 qualiter
1531 3719 1756 3773 congre-

164 3786 375 3855 gationi
403 3785 733 3844 confessoris
776 3789 1253 3863 Christi-Amandi
1297 3791 1476 3862 aliqua
1504 3794 1571 3849 de
1595 3796 1754 3850 rebus

161 3890 223 3937 et
248 3881 395 3937 villis
418 3882 663 3952 ejusdem
693 3883 935 3939 ecclesiis
963 3885 1224 3955 deputare
1246 3895 1304 3941 et
1332 3887 1661 3943 conﬁrmare
1686 3891 1753 3945 ad

161 3985 302 4026 usus
338 3982 397 4027 et
422 3974 777 4038 necessitates
814 3975 1025 4029 illorum
1056 3974 1553 4045 praejudicaremus.
1602 3977 1751 4033 ideo-

160 4075 273 4130 que
302 4061 366 4115 ad
393 4062 763 4130 precationem
791 4062 877 4116 vel
920 4063 1322 4133 suggestionem
1366 4064 1749 4134 praedictorum

158 4151 441 4217 abbatum,
470 4152 728 4208 Adalendi
755 4153 1003 4208 videlicet
1030 4162 1085 4209 et
1110 4152 1334 4219 Aldrici,
1365 4154 1472 4210 imo
1497 4156 1567 4211 ob
1593 4171 1748 4210 emo-

158 4238 464 4295 iumentum
512 4242 706 4296 animai
756 4252 977 4307 nostrae,
1024 4243 1267 4313 conjugis
1309 4249 1471 4310 atque
1512 4243 1745 4311 proiium

159 4338 493 4392 nostrarum,
535 4346 624 4385 res
653 4330 842 4386 subter
867 4331 1153 4385 adnotatas
1181 4328 1455 4400 praedictis
1487 4330 1745 4387 fratribus

156 4429 217 4475 et
245 4424 653 4493 congregationi
701 4423 887 4477 Sancti
920 4422 1151 4479 Amandi
1190 4424 1259 4479 ad
1284 4424 1487 4481 victum
1508 4467 1523 4494 ,
1569 4429 1740 4483 vesti-

154 4517 343 4564 menta
374 4519 429 4565 et
469 4512 835 4567 calceanienta
860 4553 875 4579 ,
921 4526 1015 4567 seu
1058 4514 1229 4568 etiam
1263 4524 1487 4572 caeteros
1522 4532 1652 4573 usus
1685 4526 1740 4573 et

156 4601 514 4657 necessitates
542 4603 808 4673 ipsorum,
840 4600 1053 4658 tradere
1077 4612 1132 4657 et
1151 4604 1477 4661 conﬁrmare
1502 4607 1742 4662 decrevi-

155 4706 301 4756 mus,
330 4700 385 4745 et
416 4693 578 4762 super
623 4694 766 4747 hanc
812 4693 1076 4749 cessionis
1102 4695 1477 4750 auctoritatem
1519 4697 1619 4752 bos
1645 4714 1741 4753 no-

156 4784 305 4836 sti-os
337 4781 650 4851 imperiales
678 4783 858 4851 apices
902 4782 1021 4837 ﬁeri
1069 4784 1425 4849 decrevimus,
1470 4794 1632 4856 atque
1654 4788 1742 4858 ju-

154 4869 370 4934 bemus,
402 4878 462 4923 ut
492 4870 686 4924 abhinc
712 4870 765 4924 in
792 4868 1033 4924 futurum
1064 4886 1094 4924 a
1119 4870 1275 4927 nobis
1302 4880 1358 4926 et
1376 4874 1598 4939 nostris,
1626 4874 1740 4930 Deo

155 4960 507 5031 dispensante
535 5001 550 5027 ,
608 4962 1049 5026 successoribus,
1099 4962 1205 5032 piis
1255 4965 1491 5019 oracuiis
1539 4966 1740 5021 nostris

156 5052 525 5109 conservanda
580 5052 988 5117 mandavimus,
1044 5054 1188 5123 quod
1235 5070 1336 5110 nos
1382 5071 1481 5125 pro
1522 5058 1738 5112 aeternis

155 5143 504 5211 capessendis
556 5142 792 5211 praemiis
854 5151 908 5197 et
959 5153 1271 5200 memoratae
1328 5148 1732 5218 congregationi

155 5227 503 5285 consulendis
528 5234 942 5289 necessitatibus
966 5234 1159 5290 fecisse
1183 5245 1239 5291 et
1268 5240 1605 5293 concessisse
1632 5255 1728 5293 ve-

155 5331 270 5377 stra
300 5331 589 5393 cognoscat
620 5323 886 5379 industria
908 5364 920 5386 ,
964 5324 1041 5379 ita
1076 5326 1337 5381 duntaxat
1381 5336 1440 5380 ut
1470 5328 1733 5398 quidquid

156 5410 223 5465 de
253 5410 383 5480 ipsis
422 5412 723 5469 rebus.Deo
758 5414 991 5477 donante
1013 5430 1111 5483 per
1139 5417 1338 5471 bonum
1365 5417 1599 5474 studium
1630 5434 1729 5488 p0-

156 5499 283 5553 tcrit
310 5500 496 5555 haberi
523 5502 603 5556 vel
649 5504 874 5572 acquiri,
920 5510 1091 5558 totum
1116 5506 1169 5559 in
1198 5505 1423 5561 fratrum
1454 5508 1573 5563 sine
1621 5510 1727 5563 ulla

155 5586 523 5642 subtractione
548 5591 734 5645 usibus
760 5593 933 5646 cedat.
980 5591 1097 5646 Pari
1135 5596 1297 5649 etiam
1325 5602 1508 5650 uestra
1554 5596 1723 5667 impe-

220 5718 361 5793 nuE}
407 5721 509 5793 hoc
553 5722 843 5793 diplomate
887 5732 1048 5793 patet,
1082 5726 1408 5780 Adalcodum
1438 5743 1579 5781 anno
1618 5730 1719 5784 im-

155 5789 288 5858 perii
314 5788 571 5847 Ludovici
606 5788 813 5861 octavo,
848 5788 1044 5851 Christi
1068 5797 1187 5863 8‘22,
1214 5797 1324 5865 jam
1358 5798 1511 5853 istius
1536 5814 1719 5855 monac

1868 3329 1991 3383 dem
2021 3330 2263 3385 ecclesia:
2292 3346 2389 3400 per
2416 3340 2554 3387 totas
2579 3333 2753 3399 villas,
2779 3344 2832 3389 et
2854 3340 3247 3404 possessionem
3277 3342 3445 3410 ipsius

1866 3419 2102 3473 ctenobii
2135 3420 2398 3485 rectoris,
2452 3421 2509 3475 id
2537 3430 2620 3475 cst
2648 3423 2715 3478 de
2744 3439 2991 3492 annona,
3037 3429 3104 3483 de
3150 3429 3440 3501 legumine,

1864 3510 1930 3563 dc
1959 3506 2103 3573 feno,
2153 3510 2221 3564 de
2248 3508 2535 3567 formatico
2557 3552 2573 3577 ,
2622 3512 2689 3567 de
2718 3516 2920 3583 porcis,
2968 3518 3035 3573 de
3058 3518 3293 3586 polcdris
3312 3560 3330 3585 ,
3372 3521 3443 3575 de

1861 3597 2117 3662 camsilis,
2156 3598 2223 3652 de
2244 3600 2434 3667 pastis,
2468 3599 2534 3655 de
2564 3601 2711 3669 vino,
2742 3602 2808 3658 de
2838 3604 2977 3658 ovis.
3025 3605 3093 3659 Et
3116 3615 3174 3663 ut
3209 3607 3327 3664 haec
3347 3624 3447 3664 au-

1858 3686 2084 3742 ctoritas
2122 3702 2221 3757 per
2258 3687 2438 3743 futura
2489 3698 2731 3758 tempora
2782 3693 3146 3752 inviolabilem
3194 3698 3441 3755 obtineat

1855 3776 2188 3845 ﬁrmitatem,
2227 3795 2388 3834 manu
2421 3782 2638 3850 propria
2668 3782 2855 3838 subter
2889 3784 3225 3843 ﬁrmavimus
3255 3796 3310 3847 et
3341 3804 3441 3845 an-

1854 3866 1965 3921 nuli
1993 3868 2165 3922 nostri
2198 3869 2555 3938 impressione
2582 3871 2785 3942 signari
2812 3871 3093 3941 jussimus.

1925 3955 2149 4027 Signum
2171 3957 2429 4013 Ludovici
2458 3960 2788 4016 serenissimi
2816 3962 3184 4034 imperatoris.
3250 4029 3253 4032 ν

1922 4045 2490 4104 Durandus'diaconus
2510 4050 2580 4103 ad
2608 4052 2782 4117 vicem
2814 4051 3083 4124 Fridugisi
3124 4057 3430 4127 recognovi.

1918 4137 2053 4192 Data
2078 4153 2137 4191 ιιι
2175 4138 2293 4192 Kal.
2321 4138 2471 4204 Julii,
2518 4154 2660 4199 anno
2686 4139 2902 4198 Christo
2936 4145 3171 4214 propitio
3199 4148 3247 4209 ἃ
3263 4148 3425 4217 impc-

1846 4226 1915 4281 rii
1966 4227 2152 4282 domui
2182 4227 2438 4283 Ludovici
2468 4230 2971 4303 piissimiAugusti,
3018 4221 3313 4293 indictione
3341 4238 3427 4292 i5.

1842 4317 2037 4374 Actum
2095 4317 2350 4376 Stratella
2415 4321 2540 4375 villa
2605 4322 2663 4378 in
2728 4323 2825 4380 Dei
2891 4327 3113 4385 nomine
3177 4327 3426 4387 feliciter.

1840 4408 2014 4466 Amen
2042 4421 2089 4463 ει.

2572 4522 2705 4579 CVI.

2267 4626 2368 4667 tuto
2405 4625 2695 4669 IUTINENBI
2724 4630 2996 4674 ENSCOPO.

2448 4702 2620 4772 (Anno
2670 4703 2821 4775 82%.)

1877 4789 2055 4861 [Apud
2103 4789 2394 4857 Muraton',
2454 4792 2801 4937 Αόἕέςαέᾗιεῑ
2858 4795 3103 4865 Italiam,
3165 4807 3294 4855 tom.
3342 4803 3383 4867 i,

1913 4960 1971 5014 in
2014 4961 2234 5016 nomine
2279 4961 2491 5016 Domini
2534 4962 2629 5016 Dei
2658 4970 2715 5018 et
2752 4963 3048 5023 Salvatoris
3079 4969 3252 5024 nostri
3290 4969 3418 5027 Iesu

1843 5053 2066 5119 Christi,
2094 5054 2400 5109 Ludovicus
2430 5052 2614 5108 divina
2636 5054 2927 5113 ordinante
2953 5060 3291 5128 providentia
3316 5061 3418 5117 im-

1842 5152 2060 5214 perator
2082 5144 2373 5215 Augustus.

1913 5234 1970 5289 Si
2014 5236 2363 5304 petitionibus
2401 5239 2741 5294 sacerdotum
2768 5253 2831 5293 ac
2862 5254 3139 5294 servorum
3169 5241 3294 5305 Dei,
3327 5242 3412 5297 di—

1842 5326 1946 5379 viui
1976 5326 2150 5380 cultus
2183 5342 2390 5392 amore,
2441 5343 2628 5385 aurem
2660 5332 3153 5396 accommodamus,
3201 5332 3255 5388 id
3303 5349 3406 5389 non

1836 5413 2010 5468 solum
2035 5414 2103 5469 ad
2130 5415 2480 5472 stabilitatem
2506 5419 2657 5489 regni
2696 5419 2865 5474 nostri
2890 5459 2905 5483 ,
2933 5419 3121 5475 verum
3149 5421 3312 5476 etiam
3341 5426 3406 5478 ad

1835 5514 2035 5559 aeterna
2076 5507 2294 5574 praemia
2329 5506 2547 5564 facilius
2581 5508 2927 5581 assequenda
2958 5500 3403 5581 plurimumper-

1834 5594 2004 5649 linere
2039 5595 2378 5653 conﬁdimus.
2427 5598 2632 5655 idcirco
2659 5606 2845 5652 notum
2878 5598 2997 5654 ﬁeri
3026 5592 3269 5655 volumus
3290 5615 3393 5654 om-

1826 5729 2272 5804 stcriihaiibatcm
2300 5730 2485 5800 fuisse,
2514 5739 2699 5789 contra
2731 5743 2892 5803 quam
2923 5732 3115 5804 legitur
3154 5731 3208 5786 in
3231 5732 3400 5789 Chro-

1828 5801 1947 5856 nico
1978 5799 2283 5857 Eluoncnsi.
