3936 6360
423 381 561 436 l-ll9

1542 374 1860 431 LUDOV'ICI
1899 375 1921 430 Ι
1957 371 2426 430 COGNOMENTO
2467 372 2553 428 ΡΠ

3555 374 3696 427 H20

423 496 581 551 nibus
611 492 857 548 ﬁdelibus
888 498 1087 546 sanctae
1118 489 1214 544 Dei
1245 488 1488 544 ecclesia:
1517 502 1580 541 ac
1608 486 1825 548 nostris,
1864 499 2003 554 pric-
2030 488 2079 546 Α
2107 482 2250 536 niani
2283 483 2638 537 donaverunt.
2680 481 2810 538 item
2837 481 3144 538 Oratorium
3168 483 3343 537 saucii
3374 481 3701 550 Apolenaris

423 583 666 639 sentibus
704 582 914 637 scilicet
936 589 991 636 et
1033 578 1252 643 futuris,
1293 578 1527 648 qualiter
1575 577 1657 630 vir
1682 574 2010 631 venerabilis

425 670 716 728 Deusdedit
745 670 990 726 ecclesia:
1039 668 1359 723 ﬂutinensis
1401 668 1711 737 episcopus,
1756 665 1884 735 quia
1912 679 2013 733 pro

425 769 703 819 senectute
728 769 786 816 et
827 758 1143 814 inﬁrmitate
1184 757 1430 826 corpuris
1475 757 1543 810 ad
1588 771 1690 810 nos
1727 752 2014 824 pervenire

424 867 530 906 non
556 857 788 922 poterat,
817 848 970 903 misit
997 848 1288 918 quemdam
1315 847 1696 915 presbyterum
1719 857 1897 900 suum.
1921 855 2015 896 no-

425 939 573 994 mine
620 934 1013 1000 Wiilihlanum,
1066 950 1165 1006 per
1204 950 1364 1004 quem
1404 933 1561 988 nobis
1607 930 1875 1002 suggessit
1921 944 2015 999 po—

426 1030 594 1084 tendo
627 1027 693 1084 de
735 1027 902 1082 rebus
951 1026 1018 1079 ad
1066 1025 1349 1080 ecclesiam
1398 1035 1556 1078 suam
1595 1018 2012 1092 pertinentibus,

426 1133 563 1188 quas
597 1131 755 1186 reges
805 1116 1278 1188 Langobardorum
1326 1123 1549 1185 propter
1592 1127 1833 1168 amorem
1859 1122 1916 1167 et
1951 1113 2018 1166 ti-

427 1225 635 1265 morem
664 1210 842 1265 Dei.et
865 1207 1078 1263 Domini
1109 1209 1281 1263 nostri
1308 1206 1437 1262 Jesu
1463 1205 1667 1261 Christi
1693 1245 1707 1269 ,
1757 1213 1814 1258 et
1839 1204 2015 1259 sancti

426 1301 732 1356 Geminiani
779 1299 1107 1356 confessoris
1135 1299 1270 1367 ejus,
1319 1299 1494 1353 eidem
1531 1297 1777 1352 ecclesia:
1805 1297 1888 1352 vel
1917 1297 2014 1352 do-

428 1397 714 1456 naverunt,
742 1389 826 1444 vel
857 1392 925 1445 ab
954 1389 1073 1443 aliis
1105 1390 1256 1443 datas
1297 1387 1774 1450 conﬁrmaverunt,
1822 1394 1881 1440 ut
1930 1385 2014 1439 in-

429 1484 632 1554 spectis
658 1482 972 1537 eorumdem
1017 1496 1206 1550 regum
1250 1479 1535 1549 praeceptis
1561 1486 1614 1533 et
1648 1477 2020 1532 conﬁrmatio-

429 1575 612 1638 nibus,
643 1574 863 1628 easdem
892 1589 980 1628 res
1009 1575 1121 1628 sive
1150 1573 1522 1643 possessiones
1562 1571 1627 1626 ad
1656 1572 1903 1626 eamdem
1929 1586 2020 1627 ec-

429 1665 652 1720 clesiam
709 1671 907 1718 nostra:
946 1664 1287 1718 auctoritatis
1341 1670 1612 1732 prazcepto
1660 1660 2018 1716 conﬁrmare-

431 1771 570 1810 inus.
621 1753 787 1822 Cujus
831 1754 1102 1823 Petitioni,
1151 1755 1276 1823 quia
1299 1752 1447 1821 justa
1469 1761 1525 1806 et
1550 1752 1763 1808 ratione
1787 1752 2016 1807 subnixa

2115 578 2167 631 in
2199 577 2474 649 Stagnano
2515 577 2677 632 situm
2730 579 2872 632 intra
2917 577 3210 632 Iudiciaria
3261 575 3698 639 Montebeliensi,

2112 668 2226 721 sive
2272 668 2571 722 oratorium
2622 667 2805 723 Sancti
2833 669 3087 724 Domnini
3117 677 3489 724 constructum
3530 682 3704 737 prope

2111 759 2357 814 Cluxiam
2400 773 2563 829 super
2590 757 2787 814 ﬁumen
2814 760 3092 814 Nizianam
3110 800 3124 825 ,
3153 773 3252 814 nec
3277 774 3380 813 non
3405 768 3461 812 et
3488 759 3703 814 Oliveta

2107 850 2263 919 juxta
2311 864 2497 903 muros
2553 847 2729 904 Castri
2777 849 3212 905 Moutebeliensis
3263 849 3436 917 posita
3461 888 3476 912 ,
3528 857 3585 902 et
3635 848 3705 902 ad

2114 941 2360 995 eamdem
2388 938 2676 995 ecclesiam
2704 939 3052 1009 pertinentia.
3097 938 3206 993 Has
3235 953 3322 993 res
3350 938 3464 992 sive
3490 952 3708 1007 posscs-

2116 1030 2297 1085 siones
2341 1036 2653 1084 memorata
2701 1029 3019 1085 Mutinensis
3059 1029 3333 1092 ecclesiae,
3380 1028 3465 1082 vel
3515 1026 3706 1082 Sancti

2116 1121 2420 1177 Geminiani
2444 1121 2596 1191 juxta
2626 1122 2938 1191 petitionem
2971 1121 3213 1192 praedicti
3247 1122 3347 1175 viri
3379 1121 3710 1176 venerabilis

2116 1219 2172 1267 et
2206 1212 2440 1267 oratoris
2484 1211 2653 1266 nostri
2711 1211 3003 1267 Deusdedit
3045 1213 3317 1283 episcopi,
3371 1228 3506 1282 quas
3553 1228 3713 1282 reges

2120 1305 2206 1358 vel
2234 1305 2571 1358 donaverunt
2613 1302 2698 1358 vel
2742 1302 3214 1367 conﬁrmaverunt,
3251 1306 3363 1359 sive
3392 1305 3482 1358 alii
3529 1305 3712 1359 devoti

2119 1410 2182 1449 ao
2217 1395 2382 1448 Deum
2429 1394 2680 1448 timentes
2726 1395 2976 1459 homines
3013 1394 3082 1447 ad
3127 1396 3373 1449 eamdem
3420 1394 3710 1450 ecclesiam

2119 1483 2344 1539 solemni
2377 1483 2667 1538 donatione
2703 1483 3077 1551 contulerunt,
3109 1493 3163 1538 et
3197 1484 3356 1537 modo
3386 1483 3439 1537 in
3463 1482 3712 1550 ejusdem

2118 1572 2362 1628 ecclesiae
2383 1569 2507 1641 jure
2536 1579 2810 1636 tenentur,
2840 1572 2924 1626 vel
2954 1572 3080 1627 inde
3115 1572 3310 1640 injuste
3346 1588 3414 1628 ac
3448 1571 3718 1626 violenter

2123 1664 2400 1719 abstracta
2433 1671 2634 1728 erunt,
2673 1663 2780 1718 isto
2817 1672 3015 1718 nostra:
3061 1664 3400 1718 auctoritatis
3443 1672 3716 1732 praecepto

2125 1757 2192 1809 ad
2231 1755 2482 1809 eamdem
2517 1753 2803 1809 ecclesiam
2838 1753 3162 1808 conﬁrmare
3194 1752 3414 1823 placuit.
3465 1751 3714 1823 Quapro-

431 1846 745 1907 videbatur,
793 1859 980 1898 aurem
1017 1844 1248 1912 libenter
1277 1842 1689 1898 accommodare
1735 1852 1790 1898 et
1831 1857 2019 1898 asseu-
2050 1832 2094 1890 Β
2125 1854 2245 1914 pter
2271 1845 2615 1914 prmcipimus
2657 1851 2821 1911 atque
2851 1843 3103 1912 jubemus
3123 1852 3183 1897 ut
3218 1842 3396 1898 nullus
3433 1839 3594 1904 iudex
3621 1857 3714 1911 puo

432 1954 551 1992 sum
581 1938 823 2009 pmbere
852 1937 1008 1992 nobis
1037 1937 1254 2006 placuit.
1299 1937 1560 2006 inspectis
1602 1937 1767 2007 igitur
1801 1943 1857 1989 et
1885 1933 2022 1989 rele-

433 2029 535 2082 ctis
563 2028 946 2098 praedictorum
991 2043 1176 2097 regum
1223 2027 1702 2097 Langobardorum
1735 2025 2023 2094 pmceptis

432 2117 518 2171 vel
546 2116 1082 2180 conﬁrmatiouibus,
1112 2117 1452 2186 complacuit
1481 2117 1656 2181 nobis,
1705 2116 2025 2170 donationes

435 2217 492 2262 et
523 2207 903 2262 concessioues
933 2206 1046 2261 sive
1081 2205 1524 2260 conﬁrmationes
1562 2219 1748 2260 eorum
1791 2203 1895 2258 boc
1928 2220 2026 2258 no-

432 2308 559 2355 stra:
586 2299 930 2354 auctoritatis
969 2307 1236 2368 praecepto
1265 2299 1418 2368 juxta
1461 2298 1778 2367 petitionem
1821 2311 2027 2351 memo-

436 2388 540 2442 rati
572 2387 812 2458 episcopi
855 2387 922 2442 ad
965 2388 1212 2442 eamdem
1260 2387 1546 2443 ecclesiam
1572 2385 1917 2442 conﬁrmare.
1969 2387 2027 2440 Id

433 2486 513 2531 est
547 2477 599 2530 in
628 2476 819 2545 primis
848 2475 1316 2530 conﬁrmationem
1334 2516 1347 2538 ,
1382 2491 1546 2545 quam
1575 2475 1904 2545 Cunipertus
1930 2490 2028 2530 rex

438 2567 568 2622 fecit
599 2568 665 2621 ad
685 2565 968 2620 ecclesiam
995 2565 1178 2620 Sancti
1202 2565 1508 2621 Geminiani
1534 2567 1599 2621 de
1620 2565 1757 2620 Villa
1787 2564 2027 2631 Poziolo,

441 2657 555 2711 sive
609 2656 905 2718 tributum,
955 2655 1039 2709 vel
1087 2649 1408 2710 succidiales
1442 2666 1492 2720 ι,
1544 2663 1704 2738 atqpe
1753 2655 2027 2725 angarias,

436 2763 574 2817 quas
595 2747 737 2803 servi
761 2747 1001 2817 ejusdem
1033 2745 1216 2804 Sancti
1241 2745 1548 2801 Geminiani
1578 2747 1645 2800 ad
1676 2746 1849 2816 ipsum
1879 2760 2030 2801 casa-

440 2838 544 2891 lem
575 2835 927 2891 laborandum
954 2847 1009 2891 et
1034 2835 1385 2891 excolendum
1411 2837 1734 2891 habuerunt.
1768 2836 2032 2892 Similiter

442 2935 498 2980 et
509 2935 838 2998 praeceptum
854 2929 995 2997 quod
1013 2927 1142 2982 fecit
1159 2927 1522 2998 Liutpraudus
1540 2942 1635 2984 rex
1649 2931 1714 2983 ad
1736 2930 2032 2999 suprascri-

443 3027 591 3088 ptam
616 3017 902 3073 ecclesiam
932 3020 999 3074 de
1037 3019 1211 3074 servis
1236 3027 1304 3073 et
1332 3018 1635 3074 aldionibus
1657 3019 1722 3073 ad
1747 3018 1838 3088 jus
1860 3020 2033 3075 eccle-

443 3110 537 3164 sire
567 3107 752 3164 Sancti
783 3109 1084 3165 Geminiaui
1115 3107 1547 3178 pertinentibus,
1578 3118 1633 3165 et
1667 3111 1721 3164 in
1753 3111 1856 3165 line
1882 3110 2032 3166 Sale-

443 3204 584 3255 stiua
629 3201 992 3256 residentibus
1039 3201 1092 3256 in
1118 3175 1277 3256 ivillis
1323 3216 1552 3271 quarum
1597 3201 1859 3257 vocabula
1906 3175 2102 3258 suntC

443 3287 802 3344 Calaniticum
824 3330 838 3352 ,
888 3289 1168 3344 Gabellum
1216 3288 1530 3356 Castellum,
1567 3306 1688 3345 cum
1719 3291 1830 3346 suis
1854 3292 2033 3361 pisca-

445 3380 561 3444 riis,
588 3379 729 3448 quod
760 3378 862 3434 fuit
890 3379 960 3434 ab
988 3380 1210 3449 antiquo
1246 3388 1490 3450 tempore
1517 3380 1687 3436 Massa
1720 3380 1907 3436 Sancti
1937 3380 2038 3436 Ge-

448 3471 672 3526 miniaui
696 3487 710 3525 :
758 3485 921 3541 super
949 3473 1144 3540 quibus
1169 3479 1253 3526 est
1277 3481 1608 3542 praeceptum
1637 3473 1849 3544 Ratgisi
1894 3473 2038 3543 regis

447 3560 605 3615 nobis
629 3569 925 3616 ostensum.
970 3561 1064 3616 Est
1094 3560 1345 3617 similiter
1370 3571 1425 3617 et
1448 3562 1713 3618 Desiderii
1745 3581 1758 3617 :
1806 3579 1908 3620 nec
1933 3580 2037 3619 non

448 3657 504 3704 et
531 3658 861 3719 prmeeptum
911 3649 1261 3721 Hildeprandi
1301 3653 1471 3721 regis,
1525 3651 1668 3723 quod
1701 3652 1828 3708 fecit
1857 3655 1924 3708 ad
1953 3670 2041 3710 ec-

451 3739 673 3794 clesiam
711 3738 898 3794 Sancti
944 3738 1248 3796 Geminiaui
1281 3750 1500 3811 propter
1528 3742 1844 3811 petitionem
1879 3742 2041 3798 Joan-

448 3831 532 3885 nis
581 3828 820 3898 episcopi
870 3829 939 3884 de
980 3830 1212 3884 ecclesia
1251 3830 1434 3885 Sancti
1481 3831 1629 3886 Petri
1678 3833 1820 3887 intra
1856 3849 2042 3889 muros

450 3917 687 3972 civitatis
720 3915 1073 3982 Geminianre,
1113 3932 1233 3987 quae
1263 3934 1406 3974 nunc
1450 3918 1596 3975 Nova
1632 3929 1878 3987 vocatur,
1917 3937 2041 3976 eum

452 4007 705 4063 omnibus
735 4007 901 4062 rebus
930 4014 1094 4077 atque
1120 4007 1473 4078 appendiciis,
1505 4023 1627 4078 quae
1655 4009 1723 4063 ad
1753 4009 1924 4078 ipsam
1956 4025 2042 4065 ee-

454 4097 676 4152 clesiam
723 4096 1030 4167 pertinent,
1082 4096 1170 4151 vel
1214 4097 1360 4166 quod
1407 4097 1481 4151 ili
1522 4098 1667 4168 juste
1715 4099 2041 4169 acquisitum

454 4185 636 4240 fuerit.
684 4184 946 4240 Similiter
978 4193 1033 4239 et
1075 4185 1418 4241 donationem
1456 4202 1617 4256 quam
1655 4186 1782 4242 fecit
1815 4189 1917 4258 piae
1958 4203 2044 4244 re-

455 4277 788 4332 cordationis
833 4278 1064 4335 domnus
1087 4287 1141 4332 et
1169 4279 1386 4348 genitor
1422 4286 1608 4333 noster
1628 4278 1853 4333 Carolus
1877 4279 2045 4348 impc-

451 4380 606 4422 rator
633 4367 698 4422 de
733 4366 894 4422 Plebe
941 4365 1126 4421 Sancti
1173 4366 1394 4423 Thom'n
1421 4409 1436 4434 ,
1486 4383 1606 4438 quae
1653 4376 1736 4422 est
1767 4369 1939 4437 posita
1988 4369 2042 4423 in

457 4459 768 4514 Gandaceto
791 4457 946 4525 juxta
995 4456 1216 4513 ﬂuvium
1247 4456 1412 4513 Lama
1436 4499 1451 4524 ,
1504 4473 1624 4514 cum
1661 4458 1911 4513 omnibus
1940 4458 2041 4512 sibi

458 4548 878 4616 pertinentibus,
909 4547 1022 4602 sive
1051 4547 1311 4627 canonica
1338 4556 1501 4617 atque
1522 4549 1749 4604 decima.
1783 4548 2046 4603 Similiter

459 4636 804 4691 donationem
830 4678 844 4701 ,
879 4651 1042 4706 quam
1071 4635 1199 4692 fecit
1240 4633 1471 4692 domniis
1501 4639 1712 4708 genitor
1741 4648 1926 4694 noster
1948 4638 2049 4694 Ca-

460 4725 608 4788 rolus
647 4725 962 4804 imperator,
1014 4726 1231 4796 petente
1255 4716 1574 4784 Geminiano
1603 4727 1902 4783 Mutinense
1938 4728 2049 4796 epi-

461 4832 645 4886 scopo,
686 4815 754 4871 de
784 4816 1091 4873 Molendino
1120 4832 1290 4887 prope
1320 4825 1545 4872 stratam
1578 4833 1700 4872 cum
1737 4818 2051 4888 acceptione

455 4921 553 4960 sua
582 4907 695 4960 sive
721 4907 946 4975 aquario
963 4947 977 4972 ,
1005 4907 1098 4976 qui
1138 4907 1446 4978 pertinebat
1473 4907 1539 4961 ad
1565 4917 1780 4962 curtem
1808 4908 1950 4976 regis
1975 4907 2051 4961 ci-

459 4997 646 5051 vitatis
669 4995 832 5051 Novae
859 5015 873 5050 :
925 5013 1029 5054 nec
1061 5011 1169 5051 non
1198 5006 1253 5052 et
1282 5013 1371 5052 res
1395 5013 1533 5067 quas
1563 4998 1670 5052 duo
1698 4998 1923 5052 Romani
1955 5000 2046 5053 ho-

461 5087 654 5150 mines,
685 5084 960 5142 Gondolus
991 5086 1240 5142 videlicet
1266 5095 1320 5140 et
1345 5086 1753 5153 Constantinus,
1778 5095 1834 5141 et
1858 5103 2043 5142 eorum

463 5183 662 5232 uxores
708 5176 876 5232 Maria
916 5187 972 5232 et
995 5178 1190 5250 Agnita
1216 5179 1281 5234 ad
1308 5178 1592 5234 ecclesiam
1637 5177 1822 5232 Sancti
1863 5177 2045 5234 Gemi-

537 5332 740 5414 l_Quid_
771 5331 1343 5414 succidialestuerint,
1377 5334 1679 5414 decernere
1706 5345 2045 5414 nequaquam

465 5401 662 5484 ausim.
695 5401 833 5457 Num
861 5416 960 5484 pro
985 5401 1258 5456 socidiales
1287 5403 1567 5484 scriptum,
1604 5409 1677 5484 ut.
1695 5401 2049 5484 designentur

471 5471 701 5544 reditus
710 5473 960 5544 percepti
1006 5486 1077 5544 ex
1117 5473 1380 5544 armentis
1400 5471 1479 5527 "et
1514 5471 1764 5544 gregibus
1812 5471 1866 5524 in
1907 5473 2049 5544 socio

467 5541 609 5594 dum
631 5542 658 5594 Ρ
682 5540 817 5595 Num
847 5540 1233 5605 succidenda,
1269 5543 1403 5604 sive,
1429 5551 1489 5596 ut
1512 5540 1745 5603 aiebant,
1774 5541 2050 5593 runcando

474 5610 662 5674 silvas,
680 5626 764 5681 _ac
793 5627 821 5664 a
865 5611 1176 5681 subigendis
1205 5612 1348 5681 agris
1372 5620 1528 5665 antea
1558 5610 1774 5665 incultis
1794 5611 1832 5681 ?7
1862 5610 2053 5681 ligereo

474 5629 662 5674 suvas,
701 5629 764 5665 ac
793 5629 821 5664 a
865 5629 983 5666 sum
1023 5629 1176 5665 cuuis
1205 5629 1348 5681 agris
1372 5629 1528 5665 antea
1558 5629 1815 5665 lnCUIllS.’
1862 5629 2053 5664 umreo

473 5693 626 5733 sane.
676 5679 892 5735 Interim
934 5629 1091 5742 vige,
1137 5681 1181 5734 si
1220 5681 1401 5744 lubet,
1445 5681 1748 5734 Chronicou
1795 5679 2054 5734 Farfense

474 5757 626 5820 parte
659 5765 697 5812 ιι
747 5751 878 5811 tomi
910 5749 928 5804 l
969 5750 1313 5807 Collectionis
1344 5750 1470 5807 Rev.
1504 5750 1737 5805 ltalicar.
1761 5790 1774 5815 ,
1827 5750 1916 5805 ubi
1947 5765 2054 5805 mo—

2123 1935 2315 1993 blicus,
2366 1935 2449 1987 vel
2484 1948 2689 1996 comes,
2717 1931 2800 1986 vel
2831 1931 3126 2003 gastaldus,
3154 1934 3267 1988 sive
3297 1933 3539 2002 qualibet
3566 1943 3719 2002 pote-

2123 2033 2264 2079 state
2309 2024 2565 2093 praedicta
2609 2037 2840 2093 persona
2883 2033 3242 2078 memoratum
3288 2024 3601 2093 epise0pum
3630 2024 3712 2078 vel

2125 2129 2471 2170 successores
2497 2112 2644 2180 ejus,
2693 2121 2854 2183 atque
2895 2113 3140 2168 ecclesia:
3170 2111 3354 2168 Sancti
3401 2111 3715 2167 Geminiani

2126 2204 2192 2258 de
2221 2202 2605 2272 suprascriptis
2648 2201 2811 2258 rebus
2855 2216 2920 2256 ac
2960 2201 3412 2272 possessionibus,
3461 2216 3597 2270 quas
3628 2217 3717 2254 su-

2127 2293 2486 2363 prauominati
2522 2307 2678 2361 rcges
2702 2291 2769 2350 ad
2811 2292 3060 2346 eamdem
3092 2291 3378 2346 ecclesiam
3428 2290 3716 2346 conﬁrma-

2129 2392 2343 2447 verunt,
2381 2390 2437 2436 et
2475 2397 2571 2437 nos
2600 2381 2704 2436 hac
2731 2389 2916 2436 nostra
2949 2382 3274 2436 auctoritate
3305 2381 3710 2442 conﬁrmamus,

2131 2472 2434 2542 inquietare
2457 2479 2550 2526 aut
2577 2472 2773 2542 injuste
2798 2471 3036 2541 pulsare,
3059 2479 3153 2526 aut
3173 2471 3378 2540 aliquid
3407 2487 3476 2526 ex
3505 2471 3574 2525 iis
3600 2486 3721 2531 con-

2132 2571 2213 2617 tra
2244 2562 2470 2618 rationis
2515 2555 2761 2617 ordinem
2803 2561 3154 2627 abstrahere,
3202 2571 3298 2617 aut
3323 2562 3587 2622 alienare,
3631 2571 3720 2616 aut

2129 2655 2212 2710 eis
2262 2654 2590 2709 calumniam
2639 2653 2887 2724 ingerere
2929 2663 3258 2723 prmsumat;
3311 2655 3404 2708 sed
3435 2653 3598 2728 liceat
3631 2667 3718 2707 eas

2132 2755 2444 2803 memoratae
2466 2746 2709 2802 ecclesia:
2736 2755 2791 2803 et
2815 2747 3119 2802 rectoribus
3161 2745 3262 2800 sub
3287 2752 3474 2800 nostra
3506 2759 3716 2798 succes-

2132 2853 2423 2909 sorumque
2455 2847 2765 2893 nostrorum
2811 2836 3157 2902 defensione,
3192 2837 3379 2907 quieto
3405 2836 3599 2890 ordine
3643 2844 3718 2890 ts-

2132 2945 2262 2986 nere
2289 2945 2355 2985 ac
2402 2930 2680 2999 possidere
2709 2931 2911 2999 absque
2937 2927 3245 2998 cujuslibet,
3269 2928 3419 2982 sicut
3446 2927 3558 2995 jam
3587 2928 3718 2980 dixi-

2134 3038 2286 3087 mus,
2318 3020 2517 3090 iniusta
2549 3021 2993 3078 contradictione.
3026 3019 3404 3076 Coucessimus
3434 3020 3598 3072 etiam
3622 3018 3718 3071 hoc

2133 3114 2470 3185 privilegium
2495 3121 2804 3169 memoratae
2829 3113 3092 3176 ecclesia,
3143 3119 3201 3165 ut
3234 3111 3279 3165 si
3311 3116 3436 3180 post
3457 3109 3718 3163 decessio-

2135 3219 2257 3259 nem
2276 3205 2652 3275 episcoporum
2683 3203 2853 3274 ipsius
2879 3203 3024 3258 sedis
3050 3201 3172 3257 talis
3206 3202 3258 3256 in
3289 3202 3438 3256 clero
3475 3201 3719 3256 inventus

2136 3289 2317 3366 fuerit,
2365 3295 2458 3365 qui
2485 3294 2783 3350 secundum
2822 3307 3058 3348 canones
3092 3293 3434 3361 episcopatus
3463 3291 3715 3345 honorem

2136 3392 2191 3438 et
2216 3382 2446 3437 cilicium
2472 3383 2674 3439 habere
2706 3375 2894 3453 possit,
2927 3381 3198 3437 licentiam
3228 3381 3466 3434 habeant
3490 3378 3720 3449 eligendi

2138 3473 2281 3527 inter
2312 3487 2388 3528 se.
2434 3471 2501 3526 Et
2527 3479 2591 3527 ut
2631 3472 2748 3527 hac
2779 3472 3074 3526 auctoritas
3101 3471 3308 3525 ﬁrmior
3334 3469 3602 3524 habeatur
3625 3510 3639 3532 ,
3670 3479 3722 3523 et

2139 3563 2338 3616 nostris
2367 3577 2430 3616 ac
2457 3560 2654 3616 futuris
2682 3560 3013 3631 temporibus
3033 3560 3262 3616 Domino
3293 3569 3615 3630 protegente
3637 3575 3722 3612 va-

2141 3654 2250 3709 leat
2289 3655 2602 3710 inconvulsa
2632 3668 2871 3719 manere,
2921 3669 3083 3708 manu
3127 3653 3345 3723 propria
3393 3650 3716 3720 subscripsi-

2142 3762 2279 3809 mus,
2311 3754 2364 3801 et
2386 3761 2504 3800 eam
2539 3745 2606 3800 de
2641 3744 2840 3800 annulo
2870 3755 3056 3800 nostro
3084 3743 3270 3799 subter
3297 3743 3525 3813 sigillari
3566 3741 3724 3810 jussi-

2142 3854 2284 3902 mus,
2329 3837 2653 3892 violatorem
2687 3835 2897 3891 duabus
2929 3836 3085 3890 libris
3108 3835 3224 3890 auri
3257 3834 3445 3905 obryzi
3484 3833 3727 3888 condem-

2143 3935 2357 3980 nantes.
3121 3996 3131 4003 .

2216 4016 2439 4086 Signum
2472 4016 2728 4072 Ludovici
2749 4015 3086 4070 ,serenissimi
3118 4015 3483 4084 imperatoris.

2216 4105 2500 4160 Duraudus
2560 4105 2820 4161 diaconus
2870 4105 2938 4159 ad
2993 4105 3170 4158 vicem
3221 4102 3528 4174 Fridugerii
3585 4117 3728 4156 reco-

2144 4195 2326 4262 gnovL

2215 4284 2284 4337 Et
2312 4284 2433 4337 data
2460 4283 2561 4339 sub
2583 4298 2634 4337 Vl
2661 4283 2786 4338 ldus
2812 4282 3154 4346 Februarias,
3185 4295 3347 4343 anno,
3376 4280 3597 4335 Christo
3619 4295 3730 4348 pro-

2144 4375 2294 4444 pitio,
2328 4375 2360 4429 9
2389 4374 2599 4442 imperii
2623 4373 2805 4428 domui
2837 4373 3094 4428 Ludovici
3121 4371 3350 4441 piissimi
3384 4371 3642 4441 Augusti,
3671 4384 3728 4422 ac

2148 4462 2438 4517 indictione
2468 4462 2553 4516 15.
2599 4461 2794 4518 Actum
2833 4461 3193 4532 Aquisgraui,
3233 4459 3435 4532 palatio
3467 4462 3637 4530 regis,
3681 4460 3729 4513 in

2149 4553 2242 4608 Dei
2274 4552 2492 4607 nomine
2521 4550 2766 4608 feliciter.
2794 4550 2988 4605 Amen.

2849 4661 3006 4719 CVII.

2671 4790 3005 4831 HONASTERIO
3042 4790 3352 4830 PRUIIENS}.

2766 4884 2939 4953 (Anno
2978 4883 3130 4955 823.)

2153 4999 2328 5071 [Apud
2369 4997 2618 5061 Martem,
2644 4996 3096 5071 Ampl._Collcct.,_
3124 4995 3339 5071 mm._l,
3382 5009 3509 5064 pag.
3541 4995 3628 5059 79,
3667 5010 3726 5047 cx

2609 5065 2886 5121 chartario
2921 5065 3272 5136 Prumiensi-.]

2526 4791 2628 4831 PRO

2222 5176 2278 5231 lu
2311 5176 2526 5231 nomine
2571 5175 2781 5230 Domini
2830 5175 2924 5229 Dei
2967 5184 3022 5229 et
3065 5174 3364 5231 Salvatoris
3403 5178 3581 5230 nostri
3609 5175 3725 5230 Jcsu

2152 5335 2433 5384 morantur
2474 5326 2614 5382 servi
2655 5342 2777 5382 cum
2805 5342 2991 5382 eorum
3030 5327 3332 5383 substantia
3377 5330 3428 5383 ὁ.
3457 5347 3508 5383 υ.
3538 5347 3586 5382 c.
3633 5330 3724 5383 hoc

2152 5408 2234 5453 est
2266 5398 2407 5455 bove.
2441 5413 2620 5461 vacca,
2653 5395 2899 5468 suppilat
2920 5405 3038 5452 etc.
3073 5399 3285 5454 Nostris
3317 5410 3500 5454 autem
3531 5409 3726 5468 tempo-

2152 5469 2302 5523 ribus
2329 5469 2503 5522 adhuc
2545 5467 2685 5536 apud
2715 5465 3135 5523 Mediolanenses
3164 5483 3283 5524 mos
3308 5470 3455 5536 viget
3491 5465 3722 5523 tradendi

2193 5538 2353 5591 mdia
2398 5548 2494 5589 sua
2537 5535 2816 5604 agricolis,
2863 5552 3006 5591 nunc
3032 5539 3254 5594 omnino
3285 5535 3502 5604 liberis,
3543 5539 3718 5592 iisdem

2193 5554 2353 5591 nenia
2398 5554 2494 5589 sua
2537 5554 2816 5604 agneous,
2863 5554 3006 5591 nunc
3032 5554 3254 5594 omnino
3285 5554 3502 5604 uberis,
3543 5554 3718 5592 usuein

2153 5554 2270 5661 gere
2291 5604 2690 5676 conditionibus
2711 5645 2725 5668 ,
2774 5621 2910 5674 quas
2941 5622 3112 5676 nuper
3147 5607 3438 5663 innuebam
3463 5648 3477 5670 ,
3523 5609 3622 5662 hoc
3649 5614 3721 5659 est

2155 5676 2406 5732 reddendi
2437 5675 2652 5752 domino
2697 5683 2903 5730 tantam
2930 5675 3145 5749 frugum
3174 5687 3231 5733 et
3259 5679 3500 5747 pecuniae
3529 5690 3720 5733 mensu-

2159 5763 2270 5803 ram
2301 5753 2609 5816 quotanms.
