  <div class='ocr_page' id='page_1' title='image "/cluster/home/n/w/nwhite01/storage/ocr_20150623/104/uva.x000827061/568.png"; bbox 0 0 3936 6370; ppageno 0'>
   <div class='ocr_carea' id='block_1_1' title="bbox 276 391 408 448">
    <p class='ocr_par' dir='ltr' id='par_1_1' title="bbox 276 391 408 448">
     <span class='ocr_line' id='line_1_1' title="bbox 276 391 408 448; baseline 0.023 -3"><span class='ocrx_word' id='word_1_1' title='bbox 276 391 408 448; x_wconf 65' lang='lat' dir='ltr'><strong>Hii</strong></span> 
     </span>
    </p>
   </div>
   <div class='ocr_carea' id='block_1_2' title="bbox 1404 407 2381 471">
    <p class='ocr_par' dir='ltr' id='par_1_2' title="bbox 1404 407 2381 471">
     <span class='ocr_line' id='line_1_2' title="bbox 1404 407 2381 471; baseline 0.008 -10"><span class='ocrx_word' id='word_1_2' title='bbox 1404 407 1792 464; x_wconf 65' lang='lat' dir='ltr'><strong>Dil‘LOMATA</strong></span> <span class='ocrx_word' id='word_1_3' title='bbox 1835 409 2381 471; x_wconf 70' lang='lat' dir='ltr'><strong>ECCLESZASTICA.</strong></span> 
     </span>
    </p>
   </div>
   <div class='ocr_carea' id='block_1_3' title="bbox 3372 427 3510 483">
    <p class='ocr_par' dir='ltr' id='par_1_3' title="bbox 3372 427 3510 483">
     <span class='ocr_line' id='line_1_3' title="bbox 3372 427 3510 483; baseline 0.022 -3"><span class='ocrx_word' id='word_1_4' title='bbox 3372 427 3510 483; x_wconf 71' lang='lat'><strong>“3&#39;2</strong></span> 
     </span>
    </p>
   </div>
   <div class='ocr_carea' id='block_1_4' title="bbox 268 507 3515 605">
    <p class='ocr_par' dir='ltr' id='par_1_4' title="bbox 268 507 3515 605">
     <span class='ocr_line' id='line_1_4' title="bbox 268 507 3515 605; baseline 0.011 -43"><span class='ocrx_word' id='word_1_5' title='bbox 268 508 496 572; x_wconf 77' lang='lat' dir='ltr'><strong>Christi,</strong></span> <span class='ocrx_word' id='word_1_6' title='bbox 524 507 824 565; x_wconf 74' lang='lat' dir='ltr'><strong>Ludovicus</strong></span> <span class='ocrx_word' id='word_1_7' title='bbox 853 513 1032 569; x_wconf 87' lang='lat' dir='ltr'><strong>divina</strong></span> <span class='ocrx_word' id='word_1_8' title='bbox 1065 517 1347 571; x_wconf 83' lang='lat' dir='ltr'><strong>ordinante</strong></span> <span class='ocrx_word' id='word_1_9' title='bbox 1378 519 1714 586; x_wconf 74' lang='lat' dir='ltr'><strong>providentia</strong></span> <span class='ocrx_word' id='word_1_10' title='bbox 1744 521 1842 575; x_wconf 88' lang='lat' dir='ltr'><strong>im-</strong></span> <span class='ocrx_word' id='word_1_11' title='bbox 1875 531 1919 586; x_wconf 77' lang='grc' dir='ltr'><strong>Α</strong></span> <span class='ocrx_word' id='word_1_12' title='bbox 1948 522 2139 589; x_wconf 84' lang='lat' dir='ltr'><strong>prima.</strong></span> <span class='ocrx_word' id='word_1_13' title='bbox 2173 525 2365 579; x_wconf 76' lang='lat' dir='ltr'><strong>Actum</strong></span> <span class='ocrx_word' id='word_1_14' title='bbox 2387 527 2662 583; x_wconf 73' lang='lat' dir='ltr'><strong>Aristallio</strong></span> <span class='ocrx_word' id='word_1_15' title='bbox 2686 529 2886 599; x_wconf 87' lang='lat' dir='ltr'><strong>palatio</strong></span> <span class='ocrx_word' id='word_1_16' title='bbox 2909 533 3078 605; x_wconf 87' lang='lat' dir='ltr'><strong>regio,</strong></span> <span class='ocrx_word' id='word_1_17' title='bbox 3106 535 3162 588; x_wconf 89' lang='lat' dir='ltr'><strong>in</strong></span> <span class='ocrx_word' id='word_1_18' title='bbox 3185 534 3278 592; x_wconf 88' lang='lat' dir='ltr'><strong>Dei</strong></span> <span class='ocrx_word' id='word_1_19' title='bbox 3299 553 3515 598; x_wconf 76' lang='lat' dir='ltr'><strong>nomine</strong></span> 
     </span>
    </p>
   </div>
   <div class='ocr_carea' id='block_1_5' title="bbox 267 600 804 670">
    <p class='ocr_par' dir='ltr' id='par_1_5' title="bbox 267 600 804 670">
     <span class='ocr_line' id='line_1_5' title="bbox 267 600 804 670; baseline 0.009 -21"><span class='ocrx_word' id='word_1_20' title='bbox 267 606 492 662; x_wconf 86' lang='lat' dir='ltr'><strong>perator</strong></span> <span class='ocrx_word' id='word_1_21' title='bbox 515 600 804 670; x_wconf 81' lang='lat' dir='ltr'><strong>Augustus.</strong></span> 
     </span>
    </p>
   </div>
   <div class='ocr_carea' id='block_1_6' title="bbox 342 705 1838 788">
    <p class='ocr_par' dir='ltr' id='par_1_6' title="bbox 342 705 1838 788">
     <span class='ocr_line' id='line_1_6' title="bbox 342 705 1838 788; baseline 0.011 -28"><span class='ocrx_word' id='word_1_22' title='bbox 342 705 399 761; x_wconf 90' lang='lat' dir='ltr'><strong>Si</strong></span> <span class='ocrx_word' id='word_1_23' title='bbox 436 708 578 762; x_wconf 90' lang='lat' dir='ltr'><strong>enim</strong></span> <span class='ocrx_word' id='word_1_24' title='bbox 610 723 670 763; x_wconf 88' lang='lat' dir='ltr'><strong>ea</strong></span> <span class='ocrx_word' id='word_1_25' title='bbox 700 725 819 779; x_wconf 77' lang='lat' dir='ltr'><strong>quze</strong></span> <span class='ocrx_word' id='word_1_26' title='bbox 850 710 1034 770; x_wconf 88' lang='lat' dir='ltr'><strong>ﬁdeles</strong></span> <span class='ocrx_word' id='word_1_27' title='bbox 1065 715 1276 786; x_wconf 89' lang='lat' dir='ltr'><strong>imperii</strong></span> <span class='ocrx_word' id='word_1_28' title='bbox 1306 719 1476 773; x_wconf 79' lang='lat' dir='ltr'><strong>nostri</strong></span> <span class='ocrx_word' id='word_1_29' title='bbox 1517 734 1617 788; x_wconf 88' lang='lat' dir='ltr'><strong>pro</strong></span> <span class='ocrx_word' id='word_1_30' title='bbox 1652 735 1838 775; x_wconf 91' lang='lat' dir='ltr'><strong>eorum</strong></span> 
     </span>
    </p>
   </div>
   <div class='ocr_carea' id='block_1_7' title="bbox 261 799 1842 875">
    <p class='ocr_par' dir='ltr' id='par_1_7' title="bbox 261 799 1842 875">
     <span class='ocr_line' id='line_1_7' title="bbox 261 799 1842 875; baseline 0.009 -24"><span class='ocrx_word' id='word_1_31' title='bbox 261 799 763 867; x_wconf 83' lang='lat' dir='ltr'><strong>opportunitatibus</strong></span> <span class='ocrx_word' id='word_1_32' title='bbox 816 802 957 857; x_wconf 87' lang='lat' dir='ltr'><strong>inter</strong></span> <span class='ocrx_word' id='word_1_33' title='bbox 1003 818 1062 858; x_wconf 85' lang='lat' dir='ltr'><strong>se</strong></span> <span class='ocrx_word' id='word_1_34' title='bbox 1108 809 1593 875; x_wconf 85' lang='lat' dir='ltr'><strong>commutaverint,</strong></span> <span class='ocrx_word' id='word_1_35' title='bbox 1641 812 1842 866; x_wconf 89' lang='lat' dir='ltr'><strong>nostris</strong></span> 
     </span>
    </p>
   </div>
   <div class='ocr_carea' id='block_1_8' title="bbox 261 888 1842 964">
    <p class='ocr_par' dir='ltr' id='par_1_8' title="bbox 261 888 1842 964">
     <span class='ocr_line' id='line_1_8' title="bbox 261 888 1842 964; baseline 0.009 -21"><span class='ocrx_word' id='word_1_36' title='bbox 261 888 653 945; x_wconf 80' lang='lat' dir='ltr'><strong>conﬁrmamus</strong></span> <span class='ocrx_word' id='word_1_37' title='bbox 679 892 890 959; x_wconf 84' lang='lat' dir='ltr'><strong>edictis,</strong></span> <span class='ocrx_word' id='word_1_38' title='bbox 920 894 1253 964; x_wconf 83' lang='lat' dir='ltr'><strong>imperialem</strong></span> <span class='ocrx_word' id='word_1_39' title='bbox 1279 912 1593 955; x_wconf 84' lang='lat' dir='ltr'><strong>exercemus</strong></span> <span class='ocrx_word' id='word_1_40' title='bbox 1617 916 1842 958; x_wconf 86' lang='lat' dir='ltr'><strong>consue—</strong></span> 
     </span>
    </p>
   </div>
   <div class='ocr_carea' id='block_1_9' title="bbox 260 980 1840 1057">
    <p class='ocr_par' dir='ltr' id='par_1_9' title="bbox 260 980 1840 1057">
     <span class='ocr_line' id='line_1_9' title="bbox 260 980 1840 1057; baseline 0.009 -25"><span class='ocrx_word' id='word_1_41' title='bbox 260 980 528 1046; x_wconf 82' lang='lat' dir='ltr'><strong>tudinem,</strong></span> <span class='ocrx_word' id='word_1_42' title='bbox 574 990 629 1035; x_wconf 90' lang='lat' dir='ltr'><strong>et</strong></span> <span class='ocrx_word' id='word_1_43' title='bbox 667 982 721 1036; x_wconf 89' lang='lat' dir='ltr'><strong>in</strong></span> <span class='ocrx_word' id='word_1_44' title='bbox 759 987 1100 1052; x_wconf 83' lang='lat' dir='ltr'><strong>postmodum</strong></span> <span class='ocrx_word' id='word_1_45' title='bbox 1133 987 1255 1057; x_wconf 86' lang='lat' dir='ltr'><strong>jure</strong></span> <span class='ocrx_word' id='word_1_46' title='bbox 1288 988 1596 1045; x_wconf 84' lang='lat' dir='ltr'><strong>ﬁrmissimo</strong></span> <span class='ocrx_word' id='word_1_47' title='bbox 1625 1008 1840 1047; x_wconf 91' lang='lat' dir='ltr'><strong>mansu-</strong></span> 
     </span>
    </p>
   </div>
   <div class='ocr_carea' id='block_1_10' title="bbox 257 1071 1836 1137">
    <p class='ocr_par' dir='ltr' id='par_1_10' title="bbox 257 1071 1836 1137">
     <span class='ocr_line' id='line_1_10' title="bbox 257 1071 1836 1137; baseline 0.009 -15"><span class='ocrx_word' id='word_1_48' title='bbox 257 1083 382 1123; x_wconf 83' lang='lat' dir='ltr'><strong>rum</strong></span> <span class='ocrx_word' id='word_1_49' title='bbox 401 1085 534 1126; x_wconf 80' lang='lat' dir='ltr'><strong>esse</strong></span> <span class='ocrx_word' id='word_1_50' title='bbox 561 1071 824 1128; x_wconf 88' lang='lat' dir='ltr'><strong>volumus.</strong></span> <span class='ocrx_word' id='word_1_51' title='bbox 858 1075 1063 1131; x_wconf 86' lang='lat' dir='ltr'><strong>Idcirco</strong></span> <span class='ocrx_word' id='word_1_52' title='bbox 1094 1078 1303 1132; x_wconf 88' lang='lat' dir='ltr'><strong>noverit</strong></span> <span class='ocrx_word' id='word_1_53' title='bbox 1331 1080 1570 1134; x_wconf 85' lang='lat' dir='ltr'><strong>omnium</strong></span> <span class='ocrx_word' id='word_1_54' title='bbox 1599 1082 1836 1137; x_wconf 68' lang='lat' dir='ltr'><strong>ﬁdelium</strong></span> 
     </span>
    </p>
   </div>
   <div class='ocr_carea' id='block_1_11' title="bbox 256 1167 1835 1238">
    <p class='ocr_par' dir='ltr' id='par_1_11' title="bbox 256 1167 1835 1238">
     <span class='ocr_line' id='line_1_11' title="bbox 256 1167 1835 1238; baseline 0.009 -25"><span class='ocrx_word' id='word_1_55' title='bbox 256 1170 571 1215; x_wconf 87' lang='lat' dir='ltr'><strong>nostrorum</strong></span> <span class='ocrx_word' id='word_1_56' title='bbox 599 1202 613 1227; x_wconf 94' lang='lat'><strong>,</strong></span> <span class='ocrx_word' id='word_1_57' title='bbox 665 1171 772 1217; x_wconf 86' lang='lat' dir='ltr'><strong>tam</strong></span> <span class='ocrx_word' id='word_1_58' title='bbox 820 1167 1168 1233; x_wconf 62' lang='lat' dir='ltr'><strong>praesentium</strong></span> <span class='ocrx_word' id='word_1_59' title='bbox 1215 1184 1377 1238; x_wconf 88' lang='lat' dir='ltr'><strong>quam</strong></span> <span class='ocrx_word' id='word_1_60' title='bbox 1431 1178 1486 1225; x_wconf 92' lang='lat' dir='ltr'><strong>et</strong></span> <span class='ocrx_word' id='word_1_61' title='bbox 1533 1171 1835 1227; x_wconf 89' lang='lat' dir='ltr'><strong>futurorum</strong></span> 
     </span>
    </p>
   </div>
   <div class='ocr_carea' id='block_1_12' title="bbox 257 1251 1834 1332">
    <p class='ocr_par' dir='ltr' id='par_1_12' title="bbox 257 1251 1834 1332">
     <span class='ocr_line' id='line_1_12' title="bbox 257 1251 1834 1332; baseline 0.008 -29"><span class='ocrx_word' id='word_1_62' title='bbox 257 1251 559 1320; x_wconf 79' lang='lat' dir='ltr'><strong>sagacitas,</strong></span> <span class='ocrx_word' id='word_1_63' title='bbox 604 1252 727 1321; x_wconf 88' lang='lat' dir='ltr'><strong>quia</strong></span> <span class='ocrx_word' id='word_1_64' title='bbox 755 1254 837 1307; x_wconf 89' lang='lat' dir='ltr'><strong>vir</strong></span> <span class='ocrx_word' id='word_1_65' title='bbox 865 1257 1186 1332; x_wconf 74' lang='lat' dir='ltr'><strong>venerabilis</strong></span> <span class='ocrx_word' id='word_1_66' title='bbox 1216 1257 1530 1315; x_wconf 89' lang='lat' dir='ltr'><strong>Tancradus</strong></span> <span class='ocrx_word' id='word_1_67' title='bbox 1563 1262 1730 1316; x_wconf 85' lang='lat' dir='ltr'><strong>abbas</strong></span> <span class='ocrx_word' id='word_1_68' title='bbox 1767 1277 1834 1316; x_wconf 75' lang='lat' dir='ltr'><strong>ex</strong></span> 
     </span>
    </p>
   </div>
   <div class='ocr_carea' id='block_1_13' title="bbox 256 1343 1834 1413">
    <p class='ocr_par' dir='ltr' id='par_1_13' title="bbox 256 1343 1834 1413">
     <span class='ocr_line' id='line_1_13' title="bbox 256 1343 1834 1413; baseline 0.008 -19"><span class='ocrx_word' id='word_1_69' title='bbox 256 1344 591 1398; x_wconf 84' lang='lat' dir='ltr'><strong>monasterio</strong></span> <span class='ocrx_word' id='word_1_70' title='bbox 634 1343 774 1412; x_wconf 89' lang='lat' dir='ltr'><strong>quod</strong></span> <span class='ocrx_word' id='word_1_71' title='bbox 818 1346 1019 1400; x_wconf 87' lang='lat' dir='ltr'><strong>dicitur</strong></span> <span class='ocrx_word' id='word_1_72' title='bbox 1058 1347 1276 1404; x_wconf 85' lang='lat' dir='ltr'><strong>Prumia</strong></span> <span class='ocrx_word' id='word_1_73' title='bbox 1304 1390 1318 1413; x_wconf 91' lang='lat'><strong>,</strong></span> <span class='ocrx_word' id='word_1_74' title='bbox 1369 1359 1736 1407; x_wconf 89' lang='lat' dir='ltr'><strong>constructum</strong></span> <span class='ocrx_word' id='word_1_75' title='bbox 1781 1354 1834 1407; x_wconf 92' lang='lat' dir='ltr'><strong>in</strong></span> 
     </span>
    </p>
   </div>
   <div class='ocr_carea' id='block_1_14' title="bbox 253 1431 1832 1506">
    <p class='ocr_par' dir='ltr' id='par_1_14' title="bbox 253 1431 1832 1506">
     <span class='ocr_line' id='line_1_14' title="bbox 253 1431 1832 1506; baseline 0.006 -21"><span class='ocrx_word' id='word_1_76' title='bbox 253 1431 461 1485; x_wconf 81' lang='lat' dir='ltr'><strong>honore</strong></span> <span class='ocrx_word' id='word_1_77' title='bbox 507 1432 717 1485; x_wconf 83' lang='lat' dir='ltr'><strong>Domini</strong></span> <span class='ocrx_word' id='word_1_78' title='bbox 766 1442 820 1487; x_wconf 90' lang='lat' dir='ltr'><strong>et</strong></span> <span class='ocrx_word' id='word_1_79' title='bbox 867 1433 1164 1491; x_wconf 87' lang='lat' dir='ltr'><strong>Salvatoris</strong></span> <span class='ocrx_word' id='word_1_80' title='bbox 1204 1439 1376 1492; x_wconf 87' lang='lat' dir='ltr'><strong>nostri</strong></span> <span class='ocrx_word' id='word_1_81' title='bbox 1422 1437 1549 1494; x_wconf 83' lang='lat' dir='ltr'><strong>Jesu</strong></span> <span class='ocrx_word' id='word_1_82' title='bbox 1589 1439 1832 1506; x_wconf 91' lang='lat' dir='ltr'><strong>Christi,</strong></span> 
     </span>
    </p>
   </div>
   <div class='ocr_carea' id='block_1_15' title="bbox 253 1521 1833 1597">
    <p class='ocr_par' dir='ltr' id='par_1_15' title="bbox 253 1521 1833 1597">
     <span class='ocr_line' id='line_1_15' title="bbox 253 1521 1833 1597; baseline 0.008 -24"><span class='ocrx_word' id='word_1_83' title='bbox 253 1521 411 1574; x_wconf 87' lang='lat' dir='ltr'><strong>nobis</strong></span> <span class='ocrx_word' id='word_1_84' title='bbox 453 1522 750 1592; x_wconf 78' lang='lat' dir='ltr'><strong>suggessit,</strong></span> <span class='ocrx_word' id='word_1_85' title='bbox 794 1537 860 1578; x_wconf 90' lang='lat' dir='ltr'><strong>eo</strong></span> <span class='ocrx_word' id='word_1_86' title='bbox 899 1526 1042 1593; x_wconf 90' lang='lat' dir='ltr'><strong>quod</strong></span> <span class='ocrx_word' id='word_1_87' title='bbox 1070 1541 1192 1581; x_wconf 90' lang='lat' dir='ltr'><strong>cum</strong></span> <span class='ocrx_word' id='word_1_88' title='bbox 1223 1529 1453 1597; x_wconf 91' lang='lat' dir='ltr'><strong>quodam</strong></span> <span class='ocrx_word' id='word_1_89' title='bbox 1484 1529 1702 1585; x_wconf 87' lang='lat' dir='ltr'><strong>homine</strong></span> <span class='ocrx_word' id='word_1_90' title='bbox 1739 1548 1833 1586; x_wconf 79' lang='lat' dir='ltr'><strong>no-</strong></span> 
     </span>
    </p>
   </div>
   <div class='ocr_carea' id='block_1_16' title="bbox 251 1608 1827 1683">
    <p class='ocr_par' dir='ltr' id='par_1_16' title="bbox 251 1608 1827 1683">
     <span class='ocr_line' id='line_1_16' title="bbox 251 1608 1827 1683; baseline 0.008 -20"><span class='ocrx_word' id='word_1_91' title='bbox 251 1610 398 1664; x_wconf 90' lang='lat' dir='ltr'><strong>mine</strong></span> <span class='ocrx_word' id='word_1_92' title='bbox 438 1608 724 1665; x_wconf 82' lang='lat' dir='ltr'><strong>Fulcberto</strong></span> <span class='ocrx_word' id='word_1_93' title='bbox 765 1612 831 1668; x_wconf 91' lang='lat' dir='ltr'><strong>de</strong></span> <span class='ocrx_word' id='word_1_94' title='bbox 871 1614 1195 1683; x_wconf 87' lang='lat' dir='ltr'><strong>quibusdam</strong></span> <span class='ocrx_word' id='word_1_95' title='bbox 1241 1616 1404 1672; x_wconf 83' lang='lat' dir='ltr'><strong>rebus</strong></span> <span class='ocrx_word' id='word_1_96' title='bbox 1447 1622 1827 1676; x_wconf 87' lang='lat' dir='ltr'><strong>commutatio-</strong></span> 
     </span>
    </p>
   </div>
   <div class='ocr_carea' id='block_1_17' title="bbox 251 1700 1825 1781">
    <p class='ocr_par' dir='ltr' id='par_1_17' title="bbox 251 1700 1825 1781">
     <span class='ocr_line' id='line_1_17' title="bbox 251 1700 1825 1781; baseline 0.01 -28"><span class='ocrx_word' id='word_1_97' title='bbox 251 1715 377 1754; x_wconf 87' lang='lat' dir='ltr'><strong>nem</strong></span> <span class='ocrx_word' id='word_1_98' title='bbox 409 1700 660 1768; x_wconf 81' lang='lat' dir='ltr'><strong>fecisset,</strong></span> <span class='ocrx_word' id='word_1_99' title='bbox 699 1719 799 1774; x_wconf 90' lang='lat' dir='ltr'><strong>pro</strong></span> <span class='ocrx_word' id='word_1_100' title='bbox 831 1705 1113 1760; x_wconf 86' lang='lat' dir='ltr'><strong>ambarum</strong></span> <span class='ocrx_word' id='word_1_101' title='bbox 1142 1709 1376 1776; x_wconf 88' lang='lat' dir='ltr'><strong>partium</strong></span> <span class='ocrx_word' id='word_1_102' title='bbox 1406 1715 1825 1781; x_wconf 89' lang='lat' dir='ltr'><strong>opportunitate.</strong></span> 
     </span>
    </p>
   </div>
   <div class='ocr_carea' id='block_1_18' title="bbox 253 1789 1828 1862">
    <p class='ocr_par' dir='ltr' id='par_1_18' title="bbox 253 1789 1828 1862">
     <span class='ocr_line' id='line_1_18' title="bbox 253 1789 1828 1862; baseline 0.008 -18"><span class='ocrx_word' id='word_1_103' title='bbox 253 1789 412 1846; x_wconf 85' lang='lat' dir='ltr'><strong>Dedit</strong></span> <span class='ocrx_word' id='word_1_104' title='bbox 439 1792 601 1862; x_wconf 81' lang='lat' dir='ltr'><strong>igitur</strong></span> <span class='ocrx_word' id='word_1_105' title='bbox 628 1794 919 1862; x_wconf 61' lang='lat' dir='ltr'><strong>pradictus</strong></span> <span class='ocrx_word' id='word_1_106' title='bbox 947 1797 1031 1850; x_wconf 79' lang='lat' dir='ltr'><strong>vir</strong></span> <span class='ocrx_word' id='word_1_107' title='bbox 1053 1799 1373 1856; x_wconf 84' lang='lat' dir='ltr'><strong>venerabilis</strong></span> <span class='ocrx_word' id='word_1_108' title='bbox 1397 1801 1710 1860; x_wconf 88' lang='lat' dir='ltr'><strong>Tancradus</strong></span> <span class='ocrx_word' id='word_1_109' title='bbox 1737 1807 1828 1859; x_wconf 84' lang='lat' dir='ltr'><strong>ab-</strong></span> 
     </span>
    </p>
   </div>
   <div class='ocr_carea' id='block_1_19' title="bbox 1945 610 2191 669">
    <p class='ocr_par' dir='ltr' id='par_1_19' title="bbox 1945 610 2191 669">
     <span class='ocr_line' id='line_1_19' title="bbox 1945 610 2191 669; baseline 0.024 -6"><span class='ocrx_word' id='word_1_110' title='bbox 1945 610 2191 669; x_wconf 72' lang='lat' dir='ltr'><strong>feliciter.</strong></span> 
     </span>
    </p>
   </div>
   <div class='ocr_carea' id='block_1_20' title="bbox 2641 711 2816 766">
    <p class='ocr_par' dir='ltr' id='par_1_20' title="bbox 2641 711 2816 766">
     <span class='ocr_line' id='line_1_20' title="bbox 2641 711 2816 766; baseline 0.006 -1"><span class='ocrx_word' id='word_1_111' title='bbox 2641 711 2816 766; x_wconf 76' lang='lat' dir='ltr'><strong>CVIII.</strong></span> 
     </span>
    </p>
   </div>
   <div class='ocr_carea' id='block_1_21' title="bbox 2373 830 3062 878">
    <p class='ocr_par' dir='ltr' id='par_1_21' title="bbox 2373 830 3062 878">
     <span class='ocr_line' id='line_1_21' title="bbox 2373 830 3062 878; baseline 0.017 -12"><span class='ocrx_word' id='word_1_112' title='bbox 2373 830 2475 869; x_wconf 72' lang='lat' dir='ltr'><strong>PRO</strong></span> <span class='ocrx_word' id='word_1_113' title='bbox 2515 831 2686 871; x_wconf 68' lang='grc' dir='ltr'><strong>εουεκ</strong></span> <span class='ocrx_word' id='word_1_114' title='bbox 2729 835 3062 878; x_wconf 70' lang='grc' dir='ltr'><strong>ΜΟΝΔΞΤΕΙΠΟ</strong></span> 
     </span>
    </p>
   </div>
   <div class='ocr_carea' id='block_1_22' title="bbox 2543 925 2902 1002">
    <p class='ocr_par' dir='ltr' id='par_1_22' title="bbox 2543 925 2902 1002">
     <span class='ocr_line' id='line_1_22' title="bbox 2543 925 2902 1002; baseline 0.011 -23"><span class='ocrx_word' id='word_1_115' title='bbox 2543 925 2714 996; x_wconf 67' lang='lat' dir='ltr'><strong>(Auno</strong></span> <span class='ocrx_word' id='word_1_116' title='bbox 2752 930 2902 1002; x_wconf 74' lang='lat'><strong>8‘23.)</strong></span> 
     </span>
    </p>
   </div>
   <div class='ocr_carea' id='block_1_23' title="bbox 2027 1031 3429 1124">
    <p class='ocr_par' dir='ltr' id='par_1_23' title="bbox 2027 1031 3429 1124">
     <span class='ocr_line' id='line_1_23' title="bbox 2027 1031 3429 1124; baseline 0.014 -40"><span class='ocrx_word' id='word_1_117' title='bbox 2027 1031 2201 1103; x_wconf 79' lang='lat' dir='ltr'><strong>[Apud</strong></span> <span class='ocrx_word' id='word_1_118' title='bbox 2231 1035 2479 1103; x_wconf 68' lang='lat' dir='ltr'><strong>Martem,</strong></span> <span class='ocrx_word' id='word_1_119' title='bbox 2508 1039 2661 1106; x_wconf 85' lang='lat' dir='ltr'><strong>ibid.,</strong></span> <span class='ocrx_word' id='word_1_120' title='bbox 2689 1058 2752 1096; x_wconf 78' lang='lat' dir='ltr'><strong>ex</strong></span> <span class='ocrx_word' id='word_1_121' title='bbox 2783 1045 3056 1100; x_wconf 86' lang='lat' dir='ltr'><strong>chartario</strong></span> <span class='ocrx_word' id='word_1_122' title='bbox 3083 1046 3429 1124; x_wconf 83' lang='lat' dir='ltr'><strong>Prumiensi.]</strong></span> 
     </span>
    </p>
   </div>
   <div class='ocr_carea' id='block_1_24' title="bbox 2007 1141 3509 1219">
    <p class='ocr_par' dir='ltr' id='par_1_24' title="bbox 2007 1141 3509 1219">
     <span class='ocr_line' id='line_1_24' title="bbox 2007 1141 3509 1219; baseline 0.017 -25"><span class='ocrx_word' id='word_1_123' title='bbox 2007 1141 2062 1194; x_wconf 87' lang='lat' dir='ltr'><strong>In</strong></span> <span class='ocrx_word' id='word_1_124' title='bbox 2108 1145 2324 1198; x_wconf 87' lang='lat' dir='ltr'><strong>nomine</strong></span> <span class='ocrx_word' id='word_1_125' title='bbox 2353 1147 2563 1204; x_wconf 89' lang='lat' dir='ltr'><strong>Domini</strong></span> <span class='ocrx_word' id='word_1_126' title='bbox 2596 1161 2650 1204; x_wconf 89' lang='lat' dir='ltr'><strong>et</strong></span> <span class='ocrx_word' id='word_1_127' title='bbox 2680 1151 2974 1210; x_wconf 83' lang='lat' dir='ltr'><strong>Salvatoris</strong></span> <span class='ocrx_word' id='word_1_128' title='bbox 3001 1160 3173 1212; x_wconf 89' lang='lat' dir='ltr'><strong>nostri</strong></span> <span class='ocrx_word' id='word_1_129' title='bbox 3201 1158 3328 1214; x_wconf 67' lang='lat' dir='ltr'><strong>Iesu</strong></span> <span class='ocrx_word' id='word_1_130' title='bbox 3355 1162 3509 1219; x_wconf 86' lang='lat' dir='ltr'><strong>Chri-</strong></span> 
     </span>
    </p>
   </div>
   <div class='ocr_carea' id='block_1_25' title="bbox 1935 1230 3508 1322">
    <p class='ocr_par' dir='ltr' id='par_1_25' title="bbox 1935 1230 3508 1322">
     <span class='ocr_line' id='line_1_25' title="bbox 1935 1230 3508 1322; baseline 0.018 -41"><span class='ocrx_word' id='word_1_131' title='bbox 1935 1230 2027 1294; x_wconf 84' lang='lat' dir='ltr'><strong>sti,</strong></span> <span class='ocrx_word' id='word_1_132' title='bbox 2045 1232 2343 1290; x_wconf 83' lang='lat' dir='ltr'><strong>Ludovicus</strong></span> <span class='ocrx_word' id='word_1_133' title='bbox 2363 1237 2541 1292; x_wconf 90' lang='lat' dir='ltr'><strong>divina</strong></span> <span class='ocrx_word' id='word_1_134' title='bbox 2563 1242 2845 1298; x_wconf 86' lang='lat' dir='ltr'><strong>ordinante</strong></span> <span class='ocrx_word' id='word_1_135' title='bbox 2865 1248 3198 1315; x_wconf 86' lang='lat' dir='ltr'><strong>providentia</strong></span> <span class='ocrx_word' id='word_1_136' title='bbox 3221 1250 3508 1322; x_wconf 82' lang='lat' dir='ltr'><strong>imperator</strong></span> 
     </span>
    </p>
   </div>
   <div class='ocr_carea' id='block_1_26' title="bbox 1933 1322 2228 1391">
    <p class='ocr_par' dir='ltr' id='par_1_26' title="bbox 1933 1322 2228 1391">
     <span class='ocr_line' id='line_1_26' title="bbox 1933 1322 2228 1391; baseline 0.014 -19"><span class='ocrx_word' id='word_1_137' title='bbox 1933 1322 2228 1391; x_wconf 79' lang='lat' dir='ltr'><strong>Augustus.</strong></span> 
     </span>
    </p>
   </div>
   <div class='ocr_carea' id='block_1_27' title="bbox 2007 1412 3506 1502">
    <p class='ocr_par' dir='ltr' id='par_1_27' title="bbox 2007 1412 3506 1502">
     <span class='ocr_line' id='line_1_27' title="bbox 2007 1412 3506 1502; baseline 0.016 -36"><span class='ocrx_word' id='word_1_138' title='bbox 2007 1412 2062 1467; x_wconf 92' lang='lat' dir='ltr'><strong>Si</strong></span> <span class='ocrx_word' id='word_1_139' title='bbox 2095 1416 2236 1468; x_wconf 91' lang='lat' dir='ltr'><strong>enim</strong></span> <span class='ocrx_word' id='word_1_140' title='bbox 2269 1431 2331 1469; x_wconf 91' lang='lat' dir='ltr'><strong>ea</strong></span> <span class='ocrx_word' id='word_1_141' title='bbox 2363 1435 2482 1488; x_wconf 73' lang='lat' dir='ltr'><strong>qua:</strong></span> <span class='ocrx_word' id='word_1_142' title='bbox 2514 1420 2696 1477; x_wconf 79' lang='lat' dir='ltr'><strong>fideles</strong></span> <span class='ocrx_word' id='word_1_143' title='bbox 2737 1425 2948 1494; x_wconf 87' lang='lat' dir='ltr'><strong>imperii</strong></span> <span class='ocrx_word' id='word_1_144' title='bbox 2988 1432 3159 1485; x_wconf 89' lang='lat' dir='ltr'><strong>nostri</strong></span> <span class='ocrx_word' id='word_1_145' title='bbox 3197 1449 3293 1502; x_wconf 87' lang='lat' dir='ltr'><strong>pro</strong></span> <span class='ocrx_word' id='word_1_146' title='bbox 3321 1450 3506 1490; x_wconf 80' lang='lat' dir='ltr'><strong>eorum</strong></span> 
     </span>
    </p>
   </div>
   <div class='ocr_carea' id='block_1_28' title="bbox 1932 1504 3506 1586">
    <p class='ocr_par' dir='ltr' id='par_1_28' title="bbox 1932 1504 3506 1586">
     <span class='ocr_line' id='line_1_28' title="bbox 1932 1504 3506 1586; baseline 0.018 -34"><span class='ocrx_word' id='word_1_147' title='bbox 1932 1504 2431 1570; x_wconf 85' lang='lat' dir='ltr'><strong>opportunitatibus</strong></span> <span class='ocrx_word' id='word_1_148' title='bbox 2480 1508 2622 1563; x_wconf 88' lang='lat' dir='ltr'><strong>inter</strong></span> <span class='ocrx_word' id='word_1_149' title='bbox 2665 1527 2722 1565; x_wconf 90' lang='lat' dir='ltr'><strong>se</strong></span> <span class='ocrx_word' id='word_1_150' title='bbox 2770 1521 3254 1586; x_wconf 85' lang='lat' dir='ltr'><strong>commutaverint,</strong></span> <span class='ocrx_word' id='word_1_151' title='bbox 3307 1527 3506 1579; x_wconf 81' lang='lat' dir='ltr'><strong>nostris</strong></span> 
     </span>
    </p>
   </div>
   <div class='ocr_carea' id='block_1_29' title="bbox 1931 1593 3503 1672">
    <p class='ocr_par' dir='ltr' id='par_1_29' title="bbox 1931 1593 3503 1672">
     <span class='ocr_line' id='line_1_29' title="bbox 1931 1593 3503 1672; baseline 0.018 -27"><span class='ocrx_word' id='word_1_152' title='bbox 1931 1593 2317 1650; x_wconf 76' lang='lat' dir='ltr'><strong>confirmamus</strong></span> <span class='ocrx_word' id='word_1_153' title='bbox 2357 1599 2580 1666; x_wconf 83' lang='lat' dir='ltr'><strong>edictis,</strong></span> <span class='ocrx_word' id='word_1_154' title='bbox 2635 1604 2964 1672; x_wconf 86' lang='lat' dir='ltr'><strong>imperialem</strong></span> <span class='ocrx_word' id='word_1_155' title='bbox 3011 1626 3329 1670; x_wconf 81' lang='lat' dir='ltr'><strong>exercemus</strong></span> <span class='ocrx_word' id='word_1_156' title='bbox 3373 1633 3503 1672; x_wconf 89' lang='lat' dir='ltr'><strong>cou-</strong></span> 
     </span>
    </p>
   </div>
   <div class='ocr_carea' id='block_1_30' title="bbox 1929 1685 3506 1771">
    <p class='ocr_par' dir='ltr' id='par_1_30' title="bbox 1929 1685 3506 1771">
     <span class='ocr_line' id='line_1_30' title="bbox 1929 1685 3506 1771; baseline 0.018 -36"><span class='ocrx_word' id='word_1_157' title='bbox 1929 1685 2307 1752; x_wconf 84' lang='lat' dir='ltr'><strong>suetudinem,</strong></span> <span class='ocrx_word' id='word_1_158' title='bbox 2358 1694 2413 1743; x_wconf 86' lang='lat' dir='ltr'><strong>et</strong></span> <span class='ocrx_word' id='word_1_159' title='bbox 2458 1690 2561 1746; x_wconf 90' lang='lat' dir='ltr'><strong>hoc</strong></span> <span class='ocrx_word' id='word_1_160' title='bbox 2595 1693 2990 1763; x_wconf 90' lang='lat' dir='ltr'><strong>inpostmodum</strong></span> <span class='ocrx_word' id='word_1_161' title='bbox 3028 1701 3152 1771; x_wconf 83' lang='lat' dir='ltr'><strong>jure</strong></span> <span class='ocrx_word' id='word_1_162' title='bbox 3196 1704 3506 1763; x_wconf 83' lang='lat' dir='ltr'><strong>ﬁrmissimo</strong></span> 
     </span>
    </p>
   </div>
   <div class='ocr_carea' id='block_1_31' title="bbox 1931 1779 3503 1853">
    <p class='ocr_par' dir='ltr' id='par_1_31' title="bbox 1931 1779 3503 1853">
     <span class='ocr_line' id='line_1_31' title="bbox 1931 1779 3503 1853; baseline 0.019 -30"><span class='ocrx_word' id='word_1_163' title='bbox 1931 1786 2244 1828; x_wconf 91' lang='lat' dir='ltr'><strong>mansurum</strong></span> <span class='ocrx_word' id='word_1_164' title='bbox 2293 1791 2413 1832; x_wconf 86' lang='lat' dir='ltr'><strong>esse</strong></span> <span class='ocrx_word' id='word_1_165' title='bbox 2442 1779 2707 1837; x_wconf 88' lang='lat' dir='ltr'><strong>volumus.</strong></span> <span class='ocrx_word' id='word_1_166' title='bbox 2762 1785 2966 1842; x_wconf 84' lang='lat' dir='ltr'><strong>Idcirco</strong></span> <span class='ocrx_word' id='word_1_167' title='bbox 3010 1795 3220 1846; x_wconf 87' lang='lat' dir='ltr'><strong>noverit</strong></span> <span class='ocrx_word' id='word_1_168' title='bbox 3265 1798 3503 1853; x_wconf 87' lang='lat' dir='ltr'><strong>omnium</strong></span> 
     </span>
    </p>
   </div>
   <div class='ocr_carea' id='block_1_32' title="bbox 250 1862 3505 1966">
    <p class='ocr_par' dir='ltr' id='par_1_32' title="bbox 250 1862 3505 1966">
     <span class='ocr_line' id='line_1_32' title="bbox 250 1862 3505 1966; baseline 0.014 -66"><span class='ocrx_word' id='word_1_169' title='bbox 250 1880 348 1936; x_wconf 67' lang='lat' dir='ltr'><strong>bas</strong></span> <span class='ocrx_word' id='word_1_170' title='bbox 388 1897 456 1936; x_wconf 58' lang='grc' dir='ltr'><strong>ει</strong></span> <span class='ocrx_word' id='word_1_171' title='bbox 497 1884 707 1939; x_wconf 51' lang='lat' dir='ltr'><strong>ratione</strong></span> <span class='ocrx_word' id='word_1_172' title='bbox 732 1874 989 1953; x_wconf 30' lang='lat' dir='ltr'><strong>‘pmdicﬁ</strong></span> <span class='ocrx_word' id='word_1_173' title='bbox 1035 1891 1380 1957; x_wconf 51' lang='lat' dir='ltr'><strong>monasterii,</strong></span> <span class='ocrx_word' id='word_1_174' title='bbox 1424 1908 1529 1948; x_wconf 66' lang='lat' dir='ltr'><strong>una</strong></span> <span class='ocrx_word' id='word_1_175' title='bbox 1567 1910 1666 1966; x_wconf 63' lang='lat' dir='ltr'><strong>per</strong></span> <span class='ocrx_word' id='word_1_176' title='bbox 1691 1913 1822 1952; x_wconf 39' lang='lat' dir='ltr'><strong>com</strong></span> <span class='ocrx_word' id='word_1_177' title='bbox 1855 1884 1899 1941; x_wconf 71' lang='grc' dir='ltr'>Β</span> <span class='ocrx_word' id='word_1_178' title='bbox 1929 1862 2542 1966; x_wconf 44' lang='lat' dir='ltr'><strong>ﬁdelium-nostrorum,</strong></span> <span class='ocrx_word' id='word_1_179' title='bbox 2591 1877 2937 1966; x_wconf 60' lang='lat' dir='ltr'><strong>praesentium</strong></span> <span class='ocrx_word' id='word_1_180' title='bbox 2974 1882 3178 1937; x_wconf 81' lang='lat' dir='ltr'><strong>scilicet</strong></span> <span class='ocrx_word' id='word_1_181' title='bbox 3211 1895 3268 1940; x_wconf 91' lang='lat' dir='ltr'><strong>et</strong></span> <span class='ocrx_word' id='word_1_182' title='bbox 3300 1886 3505 1944; x_wconf 84' lang='lat' dir='ltr'><strong>futuro-</strong></span> 
     </span>
    </p>
   </div>
   <div class='ocr_carea' id='block_1_33' title="bbox 248 1977 1823 2043">
    <p class='ocr_par' dir='ltr' id='par_1_33' title="bbox 248 1977 1823 2043">
     <span class='ocr_line' id='line_1_33' title="bbox 248 1977 1823 2043; baseline 0.011 -17"><span class='ocrx_word' id='word_1_183' title='bbox 248 1988 469 2028; x_wconf 87' lang='lat' dir='ltr'><strong>sensum</strong></span> <span class='ocrx_word' id='word_1_184' title='bbox 513 1983 567 2030; x_wconf 89' lang='lat' dir='ltr'><strong>et</strong></span> <span class='ocrx_word' id='word_1_185' title='bbox 610 1977 1009 2032; x_wconf 90' lang='lat' dir='ltr'><strong>conhibentiam</strong></span> <span class='ocrx_word' id='word_1_186' title='bbox 1049 1981 1437 2036; x_wconf 86' lang='lat' dir='ltr'><strong>monachorum</strong></span> <span class='ocrx_word' id='word_1_187' title='bbox 1485 1985 1679 2041; x_wconf 89' lang='lat' dir='ltr'><strong>ibidem</strong></span> <span class='ocrx_word' id='word_1_188' title='bbox 1728 1989 1823 2043; x_wconf 90' lang='lat' dir='ltr'><strong>de-</strong></span> 
     </span>
    </p>
   </div>
   <div class='ocr_carea' id='block_1_34' title="bbox 247 2064 1824 2146">
    <p class='ocr_par' dir='ltr' id='par_1_34' title="bbox 247 2064 1824 2146">
     <span class='ocr_line' id='line_1_34' title="bbox 247 2064 1824 2146; baseline 0.01 -30"><span class='ocrx_word' id='word_1_189' title='bbox 247 2065 518 2132; x_wconf 77' lang='lat' dir='ltr'><strong>gentium,</strong></span> <span class='ocrx_word' id='word_1_190' title='bbox 561 2064 788 2134; x_wconf 71' lang='lat' dir='ltr'><strong>prazfato</strong></span> <span class='ocrx_word' id='word_1_191' title='bbox 817 2066 1075 2123; x_wconf 85' lang='lat' dir='ltr'><strong>Fulberto</strong></span> <span class='ocrx_word' id='word_1_192' title='bbox 1107 2070 1175 2124; x_wconf 87' lang='lat' dir='ltr'><strong>ad</strong></span> <span class='ocrx_word' id='word_1_193' title='bbox 1204 2073 1479 2141; x_wconf 90' lang='lat' dir='ltr'><strong>proprium</strong></span> <span class='ocrx_word' id='word_1_194' title='bbox 1512 2090 1668 2130; x_wconf 90' lang='lat' dir='ltr'><strong>suum</strong></span> <span class='ocrx_word' id='word_1_195' title='bbox 1700 2076 1824 2146; x_wconf 87' lang='lat' dir='ltr'><strong>pcr-</strong></span> 
     </span>
    </p>
   </div>
   <div class='ocr_carea' id='block_1_35' title="bbox 246 2155 1821 2233">
    <p class='ocr_par' dir='ltr' id='par_1_35' title="bbox 246 2155 1821 2233">
     <span class='ocr_line' id='line_1_35' title="bbox 246 2155 1821 2233; baseline 0.009 -25"><span class='ocrx_word' id='word_1_196' title='bbox 246 2155 540 2224; x_wconf 89' lang='lat' dir='ltr'><strong>petualiter</strong></span> <span class='ocrx_word' id='word_1_197' title='bbox 566 2155 632 2210; x_wconf 89' lang='lat' dir='ltr'><strong>ad</strong></span> <span class='ocrx_word' id='word_1_198' title='bbox 670 2157 973 2212; x_wconf 86' lang='lat' dir='ltr'><strong>habendum</strong></span> <span class='ocrx_word' id='word_1_199' title='bbox 993 2198 1007 2222; x_wconf 88' lang='lat'><strong>,</strong></span> <span class='ocrx_word' id='word_1_200' title='bbox 1055 2162 1318 2228; x_wconf 85' lang='lat' dir='ltr'><strong>quasdam</strong></span> <span class='ocrx_word' id='word_1_201' title='bbox 1348 2177 1436 2216; x_wconf 90' lang='lat' dir='ltr'><strong>res</strong></span> <span class='ocrx_word' id='word_1_202' title='bbox 1464 2179 1585 2233; x_wconf 76' lang='lat' dir='ltr'><strong>qua:</strong></span> <span class='ocrx_word' id='word_1_203' title='bbox 1614 2176 1737 2221; x_wconf 90' lang='lat' dir='ltr'><strong>sunt</strong></span> <span class='ocrx_word' id='word_1_204' title='bbox 1769 2169 1821 2222; x_wconf 93' lang='lat' dir='ltr'><strong>in</strong></span> 
     </span>
    </p>
   </div>
   <div class='ocr_carea' id='block_1_36' title="bbox 245 2247 1820 2322">
    <p class='ocr_par' dir='ltr' id='par_1_36' title="bbox 245 2247 1820 2322">
     <span class='ocr_line' id='line_1_36' title="bbox 245 2247 1820 2322; baseline 0.009 -21"><span class='ocrx_word' id='word_1_205' title='bbox 245 2263 386 2319; x_wconf 85' lang='lat' dir='ltr'><strong>pago</strong></span> <span class='ocrx_word' id='word_1_206' title='bbox 415 2247 815 2312; x_wconf 85' lang='lat' dir='ltr'><strong>Warmacinse,</strong></span> <span class='ocrx_word' id='word_1_207' title='bbox 861 2251 912 2304; x_wconf 92' lang='lat' dir='ltr'><strong>in</strong></span> <span class='ocrx_word' id='word_1_208' title='bbox 941 2251 1066 2305; x_wconf 86' lang='lat' dir='ltr'><strong>villa</strong></span> <span class='ocrx_word' id='word_1_209' title='bbox 1102 2269 1222 2322; x_wconf 68' lang='lat' dir='ltr'><strong>qua:</strong></span> <span class='ocrx_word' id='word_1_210' title='bbox 1252 2255 1450 2310; x_wconf 91' lang='lat' dir='ltr'><strong>dicitur</strong></span> <span class='ocrx_word' id='word_1_211' title='bbox 1477 2257 1820 2315; x_wconf 90' lang='lat' dir='ltr'><strong>Flaconbcim</strong></span> 
     </span>
    </p>
   </div>
   <div class='ocr_carea' id='block_1_37' title="bbox 245 2338 1818 2415">
    <p class='ocr_par' dir='ltr' id='par_1_37' title="bbox 245 2338 1818 2415">
     <span class='ocr_line' id='line_1_37' title="bbox 245 2338 1818 2415; baseline 0.008 -23"><span class='ocrx_word' id='word_1_212' title='bbox 245 2353 466 2392; x_wconf 87' lang='lat' dir='ltr'><strong>mansos</strong></span> <span class='ocrx_word' id='word_1_213' title='bbox 491 2338 625 2392; x_wconf 87' lang='lat' dir='ltr'><strong>duos</strong></span> <span class='ocrx_word' id='word_1_214' title='bbox 664 2355 787 2394; x_wconf 91' lang='lat' dir='ltr'><strong>cum</strong></span> <span class='ocrx_word' id='word_1_215' title='bbox 817 2340 1086 2407; x_wconf 84' lang='lat' dir='ltr'><strong>domibus,</strong></span> <span class='ocrx_word' id='word_1_216' title='bbox 1119 2342 1378 2408; x_wconf 74' lang='lat' dir='ltr'><strong>aediﬁciis,</strong></span> <span class='ocrx_word' id='word_1_217' title='bbox 1415 2348 1594 2413; x_wconf 89' lang='lat' dir='ltr'><strong>terris,</strong></span> <span class='ocrx_word' id='word_1_218' title='bbox 1625 2349 1818 2415; x_wconf 90' lang='lat' dir='ltr'><strong>vineis,</strong></span> 
     </span>
    </p>
   </div>
   <div class='ocr_carea' id='block_1_38' title="bbox 243 2425 1823 2508">
    <p class='ocr_par' dir='ltr' id='par_1_38' title="bbox 243 2425 1823 2508">
     <span class='ocr_line' id='line_1_38' title="bbox 243 2425 1823 2508; baseline 0.01 -29"><span class='ocrx_word' id='word_1_219' title='bbox 243 2427 434 2496; x_wconf 85' lang='lat' dir='ltr'><strong>pratis,</strong></span> <span class='ocrx_word' id='word_1_220' title='bbox 468 2427 634 2491; x_wconf 90' lang='lat' dir='ltr'><strong>silvis,</strong></span> <span class='ocrx_word' id='word_1_221' title='bbox 664 2430 895 2497; x_wconf 89' lang='lat' dir='ltr'><strong>pascuis,</strong></span> <span class='ocrx_word' id='word_1_222' title='bbox 927 2430 1265 2499; x_wconf 85' lang='lat' dir='ltr'><strong>adjacentiis,</strong></span> <span class='ocrx_word' id='word_1_223' title='bbox 1291 2425 1495 2490; x_wconf 83' lang='lat' dir='ltr'><strong>exitum</strong></span> <span class='ocrx_word' id='word_1_224' title='bbox 1528 2446 1583 2491; x_wconf 90' lang='lat' dir='ltr'><strong>et</strong></span> <span class='ocrx_word' id='word_1_225' title='bbox 1612 2454 1823 2508; x_wconf 84' lang='lat' dir='ltr'><strong>regres-</strong></span> 
     </span>
    </p>
   </div>
   <div class='ocr_carea' id='block_1_39' title="bbox 241 2520 1820 2590">
    <p class='ocr_par' dir='ltr' id='par_1_39' title="bbox 241 2520 1820 2590">
     <span class='ocr_line' id='line_1_39' title="bbox 241 2520 1820 2590; baseline 0.008 -16"><span class='ocrx_word' id='word_1_226' title='bbox 241 2533 365 2575; x_wconf 80' lang='lat' dir='ltr'><strong>sum</strong></span> <span class='ocrx_word' id='word_1_227' title='bbox 385 2560 399 2584; x_wconf 92' lang='lat'><strong>,</strong></span> <span class='ocrx_word' id='word_1_228' title='bbox 427 2520 511 2572; x_wconf 88' lang='lat' dir='ltr'><strong>vel</strong></span> <span class='ocrx_word' id='word_1_229' title='bbox 540 2529 1015 2590; x_wconf 82' lang='lat' dir='ltr'><strong>quantumcunque</strong></span> <span class='ocrx_word' id='word_1_230' title='bbox 1052 2524 1105 2576; x_wconf 91' lang='lat' dir='ltr'><strong>in</strong></span> <span class='ocrx_word' id='word_1_231' title='bbox 1141 2525 1329 2579; x_wconf 89' lang='lat' dir='ltr'><strong>eadem</strong></span> <span class='ocrx_word' id='word_1_232' title='bbox 1359 2527 1480 2580; x_wconf 89' lang='lat' dir='ltr'><strong>villa</strong></span> <span class='ocrx_word' id='word_1_233' title='bbox 1513 2529 1579 2583; x_wconf 89' lang='lat' dir='ltr'><strong>de</strong></span> <span class='ocrx_word' id='word_1_234' title='bbox 1611 2531 1820 2586; x_wconf 83' lang='lat' dir='ltr'><strong>ratione</strong></span> 
     </span>
    </p>
   </div>
   <div class='ocr_carea' id='block_1_40' title="bbox 242 2611 1820 2692">
    <p class='ocr_par' dir='ltr' id='par_1_40' title="bbox 242 2611 1820 2692">
     <span class='ocr_line' id='line_1_40' title="bbox 242 2611 1820 2692; baseline 0.008 -28"><span class='ocrx_word' id='word_1_235' title='bbox 242 2611 484 2681; x_wconf 74' lang='lat' dir='ltr'><strong>praedicti</strong></span> <span class='ocrx_word' id='word_1_236' title='bbox 513 2614 825 2668; x_wconf 82' lang='lat' dir='ltr'><strong>monasterii</strong></span> <span class='ocrx_word' id='word_1_237' title='bbox 855 2617 1109 2683; x_wconf 79' lang='lat' dir='ltr'><strong>praesenti</strong></span> <span class='ocrx_word' id='word_1_238' title='bbox 1141 2626 1382 2686; x_wconf 90' lang='lat' dir='ltr'><strong>tempore</strong></span> <span class='ocrx_word' id='word_1_239' title='bbox 1412 2620 1608 2674; x_wconf 89' lang='lat' dir='ltr'><strong>ibidem</strong></span> <span class='ocrx_word' id='word_1_240' title='bbox 1647 2621 1820 2692; x_wconf 86' lang='lat' dir='ltr'><strong>legiti-</strong></span> 
     </span>
    </p>
   </div>
   <div class='ocr_carea' id='block_1_41' title="bbox 242 2703 1820 2780">
    <p class='ocr_par' dir='ltr' id='par_1_41' title="bbox 242 2703 1820 2780">
     <span class='ocr_line' id='line_1_41' title="bbox 242 2703 1820 2780; baseline 0.007 -24"><span class='ocrx_word' id='word_1_241' title='bbox 242 2706 335 2757; x_wconf 87' lang='lat' dir='ltr'><strong>me</strong></span> <span class='ocrx_word' id='word_1_242' title='bbox 361 2703 561 2758; x_wconf 84' lang='lat' dir='ltr'><strong>habere</strong></span> <span class='ocrx_word' id='word_1_243' title='bbox 587 2705 934 2774; x_wconf 87' lang='lat' dir='ltr'><strong>dignoscitur.</strong></span> <span class='ocrx_word' id='word_1_244' title='bbox 971 2706 1039 2760; x_wconf 86' lang='lat' dir='ltr'><strong>Et</strong></span> <span class='ocrx_word' id='word_1_245' title='bbox 1058 2717 1275 2761; x_wconf 86' lang='lat' dir='ltr'><strong>econtra</strong></span> <span class='ocrx_word' id='word_1_246' title='bbox 1302 2709 1354 2762; x_wconf 91' lang='lat' dir='ltr'><strong>in</strong></span> <span class='ocrx_word' id='word_1_247' title='bbox 1379 2713 1820 2780; x_wconf 88' lang='lat' dir='ltr'><strong>compensatione</strong></span> 
     </span>
    </p>
   </div>
   <div class='ocr_carea' id='block_1_42' title="bbox 240 2793 1816 2873">
    <p class='ocr_par' dir='ltr' id='par_1_42' title="bbox 240 2793 1816 2873">
     <span class='ocr_line' id='line_1_42' title="bbox 240 2793 1816 2873; baseline 0.008 -27"><span class='ocrx_word' id='word_1_248' title='bbox 240 2793 435 2847; x_wconf 84' lang='lat' dir='ltr'><strong>harum</strong></span> <span class='ocrx_word' id='word_1_249' title='bbox 465 2809 644 2858; x_wconf 87' lang='lat' dir='ltr'><strong>rerum</strong></span> <span class='ocrx_word' id='word_1_250' title='bbox 680 2796 825 2850; x_wconf 84' lang='lat' dir='ltr'><strong>dedit</strong></span> <span class='ocrx_word' id='word_1_251' title='bbox 861 2798 1150 2866; x_wconf 70' lang='lat' dir='ltr'><strong>praedictus</strong></span> <span class='ocrx_word' id='word_1_252' title='bbox 1189 2799 1475 2854; x_wconf 81' lang='lat' dir='ltr'><strong>Fulbertus</strong></span> <span class='ocrx_word' id='word_1_253' title='bbox 1504 2817 1569 2856; x_wconf 79' lang='lat' dir='ltr'><strong>ex</strong></span> <span class='ocrx_word' id='word_1_254' title='bbox 1599 2803 1816 2873; x_wconf 88' lang='lat' dir='ltr'><strong>proprio</strong></span> 
     </span>
    </p>
   </div>
   <div class='ocr_carea' id='block_1_43' title="bbox 239 2887 1815 2964">
    <p class='ocr_par' dir='ltr' id='par_1_43' title="bbox 239 2887 1815 2964">
     <span class='ocr_line' id='line_1_43' title="bbox 239 2887 1815 2964; baseline 0.007 -26"><span class='ocrx_word' id='word_1_255' title='bbox 239 2899 342 2938; x_wconf 84' lang='lat' dir='ltr'><strong>suo</strong></span> <span class='ocrx_word' id='word_1_256' title='bbox 370 2887 685 2955; x_wconf 46' lang='lat' dir='ltr'><strong>praescripto</strong></span> <span class='ocrx_word' id='word_1_257' title='bbox 722 2889 1081 2954; x_wconf 85' lang='lat' dir='ltr'><strong>monasterio,</strong></span> <span class='ocrx_word' id='word_1_258' title='bbox 1127 2892 1381 2962; x_wconf 89' lang='lat' dir='ltr'><strong>omnique</strong></span> <span class='ocrx_word' id='word_1_259' title='bbox 1412 2895 1815 2964; x_wconf 78' lang='lat' dir='ltr'><strong>congregationi</strong></span> 
     </span>
    </p>
   </div>
   <div class='ocr_carea' id='block_1_44' title="bbox 240 2973 1814 3051">
    <p class='ocr_par' dir='ltr' id='par_1_44' title="bbox 240 2973 1814 3051">
     <span class='ocr_line' id='line_1_44' title="bbox 240 2973 1814 3051; baseline 0.008 -24"><span class='ocrx_word' id='word_1_260' title='bbox 240 2973 440 3028; x_wconf 91' lang='lat' dir='ltr'><strong>ibidem</strong></span> <span class='ocrx_word' id='word_1_261' title='bbox 489 2976 596 3030; x_wconf 92' lang='lat' dir='ltr'><strong>Deo</strong></span> <span class='ocrx_word' id='word_1_262' title='bbox 646 2991 741 3044; x_wconf 88' lang='lat' dir='ltr'><strong>per</strong></span> <span class='ocrx_word' id='word_1_263' title='bbox 779 2984 1021 3047; x_wconf 88' lang='lat' dir='ltr'><strong>tempora</strong></span> <span class='ocrx_word' id='word_1_264' title='bbox 1068 2979 1364 3045; x_wconf 89' lang='lat' dir='ltr'><strong>militanti,</strong></span> <span class='ocrx_word' id='word_1_265' title='bbox 1423 2984 1682 3051; x_wconf 90' lang='lat' dir='ltr'><strong>quasdam</strong></span> <span class='ocrx_word' id='word_1_266' title='bbox 1729 3000 1814 3040; x_wconf 90' lang='lat' dir='ltr'><strong>res</strong></span> 
     </span>
    </p>
   </div>
   <div class='ocr_carea' id='block_1_45' title="bbox 237 3066 1815 3141">
    <p class='ocr_par' dir='ltr' id='par_1_45' title="bbox 237 3066 1815 3141">
     <span class='ocr_line' id='line_1_45' title="bbox 237 3066 1815 3141; baseline 0.009 -26"><span class='ocrx_word' id='word_1_267' title='bbox 237 3080 362 3133; x_wconf 66' lang='lat' dir='ltr'><strong>quae</strong></span> <span class='ocrx_word' id='word_1_268' title='bbox 410 3076 536 3120; x_wconf 90' lang='lat' dir='ltr'><strong>sunt</strong></span> <span class='ocrx_word' id='word_1_269' title='bbox 586 3066 636 3120; x_wconf 93' lang='lat' dir='ltr'><strong>in</strong></span> <span class='ocrx_word' id='word_1_270' title='bbox 686 3068 874 3121; x_wconf 91' lang='lat' dir='ltr'><strong>eodem</strong></span> <span class='ocrx_word' id='word_1_271' title='bbox 925 3083 1100 3140; x_wconf 83' lang='lat' dir='ltr'><strong>pago,</strong></span> <span class='ocrx_word' id='word_1_272' title='bbox 1165 3071 1217 3124; x_wconf 92' lang='lat' dir='ltr'><strong>in</strong></span> <span class='ocrx_word' id='word_1_273' title='bbox 1268 3072 1392 3126; x_wconf 87' lang='lat' dir='ltr'><strong>villa</strong></span> <span class='ocrx_word' id='word_1_274' title='bbox 1445 3087 1563 3141; x_wconf 66' lang='lat' dir='ltr'><strong>quae</strong></span> <span class='ocrx_word' id='word_1_275' title='bbox 1617 3073 1815 3129; x_wconf 89' lang='lat' dir='ltr'><strong>dicitur</strong></span> 
     </span>
    </p>
   </div>
   <div class='ocr_carea' id='block_1_46' title="bbox 237 3145 1812 3236">
    <p class='ocr_par' dir='ltr' id='par_1_46' title="bbox 237 3145 1812 3236">
     <span class='ocr_line' id='line_1_46' title="bbox 237 3145 1812 3236; baseline 0.006 -27"><span class='ocrx_word' id='word_1_276' title='bbox 237 3154 625 3212; x_wconf 81' lang='lat' dir='ltr'><strong>Glaolfesheim</strong></span> <span class='ocrx_word' id='word_1_277' title='bbox 657 3173 902 3214; x_wconf 78' lang='lat' dir='ltr'><strong>mansum</strong></span> <span class='ocrx_word' id='word_1_278' title='bbox 933 3176 1098 3214; x_wconf 91' lang='lat' dir='ltr'><strong>unum</strong></span> <span class='ocrx_word' id='word_1_279' title='bbox 1119 3203 1133 3226; x_wconf 94' lang='lat'><strong>,</strong></span> <span class='ocrx_word' id='word_1_280' title='bbox 1172 3145 1227 3217; x_wconf 77' lang='lat' dir='ltr'><strong>et</strong></span> <span class='ocrx_word' id='word_1_281' title='bbox 1265 3163 1317 3217; x_wconf 92' lang='lat' dir='ltr'><strong>in</strong></span> <span class='ocrx_word' id='word_1_282' title='bbox 1352 3165 1453 3217; x_wconf 91' lang='lat' dir='ltr'><strong>alia</strong></span> <span class='ocrx_word' id='word_1_283' title='bbox 1486 3165 1610 3218; x_wconf 90' lang='lat' dir='ltr'><strong>villa</strong></span> <span class='ocrx_word' id='word_1_284' title='bbox 1634 3205 1647 3229; x_wconf 92' lang='lat'><strong>,</strong></span> <span class='ocrx_word' id='word_1_285' title='bbox 1692 3181 1812 3236; x_wconf 69' lang='lat' dir='ltr'><strong>qua:</strong></span> 
     </span>
    </p>
   </div>
   <div class='ocr_carea' id='block_1_47' title="bbox 236 3246 1812 3318">
    <p class='ocr_par' dir='ltr' id='par_1_47' title="bbox 236 3246 1812 3318">
     <span class='ocr_line' id='line_1_47' title="bbox 236 3246 1812 3318; baseline 0.007 -17"><span class='ocrx_word' id='word_1_286' title='bbox 236 3246 439 3301; x_wconf 86' lang='lat' dir='ltr'><strong>dicitur</strong></span> <span class='ocrx_word' id='word_1_287' title='bbox 469 3249 689 3303; x_wconf 84' lang='lat' dir='ltr'><strong>Villarie</strong></span> <span class='ocrx_word' id='word_1_288' title='bbox 719 3266 965 3306; x_wconf 89' lang='lat' dir='ltr'><strong>mansum</strong></span> <span class='ocrx_word' id='word_1_289' title='bbox 994 3268 1181 3318; x_wconf 90' lang='lat' dir='ltr'><strong>unum,</strong></span> <span class='ocrx_word' id='word_1_290' title='bbox 1201 3251 1312 3308; x_wconf 84' lang='lat' dir='ltr'><strong>nec</strong></span> <span class='ocrx_word' id='word_1_291' title='bbox 1341 3269 1445 3308; x_wconf 91' lang='lat' dir='ltr'><strong>non</strong></span> <span class='ocrx_word' id='word_1_292' title='bbox 1475 3263 1530 3308; x_wconf 90' lang='lat' dir='ltr'><strong>et</strong></span> <span class='ocrx_word' id='word_1_293' title='bbox 1565 3256 1617 3309; x_wconf 91' lang='lat' dir='ltr'><strong>in</strong></span> <span class='ocrx_word' id='word_1_294' title='bbox 1652 3258 1812 3312; x_wconf 89' lang='lat' dir='ltr'><strong>tertio</strong></span> 
     </span>
    </p>
   </div>
   <div class='ocr_carea' id='block_1_48' title="bbox 236 3335 1814 3410">
    <p class='ocr_par' dir='ltr' id='par_1_48' title="bbox 236 3335 1814 3410">
     <span class='ocr_line' id='line_1_48' title="bbox 236 3335 1814 3410; baseline 0.006 -20"><span class='ocrx_word' id='word_1_295' title='bbox 236 3335 359 3391; x_wconf 82' lang='lat' dir='ltr'><strong>loco</strong></span> <span class='ocrx_word' id='word_1_296' title='bbox 405 3337 457 3392; x_wconf 91' lang='lat' dir='ltr'><strong>in</strong></span> <span class='ocrx_word' id='word_1_297' title='bbox 504 3338 627 3391; x_wconf 87' lang='lat' dir='ltr'><strong>villa</strong></span> <span class='ocrx_word' id='word_1_298' title='bbox 673 3348 1017 3410; x_wconf 82' lang='lat' dir='ltr'><strong>nuncupante</strong></span> <span class='ocrx_word' id='word_1_299' title='bbox 1062 3341 1516 3409; x_wconf 76' lang='lat' dir='ltr'><strong>Leiwrdesheim,</strong></span> <span class='ocrx_word' id='word_1_300' title='bbox 1566 3346 1814 3401; x_wconf 84' lang='lat' dir='ltr'><strong>curtilem</strong></span> 
     </span>
    </p>
   </div>
   <div class='ocr_carea' id='block_1_49' title="bbox 237 3428 1811 3502">
    <p class='ocr_par' dir='ltr' id='par_1_49' title="bbox 237 3428 1811 3502">
     <span class='ocr_line' id='line_1_49' title="bbox 237 3428 1811 3502; baseline 0.005 -21"><span class='ocrx_word' id='word_1_301' title='bbox 237 3443 405 3482; x_wconf 88' lang='lat' dir='ltr'><strong>unum</strong></span> <span class='ocrx_word' id='word_1_302' title='bbox 427 3469 441 3488; x_wconf 88' lang='lat'><em>.</em></span> <span class='ocrx_word' id='word_1_303' title='bbox 484 3428 732 3482; x_wconf 87' lang='lat' dir='ltr'><strong>similiter</strong></span> <span class='ocrx_word' id='word_1_304' title='bbox 760 3437 814 3484; x_wconf 89' lang='lat' dir='ltr'><strong>et</strong></span> <span class='ocrx_word' id='word_1_305' title='bbox 843 3430 894 3483; x_wconf 92' lang='lat' dir='ltr'><strong>in</strong></span> <span class='ocrx_word' id='word_1_306' title='bbox 926 3439 1118 3500; x_wconf 89' lang='lat' dir='ltr'><strong>quarto</strong></span> <span class='ocrx_word' id='word_1_307' title='bbox 1149 3430 1264 3485; x_wconf 89' lang='lat' dir='ltr'><strong>loco</strong></span> <span class='ocrx_word' id='word_1_308' title='bbox 1297 3433 1348 3486; x_wconf 91' lang='lat' dir='ltr'><strong>in</strong></span> <span class='ocrx_word' id='word_1_309' title='bbox 1375 3433 1498 3486; x_wconf 89' lang='lat' dir='ltr'><strong>villa</strong></span> <span class='ocrx_word' id='word_1_310' title='bbox 1534 3434 1687 3502; x_wconf 84' lang='lat' dir='ltr'><strong>cujus</strong></span> <span class='ocrx_word' id='word_1_311' title='bbox 1716 3452 1811 3489; x_wconf 78' lang='lat' dir='ltr'><strong>vo—</strong></span> 
     </span>
    </p>
   </div>
   <div class='ocr_carea' id='block_1_50' title="bbox 233 3519 1808 3593">
    <p class='ocr_par' dir='ltr' id='par_1_50' title="bbox 233 3519 1808 3593">
     <span class='ocr_line' id='line_1_50' title="bbox 233 3519 1808 3593; baseline 0.003 -19"><span class='ocrx_word' id='word_1_312' title='bbox 233 3519 490 3574; x_wconf 91' lang='lat' dir='ltr'><strong>cabulum</strong></span> <span class='ocrx_word' id='word_1_313' title='bbox 515 3527 599 3574; x_wconf 88' lang='lat' dir='ltr'><strong>est</strong></span> <span class='ocrx_word' id='word_1_314' title='bbox 621 3519 1008 3586; x_wconf 87' lang='lat' dir='ltr'><strong>lluccunheim,</strong></span> <span class='ocrx_word' id='word_1_315' title='bbox 1033 3522 1166 3575; x_wconf 89' lang='lat' dir='ltr'><strong>duas</strong></span> <span class='ocrx_word' id='word_1_316' title='bbox 1183 3531 1364 3590; x_wconf 88' lang='lat' dir='ltr'><strong>partes</strong></span> <span class='ocrx_word' id='word_1_317' title='bbox 1379 3523 1444 3577; x_wconf 90' lang='lat' dir='ltr'><strong>de</strong></span> <span class='ocrx_word' id='word_1_318' title='bbox 1459 3523 1671 3593; x_wconf 86' lang='lat' dir='ltr'><strong>jurnalc</strong></span> <span class='ocrx_word' id='word_1_319' title='bbox 1689 3542 1808 3580; x_wconf 91' lang='lat' dir='ltr'><strong>cum</strong></span> 
     </span>
    </p>
   </div>
   <div class='ocr_carea' id='block_1_51' title="bbox 236 3609 1812 3670">
    <p class='ocr_par' dir='ltr' id='par_1_51' title="bbox 236 3609 1812 3670">
     <span class='ocr_line' id='line_1_51' title="bbox 236 3609 1812 3670; baseline 0.004 -8"><span class='ocrx_word' id='word_1_320' title='bbox 236 3610 490 3664; x_wconf 89' lang='lat' dir='ltr'><strong>terminis</strong></span> <span class='ocrx_word' id='word_1_321' title='bbox 535 3618 587 3662; x_wconf 92' lang='lat' dir='ltr'><strong>et</strong></span> <span class='ocrx_word' id='word_1_322' title='bbox 636 3609 1045 3667; x_wconf 89' lang='lat' dir='ltr'><strong>laterationibus</strong></span> <span class='ocrx_word' id='word_1_323' title='bbox 1085 3613 1216 3666; x_wconf 92' lang='lat' dir='ltr'><strong>suis.</strong></span> <span class='ocrx_word' id='word_1_324' title='bbox 1275 3612 1382 3668; x_wconf 90' lang='lat' dir='ltr'><strong>llas</strong></span> <span class='ocrx_word' id='word_1_325' title='bbox 1419 3629 1546 3669; x_wconf 89' lang='lat' dir='ltr'><strong>vero</strong></span> <span class='ocrx_word' id='word_1_326' title='bbox 1575 3631 1662 3670; x_wconf 90' lang='lat' dir='ltr'><strong>res</strong></span> <span class='ocrx_word' id='word_1_327' title='bbox 1691 3631 1812 3669; x_wconf 88' lang='lat' dir='ltr'><strong>cum</strong></span> 
     </span>
    </p>
   </div>
   <div class='ocr_carea' id='block_1_52' title="bbox 234 3699 1809 3774">
    <p class='ocr_par' dir='ltr' id='par_1_52' title="bbox 234 3699 1809 3774">
     <span class='ocr_line' id='line_1_52' title="bbox 234 3699 1809 3774; baseline 0.005 -21"><span class='ocrx_word' id='word_1_328' title='bbox 234 3699 520 3765; x_wconf 84' lang='lat' dir='ltr'><strong>domibus,</strong></span> <span class='ocrx_word' id='word_1_329' title='bbox 570 3701 843 3766; x_wconf 78' lang='lat' dir='ltr'><strong>aediﬁciis,</strong></span> <span class='ocrx_word' id='word_1_330' title='bbox 897 3703 1090 3767; x_wconf 88' lang='lat' dir='ltr'><strong>terris,</strong></span> <span class='ocrx_word' id='word_1_331' title='bbox 1137 3704 1336 3768; x_wconf 85' lang='lat' dir='ltr'><strong>vineis,</strong></span> <span class='ocrx_word' id='word_1_332' title='bbox 1388 3706 1590 3774; x_wconf 89' lang='lat' dir='ltr'><strong>pratis,</strong></span> <span class='ocrx_word' id='word_1_333' title='bbox 1639 3707 1809 3772; x_wconf 87' lang='lat' dir='ltr'><strong>silvis,</strong></span> 
     </span>
    </p>
   </div>
   <div class='ocr_carea' id='block_1_53' title="bbox 232 3793 1812 3868">
    <p class='ocr_par' dir='ltr' id='par_1_53' title="bbox 232 3793 1812 3868">
     <span class='ocr_line' id='line_1_53' title="bbox 232 3793 1812 3868; baseline 0.003 -21"><span class='ocrx_word' id='word_1_334' title='bbox 232 3794 473 3863; x_wconf 89' lang='lat' dir='ltr'><strong>pascuis,</strong></span> <span class='ocrx_word' id='word_1_335' title='bbox 498 3793 833 3860; x_wconf 87' lang='lat' dir='ltr'><strong>adjacentiis,</strong></span> <span class='ocrx_word' id='word_1_336' title='bbox 859 3796 1065 3850; x_wconf 78' lang='lat' dir='ltr'><strong>exitum</strong></span> <span class='ocrx_word' id='word_1_337' title='bbox 1095 3803 1150 3849; x_wconf 90' lang='lat' dir='ltr'><strong>et</strong></span> <span class='ocrx_word' id='word_1_338' title='bbox 1178 3811 1500 3866; x_wconf 82' lang='lat' dir='ltr'><strong>regressum,</strong></span> <span class='ocrx_word' id='word_1_339' title='bbox 1531 3798 1615 3852; x_wconf 89' lang='lat' dir='ltr'><strong>vel</strong></span> <span class='ocrx_word' id='word_1_340' title='bbox 1642 3815 1812 3868; x_wconf 87' lang='lat' dir='ltr'><strong>quan-</strong></span> 
     </span>
    </p>
   </div>
   <div class='ocr_carea' id='block_1_54' title="bbox 232 3885 1812 3959">
    <p class='ocr_par' dir='ltr' id='par_1_54' title="bbox 232 3885 1812 3959">
     <span class='ocr_line' id='line_1_54' title="bbox 232 3885 1812 3959; baseline 0.001 -19"><span class='ocrx_word' id='word_1_341' title='bbox 232 3893 564 3953; x_wconf 87' lang='lat' dir='ltr'><strong>tumcunque</strong></span> <span class='ocrx_word' id='word_1_342' title='bbox 596 3887 649 3940; x_wconf 94' lang='lat' dir='ltr'><strong>in</strong></span> <span class='ocrx_word' id='word_1_343' title='bbox 678 3887 950 3955; x_wconf 61' lang='lat' dir='ltr'><strong>praedictis</strong></span> <span class='ocrx_word' id='word_1_344' title='bbox 976 3885 1112 3941; x_wconf 89' lang='lat' dir='ltr'><strong>locis</strong></span> <span class='ocrx_word' id='word_1_345' title='bbox 1136 3887 1386 3956; x_wconf 73' lang='lat' dir='ltr'><strong>przesenti</strong></span> <span class='ocrx_word' id='word_1_346' title='bbox 1417 3895 1655 3957; x_wconf 89' lang='lat' dir='ltr'><strong>tempore</strong></span> <span class='ocrx_word' id='word_1_347' title='bbox 1681 3889 1812 3959; x_wconf 84' lang='lat' dir='ltr'><strong>legi-</strong></span> 
     </span>
    </p>
   </div>
   <div class='ocr_carea' id='block_1_55' title="bbox 235 3975 1811 4046">
    <p class='ocr_par' dir='ltr' id='par_1_55' title="bbox 235 3975 1811 4046">
     <span class='ocr_line' id='line_1_55' title="bbox 235 3975 1811 4046; baseline 0.003 -16"><span class='ocrx_word' id='word_1_348' title='bbox 235 3975 370 4030; x_wconf 89' lang='lat' dir='ltr'><strong>time</strong></span> <span class='ocrx_word' id='word_1_349' title='bbox 398 3976 596 4030; x_wconf 89' lang='lat' dir='ltr'><strong>habere</strong></span> <span class='ocrx_word' id='word_1_350' title='bbox 625 3985 678 4029; x_wconf 90' lang='lat' dir='ltr'><strong>et</strong></span> <span class='ocrx_word' id='word_1_351' title='bbox 707 3977 984 4046; x_wconf 90' lang='lat' dir='ltr'><strong>possidere</strong></span> <span class='ocrx_word' id='word_1_352' title='bbox 1013 3977 1367 4046; x_wconf 86' lang='lat' dir='ltr'><strong>dignoscitur.</strong></span> <span class='ocrx_word' id='word_1_353' title='bbox 1412 3979 1564 4034; x_wconf 89' lang='lat' dir='ltr'><strong>Unde</strong></span> <span class='ocrx_word' id='word_1_354' title='bbox 1593 3988 1648 4034; x_wconf 88' lang='lat' dir='ltr'><strong>et</strong></span> <span class='ocrx_word' id='word_1_355' title='bbox 1677 3981 1811 4036; x_wconf 87' lang='lat' dir='ltr'><strong>duas</strong></span> 
     </span>
    </p>
   </div>
   <div class='ocr_carea' id='block_1_56' title="bbox 230 4065 1812 4140">
    <p class='ocr_par' dir='ltr' id='par_1_56' title="bbox 230 4065 1812 4140">
     <span class='ocr_line' id='line_1_56' title="bbox 230 4065 1812 4140; baseline 0.004 -22"><span class='ocrx_word' id='word_1_356' title='bbox 230 4065 685 4118; x_wconf 89' lang='lat' dir='ltr'><strong>commutationes</strong></span> <span class='ocrx_word' id='word_1_357' title='bbox 712 4065 827 4134; x_wconf 90' lang='lat' dir='ltr'><strong>pari</strong></span> <span class='ocrx_word' id='word_1_358' title='bbox 857 4077 1043 4121; x_wconf 90' lang='lat' dir='ltr'><strong>tenore</strong></span> <span class='ocrx_word' id='word_1_359' title='bbox 1075 4068 1432 4138; x_wconf 90' lang='lat' dir='ltr'><strong>conscriptas,</strong></span> <span class='ocrx_word' id='word_1_360' title='bbox 1460 4071 1812 4140; x_wconf 82' lang='lat' dir='ltr'><strong>manibusque</strong></span> 
     </span>
    </p>
   </div>
   <div class='ocr_carea' id='block_1_57' title="bbox 229 4156 1810 4229">
    <p class='ocr_par' dir='ltr' id='par_1_57' title="bbox 229 4156 1810 4229">
     <span class='ocr_line' id='line_1_57' title="bbox 229 4156 1810 4229; baseline 0.003 -18"><span class='ocrx_word' id='word_1_361' title='bbox 229 4156 497 4211; x_wconf 88' lang='lat' dir='ltr'><strong>bonorum</strong></span> <span class='ocrx_word' id='word_1_362' title='bbox 524 4157 798 4211; x_wconf 91' lang='lat' dir='ltr'><strong>hominum</strong></span> <span class='ocrx_word' id='word_1_363' title='bbox 824 4171 935 4226; x_wconf 74' lang='lat' dir='ltr'><strong>pne</strong></span> <span class='ocrx_word' id='word_1_364' title='bbox 960 4158 1208 4212; x_wconf 90' lang='lat' dir='ltr'><strong>manibus</strong></span> <span class='ocrx_word' id='word_1_365' title='bbox 1229 4173 1286 4214; x_wconf 88' lang='lat' dir='ltr'><strong>se</strong></span> <span class='ocrx_word' id='word_1_366' title='bbox 1309 4159 1513 4214; x_wconf 87' lang='lat' dir='ltr'><strong>habere</strong></span> <span class='ocrx_word' id='word_1_367' title='bbox 1533 4159 1810 4229; x_wconf 89' lang='lat' dir='ltr'><strong>professus</strong></span> 
     </span>
    </p>
   </div>
   <div class='ocr_carea' id='block_1_58' title="bbox 229 4245 1810 4315">
    <p class='ocr_par' dir='ltr' id='par_1_58' title="bbox 229 4245 1810 4315">
     <span class='ocr_line' id='line_1_58' title="bbox 229 4245 1810 4315; baseline 0.001 -15"><span class='ocrx_word' id='word_1_368' title='bbox 229 4253 337 4309; x_wconf 88' lang='lat' dir='ltr'><strong>est,</strong></span> <span class='ocrx_word' id='word_1_369' title='bbox 363 4245 454 4299; x_wconf 89' lang='lat' dir='ltr'><strong>sed</strong></span> <span class='ocrx_word' id='word_1_370' title='bbox 485 4259 581 4314; x_wconf 91' lang='lat' dir='ltr'><strong>pro</strong></span> <span class='ocrx_word' id='word_1_371' title='bbox 612 4245 818 4314; x_wconf 86' lang='lat' dir='ltr'><strong>integra</strong></span> <span class='ocrx_word' id='word_1_372' title='bbox 851 4245 1106 4299; x_wconf 90' lang='lat' dir='ltr'><strong>ﬁrmitate</strong></span> <span class='ocrx_word' id='word_1_373' title='bbox 1135 4247 1289 4315; x_wconf 89' lang='lat' dir='ltr'><strong>petiit</strong></span> <span class='ocrx_word' id='word_1_374' title='bbox 1313 4246 1686 4301; x_wconf 88' lang='lat' dir='ltr'><strong>celsitudinem</strong></span> <span class='ocrx_word' id='word_1_375' title='bbox 1715 4263 1810 4302; x_wconf 83' lang='lat' dir='ltr'><strong>no-</strong></span> 
     </span>
    </p>
   </div>
   <div class='ocr_carea' id='block_1_59' title="bbox 230 4335 1807 4406">
    <p class='ocr_par' dir='ltr' id='par_1_59' title="bbox 230 4335 1807 4406">
     <span class='ocr_line' id='line_1_59' title="bbox 230 4335 1807 4406; baseline 0.003 -17"><span class='ocrx_word' id='word_1_376' title='bbox 230 4343 435 4400; x_wconf 89' lang='lat' dir='ltr'><strong>stram,</strong></span> <span class='ocrx_word' id='word_1_377' title='bbox 479 4342 538 4388; x_wconf 90' lang='lat' dir='ltr'><strong>ut</strong></span> <span class='ocrx_word' id='word_1_378' title='bbox 573 4336 717 4404; x_wconf 89' lang='lat' dir='ltr'><strong>ipsas</strong></span> <span class='ocrx_word' id='word_1_379' title='bbox 748 4335 1198 4389; x_wconf 87' lang='lat' dir='ltr'><strong>commutationes</strong></span> <span class='ocrx_word' id='word_1_380' title='bbox 1234 4335 1408 4389; x_wconf 89' lang='lat' dir='ltr'><strong>denuo</strong></span> <span class='ocrx_word' id='word_1_381' title='bbox 1439 4352 1536 4406; x_wconf 87' lang='lat' dir='ltr'><strong>per</strong></span> <span class='ocrx_word' id='word_1_382' title='bbox 1565 4347 1807 4393; x_wconf 91' lang='lat' dir='ltr'><strong>nostrum</strong></span> 
     </span>
    </p>
   </div>
   <div class='ocr_carea' id='block_1_60' title="bbox 232 4423 1803 4494">
    <p class='ocr_par' dir='ltr' id='par_1_60' title="bbox 232 4423 1803 4494">
     <span class='ocr_line' id='line_1_60' title="bbox 232 4423 1803 4494; baseline 0 -15"><span class='ocrx_word' id='word_1_383' title='bbox 232 4425 664 4479; x_wconf 89' lang='lat' dir='ltr'><strong>mansuetudinis</strong></span> <span class='ocrx_word' id='word_1_384' title='bbox 714 4433 1040 4494; x_wconf 68' lang='lat' dir='ltr'><strong>praeceptum</strong></span> <span class='ocrx_word' id='word_1_385' title='bbox 1091 4423 1415 4480; x_wconf 89' lang='lat' dir='ltr'><strong>conﬁrmare</strong></span> <span class='ocrx_word' id='word_1_386' title='bbox 1467 4426 1803 4481; x_wconf 87' lang='lat' dir='ltr'><strong>deberemus.</strong></span> 
     </span>
    </p>
   </div>
   <div class='ocr_carea' id='block_1_61' title="bbox 229 4513 1884 4606">
    <p class='ocr_par' dir='ltr' id='par_1_61' title="bbox 229 4513 1884 4606">
     <span class='ocr_line' id='line_1_61' title="bbox 229 4513 1884 4606; baseline 0.003 -40"><span class='ocrx_word' id='word_1_387' title='bbox 229 4516 471 4581; x_wconf 83' lang='lat' dir='ltr'><strong>Quorum</strong></span> <span class='ocrx_word' id='word_1_388' title='bbox 502 4513 855 4583; x_wconf 85' lang='lat' dir='ltr'><strong>petitionibus</strong></span> <span class='ocrx_word' id='word_1_389' title='bbox 884 4515 1150 4585; x_wconf 81' lang='lat' dir='ltr'><strong>denegare</strong></span> <span class='ocrx_word' id='word_1_390' title='bbox 1179 4515 1451 4570; x_wconf 89' lang='lat' dir='ltr'><strong>noluimus</strong></span> <span class='ocrx_word' id='word_1_391' title='bbox 1486 4531 1766 4571; x_wconf 84' lang='lat' dir='ltr'><strong>assensum</strong></span> <span class='ocrx_word' id='word_1_392' title='bbox 1787 4556 1803 4581; x_wconf 92' lang='lat'><strong>,</strong></span> <span class='ocrx_word' id='word_1_393' title='bbox 1831 4547 1884 4606; x_wconf 71' lang='grc' dir='ltr'><strong>Β</strong></span> 
     </span>
    </p>
   </div>
   <div class='ocr_carea' id='block_1_62' title="bbox 228 4604 1804 4676">
    <p class='ocr_par' dir='ltr' id='par_1_62' title="bbox 228 4604 1804 4676">
     <span class='ocr_line' id='line_1_62' title="bbox 228 4604 1804 4676; baseline -0.001 -14"><span class='ocrx_word' id='word_1_394' title='bbox 228 4607 327 4662; x_wconf 88' lang='lat' dir='ltr'><strong>sed</strong></span> <span class='ocrx_word' id='word_1_395' title='bbox 353 4606 492 4660; x_wconf 88' lang='lat' dir='ltr'><strong>sicut</strong></span> <span class='ocrx_word' id='word_1_396' title='bbox 519 4605 808 4674; x_wconf 88' lang='lat' dir='ltr'><strong>unicuique</strong></span> <span class='ocrx_word' id='word_1_397' title='bbox 833 4604 1071 4659; x_wconf 89' lang='lat' dir='ltr'><strong>ﬁdelium</strong></span> <span class='ocrx_word' id='word_1_398' title='bbox 1101 4615 1409 4660; x_wconf 89' lang='lat' dir='ltr'><strong>nostrorum</strong></span> <span class='ocrx_word' id='word_1_399' title='bbox 1442 4605 1587 4674; x_wconf 90' lang='lat' dir='ltr'><strong>juste</strong></span> <span class='ocrx_word' id='word_1_400' title='bbox 1614 4615 1804 4676; x_wconf 90' lang='lat' dir='ltr'><strong>peten-</strong></span> 
     </span>
    </p>
   </div>
   <div class='ocr_carea' id='block_1_63' title="bbox 230 4693 1807 4763">
    <p class='ocr_par' dir='ltr' id='par_1_63' title="bbox 230 4693 1807 4763">
     <span class='ocr_line' id='line_1_63' title="bbox 230 4693 1807 4763; baseline 0.001 -12"><span class='ocrx_word' id='word_1_401' title='bbox 230 4697 389 4759; x_wconf 88' lang='lat' dir='ltr'><strong>tium,</strong></span> <span class='ocrx_word' id='word_1_402' title='bbox 419 4696 490 4748; x_wconf 90' lang='lat' dir='ltr'><strong>ita</strong></span> <span class='ocrx_word' id='word_1_403' title='bbox 521 4709 619 4748; x_wconf 91' lang='lat' dir='ltr'><strong>nos</strong></span> <span class='ocrx_word' id='word_1_404' title='bbox 646 4693 752 4748; x_wconf 89' lang='lat' dir='ltr'><strong>illis</strong></span> <span class='ocrx_word' id='word_1_405' title='bbox 779 4694 1118 4748; x_wconf 89' lang='lat' dir='ltr'><strong>concessisse</strong></span> <span class='ocrx_word' id='word_1_406' title='bbox 1147 4703 1308 4763; x_wconf 90' lang='lat' dir='ltr'><strong>atque</strong></span> <span class='ocrx_word' id='word_1_407' title='bbox 1336 4695 1686 4751; x_wconf 87' lang='lat' dir='ltr'><strong>conﬁrmasse</strong></span> <span class='ocrx_word' id='word_1_408' title='bbox 1716 4713 1807 4752; x_wconf 87' lang='lat' dir='ltr'><strong>co-</strong></span> 
     </span>
    </p>
   </div>
   <div class='ocr_carea' id='block_1_64' title="bbox 227 4782 1806 4863">
    <p class='ocr_par' dir='ltr' id='par_1_64' title="bbox 227 4782 1806 4863">
     <span class='ocr_line' id='line_1_64' title="bbox 227 4782 1806 4863; baseline 0.002 -25"><span class='ocrx_word' id='word_1_409' title='bbox 227 4785 494 4863; x_wconf 79' lang='lat' dir='ltr'><strong>gnoscite.</strong></span> <span class='ocrx_word' id='word_1_410' title='bbox 545 4783 930 4853; x_wconf 75' lang='lat' dir='ltr'><strong>Prmcipientes</strong></span> <span class='ocrx_word' id='word_1_411' title='bbox 964 4799 1092 4854; x_wconf 88' lang='lat' dir='ltr'><strong>ergo</strong></span> <span class='ocrx_word' id='word_1_412' title='bbox 1123 4782 1405 4852; x_wconf 89' lang='lat' dir='ltr'><strong>jubemus,</strong></span> <span class='ocrx_word' id='word_1_413' title='bbox 1448 4793 1508 4838; x_wconf 87' lang='lat' dir='ltr'><strong>ut</strong></span> <span class='ocrx_word' id='word_1_414' title='bbox 1546 4786 1806 4855; x_wconf 88' lang='lat' dir='ltr'><strong>quidquid</strong></span> 
     </span>
    </p>
   </div>
   <div class='ocr_carea' id='block_1_65' title="bbox 230 4875 1802 4947">
    <p class='ocr_par' dir='ltr' id='par_1_65' title="bbox 230 4875 1802 4947">
     <span class='ocr_line' id='line_1_65' title="bbox 230 4875 1802 4947; baseline 0.002 -18"><span class='ocrx_word' id='word_1_415' title='bbox 230 4891 359 4947; x_wconf 88' lang='lat' dir='ltr'><strong>pars</strong></span> <span class='ocrx_word' id='word_1_416' title='bbox 400 4875 544 4944; x_wconf 87' lang='lat' dir='ltr'><strong>juste</strong></span> <span class='ocrx_word' id='word_1_417' title='bbox 589 4882 644 4928; x_wconf 90' lang='lat' dir='ltr'><strong>et</strong></span> <span class='ocrx_word' id='word_1_418' title='bbox 694 4875 1088 4928; x_wconf 87' lang='lat' dir='ltr'><strong>rationabiliter</strong></span> <span class='ocrx_word' id='word_1_419' title='bbox 1135 4875 1292 4931; x_wconf 84' lang='lat' dir='ltr'><strong>alteri</strong></span> <span class='ocrx_word' id='word_1_420' title='bbox 1346 4877 1573 4932; x_wconf 90' lang='lat' dir='ltr'><strong>contulit</strong></span> <span class='ocrx_word' id='word_1_421' title='bbox 1619 4880 1802 4947; x_wconf 89' lang='lat' dir='ltr'><strong>parti,</strong></span> 
     </span>
    </p>
   </div>
   <div class='ocr_carea' id='block_1_66' title="bbox 229 4961 1804 5036">
    <p class='ocr_par' dir='ltr' id='par_1_66' title="bbox 229 4961 1804 5036">
     <span class='ocr_line' id='line_1_66' title="bbox 229 4961 1804 5036; baseline 0.001 -16"><span class='ocrx_word' id='word_1_422' title='bbox 229 4965 484 5033; x_wconf 79' lang='lat' dir='ltr'><strong>deinceps</strong></span> <span class='ocrx_word' id='word_1_423' title='bbox 523 4978 618 5032; x_wconf 89' lang='lat' dir='ltr'><strong>per</strong></span> <span class='ocrx_word' id='word_1_424' title='bbox 656 4961 794 5017; x_wconf 76' lang='lat' dir='ltr'><strong>Italic</strong></span> <span class='ocrx_word' id='word_1_425' title='bbox 833 4972 1075 5018; x_wconf 88' lang='lat' dir='ltr'><strong>nostram</strong></span> <span class='ocrx_word' id='word_1_426' title='bbox 1121 4965 1495 5021; x_wconf 87' lang='lat' dir='ltr'><strong>auctoritatem</strong></span> <span class='ocrx_word' id='word_1_427' title='bbox 1536 4966 1661 5036; x_wconf 87' lang='lat' dir='ltr'><strong>jure</strong></span> <span class='ocrx_word' id='word_1_428' title='bbox 1711 4969 1804 5022; x_wconf 90' lang='lat' dir='ltr'><strong>ﬁr-</strong></span> 
     </span>
    </p>
   </div>
   <div class='ocr_carea' id='block_1_67' title="bbox 228 5056 1799 5130">
    <p class='ocr_par' dir='ltr' id='par_1_67' title="bbox 228 5056 1799 5130">
     <span class='ocr_line' id='line_1_67' title="bbox 228 5056 1799 5130; baseline 0.003 -19"><span class='ocrx_word' id='word_1_429' title='bbox 228 5057 473 5111; x_wconf 86' lang='lat' dir='ltr'><strong>missimo</strong></span> <span class='ocrx_word' id='word_1_430' title='bbox 503 5064 681 5110; x_wconf 87' lang='lat' dir='ltr'><strong>teneat</strong></span> <span class='ocrx_word' id='word_1_431' title='bbox 707 5063 870 5123; x_wconf 88' lang='lat' dir='ltr'><strong>atque</strong></span> <span class='ocrx_word' id='word_1_432' title='bbox 900 5056 1202 5125; x_wconf 86' lang='lat' dir='ltr'><strong>possideat,</strong></span> <span class='ocrx_word' id='word_1_433' title='bbox 1246 5065 1300 5111; x_wconf 89' lang='lat' dir='ltr'><strong>et</strong></span> <span class='ocrx_word' id='word_1_434' title='bbox 1342 5056 1506 5112; x_wconf 83' lang='lat' dir='ltr'><strong>faciat</strong></span> <span class='ocrx_word' id='word_1_435' title='bbox 1541 5060 1799 5130; x_wconf 86' lang='lat' dir='ltr'><strong>quidquid</strong></span> 
     </span>
    </p>
   </div>
   <div class='ocr_carea' id='block_1_68' title="bbox 227 5147 1797 5219">
    <p class='ocr_par' dir='ltr' id='par_1_68' title="bbox 227 5147 1797 5219">
     <span class='ocr_line' id='line_1_68' title="bbox 227 5147 1797 5219; baseline 0.001 -17"><span class='ocrx_word' id='word_1_436' title='bbox 227 5147 478 5202; x_wconf 77' lang='lat' dir='ltr'><strong>voluerit.</strong></span> <span class='ocrx_word' id='word_1_437' title='bbox 528 5147 594 5200; x_wconf 85' lang='lat' dir='ltr'><strong>Et</strong></span> <span class='ocrx_word' id='word_1_438' title='bbox 636 5155 694 5200; x_wconf 92' lang='lat' dir='ltr'><strong>ut</strong></span> <span class='ocrx_word' id='word_1_439' title='bbox 735 5147 850 5201; x_wconf 59' lang='lat' dir='ltr'><strong>haec</strong></span> <span class='ocrx_word' id='word_1_440' title='bbox 891 5148 1186 5202; x_wconf 84' lang='lat' dir='ltr'><strong>auctoritas</strong></span> <span class='ocrx_word' id='word_1_441' title='bbox 1226 5163 1324 5217; x_wconf 85' lang='lat' dir='ltr'><strong>per</strong></span> <span class='ocrx_word' id='word_1_442' title='bbox 1349 5149 1527 5204; x_wconf 88' lang='lat' dir='ltr'><strong>futura</strong></span> <span class='ocrx_word' id='word_1_443' title='bbox 1560 5159 1797 5219; x_wconf 89' lang='lat' dir='ltr'><strong>tempora</strong></span> 
     </span>
    </p>
   </div>
   <div class='ocr_carea' id='block_1_69' title="bbox 226 5237 1800 5302">
    <p class='ocr_par' dir='ltr' id='par_1_69' title="bbox 226 5237 1800 5302">
     <span class='ocr_line' id='line_1_69' title="bbox 226 5237 1800 5302; baseline 0 -8"><span class='ocrx_word' id='word_1_444' title='bbox 226 5237 590 5294; x_wconf 85' lang='lat' dir='ltr'><strong>inviolabilem</strong></span> <span class='ocrx_word' id='word_1_445' title='bbox 617 5238 858 5292; x_wconf 87' lang='lat' dir='ltr'><strong>obtineat</strong></span> <span class='ocrx_word' id='word_1_446' title='bbox 887 5237 1214 5302; x_wconf 83' lang='lat' dir='ltr'><strong>firmitatem,</strong></span> <span class='ocrx_word' id='word_1_447' title='bbox 1238 5247 1291 5292; x_wconf 90' lang='lat' dir='ltr'><strong>et</strong></span> <span class='ocrx_word' id='word_1_448' title='bbox 1321 5241 1386 5292; x_wconf 88' lang='lat' dir='ltr'><strong>ab</strong></span> <span class='ocrx_word' id='word_1_449' title='bbox 1415 5240 1663 5294; x_wconf 85' lang='lat' dir='ltr'><strong>omnibus</strong></span> <span class='ocrx_word' id='word_1_450' title='bbox 1689 5256 1800 5294; x_wconf 88' lang='lat' dir='ltr'><strong>me-</strong></span> 
     </span>
    </p>
   </div>
   <div class='ocr_carea' id='block_1_70' title="bbox 224 5328 1800 5395">
    <p class='ocr_par' dir='ltr' id='par_1_70' title="bbox 224 5328 1800 5395">
     <span class='ocr_line' id='line_1_70' title="bbox 224 5328 1800 5395; baseline 0.002 -13"><span class='ocrx_word' id='word_1_451' title='bbox 224 5329 330 5383; x_wconf 87' lang='lat' dir='ltr'><strong>lius</strong></span> <span class='ocrx_word' id='word_1_452' title='bbox 367 5328 616 5382; x_wconf 86' lang='lat' dir='ltr'><strong>credatur</strong></span> <span class='ocrx_word' id='word_1_453' title='bbox 645 5335 808 5395; x_wconf 88' lang='lat' dir='ltr'><strong>atque</strong></span> <span class='ocrx_word' id='word_1_454' title='bbox 846 5336 1217 5393; x_wconf 87' lang='lat' dir='ltr'><strong>conservetur,</strong></span> <span class='ocrx_word' id='word_1_455' title='bbox 1264 5330 1446 5383; x_wconf 88' lang='lat' dir='ltr'><strong>annuli</strong></span> <span class='ocrx_word' id='word_1_456' title='bbox 1487 5331 1659 5384; x_wconf 86' lang='lat' dir='ltr'><strong>nostri</strong></span> <span class='ocrx_word' id='word_1_457' title='bbox 1698 5331 1800 5385; x_wconf 89' lang='lat' dir='ltr'><strong>im-</strong></span> 
     </span>
    </p>
   </div>
   <div class='ocr_carea' id='block_1_71' title="bbox 229 5414 1059 5490">
    <p class='ocr_par' dir='ltr' id='par_1_71' title="bbox 229 5414 1059 5490">
     <span class='ocr_line' id='line_1_71' title="bbox 229 5414 1059 5490; baseline -0.001 -18"><span class='ocrx_word' id='word_1_458' title='bbox 229 5419 507 5490; x_wconf 90' lang='lat' dir='ltr'><strong>pressione</strong></span> <span class='ocrx_word' id='word_1_459' title='bbox 546 5417 746 5486; x_wconf 86' lang='lat' dir='ltr'><strong>signari</strong></span> <span class='ocrx_word' id='word_1_460' title='bbox 779 5414 1059 5483; x_wconf 86' lang='lat' dir='ltr'><strong>jussimus.</strong></span> 
     </span>
    </p>
   </div>
   <div class='ocr_carea' id='block_1_72' title="bbox 302 5526 1797 5600">
    <p class='ocr_par' dir='ltr' id='par_1_72' title="bbox 302 5526 1797 5600">
     <span class='ocr_line' id='line_1_72' title="bbox 302 5526 1797 5600; baseline 0.002 -19"><span class='ocrx_word' id='word_1_461' title='bbox 302 5526 594 5582; x_wconf 86' lang='lat' dir='ltr'><strong>Durandus</strong></span> <span class='ocrx_word' id='word_1_462' title='bbox 615 5527 872 5582; x_wconf 83' lang='lat' dir='ltr'><strong>diaconus</strong></span> <span class='ocrx_word' id='word_1_463' title='bbox 903 5527 973 5581; x_wconf 88' lang='lat' dir='ltr'><strong>ad</strong></span> <span class='ocrx_word' id='word_1_464' title='bbox 998 5527 1170 5582; x_wconf 89' lang='lat' dir='ltr'><strong>vicem</strong></span> <span class='ocrx_word' id='word_1_465' title='bbox 1200 5527 1461 5599; x_wconf 79' lang='lat' dir='ltr'><strong>Fridegisi</strong></span> <span class='ocrx_word' id='word_1_466' title='bbox 1491 5531 1797 5600; x_wconf 86' lang='lat' dir='ltr'><strong>recognovi.</strong></span> 
     </span>
    </p>
   </div>
   <div class='ocr_carea' id='block_1_73' title="bbox 303 5635 1799 5707">
    <p class='ocr_par' dir='ltr' id='par_1_73' title="bbox 303 5635 1799 5707">
     <span class='ocr_line' id='line_1_73' title="bbox 303 5635 1799 5707; baseline 0.001 -16"><span class='ocrx_word' id='word_1_467' title='bbox 303 5637 437 5691; x_wconf 89' lang='lat' dir='ltr'><strong>Data</strong></span> <span class='ocrx_word' id='word_1_468' title='bbox 469 5637 588 5691; x_wconf 90' lang='lat' dir='ltr'><strong>ldus</strong></span> <span class='ocrx_word' id='word_1_469' title='bbox 613 5636 886 5700; x_wconf 82' lang='lat' dir='ltr'><strong>Octobris,</strong></span> <span class='ocrx_word' id='word_1_470' title='bbox 918 5651 1059 5690; x_wconf 89' lang='lat' dir='ltr'><strong>anno</strong></span> <span class='ocrx_word' id='word_1_471' title='bbox 1085 5635 1301 5692; x_wconf 85' lang='lat' dir='ltr'><strong>Christo</strong></span> <span class='ocrx_word' id='word_1_472' title='bbox 1343 5638 1576 5707; x_wconf 84' lang='lat' dir='ltr'><strong>prepitio</strong></span> <span class='ocrx_word' id='word_1_473' title='bbox 1607 5637 1669 5691; x_wconf 90' lang='lat' dir='ltr'><strong>l0</strong></span> <span class='ocrx_word' id='word_1_474' title='bbox 1700 5639 1799 5692; x_wconf 92' lang='lat' dir='ltr'><strong>im-</strong></span> 
     </span>
    </p>
   </div>
   <div class='ocr_carea' id='block_1_74' title="bbox 227 5725 1796 5800">
    <p class='ocr_par' dir='ltr' id='par_1_74' title="bbox 227 5725 1796 5800">
     <span class='ocr_line' id='line_1_74' title="bbox 227 5725 1796 5800; baseline 0.004 -22"><span class='ocrx_word' id='word_1_475' title='bbox 227 5729 362 5798; x_wconf 66' lang='grc' dir='ltr'><strong>μυί-ἥ</strong></span> <span class='ocrx_word' id='word_1_476' title='bbox 403 5727 583 5782; x_wconf 88' lang='lat' dir='ltr'><strong>domui</strong></span> <span class='ocrx_word' id='word_1_477' title='bbox 625 5725 878 5782; x_wconf 85' lang='lat' dir='ltr'><strong>Ludovici</strong></span> <span class='ocrx_word' id='word_1_478' title='bbox 925 5726 1153 5796; x_wconf 87' lang='lat' dir='ltr'><strong>piissimi</strong></span> <span class='ocrx_word' id='word_1_479' title='bbox 1198 5727 1460 5800; x_wconf 81' lang='lat' dir='ltr'><strong>Augusti,</strong></span> <span class='ocrx_word' id='word_1_480' title='bbox 1505 5729 1796 5784; x_wconf 87' lang='lat' dir='ltr'><strong>indictione</strong></span> 
     </span>
    </p>
   </div>
   <div class='ocr_carea' id='block_1_75' title="bbox 1928 1955 3505 2036">
    <p class='ocr_par' dir='ltr' id='par_1_75' title="bbox 1928 1955 3505 2036">
     <span class='ocr_line' id='line_1_75' title="bbox 1928 1955 3505 2036; baseline 0.02 -32"><span class='ocrx_word' id='word_1_481' title='bbox 1928 1967 2067 2018; x_wconf 90' lang='lat' dir='ltr'><strong>rum,</strong></span> <span class='ocrx_word' id='word_1_482' title='bbox 2097 1955 2380 2021; x_wconf 89' lang='lat' dir='ltr'><strong>industria,</strong></span> <span class='ocrx_word' id='word_1_483' title='bbox 2413 1963 2537 2030; x_wconf 91' lang='lat' dir='ltr'><strong>quia</strong></span> <span class='ocrx_word' id='word_1_484' title='bbox 2567 1964 2650 2016; x_wconf 88' lang='lat' dir='ltr'><strong>vir</strong></span> <span class='ocrx_word' id='word_1_485' title='bbox 2677 1969 3000 2026; x_wconf 82' lang='lat' dir='ltr'><strong>venerabilis</strong></span> <span class='ocrx_word' id='word_1_486' title='bbox 3026 1971 3305 2031; x_wconf 85' lang='lat' dir='ltr'><strong>Hildoinus</strong></span> <span class='ocrx_word' id='word_1_487' title='bbox 3335 1979 3505 2036; x_wconf 88' lang='lat' dir='ltr'><strong>abbas</strong></span> 
     </span>
    </p>
   </div>
   <div class='ocr_carea' id='block_1_76' title="bbox 1927 2045 3505 2130">
    <p class='ocr_par' dir='ltr' id='par_1_76' title="bbox 1927 2045 3505 2130">
     <span class='ocr_line' id='line_1_76' title="bbox 1927 2045 3505 2130; baseline 0.02 -35"><span class='ocrx_word' id='word_1_488' title='bbox 1927 2045 2177 2112; x_wconf 90' lang='lat' dir='ltr'><strong>sacrique</strong></span> <span class='ocrx_word' id='word_1_489' title='bbox 2207 2047 2388 2116; x_wconf 88' lang='lat' dir='ltr'><strong>palatii</strong></span> <span class='ocrx_word' id='word_1_490' title='bbox 2432 2054 2603 2107; x_wconf 87' lang='lat' dir='ltr'><strong>nostri</strong></span> <span class='ocrx_word' id='word_1_491' title='bbox 2650 2070 2892 2113; x_wconf 87' lang='lat' dir='ltr'><strong>summus</strong></span> <span class='ocrx_word' id='word_1_492' title='bbox 2932 2063 3242 2130; x_wconf 61' lang='lat' dir='ltr'><strong>capellanus</strong></span> <span class='ocrx_word' id='word_1_493' title='bbox 3271 2068 3505 2126; x_wconf 89' lang='lat' dir='ltr'><strong>innotuit</strong></span> 
     </span>
    </p>
   </div>
   <div class='ocr_carea' id='block_1_77' title="bbox 1926 2132 3505 2218">
    <p class='ocr_par' dir='ltr' id='par_1_77' title="bbox 1926 2132 3505 2218">
     <span class='ocr_line' id='line_1_77' title="bbox 1926 2132 3505 2218; baseline 0.019 -34"><span class='ocrx_word' id='word_1_494' title='bbox 1926 2132 2232 2188; x_wconf 88' lang='lat' dir='ltr'><strong>celsitudini</strong></span> <span class='ocrx_word' id='word_1_495' title='bbox 2265 2148 2483 2204; x_wconf 71' lang='lat' dir='ltr'><strong>nostrae,</strong></span> <span class='ocrx_word' id='word_1_496' title='bbox 2515 2156 2580 2196; x_wconf 94' lang='lat' dir='ltr'><strong>eo</strong></span> <span class='ocrx_word' id='word_1_497' title='bbox 2610 2145 2750 2211; x_wconf 90' lang='lat' dir='ltr'><strong>quod</strong></span> <span class='ocrx_word' id='word_1_498' title='bbox 2773 2147 3056 2218; x_wconf 89' lang='lat' dir='ltr'><strong>religiosus</strong></span> <span class='ocrx_word' id='word_1_499' title='bbox 3082 2154 3166 2206; x_wconf 92' lang='lat' dir='ltr'><strong>vir</strong></span> <span class='ocrx_word' id='word_1_500' title='bbox 3192 2155 3505 2214; x_wconf 88' lang='lat' dir='ltr'><strong>Tancradus</strong></span> 
     </span>
    </p>
   </div>
   <div class='ocr_carea' id='block_1_78' title="bbox 1925 2223 3505 2314">
    <p class='ocr_par' dir='ltr' id='par_1_78' title="bbox 1925 2223 3505 2314">
     <span class='ocr_line' id='line_1_78' title="bbox 1925 2223 3505 2314; baseline 0.018 -38"><span class='ocrx_word' id='word_1_501' title='bbox 1925 2223 2090 2280; x_wconf 86' lang='lat' dir='ltr'><strong>abbas</strong></span> <span class='ocrx_word' id='word_1_502' title='bbox 2129 2232 2440 2285; x_wconf 88' lang='lat' dir='ltr'><strong>monasterii</strong></span> <span class='ocrx_word' id='word_1_503' title='bbox 2481 2233 2919 2303; x_wconf 85' lang='lat' dir='ltr'><strong>Prumiacensis,</strong></span> <span class='ocrx_word' id='word_1_504' title='bbox 2967 2256 3090 2296; x_wconf 89' lang='lat' dir='ltr'><strong>cum</strong></span> <span class='ocrx_word' id='word_1_505' title='bbox 3132 2247 3362 2314; x_wconf 90' lang='lat' dir='ltr'><strong>quodam</strong></span> <span class='ocrx_word' id='word_1_506' title='bbox 3406 2249 3505 2304; x_wconf 85' lang='lat' dir='ltr'><strong>ho-</strong></span> 
     </span>
    </p>
   </div>
   <div class='ocr_carea' id='block_1_79' title="bbox 1925 2313 3499 2410">
    <p class='ocr_par' dir='ltr' id='par_1_79' title="bbox 1925 2313 3499 2410">
     <span class='ocr_line' id='line_1_79' title="bbox 1925 2313 3499 2410; baseline 0.019 -44"><span class='ocrx_word' id='word_1_507' title='bbox 1925 2313 2070 2369; x_wconf 91' lang='lat' dir='ltr'><strong>mine</strong></span> <span class='ocrx_word' id='word_1_508' title='bbox 2109 2319 2325 2373; x_wconf 89' lang='lat' dir='ltr'><strong>nomine</strong></span> <span class='ocrx_word' id='word_1_509' title='bbox 2363 2320 2698 2390; x_wconf 68' lang='lat' dir='ltr'><strong>Opilfonem,</strong></span> <span class='ocrx_word' id='word_1_510' title='bbox 2743 2327 2810 2383; x_wconf 92' lang='lat' dir='ltr'><strong>de</strong></span> <span class='ocrx_word' id='word_1_511' title='bbox 2850 2313 3171 2398; x_wconf 86' lang='lat' dir='ltr'><strong>quibusdam</strong></span> <span class='ocrx_word' id='word_1_512' title='bbox 3213 2341 3499 2410; x_wconf 87' lang='lat' dir='ltr'><strong>mancipiis</strong></span> 
     </span>
    </p>
   </div>
   <div class='ocr_carea' id='block_1_80' title="bbox 1922 2411 3496 2494">
    <p class='ocr_par' dir='ltr' id='par_1_80' title="bbox 1922 2411 3496 2494">
     <span class='ocr_line' id='line_1_80' title="bbox 1922 2411 3496 2494; baseline 0.017 -34"><span class='ocrx_word' id='word_1_513' title='bbox 1922 2411 2398 2465; x_wconf 86' lang='lat' dir='ltr'><strong>commutationem</strong></span> <span class='ocrx_word' id='word_1_514' title='bbox 2427 2412 2697 2470; x_wconf 88' lang='lat' dir='ltr'><strong>fecissent.</strong></span> <span class='ocrx_word' id='word_1_515' title='bbox 2733 2417 2889 2474; x_wconf 91' lang='lat' dir='ltr'><strong>Dedit</strong></span> <span class='ocrx_word' id='word_1_516' title='bbox 2914 2421 3079 2492; x_wconf 87' lang='lat' dir='ltr'><strong>igitur</strong></span> <span class='ocrx_word' id='word_1_517' title='bbox 3097 2428 3388 2494; x_wconf 68' lang='lat' dir='ltr'><strong>praedictus</strong></span> <span class='ocrx_word' id='word_1_518' title='bbox 3411 2433 3496 2486; x_wconf 87' lang='lat' dir='ltr'><strong>vir</strong></span> 
     </span>
    </p>
   </div>
   <div class='ocr_carea' id='block_1_81' title="bbox 1924 2498 3496 2582">
    <p class='ocr_par' dir='ltr' id='par_1_81' title="bbox 1924 2498 3496 2582">
     <span class='ocr_line' id='line_1_81' title="bbox 1924 2498 3496 2582; baseline 0.019 -34"><span class='ocrx_word' id='word_1_519' title='bbox 1924 2498 2248 2554; x_wconf 83' lang='lat' dir='ltr'><strong>venerabilis</strong></span> <span class='ocrx_word' id='word_1_520' title='bbox 2271 2502 2583 2561; x_wconf 87' lang='lat' dir='ltr'><strong>Tancradus</strong></span> <span class='ocrx_word' id='word_1_521' title='bbox 2612 2521 2679 2561; x_wconf 84' lang='lat' dir='ltr'><strong>ex</strong></span> <span class='ocrx_word' id='word_1_522' title='bbox 2711 2511 2919 2566; x_wconf 89' lang='lat' dir='ltr'><strong>ratione</strong></span> <span class='ocrx_word' id='word_1_523' title='bbox 2943 2515 3156 2582; x_wconf 64' lang='lat' dir='ltr'><strong>praefati</strong></span> <span class='ocrx_word' id='word_1_524' title='bbox 3180 2525 3496 2578; x_wconf 86' lang='lat' dir='ltr'><strong>monasterii</strong></span> 
     </span>
    </p>
   </div>
   <div class='ocr_carea' id='block_1_82' title="bbox 1922 2585 3499 2664">
    <p class='ocr_par' dir='ltr' id='par_1_82' title="bbox 1922 2585 3499 2664">
     <span class='ocr_line' id='line_1_82' title="bbox 1922 2585 3499 2664; baseline 0.016 -24"><span class='ocrx_word' id='word_1_525' title='bbox 1922 2585 2003 2640; x_wconf 88' lang='lat' dir='ltr'><strong>sui</strong></span> <span class='ocrx_word' id='word_1_526' title='bbox 2043 2585 2476 2656; x_wconf 85' lang='lat' dir='ltr'><strong>Prumiacensis,</strong></span> <span class='ocrx_word' id='word_1_527' title='bbox 2522 2597 2664 2664; x_wconf 88' lang='lat' dir='ltr'><strong>quod</strong></span> <span class='ocrx_word' id='word_1_528' title='bbox 2700 2606 2783 2653; x_wconf 89' lang='lat' dir='ltr'><strong>est</strong></span> <span class='ocrx_word' id='word_1_529' title='bbox 2809 2610 3180 2659; x_wconf 86' lang='lat' dir='ltr'><strong>constructum</strong></span> <span class='ocrx_word' id='word_1_530' title='bbox 3215 2607 3271 2662; x_wconf 92' lang='lat' dir='ltr'><strong>in</strong></span> <span class='ocrx_word' id='word_1_531' title='bbox 3295 2610 3499 2664; x_wconf 89' lang='lat' dir='ltr'><strong>honore</strong></span> 
     </span>
    </p>
   </div>
   <div class='ocr_carea' id='block_1_83' title="bbox 1920 2671 3498 2758">
    <p class='ocr_par' dir='ltr' id='par_1_83' title="bbox 1920 2671 3498 2758">
     <span class='ocr_line' id='line_1_83' title="bbox 1920 2671 3498 2758; baseline 0.018 -34"><span class='ocrx_word' id='word_1_532' title='bbox 1920 2671 2131 2727; x_wconf 88' lang='lat' dir='ltr'><strong>Domini</strong></span> <span class='ocrx_word' id='word_1_533' title='bbox 2173 2685 2227 2729; x_wconf 88' lang='lat' dir='ltr'><strong>et</strong></span> <span class='ocrx_word' id='word_1_534' title='bbox 2269 2676 2567 2736; x_wconf 82' lang='lat' dir='ltr'><strong>Salvatoris</strong></span> <span class='ocrx_word' id='word_1_535' title='bbox 2611 2686 2782 2740; x_wconf 90' lang='lat' dir='ltr'><strong>nostri</strong></span> <span class='ocrx_word' id='word_1_536' title='bbox 2821 2685 2948 2743; x_wconf 88' lang='lat' dir='ltr'><strong>Jesu</strong></span> <span class='ocrx_word' id='word_1_537' title='bbox 2977 2689 3217 2758; x_wconf 88' lang='lat' dir='ltr'><strong>Christi,</strong></span> <span class='ocrx_word' id='word_1_538' title='bbox 3267 2710 3498 2752; x_wconf 62' lang='lat' dir='ltr'><strong>cruscu-</strong></span> 
     </span>
    </p>
   </div>
   <div class='ocr_carea' id='block_1_84' title="bbox 1921 2762 3495 2852">
    <p class='ocr_par' dir='ltr' id='par_1_84' title="bbox 1921 2762 3495 2852">
     <span class='ocr_line' id='line_1_84' title="bbox 1921 2762 3495 2852; baseline 0.019 -38"><span class='ocrx_word' id='word_1_539' title='bbox 1921 2762 2092 2817; x_wconf 76' lang='lat' dir='ltr'><strong>tiente</strong></span> <span class='ocrx_word' id='word_1_540' title='bbox 2140 2763 2379 2835; x_wconf 74' lang='lat' dir='ltr'><strong>ejusdem</strong></span> <span class='ocrx_word' id='word_1_541' title='bbox 2427 2776 2845 2845; x_wconf 86' lang='lat' dir='ltr'><strong>congregatione</strong></span> <span class='ocrx_word' id='word_1_542' title='bbox 2888 2780 3100 2849; x_wconf 76' lang='lat' dir='ltr'><strong>praefati</strong></span> <span class='ocrx_word' id='word_1_543' title='bbox 3144 2790 3495 2852; x_wconf 81' lang='lat' dir='ltr'><strong>monasterii,</strong></span> 
     </span>
    </p>
   </div>
   <div class='ocr_carea' id='block_1_85' title="bbox 1917 2854 3494 2943">
    <p class='ocr_par' dir='ltr' id='par_1_85' title="bbox 1917 2854 3494 2943">
     <span class='ocr_line' id='line_1_85' title="bbox 1917 2854 3494 2943; baseline 0.019 -40"><span class='ocrx_word' id='word_1_544' title='bbox 1917 2854 2177 2943; x_wconf 69' lang='lat' dir='ltr'><strong>pmdicto</strong></span> <span class='ocrx_word' id='word_1_545' title='bbox 2215 2856 2422 2924; x_wconf 82' lang='lat' dir='ltr'><strong>Opiloni</strong></span> <span class='ocrx_word' id='word_1_546' title='bbox 2469 2864 2738 2932; x_wconf 86' lang='lat' dir='ltr'><strong>mancipia</strong></span> <span class='ocrx_word' id='word_1_547' title='bbox 2780 2877 2986 2936; x_wconf 90' lang='lat' dir='ltr'><strong>septem</strong></span> <span class='ocrx_word' id='word_1_548' title='bbox 3028 2872 3114 2926; x_wconf 88' lang='lat' dir='ltr'><strong>his</strong></span> <span class='ocrx_word' id='word_1_549' title='bbox 3157 2875 3494 2943; x_wconf 86' lang='lat' dir='ltr'><strong>nominibus,</strong></span> 
     </span>
    </p>
   </div>
   <div class='ocr_carea' id='block_1_86' title="bbox 1920 2942 3498 3033">
    <p class='ocr_par' dir='ltr' id='par_1_86' title="bbox 1920 2942 3498 3033">
     <span class='ocr_line' id='line_1_86' title="bbox 1920 2942 3498 3033; baseline 0.018 -39"><span class='ocrx_word' id='word_1_550' title='bbox 1920 2942 2328 3033; x_wconf 72' lang='lat' dir='ltr'><strong>&#39;fheotbarium,</strong></span> <span class='ocrx_word' id='word_1_551' title='bbox 2359 2948 2718 3019; x_wconf 88' lang='lat' dir='ltr'><strong>Grimoldum,</strong></span> <span class='ocrx_word' id='word_1_552' title='bbox 2743 2955 3171 3033; x_wconf 64' lang='lat' dir='ltr'><strong>Theotgaudum,</strong></span> <span class='ocrx_word' id='word_1_553' title='bbox 3198 2963 3498 3022; x_wconf 85' lang='lat' dir='ltr'><strong>Werintru-</strong></span> 
     </span>
    </p>
   </div>
   <div class='ocr_carea' id='block_1_87' title="bbox 1917 3031 3492 3111">
    <p class='ocr_par' dir='ltr' id='par_1_87' title="bbox 1917 3031 3492 3111">
     <span class='ocr_line' id='line_1_87' title="bbox 1917 3031 3492 3111; baseline 0.017 -27"><span class='ocrx_word' id='word_1_554' title='bbox 1917 3031 2046 3096; x_wconf 90' lang='lat' dir='ltr'><strong>dim,</strong></span> <span class='ocrx_word' id='word_1_555' title='bbox 2079 3031 2303 3100; x_wconf 87' lang='lat' dir='ltr'><strong>Gozam,</strong></span> <span class='ocrx_word' id='word_1_556' title='bbox 2338 3036 2682 3107; x_wconf 82' lang='lat' dir='ltr'><strong>llunlindam,</strong></span> <span class='ocrx_word' id='word_1_557' title='bbox 2716 3031 3056 3102; x_wconf 78' lang='lat' dir='ltr'><strong>Bertrudam.</strong></span> <span class='ocrx_word' id='word_1_558' title='bbox 3093 3051 3161 3104; x_wconf 86' lang='lat' dir='ltr'><strong>Et</strong></span> <span class='ocrx_word' id='word_1_559' title='bbox 3186 3063 3408 3109; x_wconf 89' lang='lat' dir='ltr'><strong>econtra</strong></span> <span class='ocrx_word' id='word_1_560' title='bbox 3440 3058 3492 3111; x_wconf 91' lang='lat' dir='ltr'><strong>in</strong></span> 
     </span>
    </p>
   </div>
   <div class='ocr_carea' id='block_1_88' title="bbox 1917 3125 3496 3210">
    <p class='ocr_par' dir='ltr' id='par_1_88' title="bbox 1917 3125 3496 3210">
     <span class='ocr_line' id='line_1_88' title="bbox 1917 3125 3496 3210; baseline 0.016 -36"><span class='ocrx_word' id='word_1_561' title='bbox 1917 3125 2350 3205; x_wconf 81' lang='lat' dir='ltr'><strong>compensatione</strong></span> <span class='ocrx_word' id='word_1_562' title='bbox 2383 3129 2574 3184; x_wconf 89' lang='lat' dir='ltr'><strong>horum</strong></span> <span class='ocrx_word' id='word_1_563' title='bbox 2607 3133 2998 3202; x_wconf 88' lang='lat' dir='ltr'><strong>mancipiorum</strong></span> <span class='ocrx_word' id='word_1_564' title='bbox 3031 3138 3179 3194; x_wconf 91' lang='lat' dir='ltr'><strong>dedit</strong></span> <span class='ocrx_word' id='word_1_565' title='bbox 3205 3143 3496 3210; x_wconf 68' lang='lat' dir='ltr'><strong>prtedictus</strong></span> 
     </span>
    </p>
   </div>
   <div class='ocr_carea' id='block_1_89' title="bbox 1840 3201 3496 3288">
    <p class='ocr_par' dir='ltr' id='par_1_89' title="bbox 1840 3201 3496 3288">
     <span class='ocr_line' id='line_1_89' title="bbox 1840 3201 3496 3288; baseline 0.014 -26"><span class='ocrx_word' id='word_1_566' title='bbox 1840 3221 1883 3282; x_wconf 70' lang='grc' dir='ltr'><strong>ρ</strong></span> <span class='ocrx_word' id='word_1_567' title='bbox 1915 3210 2069 3280; x_wconf 90' lang='lat' dir='ltr'><strong>Opilo</strong></span> <span class='ocrx_word' id='word_1_568' title='bbox 2101 3227 2167 3267; x_wconf 83' lang='lat' dir='ltr'><strong>ex</strong></span> <span class='ocrx_word' id='word_1_569' title='bbox 2210 3201 2308 3269; x_wconf 83' lang='lat' dir='ltr'><strong>suo</strong></span> <span class='ocrx_word' id='word_1_570' title='bbox 2341 3218 2564 3286; x_wconf 90' lang='lat' dir='ltr'><strong>proprio</strong></span> <span class='ocrx_word' id='word_1_571' title='bbox 2607 3221 2676 3275; x_wconf 89' lang='lat' dir='ltr'><strong>ad</strong></span> <span class='ocrx_word' id='word_1_572' title='bbox 2715 3201 2830 3288; x_wconf 86' lang='lat' dir='ltr'><strong>jam</strong></span> <span class='ocrx_word' id='word_1_573' title='bbox 2862 3224 3063 3280; x_wconf 89' lang='lat' dir='ltr'><strong>dictum</strong></span> <span class='ocrx_word' id='word_1_574' title='bbox 3107 3201 3496 3286; x_wconf 77' lang='lat' dir='ltr'><strong>monasterium</strong></span> 
     </span>
    </p>
   </div>
   <div class='ocr_carea' id='block_1_90' title="bbox 1918 3301 3526 3392">
    <p class='ocr_par' dir='ltr' id='par_1_90' title="bbox 1918 3301 3526 3392">
     <span class='ocr_line' id='line_1_90' title="bbox 1918 3301 3526 3392; baseline 0.016 -38"><span class='ocrx_word' id='word_1_575' title='bbox 1918 3301 2181 3371; x_wconf 86' lang='lat' dir='ltr'><strong>mancipia</strong></span> <span class='ocrx_word' id='word_1_576' title='bbox 2214 3320 2331 3358; x_wconf 66' lang='lat' dir='ltr'><strong>ann</strong></span> <span class='ocrx_word' id='word_1_577' title='bbox 2360 3306 2443 3361; x_wconf 90' lang='lat' dir='ltr'><strong>his</strong></span> <span class='ocrx_word' id='word_1_578' title='bbox 2475 3311 2801 3376; x_wconf 84' lang='lat' dir='ltr'><strong>nominibus,</strong></span> <span class='ocrx_word' id='word_1_579' title='bbox 2830 3313 3227 3383; x_wconf 87' lang='lat' dir='ltr'><strong>Germundum,</strong></span> <span class='ocrx_word' id='word_1_580' title='bbox 3266 3320 3494 3392; x_wconf 83' lang='lat' dir='ltr'><strong>Regine-</strong></span> <span class='ocrx_word' id='word_1_581' title='bbox 3522 3333 3526 3338; x_wconf 87' lang='lat'>‘</span> 
     </span>
    </p>
   </div>
   <div class='ocr_carea' id='block_1_91' title="bbox 1915 3391 3495 3471">
    <p class='ocr_par' dir='ltr' id='par_1_91' title="bbox 1915 3391 3495 3471">
     <span class='ocr_line' id='line_1_91' title="bbox 1915 3391 3495 3471; baseline 0.016 -30"><span class='ocrx_word' id='word_1_582' title='bbox 1915 3405 2063 3455; x_wconf 90' lang='lat' dir='ltr'><strong>rum,</strong></span> <span class='ocrx_word' id='word_1_583' title='bbox 2097 3391 2474 3459; x_wconf 83' lang='lat' dir='ltr'><strong>Nortbertum,</strong></span> <span class='ocrx_word' id='word_1_584' title='bbox 2518 3398 2870 3464; x_wconf 83' lang='lat' dir='ltr'><strong>Bernoldum,</strong></span> <span class='ocrx_word' id='word_1_585' title='bbox 2911 3403 3292 3471; x_wconf 87' lang='lat' dir='ltr'><strong>Thicdoldum,</strong></span> <span class='ocrx_word' id='word_1_586' title='bbox 3327 3391 3495 3467; x_wconf 82' lang='lat' dir='ltr'><strong>Haut-</strong></span> 
     </span>
    </p>
   </div>
   <div class='ocr_carea' id='block_1_92' title="bbox 1915 3483 3492 3565">
    <p class='ocr_par' dir='ltr' id='par_1_92' title="bbox 1915 3483 3492 3565">
     <span class='ocr_line' id='line_1_92' title="bbox 1915 3483 3492 3565; baseline 0.013 -34"><span class='ocrx_word' id='word_1_587' title='bbox 1915 3495 2150 3545; x_wconf 82' lang='lat' dir='ltr'><strong>marum,</strong></span> <span class='ocrx_word' id='word_1_588' title='bbox 2191 3483 2567 3555; x_wconf 79' lang='lat' dir='ltr'><strong>\Vinigodum,</strong></span> <span class='ocrx_word' id='word_1_589' title='bbox 2611 3490 2935 3560; x_wconf 81' lang='lat' dir='ltr'><strong>Rotgerum,</strong></span> <span class='ocrx_word' id='word_1_590' title='bbox 2979 3492 3348 3565; x_wconf 84' lang='lat' dir='ltr'><strong>Wigiradum,</strong></span> <span class='ocrx_word' id='word_1_591' title='bbox 3389 3498 3492 3553; x_wconf 87' lang='lat' dir='ltr'><strong>Bu-</strong></span> 
     </span>
    </p>
   </div>
   <div class='ocr_carea' id='block_1_93' title="bbox 1914 3572 3488 3652">
    <p class='ocr_par' dir='ltr' id='par_1_93' title="bbox 1914 3572 3488 3652">
     <span class='ocr_line' id='line_1_93' title="bbox 1914 3572 3488 3652; baseline 0.014 -31"><span class='ocrx_word' id='word_1_592' title='bbox 1914 3584 2193 3637; x_wconf 90' lang='lat' dir='ltr'><strong>mannum,</strong></span> <span class='ocrx_word' id='word_1_593' title='bbox 2220 3572 2632 3641; x_wconf 88' lang='lat' dir='ltr'><strong>Willisuindam,</strong></span> <span class='ocrx_word' id='word_1_594' title='bbox 2665 3579 3063 3648; x_wconf 87' lang='lat' dir='ltr'><strong>Tbieodulfum,</strong></span> <span class='ocrx_word' id='word_1_595' title='bbox 3092 3583 3488 3652; x_wconf 88' lang='lat' dir='ltr'><strong>Theotlindam,</strong></span> 
     </span>
    </p>
   </div>
   <div class='ocr_carea' id='block_1_94' title="bbox 1910 3657 3491 3743">
    <p class='ocr_par' dir='ltr' id='par_1_94' title="bbox 1910 3657 3491 3743">
     <span class='ocr_line' id='line_1_94' title="bbox 1910 3657 3491 3743; baseline 0.013 -33"><span class='ocrx_word' id='word_1_596' title='bbox 1910 3657 2199 3712; x_wconf 83' lang='lat' dir='ltr'><strong>Anstilam.</strong></span> <span class='ocrx_word' id='word_1_597' title='bbox 2236 3662 2386 3716; x_wconf 90' lang='lat' dir='ltr'><strong>Unde</strong></span> <span class='ocrx_word' id='word_1_598' title='bbox 2423 3672 2477 3718; x_wconf 89' lang='lat' dir='ltr'><strong>et</strong></span> <span class='ocrx_word' id='word_1_599' title='bbox 2512 3665 2646 3720; x_wconf 90' lang='lat' dir='ltr'><strong>duas</strong></span> <span class='ocrx_word' id='word_1_600' title='bbox 2675 3671 3127 3726; x_wconf 89' lang='lat' dir='ltr'><strong>commutationes</strong></span> <span class='ocrx_word' id='word_1_601' title='bbox 3157 3675 3272 3743; x_wconf 88' lang='lat' dir='ltr'><strong>pari</strong></span> <span class='ocrx_word' id='word_1_602' title='bbox 3303 3685 3491 3731; x_wconf 90' lang='lat' dir='ltr'><strong>tenore</strong></span> 
     </span>
    </p>
   </div>
   <div class='ocr_carea' id='block_1_95' title="bbox 1911 3751 3490 3825">
    <p class='ocr_par' dir='ltr' id='par_1_95' title="bbox 1911 3751 3490 3825">
     <span class='ocr_line' id='line_1_95' title="bbox 1911 3751 3490 3825; baseline 0.015 -24"><span class='ocrx_word' id='word_1_603' title='bbox 1911 3751 2273 3818; x_wconf 87' lang='lat' dir='ltr'><strong>conscriptas,</strong></span> <span class='ocrx_word' id='word_1_604' title='bbox 2323 3755 2678 3825; x_wconf 88' lang='lat' dir='ltr'><strong>manibusque</strong></span> <span class='ocrx_word' id='word_1_605' title='bbox 2718 3759 2982 3815; x_wconf 90' lang='lat' dir='ltr'><strong>bonorum</strong></span> <span class='ocrx_word' id='word_1_606' title='bbox 3012 3762 3289 3820; x_wconf 87' lang='lat' dir='ltr'><strong>hominum</strong></span> <span class='ocrx_word' id='word_1_607' title='bbox 3333 3770 3490 3824; x_wconf 86' lang='lat' dir='ltr'><strong>robo-</strong></span> 
     </span>
    </p>
   </div>
   <div class='ocr_carea' id='block_1_96' title="bbox 1911 3846 3489 3927">
    <p class='ocr_par' dir='ltr' id='par_1_96' title="bbox 1911 3846 3489 3927">
     <span class='ocr_line' id='line_1_96' title="bbox 1911 3846 3489 3927; baseline 0.013 -36"><span class='ocrx_word' id='word_1_608' title='bbox 1911 3850 2079 3904; x_wconf 85' lang='lat' dir='ltr'><strong>ratas,</strong></span> <span class='ocrx_word' id='word_1_609' title='bbox 2104 3858 2162 3896; x_wconf 88' lang='lat' dir='ltr'><strong>se</strong></span> <span class='ocrx_word' id='word_1_610' title='bbox 2188 3859 2298 3912; x_wconf 72' lang='lat' dir='ltr'><strong>pra:</strong></span> <span class='ocrx_word' id='word_1_611' title='bbox 2323 3846 2574 3899; x_wconf 89' lang='lat' dir='ltr'><strong>manibus</strong></span> <span class='ocrx_word' id='word_1_612' title='bbox 2602 3847 2800 3904; x_wconf 87' lang='lat' dir='ltr'><strong>habere</strong></span> <span class='ocrx_word' id='word_1_613' title='bbox 2825 3851 3053 3918; x_wconf 88' lang='lat' dir='ltr'><strong>professi</strong></span> <span class='ocrx_word' id='word_1_614' title='bbox 3082 3863 3224 3910; x_wconf 88' lang='lat' dir='ltr'><strong>sunt.</strong></span> <span class='ocrx_word' id='word_1_615' title='bbox 3261 3855 3370 3911; x_wconf 91' lang='lat' dir='ltr'><strong>Sed</strong></span> <span class='ocrx_word' id='word_1_616' title='bbox 3391 3874 3489 3927; x_wconf 89' lang='lat' dir='ltr'><strong>pro</strong></span> 
     </span>
    </p>
   </div>
   <div class='ocr_carea' id='block_1_97' title="bbox 1913 3929 3490 4010">
    <p class='ocr_par' dir='ltr' id='par_1_97' title="bbox 1913 3929 3490 4010">
     <span class='ocr_line' id='line_1_97' title="bbox 1913 3929 3490 4010; baseline 0.012 -29"><span class='ocrx_word' id='word_1_617' title='bbox 1913 3929 2122 4000; x_wconf 84' lang='lat' dir='ltr'><strong>integra</strong></span> <span class='ocrx_word' id='word_1_618' title='bbox 2170 3932 2425 3989; x_wconf 89' lang='lat' dir='ltr'><strong>ﬁrmitate</strong></span> <span class='ocrx_word' id='word_1_619' title='bbox 2472 3937 2747 4004; x_wconf 87' lang='lat' dir='ltr'><strong>petierunt</strong></span> <span class='ocrx_word' id='word_1_620' title='bbox 2793 3939 3096 3997; x_wconf 89' lang='lat' dir='ltr'><strong>celsitudini</strong></span> <span class='ocrx_word' id='word_1_621' title='bbox 3146 3956 3382 4010; x_wconf 57' lang='lat' dir='ltr'><strong>nosne,</strong></span> <span class='ocrx_word' id='word_1_622' title='bbox 3432 3957 3490 4000; x_wconf 91' lang='lat' dir='ltr'><strong>ut</strong></span> 
     </span>
    </p>
   </div>
   <div class='ocr_carea' id='block_1_98' title="bbox 1912 4019 3486 4103">
    <p class='ocr_par' dir='ltr' id='par_1_98' title="bbox 1912 4019 3486 4103">
     <span class='ocr_line' id='line_1_98' title="bbox 1912 4019 3486 4103; baseline 0.012 -31"><span class='ocrx_word' id='word_1_623' title='bbox 1912 4019 2056 4089; x_wconf 89' lang='lat' dir='ltr'><strong>ipsas</strong></span> <span class='ocrx_word' id='word_1_624' title='bbox 2083 4026 2531 4080; x_wconf 82' lang='lat' dir='ltr'><strong>commutationes</strong></span> <span class='ocrx_word' id='word_1_625' title='bbox 2559 4026 2734 4082; x_wconf 86' lang='lat' dir='ltr'><strong>denuo</strong></span> <span class='ocrx_word' id='word_1_626' title='bbox 2765 4045 2864 4098; x_wconf 90' lang='lat' dir='ltr'><strong>per</strong></span> <span class='ocrx_word' id='word_1_627' title='bbox 2893 4039 3138 4085; x_wconf 89' lang='lat' dir='ltr'><strong>nostrum</strong></span> <span class='ocrx_word' id='word_1_628' title='bbox 3172 4032 3357 4103; x_wconf 81' lang='lat' dir='ltr'><strong>[Forte</strong></span> <span class='ocrx_word' id='word_1_629' title='bbox 3389 4052 3486 4091; x_wconf 91' lang='lat' dir='ltr'><strong>no-</strong></span> 
     </span>
    </p>
   </div>
   <div class='ocr_carea' id='block_1_99' title="bbox 1910 4109 3486 4194">
    <p class='ocr_par' dir='ltr' id='par_1_99' title="bbox 1910 4109 3486 4194">
     <span class='ocr_line' id='line_1_99' title="bbox 1910 4109 3486 4194; baseline 0.013 -34"><span class='ocrx_word' id='word_1_630' title='bbox 1910 4109 2056 4180; x_wconf 55' lang='lat' dir='ltr'><strong>strae]</strong></span> <span class='ocrx_word' id='word_1_631' title='bbox 2098 4113 2526 4169; x_wconf 88' lang='lat' dir='ltr'><strong>mansuetudinis</strong></span> <span class='ocrx_word' id='word_1_632' title='bbox 2562 4125 2890 4194; x_wconf 58' lang='lat' dir='ltr'><strong>prteceptum</strong></span> <span class='ocrx_word' id='word_1_633' title='bbox 2921 4118 3131 4188; x_wconf 90' lang='lat' dir='ltr'><strong>plenius</strong></span> <span class='ocrx_word' id='word_1_634' title='bbox 3159 4122 3486 4194; x_wconf 52' lang='lat' dir='ltr'><strong>conﬁrmare</strong></span> 
     </span>
    </p>
   </div>
   <div class='ocr_carea' id='block_1_100' title="bbox 1910 4192 3482 4277">
    <p class='ocr_par' dir='ltr' id='par_1_100' title="bbox 1910 4192 3482 4277">
     <span class='ocr_line' id='line_1_100' title="bbox 1910 4192 3482 4277; baseline 0.012 -29"><span class='ocrx_word' id='word_1_635' title='bbox 1910 4195 2249 4260; x_wconf 88' lang='lat' dir='ltr'><strong>deberemus,</strong></span> <span class='ocrx_word' id='word_1_636' title='bbox 2275 4214 2503 4267; x_wconf 89' lang='lat' dir='ltr'><strong>quorum</strong></span> <span class='ocrx_word' id='word_1_637' title='bbox 2530 4192 2880 4272; x_wconf 83' lang='lat' dir='ltr'><strong>petitionibus</strong></span> <span class='ocrx_word' id='word_1_638' title='bbox 2903 4206 3169 4277; x_wconf 82' lang='lat' dir='ltr'><strong>denegare</strong></span> <span class='ocrx_word' id='word_1_639' title='bbox 3193 4192 3482 4277; x_wconf 88' lang='lat' dir='ltr'><strong>noluimus,</strong></span> 
     </span>
    </p>
   </div>
   <div class='ocr_carea' id='block_1_101' title="bbox 1909 4286 3484 4368">
    <p class='ocr_par' dir='ltr' id='par_1_101' title="bbox 1909 4286 3484 4368">
     <span class='ocr_line' id='line_1_101' title="bbox 1909 4286 3484 4368; baseline 0.011 -29"><span class='ocrx_word' id='word_1_640' title='bbox 1909 4286 2003 4340; x_wconf 88' lang='lat' dir='ltr'><strong>sed</strong></span> <span class='ocrx_word' id='word_1_641' title='bbox 2041 4287 2331 4357; x_wconf 88' lang='lat' dir='ltr'><strong>unicuique</strong></span> <span class='ocrx_word' id='word_1_642' title='bbox 2374 4289 2606 4344; x_wconf 85' lang='lat' dir='ltr'><strong>ﬁdelium</strong></span> <span class='ocrx_word' id='word_1_643' title='bbox 2651 4302 2960 4348; x_wconf 88' lang='lat' dir='ltr'><strong>nostrorum</strong></span> <span class='ocrx_word' id='word_1_644' title='bbox 3000 4294 3147 4362; x_wconf 85' lang='lat' dir='ltr'><strong>juste</strong></span> <span class='ocrx_word' id='word_1_645' title='bbox 3186 4302 3484 4368; x_wconf 88' lang='lat' dir='ltr'><strong>petentium</strong></span> 
     </span>
    </p>
   </div>
   <div class='ocr_carea' id='block_1_102' title="bbox 1911 4374 3487 4449">
    <p class='ocr_par' dir='ltr' id='par_1_102' title="bbox 1911 4374 3487 4449">
     <span class='ocr_line' id='line_1_102' title="bbox 1911 4374 3487 4449; baseline 0.012 -22"><span class='ocrx_word' id='word_1_646' title='bbox 1911 4374 1985 4428; x_wconf 89' lang='lat' dir='ltr'><strong>ita</strong></span> <span class='ocrx_word' id='word_1_647' title='bbox 2025 4391 2123 4430; x_wconf 92' lang='lat' dir='ltr'><strong>nos</strong></span> <span class='ocrx_word' id='word_1_648' title='bbox 2163 4379 2493 4434; x_wconf 89' lang='lat' dir='ltr'><strong>concessisse</strong></span> <span class='ocrx_word' id='word_1_649' title='bbox 2536 4389 2698 4449; x_wconf 90' lang='lat' dir='ltr'><strong>atque</strong></span> <span class='ocrx_word' id='word_1_650' title='bbox 2741 4383 2794 4435; x_wconf 93' lang='lat' dir='ltr'><strong>in</strong></span> <span class='ocrx_word' id='word_1_651' title='bbox 2841 4383 3091 4440; x_wconf 90' lang='lat' dir='ltr'><strong>omnibus</strong></span> <span class='ocrx_word' id='word_1_652' title='bbox 3133 4388 3487 4446; x_wconf 84' lang='lat' dir='ltr'><strong>conﬁrmasse</strong></span> 
     </span>
    </p>
   </div>
   <div class='ocr_carea' id='block_1_103' title="bbox 1910 4469 3484 4552">
    <p class='ocr_par' dir='ltr' id='par_1_103' title="bbox 1910 4469 3484 4552">
     <span class='ocr_line' id='line_1_103' title="bbox 1910 4469 3484 4552; baseline 0.012 -32"><span class='ocrx_word' id='word_1_653' title='bbox 1910 4469 2241 4537; x_wconf 81' lang='lat' dir='ltr'><strong>cognoscite.</strong></span> <span class='ocrx_word' id='word_1_654' title='bbox 2275 4469 2657 4540; x_wconf 70' lang='lat' dir='ltr'><strong>Prtecipientes</strong></span> <span class='ocrx_word' id='word_1_655' title='bbox 2688 4490 2816 4543; x_wconf 88' lang='lat' dir='ltr'><strong>ergo</strong></span> <span class='ocrx_word' id='word_1_656' title='bbox 2836 4473 3109 4544; x_wconf 89' lang='lat' dir='ltr'><strong>jubemus,</strong></span> <span class='ocrx_word' id='word_1_657' title='bbox 3138 4490 3195 4533; x_wconf 90' lang='lat' dir='ltr'><strong>ut</strong></span> <span class='ocrx_word' id='word_1_658' title='bbox 3222 4483 3484 4552; x_wconf 82' lang='lat' dir='ltr'><strong>quidquid</strong></span> 
     </span>
    </p>
   </div>
   <div class='ocr_carea' id='block_1_104' title="bbox 1908 4563 3484 4642">
    <p class='ocr_par' dir='ltr' id='par_1_104' title="bbox 1908 4563 3484 4642">
     <span class='ocr_line' id='line_1_104' title="bbox 1908 4563 3484 4642; baseline 0.012 -29"><span class='ocrx_word' id='word_1_659' title='bbox 1908 4576 2034 4629; x_wconf 90' lang='lat' dir='ltr'><strong>pars</strong></span> <span class='ocrx_word' id='word_1_660' title='bbox 2054 4563 2198 4630; x_wconf 89' lang='lat' dir='ltr'><strong>juste</strong></span> <span class='ocrx_word' id='word_1_661' title='bbox 2223 4572 2276 4618; x_wconf 91' lang='lat' dir='ltr'><strong>et</strong></span> <span class='ocrx_word' id='word_1_662' title='bbox 2299 4565 2690 4621; x_wconf 88' lang='lat' dir='ltr'><strong>rationabiliter</strong></span> <span class='ocrx_word' id='word_1_663' title='bbox 2711 4567 2867 4622; x_wconf 86' lang='lat' dir='ltr'><strong>alteri</strong></span> <span class='ocrx_word' id='word_1_664' title='bbox 2895 4571 3121 4626; x_wconf 91' lang='lat' dir='ltr'><strong>contulit</strong></span> <span class='ocrx_word' id='word_1_665' title='bbox 3144 4576 3307 4642; x_wconf 89' lang='lat' dir='ltr'><strong>parti,</strong></span> <span class='ocrx_word' id='word_1_666' title='bbox 3331 4577 3484 4632; x_wconf 89' lang='lat' dir='ltr'><strong>dein-</strong></span> 
     </span>
    </p>
   </div>
   <div class='ocr_carea' id='block_1_105' title="bbox 1907 4655 3482 4732">
    <p class='ocr_par' dir='ltr' id='par_1_105' title="bbox 1907 4655 3482 4732">
     <span class='ocr_line' id='line_1_105' title="bbox 1907 4655 3482 4732; baseline 0.011 -27"><span class='ocrx_word' id='word_1_667' title='bbox 1907 4667 2034 4721; x_wconf 89' lang='lat' dir='ltr'><strong>ceps</strong></span> <span class='ocrx_word' id='word_1_668' title='bbox 2080 4669 2176 4723; x_wconf 87' lang='lat' dir='ltr'><strong>per</strong></span> <span class='ocrx_word' id='word_1_669' title='bbox 2221 4655 2360 4709; x_wconf 89' lang='lat' dir='ltr'><strong>hanc</strong></span> <span class='ocrx_word' id='word_1_670' title='bbox 2405 4664 2648 4710; x_wconf 91' lang='lat' dir='ltr'><strong>nostram</strong></span> <span class='ocrx_word' id='word_1_671' title='bbox 2693 4660 3070 4715; x_wconf 87' lang='lat' dir='ltr'><strong>auctoritatem</strong></span> <span class='ocrx_word' id='word_1_672' title='bbox 3115 4663 3239 4732; x_wconf 87' lang='lat' dir='ltr'><strong>jure</strong></span> <span class='ocrx_word' id='word_1_673' title='bbox 3283 4665 3482 4722; x_wconf 85' lang='lat' dir='ltr'><strong>ﬁrmis-</strong></span> 
     </span>
    </p>
   </div>
   <div class='ocr_carea' id='block_1_106' title="bbox 1905 4745 3483 4824">
    <p class='ocr_par' dir='ltr' id='par_1_106' title="bbox 1905 4745 3483 4824">
     <span class='ocr_line' id='line_1_106' title="bbox 1905 4745 3483 4824; baseline 0.01 -26"><span class='ocrx_word' id='word_1_674' title='bbox 1905 4745 2042 4799; x_wconf 90' lang='lat' dir='ltr'><strong>simo</strong></span> <span class='ocrx_word' id='word_1_675' title='bbox 2091 4753 2270 4799; x_wconf 90' lang='lat' dir='ltr'><strong>teneat</strong></span> <span class='ocrx_word' id='word_1_676' title='bbox 2317 4755 2480 4816; x_wconf 88' lang='lat' dir='ltr'><strong>atque</strong></span> <span class='ocrx_word' id='word_1_677' title='bbox 2521 4749 2824 4817; x_wconf 88' lang='lat' dir='ltr'><strong>possideat,</strong></span> <span class='ocrx_word' id='word_1_678' title='bbox 2876 4759 2935 4806; x_wconf 93' lang='lat' dir='ltr'><strong>ut</strong></span> <span class='ocrx_word' id='word_1_679' title='bbox 2979 4754 3240 4824; x_wconf 89' lang='lat' dir='ltr'><strong>quidquid</strong></span> <span class='ocrx_word' id='word_1_680' title='bbox 3288 4757 3483 4812; x_wconf 77' lang='lat' dir='ltr'><strong>exinde</strong></span> 
     </span>
    </p>
   </div>
   <div class='ocr_carea' id='block_1_107' title="bbox 1902 4833 3480 4909">
    <p class='ocr_par' dir='ltr' id='par_1_107' title="bbox 1902 4833 3480 4909">
     <span class='ocr_line' id='line_1_107' title="bbox 1902 4833 3480 4909; baseline 0.01 -24"><span class='ocrx_word' id='word_1_681' title='bbox 1902 4833 2086 4888; x_wconf 89' lang='lat' dir='ltr'><strong>facere</strong></span> <span class='ocrx_word' id='word_1_682' title='bbox 2118 4834 2382 4900; x_wconf 90' lang='lat' dir='ltr'><strong>voluerit,</strong></span> <span class='ocrx_word' id='word_1_683' title='bbox 2435 4836 2603 4892; x_wconf 88' lang='lat' dir='ltr'><strong>libero</strong></span> <span class='ocrx_word' id='word_1_684' title='bbox 2645 4839 2699 4891; x_wconf 91' lang='lat' dir='ltr'><strong>in</strong></span> <span class='ocrx_word' id='word_1_685' title='bbox 2743 4841 2994 4897; x_wconf 86' lang='lat' dir='ltr'><strong>omnibus</strong></span> <span class='ocrx_word' id='word_1_686' title='bbox 3036 4842 3349 4909; x_wconf 87' lang='lat' dir='ltr'><strong>perfruatur</strong></span> <span class='ocrx_word' id='word_1_687' title='bbox 3390 4862 3480 4901; x_wconf 86' lang='lat' dir='ltr'><strong>ar-</strong></span> 
     </span>
    </p>
   </div>
   <div class='ocr_carea' id='block_1_108' title="bbox 1903 4925 3478 5001">
    <p class='ocr_par' dir='ltr' id='par_1_108' title="bbox 1903 4925 3478 5001">
     <span class='ocr_line' id='line_1_108' title="bbox 1903 4925 3478 5001; baseline 0.009 -23"><span class='ocrx_word' id='word_1_688' title='bbox 1903 4925 2068 4980; x_wconf 89' lang='lat' dir='ltr'><strong>bitrio</strong></span> <span class='ocrx_word' id='word_1_689' title='bbox 2113 4925 2343 4982; x_wconf 66' lang='lat' dir='ltr'><strong>facit-udi</strong></span> <span class='ocrx_word' id='word_1_690' title='bbox 2389 4928 2649 4998; x_wconf 84' lang='lat' dir='ltr'><strong>quidquid</strong></span> <span class='ocrx_word' id='word_1_691' title='bbox 2697 4930 2938 5001; x_wconf 84' lang='lat' dir='ltr'><strong>elegerit.</strong></span> <span class='ocrx_word' id='word_1_692' title='bbox 2997 4926 3062 4986; x_wconf 77' lang='lat' dir='ltr'><strong>Et</strong></span> <span class='ocrx_word' id='word_1_693' title='bbox 3109 4943 3169 4987; x_wconf 90' lang='lat' dir='ltr'><strong>ut</strong></span> <span class='ocrx_word' id='word_1_694' title='bbox 3217 4936 3334 4991; x_wconf 56' lang='lat' dir='ltr'><strong>hac</strong></span> <span class='ocrx_word' id='word_1_695' title='bbox 3382 4953 3478 4992; x_wconf 85' lang='lat' dir='ltr'><strong>au-</strong></span> 
     </span>
    </p>
   </div>
   <div class='ocr_carea' id='block_1_109' title="bbox 1906 5017 3476 5096">
    <p class='ocr_par' dir='ltr' id='par_1_109' title="bbox 1906 5017 3476 5096">
     <span class='ocr_line' id='line_1_109' title="bbox 1906 5017 3476 5096; baseline 0.008 -26"><span class='ocrx_word' id='word_1_696' title='bbox 1906 5017 2132 5072; x_wconf 88' lang='lat' dir='ltr'><strong>ctoritas</strong></span> <span class='ocrx_word' id='word_1_697' title='bbox 2187 5017 2340 5072; x_wconf 90' lang='lat' dir='ltr'><strong>ﬁrma</strong></span> <span class='ocrx_word' id='word_1_698' title='bbox 2396 5020 2694 5085; x_wconf 88' lang='lat' dir='ltr'><strong>habeatur,</strong></span> <span class='ocrx_word' id='word_1_699' title='bbox 2752 5030 2809 5076; x_wconf 90' lang='lat' dir='ltr'><strong>et</strong></span> <span class='ocrx_word' id='word_1_700' title='bbox 2861 5037 2958 5092; x_wconf 88' lang='lat' dir='ltr'><strong>per</strong></span> <span class='ocrx_word' id='word_1_701' title='bbox 2998 5022 3178 5079; x_wconf 88' lang='lat' dir='ltr'><strong>futura</strong></span> <span class='ocrx_word' id='word_1_702' title='bbox 3236 5035 3476 5096; x_wconf 89' lang='lat' dir='ltr'><strong>tempora</strong></span> 
     </span>
    </p>
   </div>
   <div class='ocr_carea' id='block_1_110' title="bbox 1907 5108 3476 5186">
    <p class='ocr_par' dir='ltr' id='par_1_110' title="bbox 1907 5108 3476 5186">
     <span class='ocr_line' id='line_1_110' title="bbox 1907 5108 3476 5186; baseline 0.006 -25"><span class='ocrx_word' id='word_1_703' title='bbox 1907 5108 2098 5163; x_wconf 86' lang='lat' dir='ltr'><strong>melius</strong></span> <span class='ocrx_word' id='word_1_704' title='bbox 2118 5119 2485 5177; x_wconf 86' lang='lat' dir='ltr'><strong>conservetur,</strong></span> <span class='ocrx_word' id='word_1_705' title='bbox 2504 5112 2569 5166; x_wconf 87' lang='lat' dir='ltr'><strong>de</strong></span> <span class='ocrx_word' id='word_1_706' title='bbox 2588 5112 2784 5166; x_wconf 92' lang='lat' dir='ltr'><strong>annulo</strong></span> <span class='ocrx_word' id='word_1_707' title='bbox 2805 5121 2990 5168; x_wconf 87' lang='lat' dir='ltr'><strong>nostro</strong></span> <span class='ocrx_word' id='word_1_708' title='bbox 3009 5115 3199 5169; x_wconf 86' lang='lat' dir='ltr'><strong>subtus</strong></span> <span class='ocrx_word' id='word_1_709' title='bbox 3213 5115 3476 5186; x_wconf 84' lang='lat' dir='ltr'><strong>jussimus</strong></span> 
     </span>
    </p>
   </div>
   <div class='ocr_carea' id='block_1_111' title="bbox 1906 5197 2146 5266">
    <p class='ocr_par' dir='ltr' id='par_1_111' title="bbox 1906 5197 2146 5266">
     <span class='ocr_line' id='line_1_111' title="bbox 1906 5197 2146 5266; baseline 0 -15"><span class='ocrx_word' id='word_1_710' title='bbox 1906 5197 2146 5266; x_wconf 81' lang='lat' dir='ltr'><strong>sigillari.</strong></span> 
     </span>
    </p>
   </div>
   <div class='ocr_carea' id='block_1_112' title="bbox 1975 5287 3471 5364">
    <p class='ocr_par' dir='ltr' id='par_1_112' title="bbox 1975 5287 3471 5364">
     <span class='ocr_line' id='line_1_112' title="bbox 1975 5287 3471 5364; baseline 0.005 -23"><span class='ocrx_word' id='word_1_711' title='bbox 1975 5287 2259 5343; x_wconf 88' lang='lat' dir='ltr'><strong>Durandus</strong></span> <span class='ocrx_word' id='word_1_712' title='bbox 2286 5289 2543 5346; x_wconf 85' lang='lat' dir='ltr'><strong>diaconus</strong></span> <span class='ocrx_word' id='word_1_713' title='bbox 2569 5293 2634 5346; x_wconf 89' lang='lat' dir='ltr'><strong>ad</strong></span> <span class='ocrx_word' id='word_1_714' title='bbox 2656 5292 2826 5347; x_wconf 89' lang='lat' dir='ltr'><strong>vicem</strong></span> <span class='ocrx_word' id='word_1_715' title='bbox 2852 5292 3114 5363; x_wconf 81' lang='lat' dir='ltr'><strong>Fridegisi</strong></span> <span class='ocrx_word' id='word_1_716' title='bbox 3143 5297 3471 5364; x_wconf 87' lang='lat' dir='ltr'><strong>recognovit.</strong></span> 
     </span>
    </p>
   </div>
   <div class='ocr_carea' id='block_1_113' title="bbox 1976 5378 3476 5450">
    <p class='ocr_par' dir='ltr' id='par_1_113' title="bbox 1976 5378 3476 5450">
     <span class='ocr_line' id='line_1_113' title="bbox 1976 5378 3476 5450; baseline 0.003 -19"><span class='ocrx_word' id='word_1_717' title='bbox 1976 5378 2111 5432; x_wconf 88' lang='lat' dir='ltr'><strong>Data</strong></span> <span class='ocrx_word' id='word_1_718' title='bbox 2154 5395 2206 5432; x_wconf 81' lang='lat' dir='ltr'><strong>IV</strong></span> <span class='ocrx_word' id='word_1_719' title='bbox 2246 5379 2362 5432; x_wconf 82' lang='lat' dir='ltr'><strong>Kal.</strong></span> <span class='ocrx_word' id='word_1_720' title='bbox 2395 5378 2764 5449; x_wconf 88' lang='lat' dir='ltr'><strong>Septembris,</strong></span> <span class='ocrx_word' id='word_1_721' title='bbox 2812 5396 2954 5434; x_wconf 91' lang='lat' dir='ltr'><strong>anno</strong></span> <span class='ocrx_word' id='word_1_722' title='bbox 2989 5379 3203 5434; x_wconf 84' lang='lat' dir='ltr'><strong>Christo</strong></span> <span class='ocrx_word' id='word_1_723' title='bbox 3242 5382 3476 5450; x_wconf 87' lang='lat' dir='ltr'><strong>propitio</strong></span> 
     </span>
    </p>
   </div>
   <div class='ocr_carea' id='block_1_114' title="bbox 1908 5469 3471 5540">
    <p class='ocr_par' dir='ltr' id='par_1_114' title="bbox 1908 5469 3471 5540">
     <span class='ocr_line' id='line_1_114' title="bbox 1908 5469 3471 5540; baseline 0 -17"><span class='ocrx_word' id='word_1_724' title='bbox 1908 5470 1973 5524; x_wconf 79' lang='grc'><strong>10</strong></span> <span class='ocrx_word' id='word_1_725' title='bbox 2003 5469 2212 5539; x_wconf 90' lang='lat' dir='ltr'><strong>imperii</strong></span> <span class='ocrx_word' id='word_1_726' title='bbox 2252 5471 2430 5524; x_wconf 90' lang='lat' dir='ltr'><strong>domui</strong></span> <span class='ocrx_word' id='word_1_727' title='bbox 2470 5470 2722 5526; x_wconf 85' lang='lat' dir='ltr'><strong>Ludovici</strong></span> <span class='ocrx_word' id='word_1_728' title='bbox 2763 5470 2988 5540; x_wconf 88' lang='lat' dir='ltr'><strong>piissimi</strong></span> <span class='ocrx_word' id='word_1_729' title='bbox 3024 5469 3280 5538; x_wconf 80' lang='lat' dir='ltr'><strong>Augusti,</strong></span> <span class='ocrx_word' id='word_1_730' title='bbox 3331 5470 3471 5524; x_wconf 87' lang='lat' dir='ltr'><strong>indi-</strong></span> 
     </span>
    </p>
   </div>
   <div class='ocr_carea' id='block_1_115' title="bbox 1904 5557 3471 5632">
    <p class='ocr_par' dir='ltr' id='par_1_115' title="bbox 1904 5557 3471 5632">
     <span class='ocr_line' id='line_1_115' title="bbox 1904 5557 3471 5632; baseline -0.003 -14"><span class='ocrx_word' id='word_1_731' title='bbox 1904 5565 2084 5618; x_wconf 89' lang='lat' dir='ltr'><strong>ctione</strong></span> <span class='ocrx_word' id='word_1_732' title='bbox 2123 5564 2171 5617; x_wconf 90' lang='lat' dir='ltr'><strong>l.</strong></span> <span class='ocrx_word' id='word_1_733' title='bbox 2226 5563 2416 5618; x_wconf 82' lang='lat' dir='ltr'><strong>Actum</strong></span> <span class='ocrx_word' id='word_1_734' title='bbox 2456 5562 2844 5618; x_wconf 86' lang='lat' dir='ltr'><strong>Construentes</strong></span> <span class='ocrx_word' id='word_1_735' title='bbox 2888 5559 3071 5632; x_wconf 84' lang='lat' dir='ltr'><strong>[Forte</strong></span> <span class='ocrx_word' id='word_1_736' title='bbox 3107 5557 3471 5632; x_wconf 72' lang='lat' dir='ltr'><strong>Conﬂuentes]</strong></span> 
     </span>
    </p>
   </div>
   <div class='ocr_carea' id='block_1_116' title="bbox 1903 5649 3342 5723">
    <p class='ocr_par' dir='ltr' id='par_1_116' title="bbox 1903 5649 3342 5723">
     <span class='ocr_line' id='line_1_116' title="bbox 1903 5649 3342 5723; baseline -0.002 -14"><span class='ocrx_word' id='word_1_737' title='bbox 1903 5670 2065 5723; x_wconf 88' lang='lat' dir='ltr'><strong>super</strong></span> <span class='ocrx_word' id='word_1_738' title='bbox 2092 5654 2389 5720; x_wconf 79' lang='lat' dir='ltr'><strong>Mosellam,</strong></span> <span class='ocrx_word' id='word_1_739' title='bbox 2419 5654 2470 5707; x_wconf 91' lang='lat' dir='ltr'><strong>in</strong></span> <span class='ocrx_word' id='word_1_740' title='bbox 2502 5653 2596 5707; x_wconf 87' lang='lat' dir='ltr'><strong>Dei</strong></span> <span class='ocrx_word' id='word_1_741' title='bbox 2628 5652 2841 5710; x_wconf 88' lang='lat' dir='ltr'><strong>nomine</strong></span> <span class='ocrx_word' id='word_1_742' title='bbox 2866 5650 3113 5706; x_wconf 89' lang='lat' dir='ltr'><strong>feliciter.</strong></span> <span class='ocrx_word' id='word_1_743' title='bbox 3150 5649 3342 5706; x_wconf 80' lang='lat' dir='ltr'><strong>Amen.</strong></span> 
     </span>
    </p>
   </div>
  </div>
