3936 6336
481 340 623 397 1123

1200 452 1331 508 CIX.

380 506 401 527 Ι

372 532 377 537 Ι
470 556 850 598 CONFIRIATUR
898 555 1064 595 COIﬂﬂ
1086 557 1250 597 TATIO
1300 558 1472 597 FACTA
1528 558 1693 598 INTER
1746 559 2062 599 BERNOLDUI

542 627 829 667 εριεοουωι
872 627 1313 667 ΑΒϐΕΝἹΙΝΕΝδΕΙ
1354 629 1423 667 ΕΤ
1463 628 1874 670 ΕΒΟΗΑΝϐΔΙΠυΙί
1909 630 2064 669 60111-

546 697 653 738 τΕΙ
692 696 1031 737 ΝΟΒΒΟΟΥΙΕ.

1095 750 1272 822 (Anno
1301 751 1451 821 825.)

476 840 653 913 [Apud
674 837 1282 913 GrandidierLlfistoire
1306 841 1371 913 de
1399 840 1616 913 l‘Einse
1637 843 1702 896 de
1728 842 2063 912 Strasbourg,

547 908 677 965 tom.
720 909 791 974 ll,
831 924 953 978 pag.
997 908 1129 973 174,
1178 925 1245 964 ex
1284 908 1617 966 chartulario
1653 908 2067 968 membranaceo

544 981 775 1035 abbatiaa
797 979 1177 1035 Audlaviensis
1202 980 1381 1035 saeculi
1408 997 1499 1036 XIV
1523 980 1599 1053 ⁸.]

543 1094 862 1149 1ηιιιοιηίηθ
900 1094 1115 1149 Domini
1160 1094 1255 1149 Dei
1294 1103 1349 1150 et
1393 1093 1691 1151 Salvatoris
1730 1095 1901 1151 nostri
1940 1094 2069 1150 Iesu

473 1183 710 1249 Christi,
741 1184 1047 1240 Ludovicus
1072 1184 1252 1240 divina
1282 1185 1570 1242 ordinante
1602 1186 1943 1255 providentia
1969 1186 2070 1242 im-

473 1283 696 1346 perator
721 1275 1015 1345 Augustus.

548 1363 614 1420 Si
644 1366 790 1421 enim
821 1379 887 1419 ea
914 1378 1035 1434 quae
1071 1364 1258 1421 ﬁdeles
1293 1364 1509 1435 imperii
1541 1366 1715 1421 nostri
1744 1380 1845 1436 pro
1880 1381 2071 1422 eorum

474 1457 975 1527 Opportunitatibus
1022 1456 1165 1513 inter
1212 1473 1271 1514 se
1316 1465 1821 1525 commutaverunt,
1869 1458 2073 1515 nostris

477 1548 867 1623 conﬁrmamus
898 1548 1109 1614 edictis,
1145 1548 1480 1620 imperialem
1508 1562 1826 1604 exercemus
1850 1562 2075 1603 consue-

480 1636 743 1703 tudinem,
771 1646 826 1692 et
857 1638 961 1694 hoc
986 1638 1041 1693 in
1064 1639 1411 1708 postmodum
1430 1638 1555 1708 jure
1582 1639 1895 1695 ﬁrmissimo
1918 1655 2073 1697 man-

478 1742 668 1782 surum
697 1743 819 1783 esse
854 1728 1124 1785 volumus.
1171 1728 1382 1785 Idcirco
1422 1730 1637 1785 noverit
1671 1730 1915 1785 omnium
1944 1731 2075 1787 ﬁde-

1591 342 1917 401 LUDOVICI
1953 343 1973 398 l
2012 341 2481 401 COGNOMENTO
2516 346 2599 401 Pll

3620 352 3759 406 1124

2087 455 2135 513 A
2163 470 2319 509 carra
2350 456 2537 511 decem
2568 476 2581 511 :
2615 457 2668 511 in
2700 456 2819 512 villa
2851 455 3273 526 Liutpoleshaim
3306 471 3355 524 ε,
3383 460 3596 516 areales
3622 464 3764 519 duas

2168 562 2291 602 cum
2320 562 2447 603 casa
2476 564 2606 615 una,
2640 550 2705 605 de
2745 559 2890 604 terra
2923 550 3113 605 arabili
3148 551 3343 622 jugera
3374 552 3594 620 triginta
3626 554 3762 617 duo,

2158 646 2324 707 prata
2354 639 2425 693 ad
2450 654 2607 693 carra
2636 639 2742 695 duo
2779 658 2792 694 :
2831 641 2885 695 in
2915 640 3041 695 villa
3068 640 3459 696 Wittinishaim
3491 643 3537 707 ί,
3576 645 3767 699 areale

2168 742 2335 781 unum
2363 743 2484 783 eum
2508 742 2635 783 casa
2662 729 2991 785 dominicata
3022 736 3078 785 et
3104 744 3332 799 granea,
3358 731 3427 789 de
3454 740 3603 787 terra
3630 749 3766 789 ara-

2169 818 2263 873 bili
2289 817 2481 891 jugera
2508 822 2848 892 septuaginta
2876 823 3132 893 quinque,
3169 834 3325 893 prata
3366 825 3437 879 ad
3470 840 3629 880 carra
3663 827 3767 881 de-

2170 924 2309 976 cem,
2356 912 2423 968 de
2467 911 2603 967 silva
2651 913 2807 983 quasi
2849 913 3044 983 jugera
3084 922 3309 984 septem,
3354 922 3411 969 et
3453 917 3766 985 pomarium

2170 1014 2336 1055 unum
2377 1018 2390 1054 :
2437 1002 2505 1056 ad
2542 1000 2962 1057 Greacheshaim
2993 1004 3039 1067 ε,
3070 1002 3277 1058 Hobam
3316 1004 3347 1044 δ
3386 1005 3606 1058 unicam
3638 1023 3653 1056 :
3696 1006 3766 1060 ad

2170 1090 2595 1160 Platpoteshaim
2626 1094 2673 1159 ί,
2701 1093 2882 1148 areale
2909 1108 3031 1149 cum
3059 1086 3184 1150 casa
3212 1110 3339 1160 una,
3367 1097 3433 1151 de
3461 1104 3605 1151 terra
3638 1113 3768 1152 ara-

2170 1181 2266 1237 bili
2300 1183 2490 1255 jugera
2532 1184 2863 1255 quindecim,
2904 1197 3062 1259 prata
3106 1191 3174 1244 ad
3212 1205 3366 1245 carra
3403 1200 3664 1261 quatuor,
3712 1201 3770 1245 ct

2170 1272 2519 1343 goldmareha
2567 1274 2615 1340 i,
2660 1282 2716 1329 et
2752 1276 2974 1347 insuper
3005 1279 3273 1347 mancipia
3314 1280 3637 1345 duodecim,
3679 1281 3767 1335 his

2173 1364 2753 1435 nominibusﬂiulpot,
2776 1364 3058 1437 Winigelt,
3087 1367 3293 1432 Ratini,
3322 1368 3586 1431 Radvich,
3615 1369 3769 1423 Hun-

2172 1452 2386 1517 holdus,
2419 1452 2680 1519 Frenltin,
2714 1454 2955 1521 Freidin,
2997 1455 3258 1520 Hucbert,
3297 1456 3554 1522 Rinhart,
3591 1458 3771 1528 Dega-

2173 1541 2307 1607 nolt,
2338 1540 2509 1607 ltitto,
2540 1541 2794 1613 Adalger.
2838 1543 2991 1600 Unde
3034 1552 3089 1600 et
3130 1546 3266 1600 duas
3301 1547 3768 1602 commutationes

2174 1634 2295 1703 pari
2336 1641 2524 1691 tenore
2562 1636 2920 1705 conscriptas,
2956 1636 3317 1707 manibusque
3346 1638 3622 1693 bonorum
3664 1640 3767 1693 ho-

2176 1726 2383 1780 minum
2429 1727 2712 1782 roboratas
2754 1741 2866 1797 pra:
2899 1726 3147 1782 manibus
3196 1728 3480 1783 sehabere
3532 1729 3767 1799 professi

478 1818 611 1873 lium
649 1828 960 1875 nostrorum
981 1861 996 1886 ,
1031 1823 1382 1891 praesentium
1414 1821 1623 1877 scilicet
1657 1831 1711 1877 et
1743 1820 2067 1887 futurorum,
2100 1805 2147 1864 Β
2174 1824 2318 1870 sunt.
2354 1814 2461 1874 Sed
2488 1832 2589 1888 pro
2626 1817 2836 1890 integra
2866 1817 3124 1873 ﬁrmitate
3155 1820 3432 1887 petierunt
3457 1819 3769 1874 celsitudini

478 1909 745 1965 industria
764 1950 779 1974 ,
819 1911 945 1980 quia
978 1912 1061 1965 vir
1088 1910 1417 1967 venerabilis
1450 1911 1753 1968 Bernoldus
1783 1910 2075 1967 Strazbur—

481 2000 665 2069 gensis
709 2000 955 2056 ecclesia:
1000 2001 1309 2071 episcopus,
1357 2015 1459 2057 nec
1501 2016 1610 2057 non
1648 2009 1704 2056 et
1737 2000 1822 2055 vir
1866 2000 2077 2056 illuster

479 2086 842 2159 Erkingarius
867 2103 1055 2145 comes
1082 2090 1109 2130 δ
1138 2092 1461 2146 accedentes
1491 2091 1558 2145 ad
1582 2106 1748 2149 aures
1774 2089 2077 2146 clementiae

479 2178 836 2233 innotuerunt
876 2178 1188 2235 celsitudini
1230 2187 1429 2235 nostrae
1472 2180 1617 2249 quod
1652 2194 1751 2250 pro
1794 2180 2076 2235 ambarum

480 2268 720 2337 partium
750 2270 1157 2339 opportunitate
1182 2270 1395 2339 aliquas
1430 2285 1519 2325 res
1552 2280 1607 2325 et
1640 2270 1911 2339 mancipia
1936 2269 2079 2326 inter

480 2372 542 2413 se
571 2366 1019 2414 commutassent.
1058 2358 1220 2413 Dedit
1256 2360 1431 2429 igitur
1449 2360 1739 2430 prmdictus
1776 2360 2077 2415 Bernoldus

477 2450 766 2519 episcopus
804 2464 871 2504 ex
909 2450 1118 2504 ratione
1155 2450 1426 2519 praedictze
1466 2451 1708 2505 ecclesiae
1748 2462 1859 2505 suae
1898 2449 2073 2505 eidem

480 2538 805 2609 Erkiugario
826 2540 897 2593 ad
930 2555 1087 2594 suum
1110 2538 1391 2609 proprium
1421 2539 1489 2593 ad
1518 2538 1823 2594 habendum
1853 2540 1908 2594 in
1935 2554 2075 2609 pago

479 2630 772 2684 Alsaeense
809 2630 863 2684 in
892 2630 1017 2684 villa
1053 2638 1109 2685 et
1148 2631 1393 2695 marcha,
1435 2644 1555 2699 qua:
1584 2630 1785 2685 dicitur
1822 2630 2079 2686 Bodoles-

480 2721 689 2789 villare,
720 2723 837 2777 sive
871 2721 1374 2791 Pleanungovillare
1402 2733 1424 2761 ο
1457 2736 1646 2777 omnes
1672 2727 1760 2777 rizs
1786 2732 2077 2792 quantum-

480 2828 694 2882 cunque
724 2815 778 2868 in
807 2815 922 2883 ipsa
953 2814 1147 2869 villa...
1178 2829 1246 2869 ex
1272 2814 1484 2869 ratione
1508 2814 1853 2884 episcopatus
1874 2815 1956 2869 sui
1979 2815 2077 2869 ha—

479 2904 611 2960 bere
639 2905 942 2971 videbatur,
975 2919 1103 2960 cum
1138 2904 1426 2976 mancipiis
1453 2904 1758 2969 duodecim,
1788 2904 1876 2959 his
1900 2904 2076 2959 nomi-

481 2998 642 3053 nibus
670 2998 805 3061 Ello,
832 2997 1117 3051 'Fridalind
1135 3039 1148 3063 ,
1182 2996 1412 3062 Hildirn,
1438 2995 1704 3051 Willaran
1722 3034 1737 3061 ,
1765 2995 2071 3066 Engilbert,

479 3086 766 3158 Odalgart,
792 3088 1057 3153 Antbert,
1088 3087 1372 3158 Amalgart
1390 3129 1404 3154 ,
1435 3086 1696 3158 Adalgart
1715 3128 1729 3153 ,
1758 3085 2071 3157 Regingart,

479 3176 774 3242 Adaltrud,
809 3178 1101 3250 Willigart.
1134 3179 1201 3233 Et
1242 3193 1273 3235 e
1310 3186 1498 3234 contra
1538 3179 1593 3233 in
1636 3178 2075 3247 compensatione

482 3264 643 3335 hujus
679 3267 755 3337 rei
794 3267 944 3323 dedit
978 3266 1238 3338 praefatus
1274 3267 1626 3339 Erkingarius
1655 3282 1837 3323 comes
1873 3281 1940 3321 ex
1978 3282 2076 3323 suo

480 3358 704 3429 proprio
729 3366 1034 3413 memorato
1060 3358 1334 3429 episcopio
1360 3359 1428 3413 ad
1456 3366 1665 3429 partem
1692 3357 1936 3414 ecclesiae
1964 3374 2077 3414 suae

482 3447 539 3501 in
566 3447 755 3502 eodem
778 3462 918 3516 pago
944 3447 997 3501 in
1024 3447 1158 3502 locis
1184 3448 1647 3517 nuncupantibus,
1676 3447 1730 3501 id
1756 3454 1860 3511 est,
1887 3447 1941 3500 in
1968 3446 2077 3501 Du-

481 3535 744 3591 minheim
770 3535 797 3575 τι
828 3535 1039 3591 areales
1072 3535 1207 3592 duas
1250 3552 1373 3591 cum
1405 3538 1547 3591 casis
1575 3544 1630 3591 et
1661 3550 1861 3605 granea
1881 3576 1896 3600 ,
1929 3544 1984 3591 et
2010 3535 2078 3591 de

482 3634 631 3681 terra
652 3625 843 3681 arabili
867 3623 1059 3697 jugera
1089 3626 1447 3697 quadraginta
1472 3641 1590 3692 sex,
1631 3632 1688 3680 et
1717 3625 1784 3679 de
1810 3626 1980 3693 pratis
2012 3625 2077 3680 ad

554 3825 582 3853 ι
620 3808 801 3866 Edidit
815 3810 1199 3881 Schmpﬁinus,
1216 3810 1385 3865 Alsat.
1404 3810 1622 3880 diplom.
1643 3820 1774 3867 tom.
1790 3812 1830 3877 l,
1846 3828 1970 3882 pag.
1984 3812 2072 3878 7|,

480 3883 580 3941 sed
602 3897 707 3935 non
734 3882 868 3936 satis
890 3890 1156 3935 corrccte.

556 3952 584 3991 ι)
625 3950 1001 4021 Erkingarium
1026 3951 1280 4021 comitem
1303 3948 1642 4020 Nordgovim,
1670 3951 1781 4005 sive
1806 3950 2079 4021 inferioris

482 4020 702 4076 Alsatiie
734 4020 1049 4075 comitatum
1077 4020 1486 4090 administrasse
1514 4020 1767 4090 Opinatur
1795 4020 2080 4090 Schmpﬁi-

483 4104 606 4153 nus,
640 4090 809 4159 Alsat.
843 4090 1009 4143 illust.
1036 4097 1166 4143 tom.
1198 4090 1238 4153 1,
1266 4105 1387 4159 pag.
1422 4088 1559 4143 788.
1580 4089 1732 4143 Ilium
1765 4088 2077 4159 potenti—ssi-

484 4176 633 4215 mum
664 4158 830 4214 fuisse
860 4160 1161 4229 dynastam,
1196 4158 1595 4229 multorumque
1622 4158 2075 4227 patrimoniorum

484 4228 1280 4301 possessoremjrohantkhgec
1318 4228 1509 4283 charta
1549 4230 1988 4301 coiamutationis
2020 4236 2077 4284 et

485 4297 657 4354 altera
688 4313 809 4352 cum
837 4297 1101 4352 Waldone
1128 4297 1571 4353 Schwarzacensi
1595 4298 1804 4351 abbate.
1834 4299 2075 4352 Erchen-

485 4369 619 4439 garii
644 4368 867 4439 comitis
881 4368 1141 4439 memoria
1166 4368 1361 4438 legitur
1384 4368 1436 4421 in
1461 4366 1777 4437 Neerologio
1801 4366 2073 4422 Schwart-

485 4436 698 4492 iacensi
724 4438 791 4490 ad
820 4438 960 4492 diem
990 4436 1025 4490 2
1054 4436 1251 4492 Martii.

557 4486 1418 4576 2'miibieéiiinréfiﬁdd'unum
1445 4506 1696 4574 idemque
1722 4517 1808 4563 est
1833 4524 1896 4563 ac
1922 4508 2075 4563 Plea-
2100 4486 2153 4544 Ῑ)

486 4576 878 4646 nungovillare,
900 4584 990 4646 est
1024 4576 1183 4646 hodie
1221 4578 1374 4633 vicus
1419 4576 1778 4646 Bliensvvilre,
1807 4580 1947 4633 inter
1976 4578 2072 4633 Se-

486 4644 772 4700 lestadium
802 4651 857 4719 et
881 4644 1252 4719 Andelaviam.
1293 4646 1371 4719 Ex
1413 4647 1516 4719 hac
1554 4644 1871 4719 villa,quam
1891 4655 2071 4703 tamen

487 4730 650 4769 unam
679 4714 1034 4784 eamdemque
1061 4730 1181 4784 esse
1213 4716 1389 4772 innuit
1426 4715 1585 4784 hujus
1618 4714 1821 4770 charm
1859 4733 2069 4781 sensus,

488 4784 626 4856 duas
653 4783 1312 4856 cpirnaturgschmptlinus,
1341 4783 1509 4856 Alsat.
1536 4784 1699 4856 illust.
1726 4796 1853 4841 tom.
1882 4788 1919 4849 I,
1948 4802 2069 4856 pag.

493 4854 596 4906 717
620 4863 674 4907 et
690 4853 813 4915 718,
837 4853 1219 4909 Dalschweiler
1240 4869 1313 4921 ex,
1330 4854 1769 4921 Bodolesvillare,
1792 4866 1847 4911 et
1868 4853 2075 4912 Btiens-

488 4924 641 4977 vvilre
672 4938 737 4976 ex
771 4922 1264 4978 Pleanunaovillare
1294 4920 1518 4977 faciens.

559 4992 586 5033 ἀ
606 4992 797 5063 _Hodie
820 4993 971 5047 vicus
994 4991 1378 5058 Dunnenheim,
1403 4991 1679 5063 pertinens
1704 4994 1771 5048 ad
1801 4993 2074 5049 abbatiam

489 5060 672 5132 Neobu
680 5076 944 5132 rgensem.

566 5143 589 5171 ε
630 5130 798 5203 Hodie
837 5130 1131 5200 Lipsheim,
1172 5130 1326 5186 vicus
1367 5139 1618 5202 spectans
1655 5131 1722 5184 ad
1762 5131 2073 5203 episcopum

490 5201 962 5308 Argentinensem.

629 5267 796 5308 "mih:
829 5269 960 5308 Win

628 5267 796 5340 Hodie
829 5269 1164 5332 Wittisheim,
1191 5268 1352 5340 vulgo
1376 5270 1606 5340 Witzen,
1636 5270 1786 5325 vicus
1815 5271 1882 5325 ad
1916 5285 2071 5326 eum-

490 5340 613 5395 dem
634 5339 956 5410 episcopum
988 5339 1434 5410 Argentinensem
1464 5339 1755 5410 pertinens.

566 5411 594 5449 κ
633 5407 803 5479 Hodie
832 5407 1147 5474 Criesbeint,
1175 5409 1327 5463 vicus
1362 5407 1576 5479 quoque
1599 5408 1937 5479 episcopatus
1969 5412 2075 5467 Ar—

530 5478 843 5533 entinensis.

530 5495 843 5533 enunensns.

493 5495 527 5549 ⁸
564 5548 590 5586 ιι
634 5547 803 5611 Hoba,
837 5548 949 5602 sive
981 5546 1153 5611 llube,
1182 5556 1265 5603 est
1294 5546 1490 5602 fundus
1525 5547 1782 5612 rusticus,
1812 5548 1926 5602 sive
1956 5564 2074 5603 mo-

493 5616 596 5689 diis
623 5618 883 5689 agricuiu
914 5618 1248 5689 habitatione
1275 5617 1469 5689 coloni.
1506 5616 1663 5689 vocis
1697 5618 2073 5689 etymologiam

493 5684 1043 5757 afﬁcrti'wachtems,
1093 5687 1355 5741 Glossarii
1393 5703 1517 5757 pag.
1557 5687 1680 5740 753.
1733 5684 1920 5740 Varias
1938 5684 2074 5754 eius

494 5756 917 5825 signiﬁcationes
945 5758 1272 5824 colli-gerunt
1302 5765 1355 5810 ct
1396 5757 1800 5812 illustraverunt
1835 5757 2072 5828 Potgics-

2174 1914 2395 1971 nostrae,
2440 1914 2501 1960 ut
2539 1906 2683 1977 ipsas
2719 1909 3169 1963 commutationes
3207 1909 3385 1963 denuo
3425 1924 3525 1979 per
3571 1918 3773 1964 nostra

2175 1997 2609 2053 mansuetudinis
2631 2006 2963 2069 praeceptum
3004 1999 3219 2069 plenius
3248 1999 3578 2056 conﬁrmare
3610 2002 3773 2056 debe-

2174 2106 2359 2148 remus
2379 2133 2393 2158 ,
2419 2102 2651 2163 quorum
2672 2094 3033 2165 petitionibus
3056 2096 3325 2166 denegare
3346 2096 3648 2160 noluimus,
3676 2097 3769 2152 sed

2177 2182 2320 2237 sicut
2346 2183 2640 2254 unicuique
2669 2184 2906 2240 ﬁdelium
2937 2195 3247 2242 nostrorum
3276 2187 3424 2256 juste
3450 2198 3507 2242 et
3532 2189 3771 2243 rationa-

2176 2274 2359 2329 biliter
2392 2275 2690 2344 petentium
2732 2276 2806 2330 ita
2844 2290 2945 2331 nos
2980 2277 3087 2332 illis
3126 2279 3488 2341 concessisse,
3520 2287 3685 2348 atque
3718 2278 3768 2332 in

2175 2364 2427 2419 omnibus
2461 2364 2815 2423 conﬁrmasse
2854 2370 3185 2437 cognoscite.
3214 2366 3609 2437 Prmcipientes
3642 2383 3768 2439 ergo

2169 2450 2431 2521 jubemus
2468 2460 2529 2507 ut
2572 2452 2836 2525 quidquid
2876 2470 3004 2524 pars
3042 2455 3189 2523 juste
3228 2464 3283 2510 ct
3322 2455 3573 2526 legaliter
3616 2455 3769 2510 alteri

2177 2542 2404 2598 contulit
2432 2544 2597 2613 parti,
2628 2544 2882 2617 deinceps
2912 2561 3009 2615 per
3034 2547 3175 2601 hanc
3205 2556 3451 2600 nostram
3483 2539 3770 2599 auctdrita-

2178 2640 2286 2685 tem
2307 2630 2432 2700 jure
2459 2632 2773 2689 ﬁrmissimo
2801 2643 2981 2689 teneat
3005 2643 3168 2705 atque
3192 2636 3503 2705 possideat,
3540 2644 3599 2689 et
3623 2636 3771 2706 quid~

2176 2724 2309 2793 quid
2333 2724 2527 2778 exinde
2564 2723 2746 2786 facere
2774 2726 3031 2790 voluerit,
3066 2711 3239 2781 libero
3272 2727 3329 2781 in
3373 2726 3631 2781 omnibus
3660 2743 3768 2797 per-

2177 2812 2394 2867 fruatur
2413 2814 2640 2869 arbitrio
2662 2814 2915 2871 faciendi.
2939 2816 3008 2871 Et
3028 2824 3087 2870 ut
3107 2817 3223 2871 hzee
3243 2816 3545 2871 auctoritas
3570 2816 3768 2870 ﬁrmior

2177 2904 2465 2968 habeatur,
2493 2911 2549 2958 et
2571 2920 2670 2974 per
2694 2903 2873 2960 futura
2907 2905 3370 2975 temporamelius
3398 2917 3763 2971 conservetur,

2179 2994 2247 3049 de
2277 2995 2478 3051 annulo
2506 3004 2694 3051 nostro
2720 2995 3183 3065 subterjussimus
3214 2990 3465 3066 sigillari.

2250 3083 2536 3145 Durandus
2558 3085 2819 3140 diaconus
2843 3085 2910 3140 ad
2934 3086 3104 3141 vicem
3131 3085 3402 3153 Fridugisi
3420 3086 3445 3124 ι
3462 3089 3762 3157 recognovi.

2104 3145 2148 3206 Ο
2250 3172 2498 3228 Data.....
2531 3172 2549 3212 ι
2577 3190 2742 3239 anno,
2777 3174 2996 3233 Christo
3032 3145 3530 3246 propitio,decimo
3564 3145 3764 3246 imperii

2180 3264 2363 3321 domni
2391 3265 2649 3322 Ludovici
2680 3268 2911 3339 piissimi
2948 3268 3198 3339 Augusti,
3242 3267 3543 3323 indictione
3574 3268 3764 3336 prima.

2179 3356 2379 3410 Actum
2409 3356 2818 3414 Franconofurd
2859 3358 3058 3429 palatio
3099 3359 3282 3431 regio,
3318 3358 3375 3413 in
3417 3357 3517 3412 Dei
3560 3360 3766 3414 nomine

2181 3443 2433 3501 feliciter.
2463 3446 2656 3503 Amen.

2179 3836 2285 3881 scr,
2318 3820 2384 3874 de
2414 3819 2569 3874 Statu
2595 3834 2905 3884 servorum,
2937 3821 3030 3875 lib.
3065 3837 3100 3882 ι,
3131 3838 3251 3893 cap.
3288 3823 3341 3888 4,
3380 3824 3526 3949 ἓὲο,
3566 3842 3621 3896 p.
3648 3826 3765 3893 227,

2181 3898 2235 3945 ct
2263 3888 2503 3949 Haltaus,
2532 3889 2790 3944 Glossarii
2821 3890 3127 3945 Germanici
3160 3908 3280 3949 Daa.
3314 3896 3382 3947 95
3452 3905 3510 3949 et
3538 3912 3654 3949 seu.

2181 3898 2235 3945 ct
2263 3888 2503 3961 Haltaus,
2529 3889 2790 3961 Glossarii
2821 3890 3127 3945 Germanici
3159 3888 3280 3961 pag.
3314 3888 3420 3949 959
3452 3888 3654 3961 ets-eq.

2260 3961 2308 4036 in
2324 3957 2492 4036 llodie
2520 3958 2835 4025 Plobsheim,
2863 3962 3141 4030 pertinens
3159 3957 3250 4017 ἐιιί
3278 3963 3387 4017 DD.
3414 3957 3691 4036 Kempdcr
3717 3978 3767 4021 et

2180 4028 2247 4083 de
2268 4028 2529 4082 Guntzer.

2254 4096 2267 4147 i
2314 4097 2674 4175 Goldmarcha
2697 4098 2871 4175 innuit
2894 4099 3241 4175 aurilegium,
3260 4117 3353 4156 seu
3372 4102 3466 4175 jus
3487 4105 3766 4175 colligendi

2178 4182 2407 4240 aurum,_
2434 4169 2576 4240 quod
2611 4167 2868 4222 Germani
2901 4167 3091 4240 dicunt
3120 4167 3465 4240 gotdwﬁséhe.
3507 4167 3767 4229 Jus‘iliud

2177 4239 2355 4291 adhuc
2396 4237 2556 4290 hodie
2590 4246 2846 4292 exercent
2895 4239 3102 4293 nobiles
3123 4237 3201 4293 'de
3240 4240 3487 4296 Giintzer
3524 4257 3579 4296 et
3612 4244 3766 4297 Kcm-

2177 4307 2314 4380 pllfer
2339 4308 2393 4360 in
2425 4308 2543 4375 ipso
2568 4308 2689 4380 vico
2711 4307 3018 4380 Plobsheim
3048 4310 3255 4380 ratione
3282 4310 3447 4374 feodi,
3475 4314 3621 4380 quod
3652 4331 3768 4380 pos.

2179 4376 2353 4453 sident
2403 4392 2432 4428 a
2458 4392 2625 4453 _rege.
2659 4375 3017 4453 Schmpﬁinus
3054 4379 3182 4453 loco
3224 4375 3588 4453 g0ldmaréha
3648 4375 3767 4453 legit

2181 4445 2537 4508 halzmarcha,
2561 4461 2681 4519 quae
2705 4455 2788 4499 est
2805 4449 2981 4519 portio
3023 4448 3171 4519 silva;
3210 4445 3275 4503 ad
3302 4451 3619 4519 Iignandum
3647 4445 3769 4507 clin-

2181 4530 2379 4577 cessze,
2427 4524 2487 4568 ut
2526 4530 2589 4567 ex
2632 4515 2760 4568 licat
2804 4515 3065 4570 llaltausii
3109 4515 3443 4573 Glossarium
3494 4520 3769 4575 Germani-

2181 4600 2326 4639 cum.
2358 4600 2479 4639 nae.
2510 4531 2633 4639 95f.

2180 4600 2326 4648 cum,
2358 4600 2479 4652 pag.
2510 4600 2633 4639 vos.

2672 4654 2889 4725 natione
2930 4652 3157 4725 Anglus,
3205 4657 3373 4711 abbas
3415 4658 3669 4711 ecclesize
3710 4660 3763 4712 S.

2183 4724 2777 4797 Martini__'l‘ur_onen_sis,
2808 4723 2941 4797 d_eiu_
2962 4723 3272 4797 Siihiensis,
3302 4728 3494 4780 eodem
3526 4736 3768 4797 tempus

2183 4793 2643 4867 quolielisacbar
2673 4794 2889 4867 in_aula
2920 4794 3176 4867 Ludovici
3216 4797 3567 4867 imperatoris
3606 4793 3768 4867 gessit

2184 4862 2417 4932 cilicium
2444 4864 2772 4927 cancellarii,
2798 4872 2852 4917 et
2878 4879 3049 4932 usque
3072 4864 3137 4918 ad
3161 4862 3360 4917 annum
3389 4865 3517 4918 852.

2263 4930 2280 4970 1
2325 4932 2505 4986 Deleta
2542 4940 2625 4985 est
2667 4933 2772 4987 diei
2809 4940 2862 4987 et
2901 4930 3101 4987 mensis
3136 4942 3279 4987 nota.
3316 4934 3420 4988 Sed
3462 4949 3609 4987 anno
3642 4935 3762 4997 835.

2183 5018 2367 5055 mense
2392 5002 2528 5056 Maio
2547 5003 2955 5061 Franconofurti
2979 5012 3303 5057 conventum
3327 5004 3571 5063 habitum
3597 5003 3764 5059 fuisse

2182 5088 2210 5143 τ]
2248 5071 2520 5126 Ludovico
2558 5071 2651 5126 l’io
2692 5081 2959 5143 testantur
2980 5072 3220 5143 Annales
3257 5072 3587 5143 Eginhariii,
3628 5075 3763 5143 apud

2180 5141 2536 5222 Bouquetum,
2568 5150 2696 5196 tom.
2730 5140 2818 5206 Vl,
2851 5156 2904 5209 p.
2936 5140 3631 5265 ίεῖμιιιληεσεύοιιιηιίηἱε,
3664 5140 3760 5195 col.

2181 5210 2341 5265 4301.
2381 5211 2561 5265 ibique
2606 5211 2780 5264 adhuc
2810 5225 2994 5265 mense
3078 5228 3203 5265 umo
3243 5227 3614 5265 commorasse
3643 5227 3760 5265 nro-

2181 5210 2341 5280 §30),
2381 5211 2561 5280 ibique
2606 5211 2780 5264 adhuc
2810 5225 2994 5265 mense
3044 5210 3203 5267 Iunio
3243 5227 3614 5269 commorasse
3643 5227 3764 5280 Ρτο-

2180 5278 2312 5351 bant
2357 5278 2595 5348 ejusdem
2640 5282 2982 5351 imperatoris
3029 5281 3321 5350 diplomata
3372 5296 3473 5351 pro
3528 5278 3762 5351 abbatiis

2180 5295 2312 5333 nant
2357 5295 2595 5348 ejusdem
2640 5295 2712 5334 im
2753 5295 2982 5341 cratem
3029 5295 3321 5350 (liplOlllala
3372 5296 3473 5351 pro
3528 5295 3759 5335 anmuts

2180 5347 2510 5419 Gregoriana
2578 5358 2632 5403 et
2698 5295 3006 5404 ngasoniana
3056 5352 3239 5405 relatis
3293 5366 3322 5404 a
3386 5348 3759 5419 Schaepflino,

2177 5418 2348 5489 Alsat.
2385 5418 2603 5489 diplgm.
2643 5427 2772 5489 tum.
2804 5418 2851 5483 Ι,
2890 5435 3009 5489 pag.
3039 5421 3107 5475 69
3147 5430 3199 5473 et
3230 5420 3315 5475 70.
3360 5420 3433 5473 De
3463 5418 3668 5489 insigni
3701 5435 3761 5474 ac

2180 5435 2348 5471 msat.
2385 5435 2603 5487 cipiom.
2643 5435 2772 5472 tum.
2804 5435 2851 5483 ι,
2928 5436 2952 5472 a
2998 5435 3107 5475 ,ου
3147 5435 3199 5473 et
3239 5435 3315 5475 lU.
3362 5435 3433 5473 ue
3463 5436 3668 5489 lnSlgnl
3701 5435 3759 5474 ac

2180 5488 2461 5560 splendido
2486 5486 2826 5560 Franepi‘urti
2849 5435 2923 5542 ad)
2938 5437 3171 5544 bimum
3195 5491 3393 5559 palatio
3416 5490 3566 5560 regio
3594 5500 3759 5560 agunt

2226 5571 2497 5631 ermanns,
2530 5559 2669 5631 apud
2696 5557 3055 5631 Mabillonem,
3084 5560 3151 5631 de
3181 5557 3264 5631 Reg
3286 5557 3530 5631 diplorni,
3551 5557 3658 5631 lib.
3689 5574 3754 5631 iv.

2177 5640 2297 5749 pag.
2338 5627 2474 5750 l2'33,
2526 5625 2920 5749 et413§ssclius,
2972 5629 3027 5683 in
3070 5625 3357 5685 Clironico'
3388 5629 3753 5691 Gotwinensi,

2200 5712 2307 5750 om.
2398 5710 2564 5750 .naa.
2644 5713 2717 5748 ι.

2200 5712 2307 5750 om.
2339 5710 2411 5759 II,
2446 5710 2564 5767 pag.
2598 5710 2717 5749 4m.
