  <div class='ocr_page' id='page_1' title='image "/cluster/home/n/w/nwhite01/storage/ocr_20150623/104/uva.x000827061/570.png"; bbox 0 0 3936 6348; ppageno 0'>
   <div class='ocr_carea' id='block_1_1' title="bbox 186 370 329 424">
    <p class='ocr_par' dir='ltr' id='par_1_1' title="bbox 186 370 329 424">
     <span class='ocr_line' id='line_1_1' title="bbox 186 370 329 424; baseline 0 0"><span class='ocrx_word' id='word_1_1' title='bbox 186 370 329 424; x_wconf 69' lang='grc' dir='ltr'><strong>Ηὶδ</strong></span> 
     </span>
    </p>
   </div>
   <div class='ocr_carea' id='block_1_2' title="bbox 926 488 1037 544">
    <p class='ocr_par' dir='ltr' id='par_1_2' title="bbox 926 488 1037 544">
     <span class='ocr_line' id='line_1_2' title="bbox 926 488 1037 544; baseline -0.018 -1"><span class='ocrx_word' id='word_1_2' title='bbox 926 488 1037 544; x_wconf 78' lang='lat' dir='ltr'><strong>CX.</strong></span> 
     </span>
    </p>
   </div>
   <div class='ocr_carea' id='block_1_3' title="bbox 181 590 1247 635">
    <p class='ocr_par' dir='ltr' id='par_1_3' title="bbox 181 590 1247 635">
     <span class='ocr_line' id='line_1_3' title="bbox 181 590 1247 635; baseline 0.007 -8"><span class='ocrx_word' id='word_1_3' title='bbox 181 590 291 629; x_wconf 74' lang='lat' dir='ltr'><strong>PRO</strong></span> <span class='ocrx_word' id='word_1_4' title='bbox 329 591 662 634; x_wconf 64' lang='lat' dir='ltr'><strong>IONASTERIO</strong></span> <span class='ocrx_word' id='word_1_5' title='bbox 697 593 911 634; x_wconf 62' lang='lat' dir='ltr'><strong>SANCT£</strong></span> <span class='ocrx_word' id='word_1_6' title='bbox 960 594 1153 635; x_wconf 63' lang='grc' dir='ltr'><strong>ΕΒΑΤᾹ</strong></span> <span class='ocrx_word' id='word_1_7' title='bbox 1194 595 1247 635; x_wconf 60' lang='grc' dir='ltr'><strong>ιιι</strong></span> 
     </span>
    </p>
   </div>
   <div class='ocr_carea' id='block_1_4' title="bbox 862 665 1033 704">
    <p class='ocr_par' dir='ltr' id='par_1_4' title="bbox 862 665 1033 704">
     <span class='ocr_line' id='line_1_4' title="bbox 862 665 1033 704; baseline -0.006 0"><span class='ocrx_word' id='word_1_8' title='bbox 862 665 1033 704; x_wconf 66' lang='grc' dir='ltr'>ιεκςι.</span> 
     </span>
    </p>
   </div>
   <div class='ocr_carea' id='block_1_5' title="bbox 783 739 1143 812">
    <p class='ocr_par' dir='ltr' id='par_1_5' title="bbox 783 739 1143 812">
     <span class='ocr_line' id='line_1_5' title="bbox 783 739 1143 812; baseline 0.008 -20"><span class='ocrx_word' id='word_1_9' title='bbox 783 739 955 811; x_wconf 82' lang='lat' dir='ltr'><strong>(Anno</strong></span> <span class='ocrx_word' id='word_1_10' title='bbox 993 740 1143 812; x_wconf 73' lang='lat'><strong>825.)</strong></span> 
     </span>
    </p>
   </div>
   <div class='ocr_carea' id='block_1_6' title="bbox 179 822 1758 913">
    <p class='ocr_par' dir='ltr' id='par_1_6' title="bbox 179 822 1758 913">
     <span class='ocr_line' id='line_1_6' title="bbox 179 822 1758 913; baseline 0.01 -35"><span class='ocrx_word' id='word_1_11' title='bbox 179 822 362 896; x_wconf 80' lang='lat' dir='ltr'><strong>[Apud</strong></span> <span class='ocrx_word' id='word_1_12' title='bbox 393 827 691 892; x_wconf 78' lang='lat' dir='ltr'><strong>Baluzium,</strong></span> <span class='ocrx_word' id='word_1_13' title='bbox 720 830 773 883; x_wconf 88' lang='lat' dir='ltr'><strong>in</strong></span> <span class='ocrx_word' id='word_1_14' title='bbox 804 830 937 901; x_wconf 84' lang='lat' dir='ltr'><strong>App.</strong></span> <span class='ocrx_word' id='word_1_15' title='bbox 964 832 1033 885; x_wconf 82' lang='lat' dir='ltr'><strong>ad</strong></span> <span class='ocrx_word' id='word_1_16' title='bbox 1064 832 1233 887; x_wconf 77' lang='lat' dir='ltr'><strong>Marc.</strong></span> <span class='ocrx_word' id='word_1_17' title='bbox 1260 833 1438 906; x_wconf 81' lang='lat' dir='ltr'><strong>Hisp.,</strong></span> <span class='ocrx_word' id='word_1_18' title='bbox 1463 853 1582 908; x_wconf 86' lang='lat' dir='ltr'><strong>pag.</strong></span> <span class='ocrx_word' id='word_1_19' title='bbox 1609 840 1758 913; x_wconf 86' lang='lat'><strong>767.]</strong></span> 
     </span>
    </p>
   </div>
   <div class='ocr_carea' id='block_1_7' title="bbox 252 938 1759 1005">
    <p class='ocr_par' dir='ltr' id='par_1_7' title="bbox 252 938 1759 1005">
     <span class='ocr_line' id='line_1_7' title="bbox 252 938 1759 1005; baseline 0.009 -14"><span class='ocrx_word' id='word_1_20' title='bbox 252 938 311 991; x_wconf 85' lang='lat' dir='ltr'><strong>In</strong></span> <span class='ocrx_word' id='word_1_21' title='bbox 343 939 557 993; x_wconf 87' lang='lat' dir='ltr'><strong>nomine</strong></span> <span class='ocrx_word' id='word_1_22' title='bbox 588 939 797 994; x_wconf 78' lang='lat' dir='ltr'><strong>Domini</strong></span> <span class='ocrx_word' id='word_1_23' title='bbox 844 941 939 995; x_wconf 88' lang='lat' dir='ltr'><strong>Dei</strong></span> <span class='ocrx_word' id='word_1_24' title='bbox 981 950 1036 996; x_wconf 91' lang='lat' dir='ltr'><strong>et</strong></span> <span class='ocrx_word' id='word_1_25' title='bbox 1081 942 1381 1001; x_wconf 89' lang='lat' dir='ltr'><strong>Salvatoris</strong></span> <span class='ocrx_word' id='word_1_26' title='bbox 1412 950 1583 1004; x_wconf 79' lang='lat' dir='ltr'><strong>nostri</strong></span> <span class='ocrx_word' id='word_1_27' title='bbox 1628 949 1759 1005; x_wconf 80' lang='lat' dir='ltr'><strong>Jesu</strong></span> 
     </span>
    </p>
   </div>
   <div class='ocr_carea' id='block_1_8' title="bbox 176 1023 1755 1105">
    <p class='ocr_par' dir='ltr' id='par_1_8' title="bbox 176 1023 1755 1105">
     <span class='ocr_line' id='line_1_8' title="bbox 176 1023 1755 1105; baseline 0.011 -27"><span class='ocrx_word' id='word_1_28' title='bbox 176 1023 409 1092; x_wconf 76' lang='lat' dir='ltr'><strong>Christi,</strong></span> <span class='ocrx_word' id='word_1_29' title='bbox 441 1027 747 1083; x_wconf 84' lang='lat' dir='ltr'><strong>Ludovicus</strong></span> <span class='ocrx_word' id='word_1_30' title='bbox 774 1028 956 1085; x_wconf 83' lang='lat' dir='ltr'><strong>divina</strong></span> <span class='ocrx_word' id='word_1_31' title='bbox 973 1033 1263 1090; x_wconf 75' lang='lat' dir='ltr'><strong>ordinante</strong></span> <span class='ocrx_word' id='word_1_32' title='bbox 1290 1038 1630 1105; x_wconf 72' lang='lat' dir='ltr'><strong>providentia</strong></span> <span class='ocrx_word' id='word_1_33' title='bbox 1656 1042 1755 1094; x_wconf 88' lang='lat' dir='ltr'><strong>im-</strong></span> 
     </span>
    </p>
   </div>
   <div class='ocr_carea' id='block_1_9' title="bbox 175 1118 719 1188">
    <p class='ocr_par' dir='ltr' id='par_1_9' title="bbox 175 1118 719 1188">
     <span class='ocr_line' id='line_1_9' title="bbox 175 1118 719 1188; baseline 0.015 -24"><span class='ocrx_word' id='word_1_34' title='bbox 175 1125 399 1183; x_wconf 77' lang='lat' dir='ltr'><strong>perator</strong></span> <span class='ocrx_word' id='word_1_35' title='bbox 422 1118 719 1188; x_wconf 79' lang='lat' dir='ltr'><strong>Augustus.</strong></span> 
     </span>
    </p>
   </div>
   <div class='ocr_carea' id='block_1_10' title="bbox 241 1206 1759 1291">
    <p class='ocr_par' dir='ltr' id='par_1_10' title="bbox 241 1206 1759 1291">
     <span class='ocr_line' id='line_1_10' title="bbox 241 1206 1759 1291; baseline 0.01 -30"><span class='ocrx_word' id='word_1_36' title='bbox 241 1206 300 1261; x_wconf 89' lang='lat' dir='ltr'><strong>Si</strong></span> <span class='ocrx_word' id='word_1_37' title='bbox 316 1208 458 1263; x_wconf 88' lang='lat' dir='ltr'><strong>illius</strong></span> <span class='ocrx_word' id='word_1_38' title='bbox 471 1224 653 1264; x_wconf 88' lang='lat' dir='ltr'><strong>amore</strong></span> <span class='ocrx_word' id='word_1_39' title='bbox 666 1211 819 1280; x_wconf 86' lang='lat' dir='ltr'><strong>cujus</strong></span> <span class='ocrx_word' id='word_1_40' title='bbox 833 1227 1055 1269; x_wconf 87' lang='lat' dir='ltr'><strong>munere</strong></span> <span class='ocrx_word' id='word_1_41' title='bbox 1069 1216 1283 1271; x_wconf 63' lang='lat' dir='ltr'><strong>caeteris</strong></span> <span class='ocrx_word' id='word_1_42' title='bbox 1292 1219 1611 1274; x_wconf 85' lang='lat' dir='ltr'><strong>mortalibus</strong></span> <span class='ocrx_word' id='word_1_43' title='bbox 1624 1237 1759 1291; x_wconf 74' lang='lat' dir='ltr'><strong>pra:-</strong></span> 
     </span>
    </p>
   </div>
   <div class='ocr_carea' id='block_1_11' title="bbox 175 1295 1756 1377">
    <p class='ocr_par' dir='ltr' id='par_1_11' title="bbox 175 1295 1756 1377">
     <span class='ocr_line' id='line_1_11' title="bbox 175 1295 1756 1377; baseline 0.012 -27"><span class='ocrx_word' id='word_1_44' title='bbox 175 1295 276 1351; x_wconf 89' lang='lat' dir='ltr'><strong>lati</strong></span> <span class='ocrx_word' id='word_1_45' title='bbox 300 1314 489 1354; x_wconf 90' lang='lat' dir='ltr'><strong>sumus</strong></span> <span class='ocrx_word' id='word_1_46' title='bbox 500 1299 849 1369; x_wconf 87' lang='lat' dir='ltr'><strong>petitionibus</strong></span> <span class='ocrx_word' id='word_1_47' title='bbox 865 1316 1146 1360; x_wconf 86' lang='lat' dir='ltr'><strong>servorum</strong></span> <span class='ocrx_word' id='word_1_48' title='bbox 1169 1308 1266 1363; x_wconf 87' lang='lat' dir='ltr'><strong>Dei</strong></span> <span class='ocrx_word' id='word_1_49' title='bbox 1271 1308 1433 1377; x_wconf 86' lang='lat' dir='ltr'><strong>justis</strong></span> <span class='ocrx_word' id='word_1_50' title='bbox 1446 1320 1501 1366; x_wconf 91' lang='lat' dir='ltr'><strong>et</strong></span> <span class='ocrx_word' id='word_1_51' title='bbox 1518 1314 1756 1368; x_wconf 83' lang='lat' dir='ltr'><strong>rationa-</strong></span> 
     </span>
    </p>
   </div>
   <div class='ocr_carea' id='block_1_12' title="bbox 172 1384 1751 1459">
    <p class='ocr_par' dir='ltr' id='par_1_12' title="bbox 172 1384 1751 1459">
     <span class='ocr_line' id='line_1_12' title="bbox 172 1384 1751 1459; baseline 0.013 -20"><span class='ocrx_word' id='word_1_52' title='bbox 172 1384 377 1443; x_wconf 89' lang='lat' dir='ltr'><strong>bilibus</strong></span> <span class='ocrx_word' id='word_1_53' title='bbox 400 1392 704 1456; x_wconf 84' lang='lat' dir='ltr'><strong>annuimus,</strong></span> <span class='ocrx_word' id='word_1_54' title='bbox 720 1402 775 1447; x_wconf 90' lang='lat' dir='ltr'><strong>et</strong></span> <span class='ocrx_word' id='word_1_55' title='bbox 800 1393 915 1449; x_wconf 87' lang='lat' dir='ltr'><strong>loca</strong></span> <span class='ocrx_word' id='word_1_56' title='bbox 942 1395 1124 1451; x_wconf 90' lang='lat' dir='ltr'><strong>divino</strong></span> <span class='ocrx_word' id='word_1_57' title='bbox 1137 1396 1417 1456; x_wconf 70' lang='lat' dir='ltr'><strong>famulatui</strong></span> <span class='ocrx_word' id='word_1_58' title='bbox 1432 1414 1751 1459; x_wconf 87' lang='lat' dir='ltr'><strong>consecrata</strong></span> 
     </span>
    </p>
   </div>
   <div class='ocr_carea' id='block_1_13' title="bbox 169 1481 1748 1550">
    <p class='ocr_par' dir='ltr' id='par_1_13' title="bbox 169 1481 1748 1550">
     <span class='ocr_line' id='line_1_13' title="bbox 169 1481 1748 1550; baseline 0.011 -18"><span class='ocrx_word' id='word_1_59' title='bbox 169 1481 433 1550; x_wconf 78' lang='lat' dir='ltr'><strong>congruis</strong></span> <span class='ocrx_word' id='word_1_60' title='bbox 455 1482 835 1539; x_wconf 67' lang='lat' dir='ltr'><strong>muniﬁcentiae</strong></span> <span class='ocrx_word' id='word_1_61' title='bbox 866 1494 1065 1542; x_wconf 79' lang='lat' dir='ltr'><strong>nostrae</strong></span> <span class='ocrx_word' id='word_1_62' title='bbox 1100 1489 1378 1546; x_wconf 88' lang='lat' dir='ltr'><strong>beneﬁciis</strong></span> <span class='ocrx_word' id='word_1_63' title='bbox 1408 1494 1476 1546; x_wconf 87' lang='lat' dir='ltr'><strong>ad</strong></span> <span class='ocrx_word' id='word_1_64' title='bbox 1503 1495 1748 1550; x_wconf 85' lang='lat' dir='ltr'><strong>divinum</strong></span> 
     </span>
    </p>
   </div>
   <div class='ocr_carea' id='block_1_14' title="bbox 168 1570 1749 1655">
    <p class='ocr_par' dir='ltr' id='par_1_14' title="bbox 168 1570 1749 1655">
     <span class='ocr_line' id='line_1_14' title="bbox 168 1570 1749 1655; baseline 0.013 -33"><span class='ocrx_word' id='word_1_65' title='bbox 168 1570 382 1625; x_wconf 90' lang='lat' dir='ltr'><strong>cultum</strong></span> <span class='ocrx_word' id='word_1_66' title='bbox 424 1574 642 1628; x_wconf 87' lang='lat' dir='ltr'><strong>uberius</strong></span> <span class='ocrx_word' id='word_1_67' title='bbox 687 1578 1084 1646; x_wconf 79' lang='lat' dir='ltr'><strong>exsequendum</strong></span> <span class='ocrx_word' id='word_1_68' title='bbox 1132 1596 1290 1650; x_wconf 91' lang='lat' dir='ltr'><strong>opem</strong></span> <span class='ocrx_word' id='word_1_69' title='bbox 1323 1582 1573 1650; x_wconf 91' lang='lat' dir='ltr'><strong>ferimus,</strong></span> <span class='ocrx_word' id='word_1_70' title='bbox 1608 1600 1749 1655; x_wconf 66' lang='lat' dir='ltr'><strong>prte-</strong></span> 
     </span>
    </p>
   </div>
   <div class='ocr_carea' id='block_1_15' title="bbox 169 1662 1745 1732">
    <p class='ocr_par' dir='ltr' id='par_1_15' title="bbox 169 1662 1745 1732">
     <span class='ocr_line' id='line_1_15' title="bbox 169 1662 1745 1732; baseline 0.012 -19"><span class='ocrx_word' id='word_1_71' title='bbox 169 1662 343 1715; x_wconf 89' lang='lat' dir='ltr'><strong>mium</strong></span> <span class='ocrx_word' id='word_1_72' title='bbox 370 1678 469 1717; x_wconf 87' lang='lat' dir='ltr'><strong>nos</strong></span> <span class='ocrx_word' id='word_1_73' title='bbox 493 1678 522 1716; x_wconf 92' lang='lat' dir='ltr'><strong>a</strong></span> <span class='ocrx_word' id='word_1_74' title='bbox 553 1664 781 1720; x_wconf 88' lang='lat' dir='ltr'><strong>Domino</strong></span> <span class='ocrx_word' id='word_1_75' title='bbox 809 1671 1145 1724; x_wconf 84' lang='lat' dir='ltr'><strong>remunerari</strong></span> <span class='ocrx_word' id='word_1_76' title='bbox 1191 1670 1427 1727; x_wconf 89' lang='lat' dir='ltr'><strong>ﬁdeliter</strong></span> <span class='ocrx_word' id='word_1_77' title='bbox 1450 1676 1745 1732; x_wconf 84' lang='lat' dir='ltr'><strong>credimus.</strong></span> 
     </span>
    </p>
   </div>
   <div class='ocr_carea' id='block_1_16' title="bbox 165 1747 1743 1832">
    <p class='ocr_par' dir='ltr' id='par_1_16' title="bbox 165 1747 1743 1832">
     <span class='ocr_line' id='line_1_16' title="bbox 165 1747 1743 1832; baseline 0.012 -31"><span class='ocrx_word' id='word_1_78' title='bbox 165 1747 342 1819; x_wconf 79' lang='lat' dir='ltr'><strong>Igitur</strong></span> <span class='ocrx_word' id='word_1_79' title='bbox 387 1752 455 1806; x_wconf 89' lang='lat' dir='ltr'><strong>ad</strong></span> <span class='ocrx_word' id='word_1_80' title='bbox 503 1753 779 1809; x_wconf 66' lang='lat' dir='ltr'><strong>industriae</strong></span> <span class='ocrx_word' id='word_1_81' title='bbox 829 1758 1073 1811; x_wconf 79' lang='lat' dir='ltr'><strong>notitiam</strong></span> <span class='ocrx_word' id='word_1_82' title='bbox 1117 1760 1353 1815; x_wconf 85' lang='lat' dir='ltr'><strong>ﬁdelium</strong></span> <span class='ocrx_word' id='word_1_83' title='bbox 1412 1774 1743 1832; x_wconf 86' lang='lat' dir='ltr'><strong>nostrorum,</strong></span> 
     </span>
    </p>
   </div>
   <div class='ocr_carea' id='block_1_17' title="bbox 1294 596 1761 638">
    <p class='ocr_par' dir='ltr' id='par_1_17' title="bbox 1294 596 1761 638">
     <span class='ocr_line' id='line_1_17' title="bbox 1294 596 1761 638; baseline 0.006 -3"><span class='ocrx_word' id='word_1_84' title='bbox 1294 596 1520 637; x_wconf 71' lang='grc' dir='ltr'>ιιιαεεεει</span> <span class='ocrx_word' id='word_1_85' title='bbox 1560 599 1761 638; x_wconf 76' lang='lat' dir='ltr'><strong>URCEL-</strong></span> 
     </span>
    </p>
   </div>
   <div class='ocr_carea' id='block_1_18' title="bbox 1726 0 3511 61">
    <p class='ocr_par' dir='ltr' id='par_1_18' title="bbox 1730 5 3511 57">
     <span class='ocr_line' id='line_1_18' title="bbox 1730 5 3511 57; baseline 0.007 -10"><span class='ocrx_word' id='word_1_86' title='bbox 1730 5 3075 57; x_wconf 54' lang='grc' dir='ltr'><em>υ</em></span> <span class='ocrx_word' id='word_1_87' title='bbox 3172 32 3215 51; x_wconf 31' lang='grc' dir='ltr'><strong>νγ</strong></span> <span class='ocrx_word' id='word_1_88' title='bbox 3456 50 3511 53; x_wconf 26' lang='grc' dir='ltr'><em>Α</em></span> 
     </span>
    </p>
   </div>
   <div class='ocr_carea' id='block_1_19' title="bbox 1302 375 3471 477">
    <p class='ocr_par' dir='ltr' id='par_1_19' title="bbox 1302 375 3471 477">
     <span class='ocr_line' id='line_1_19' title="bbox 1302 375 3471 477; baseline 0.015 -47"><span class='ocrx_word' id='word_1_89' title='bbox 1302 375 1694 434; x_wconf 78' lang='lat' dir='ltr'><strong>DlPLOMATA</strong></span> <span class='ocrx_word' id='word_1_90' title='bbox 1737 378 2263 441; x_wconf 71' lang='lat' dir='ltr'><strong>ECCLESIASTICA</strong></span> <span class='ocrx_word' id='word_1_91' title='bbox 2275 424 2289 443; x_wconf 93' lang='lat'><strong>.</strong></span> <span class='ocrx_word' id='word_1_92' title='bbox 3294 412 3324 458; x_wconf 69' lang='grc' dir='ltr'>Ἰ</span> <span class='ocrx_word' id='word_1_93' title='bbox 3344 404 3440 461; x_wconf 69' lang='grc'><strong>126</strong></span> <span class='ocrx_word' id='word_1_94' title='bbox 3460 464 3471 477; x_wconf 55' lang='grc'><strong><em>,</em></strong></span> 
     </span>
    </p>
   </div>
   <div class='ocr_carea' id='block_1_20' title="bbox 1793 494 3437 589">
    <p class='ocr_par' dir='ltr' id='par_1_20' title="bbox 1793 494 3437 589">
     <span class='ocr_line' id='line_1_20' title="bbox 1793 494 3437 589; baseline 0.019 -46"><span class='ocrx_word' id='word_1_95' title='bbox 1793 496 1839 554; x_wconf 84' lang='grc' dir='ltr'><strong>Α</strong></span> <span class='ocrx_word' id='word_1_96' title='bbox 1871 494 2062 549; x_wconf 82' lang='lat' dir='ltr'><strong>nacbis</strong></span> <span class='ocrx_word' id='word_1_97' title='bbox 2102 511 2166 551; x_wconf 78' lang='lat' dir='ltr'><strong>ex</strong></span> <span class='ocrx_word' id='word_1_98' title='bbox 2198 500 2454 566; x_wconf 71' lang='lat' dir='ltr'><strong>prmdicto</strong></span> <span class='ocrx_word' id='word_1_99' title='bbox 2495 507 2825 563; x_wconf 83' lang='lat' dir='ltr'><strong>monasterio</strong></span> <span class='ocrx_word' id='word_1_100' title='bbox 2854 508 2971 565; x_wconf 87' lang='lat' dir='ltr'><strong>ﬁeri</strong></span> <span class='ocrx_word' id='word_1_101' title='bbox 3011 510 3306 583; x_wconf 79' lang='lat' dir='ltr'><strong>iussimus;</strong></span> <span class='ocrx_word' id='word_1_102' title='bbox 3341 536 3437 589; x_wconf 82' lang='lat' dir='ltr'><strong>per</strong></span> 
     </span>
    </p>
   </div>
   <div class='ocr_carea' id='block_1_21' title="bbox 1866 585 3437 667">
    <p class='ocr_par' dir='ltr' id='par_1_21' title="bbox 1866 585 3437 667">
     <span class='ocr_line' id='line_1_21' title="bbox 1866 585 3437 667; baseline 0.021 -33"><span class='ocrx_word' id='word_1_103' title='bbox 1866 597 2002 651; x_wconf 83' lang='lat' dir='ltr'><strong>quas</strong></span> <span class='ocrx_word' id='word_1_104' title='bbox 2046 585 2295 643; x_wconf 85' lang='lat' dir='ltr'><strong>ﬁdelibus</strong></span> <span class='ocrx_word' id='word_1_105' title='bbox 2330 593 2531 647; x_wconf 86' lang='lat' dir='ltr'><strong>nostris</strong></span> <span class='ocrx_word' id='word_1_106' title='bbox 2576 606 2763 651; x_wconf 90' lang='lat' dir='ltr'><strong>notum</strong></span> <span class='ocrx_word' id='word_1_107' title='bbox 2803 599 2919 654; x_wconf 85' lang='lat' dir='ltr'><strong>ﬁeri</strong></span> <span class='ocrx_word' id='word_1_108' title='bbox 2949 604 3200 661; x_wconf 87' lang='lat' dir='ltr'><strong>volumus</strong></span> <span class='ocrx_word' id='word_1_109' title='bbox 3229 617 3287 663; x_wconf 90' lang='lat' dir='ltr'><strong>ut</strong></span> 
     </span>
    </p>
   </div>
   <div class='ocr_carea' id='block_1_22' title="bbox 1864 682 3442 769">
    <p class='ocr_par' dir='ltr' id='par_1_22' title="bbox 1864 682 3442 769">
     <span class='ocr_line' id='line_1_22' title="bbox 1864 682 3442 769; baseline 0.02 -46"><span class='ocrx_word' id='word_1_110' title='bbox 1864 682 2131 729; x_wconf 86' lang='lat' dir='ltr'><strong>moratum</strong></span> <span class='ocrx_word' id='word_1_111' title='bbox 2180 683 2565 736; x_wconf 74' lang='lat' dir='ltr'><strong>monasterium</strong></span> <span class='ocrx_word' id='word_1_112' title='bbox 2608 700 2732 740; x_wconf 91' lang='lat' dir='ltr'><strong>cum</strong></span> <span class='ocrx_word' id='word_1_113' title='bbox 2778 689 2999 757; x_wconf 63' lang='lat' dir='ltr'><strong>pricfata</strong></span> <span class='ocrx_word' id='word_1_114' title='bbox 3035 694 3225 749; x_wconf 89' lang='lat' dir='ltr'><strong>cellula</strong></span> <span class='ocrx_word' id='word_1_115' title='bbox 3255 707 3310 752; x_wconf 90' lang='lat' dir='ltr'><strong>et</strong></span> <span class='ocrx_word' id='word_1_116' title='bbox 3350 716 3442 769; x_wconf 87' lang='lat' dir='ltr'><strong>ap-</strong></span> 
     </span>
    </p>
   </div>
   <div class='ocr_carea' id='block_1_23' title="bbox 1863 765 3439 853">
    <p class='ocr_par' dir='ltr' id='par_1_23' title="bbox 1863 765 3439 853">
     <span class='ocr_line' id='line_1_23' title="bbox 1863 765 3439 853; baseline 0.017 -37"><span class='ocrx_word' id='word_1_117' title='bbox 1863 765 2128 833; x_wconf 84' lang='lat' dir='ltr'><strong>pendiciis</strong></span> <span class='ocrx_word' id='word_1_118' title='bbox 2162 769 2276 823; x_wconf 86' lang='lat' dir='ltr'><strong>suis</strong></span> <span class='ocrx_word' id='word_1_119' title='bbox 2303 771 2389 823; x_wconf 86' lang='lat' dir='ltr'><strong>vel</strong></span> <span class='ocrx_word' id='word_1_120' title='bbox 2418 775 2627 828; x_wconf 86' lang='lat' dir='ltr'><strong>cunctis</strong></span> <span class='ocrx_word' id='word_1_121' title='bbox 2672 777 2851 840; x_wconf 77' lang='lat' dir='ltr'><strong>rebus,</strong></span> <span class='ocrx_word' id='word_1_122' title='bbox 2898 780 3038 835; x_wconf 85' lang='lat' dir='ltr'><strong>sicut</strong></span> <span class='ocrx_word' id='word_1_123' title='bbox 3067 786 3319 853; x_wconf 74' lang='lat' dir='ltr'><strong>superius</strong></span> <span class='ocrx_word' id='word_1_124' title='bbox 3347 765 3439 842; x_wconf 79' lang='lat' dir='ltr'><strong>in-</strong></span> 
     </span>
    </p>
   </div>
   <div class='ocr_carea' id='block_1_24' title="bbox 1861 862 3441 943">
    <p class='ocr_par' dir='ltr' id='par_1_24' title="bbox 1861 862 3441 943">
     <span class='ocr_line' id='line_1_24' title="bbox 1861 862 3441 943; baseline 0.018 -38"><span class='ocrx_word' id='word_1_125' title='bbox 1861 862 2064 908; x_wconf 83' lang='lat' dir='ltr'><strong>sertum</strong></span> <span class='ocrx_word' id='word_1_126' title='bbox 2092 865 2190 911; x_wconf 77' lang='lat' dir='ltr'><strong>est</strong></span> <span class='ocrx_word' id='word_1_127' title='bbox 2212 897 2229 922; x_wconf 90' lang='lat'><strong>,</strong></span> <span class='ocrx_word' id='word_1_128' title='bbox 2255 869 2501 914; x_wconf 84' lang='lat' dir='ltr'><strong>nostrum</strong></span> <span class='ocrx_word' id='word_1_129' title='bbox 2531 865 2811 932; x_wconf 83' lang='lat' dir='ltr'><strong>proprium</strong></span> <span class='ocrx_word' id='word_1_130' title='bbox 2848 882 2968 923; x_wconf 87' lang='lat' dir='ltr'><strong>esse</strong></span> <span class='ocrx_word' id='word_1_131' title='bbox 3005 886 3350 943; x_wconf 76' lang='lat' dir='ltr'><strong>cognoscant,</strong></span> <span class='ocrx_word' id='word_1_132' title='bbox 3383 892 3441 933; x_wconf 91' lang='lat' dir='ltr'><strong>et</strong></span> 
     </span>
    </p>
   </div>
   <div class='ocr_carea' id='block_1_25' title="bbox 1860 944 3440 1023">
    <p class='ocr_par' dir='ltr' id='par_1_25' title="bbox 1860 944 3440 1023">
     <span class='ocr_line' id='line_1_25' title="bbox 1860 944 3440 1023; baseline 0.018 -28"><span class='ocrx_word' id='word_1_133' title='bbox 1860 944 1962 996; x_wconf 89' lang='lat' dir='ltr'><strong>sub</strong></span> <span class='ocrx_word' id='word_1_134' title='bbox 1999 954 2183 1000; x_wconf 89' lang='lat' dir='ltr'><strong>nostra</strong></span> <span class='ocrx_word' id='word_1_135' title='bbox 2233 948 2545 1006; x_wconf 79' lang='lat' dir='ltr'><strong>defensione</strong></span> <span class='ocrx_word' id='word_1_136' title='bbox 2592 961 2756 1022; x_wconf 87' lang='lat' dir='ltr'><strong>atque</strong></span> <span class='ocrx_word' id='word_1_137' title='bbox 2788 957 3012 1015; x_wconf 83' lang='lat' dir='ltr'><strong>tuitione</strong></span> <span class='ocrx_word' id='word_1_138' title='bbox 3046 966 3328 1020; x_wconf 78' lang='lat' dir='ltr'><strong>consistat.</strong></span> <span class='ocrx_word' id='word_1_139' title='bbox 3372 969 3440 1023; x_wconf 85' lang='lat' dir='ltr'><strong>Et</strong></span> 
     </span>
    </p>
   </div>
   <div class='ocr_carea' id='block_1_26' title="bbox 1859 1033 3433 1115">
    <p class='ocr_par' dir='ltr' id='par_1_26' title="bbox 1859 1033 3433 1115">
     <span class='ocr_line' id='line_1_26' title="bbox 1859 1033 3433 1115; baseline 0.018 -29"><span class='ocrx_word' id='word_1_140' title='bbox 1859 1033 2039 1090; x_wconf 86' lang='lat' dir='ltr'><strong>nullus</strong></span> <span class='ocrx_word' id='word_1_141' title='bbox 2064 1037 2372 1107; x_wconf 85' lang='lat' dir='ltr'><strong>episcopus,</strong></span> <span class='ocrx_word' id='word_1_142' title='bbox 2413 1050 2507 1096; x_wconf 89' lang='lat' dir='ltr'><strong>aut</strong></span> <span class='ocrx_word' id='word_1_143' title='bbox 2528 1059 2752 1111; x_wconf 82' lang='lat' dir='ltr'><strong>comes,</strong></span> <span class='ocrx_word' id='word_1_144' title='bbox 2788 1048 2871 1101; x_wconf 91' lang='lat' dir='ltr'><strong>vel</strong></span> <span class='ocrx_word' id='word_1_145' title='bbox 2900 1051 3093 1108; x_wconf 85' lang='lat' dir='ltr'><strong>missus</strong></span> <span class='ocrx_word' id='word_1_146' title='bbox 3121 1056 3433 1115; x_wconf 78' lang='lat' dir='ltr'><strong>discurrens</strong></span> 
     </span>
    </p>
   </div>
   <div class='ocr_carea' id='block_1_27' title="bbox 1858 1121 3433 1213">
    <p class='ocr_par' dir='ltr' id='par_1_27' title="bbox 1858 1121 3433 1213">
     <span class='ocr_line' id='line_1_27' title="bbox 1858 1121 3433 1213; baseline 0.017 -38"><span class='ocrx_word' id='word_1_147' title='bbox 1858 1121 1931 1175; x_wconf 87' lang='lat' dir='ltr'><strong>ibi</strong></span> <span class='ocrx_word' id='word_1_148' title='bbox 1977 1122 2211 1192; x_wconf 79' lang='lat' dir='ltr'><strong>aliquam</strong></span> <span class='ocrx_word' id='word_1_149' title='bbox 2254 1128 2672 1187; x_wconf 83' lang='lat' dir='ltr'><strong>dominationem</strong></span> <span class='ocrx_word' id='word_1_150' title='bbox 2700 1144 2792 1189; x_wconf 89' lang='lat' dir='ltr'><strong>aut</strong></span> <span class='ocrx_word' id='word_1_151' title='bbox 2823 1140 3167 1206; x_wconf 72' lang='lat' dir='ltr'><strong>tyrannidem</strong></span> <span class='ocrx_word' id='word_1_152' title='bbox 3192 1156 3433 1213; x_wconf 83' lang='lat' dir='ltr'><strong>potesta-</strong></span> 
     </span>
    </p>
   </div>
   <div class='ocr_carea' id='block_1_28' title="bbox 1861 1217 3440 1293">
    <p class='ocr_par' dir='ltr' id='par_1_28' title="bbox 1861 1217 3440 1293">
     <span class='ocr_line' id='line_1_28' title="bbox 1861 1217 3440 1293; baseline 0.016 -30"><span class='ocrx_word' id='word_1_153' title='bbox 1861 1218 1967 1264; x_wconf 88' lang='lat' dir='ltr'><strong>tem</strong></span> <span class='ocrx_word' id='word_1_154' title='bbox 1999 1223 2308 1280; x_wconf 78' lang='lat' dir='ltr'><strong>exerceant,</strong></span> <span class='ocrx_word' id='word_1_155' title='bbox 2342 1217 2445 1272; x_wconf 89' lang='lat' dir='ltr'><strong>nisi</strong></span> <span class='ocrx_word' id='word_1_156' title='bbox 2475 1223 2926 1287; x_wconf 78' lang='lat' dir='ltr'><strong>quemadmodum</strong></span> <span class='ocrx_word' id='word_1_157' title='bbox 2955 1231 3215 1286; x_wconf 87' lang='lat' dir='ltr'><strong>canonica</strong></span> <span class='ocrx_word' id='word_1_158' title='bbox 3258 1245 3440 1293; x_wconf 80' lang='lat' dir='ltr'><strong>aucto-</strong></span> 
     </span>
    </p>
   </div>
   <div class='ocr_carea' id='block_1_29' title="bbox 1858 1300 3435 1383">
    <p class='ocr_par' dir='ltr' id='par_1_29' title="bbox 1858 1300 3435 1383">
     <span class='ocr_line' id='line_1_29' title="bbox 1858 1300 3435 1383; baseline 0.02 -33"><span class='ocrx_word' id='word_1_159' title='bbox 1858 1300 1990 1355; x_wconf 87' lang='lat' dir='ltr'><strong>ritas</strong></span> <span class='ocrx_word' id='word_1_160' title='bbox 2007 1301 2180 1371; x_wconf 83' lang='lat' dir='ltr'><strong>jubet.</strong></span> <span class='ocrx_word' id='word_1_161' title='bbox 2212 1305 2279 1359; x_wconf 86' lang='lat' dir='ltr'><strong>Et</strong></span> <span class='ocrx_word' id='word_1_162' title='bbox 2297 1307 2438 1373; x_wconf 90' lang='lat' dir='ltr'><strong>ideo,</strong></span> <span class='ocrx_word' id='word_1_163' title='bbox 2464 1311 2587 1377; x_wconf 84' lang='lat' dir='ltr'><strong>quia</strong></span> <span class='ocrx_word' id='word_1_164' title='bbox 2604 1312 2714 1381; x_wconf 85' lang='lat' dir='ltr'><strong>jam</strong></span> <span class='ocrx_word' id='word_1_165' title='bbox 2740 1316 3025 1383; x_wconf 53' lang='lat' dir='ltr'><strong>praefatum</strong></span> <span class='ocrx_word' id='word_1_166' title='bbox 3051 1327 3435 1380; x_wconf 65' lang='lat' dir='ltr'><strong>monasterium:</strong></span> 
     </span>
    </p>
   </div>
   <div class='ocr_carea' id='block_1_30' title="bbox 1855 1401 3436 1473">
    <p class='ocr_par' dir='ltr' id='par_1_30' title="bbox 1855 1401 3436 1473">
     <span class='ocr_line' id='line_1_30' title="bbox 1855 1401 3436 1473; baseline 0.018 -29"><span class='ocrx_word' id='word_1_167' title='bbox 1855 1401 2100 1448; x_wconf 87' lang='lat' dir='ltr'><strong>nostrum</strong></span> <span class='ocrx_word' id='word_1_168' title='bbox 2134 1410 2255 1456; x_wconf 81' lang='lat' dir='ltr'><strong>esse</strong></span> <span class='ocrx_word' id='word_1_169' title='bbox 2278 1409 2514 1467; x_wconf 85' lang='lat' dir='ltr'><strong>constat,</strong></span> <span class='ocrx_word' id='word_1_170' title='bbox 2551 1406 2896 1462; x_wconf 83' lang='lat' dir='ltr'><strong>concedimus</strong></span> <span class='ocrx_word' id='word_1_171' title='bbox 2925 1409 3126 1466; x_wconf 88' lang='lat' dir='ltr'><strong>ibidem</strong></span> <span class='ocrx_word' id='word_1_172' title='bbox 3153 1419 3436 1473; x_wconf 84' lang='lat' dir='ltr'><strong>monachis</strong></span> 
     </span>
    </p>
   </div>
   <div class='ocr_carea' id='block_1_31' title="bbox 1854 1483 3427 1578">
    <p class='ocr_par' dir='ltr' id='par_1_31' title="bbox 1854 1483 3427 1578">
     <span class='ocr_line' id='line_1_31' title="bbox 1854 1483 3427 1578; baseline 0.019 -43"><span class='ocrx_word' id='word_1_173' title='bbox 1854 1483 1955 1537; x_wconf 89' lang='lat' dir='ltr'><strong>sub</strong></span> <span class='ocrx_word' id='word_1_174' title='bbox 1996 1495 2183 1540; x_wconf 84' lang='lat' dir='ltr'><strong>sancta</strong></span> <span class='ocrx_word' id='word_1_175' title='bbox 2234 1490 2417 1559; x_wconf 84' lang='lat' dir='ltr'><strong>regula</strong></span> <span class='ocrx_word' id='word_1_176' title='bbox 2459 1491 2777 1563; x_wconf 85' lang='lat' dir='ltr'><strong>degentibus</strong></span> <span class='ocrx_word' id='word_1_177' title='bbox 2819 1507 2880 1553; x_wconf 90' lang='lat' dir='ltr'><strong>ut</strong></span> <span class='ocrx_word' id='word_1_178' title='bbox 2914 1516 3019 1555; x_wconf 85' lang='lat' dir='ltr'><strong>non</strong></span> <span class='ocrx_word' id='word_1_179' title='bbox 3070 1505 3244 1560; x_wconf 81' lang='lat' dir='ltr'><strong>solum</strong></span> <span class='ocrx_word' id='word_1_180' title='bbox 3278 1524 3427 1578; x_wconf 71' lang='lat' dir='ltr'><strong>pm-</strong></span> 
     </span>
    </p>
   </div>
   <div class='ocr_carea' id='block_1_32' title="bbox 1855 1576 3431 1664">
    <p class='ocr_par' dir='ltr' id='par_1_32' title="bbox 1855 1576 3431 1664">
     <span class='ocr_line' id='line_1_32' title="bbox 1855 1576 3431 1664; baseline 0.019 -38"><span class='ocrx_word' id='word_1_181' title='bbox 1855 1576 2136 1632; x_wconf 83' lang='lat' dir='ltr'><strong>sentaliter</strong></span> <span class='ocrx_word' id='word_1_182' title='bbox 2173 1578 2417 1649; x_wconf 80' lang='lat' dir='ltr'><strong>elegendi</strong></span> <span class='ocrx_word' id='word_1_183' title='bbox 2455 1583 2729 1640; x_wconf 82' lang='lat' dir='ltr'><strong>licentiam</strong></span> <span class='ocrx_word' id='word_1_184' title='bbox 2759 1589 2996 1647; x_wconf 84' lang='lat' dir='ltr'><strong>habeant</strong></span> <span class='ocrx_word' id='word_1_185' title='bbox 3032 1576 3307 1664; x_wconf 76' lang='lat' dir='ltr'><strong>abbatem,</strong></span> <span class='ocrx_word' id='word_1_186' title='bbox 3334 1615 3431 1655; x_wconf 86' lang='lat' dir='ltr'><strong>ve-</strong></span> 
     </span>
    </p>
   </div>
   <div class='ocr_carea' id='block_1_33' title="bbox 1853 1667 3434 1754">
    <p class='ocr_par' dir='ltr' id='par_1_33' title="bbox 1853 1667 3434 1754">
     <span class='ocr_line' id='line_1_33' title="bbox 1853 1667 3434 1754; baseline 0.02 -37"><span class='ocrx_word' id='word_1_187' title='bbox 1853 1680 1973 1719; x_wconf 83' lang='lat' dir='ltr'><strong>rum</strong></span> <span class='ocrx_word' id='word_1_188' title='bbox 2004 1667 2168 1722; x_wconf 89' lang='lat' dir='ltr'><strong>etiam</strong></span> <span class='ocrx_word' id='word_1_189' title='bbox 2219 1671 2272 1724; x_wconf 91' lang='lat' dir='ltr'><strong>in</strong></span> <span class='ocrx_word' id='word_1_190' title='bbox 2304 1672 2577 1741; x_wconf 85' lang='lat' dir='ltr'><strong>futurum;</strong></span> <span class='ocrx_word' id='word_1_191' title='bbox 2626 1686 2686 1732; x_wconf 87' lang='lat' dir='ltr'><strong>ut</strong></span> <span class='ocrx_word' id='word_1_192' title='bbox 2736 1683 2951 1748; x_wconf 84' lang='lat' dir='ltr'><strong>quando</strong></span> <span class='ocrx_word' id='word_1_193' title='bbox 2990 1687 3207 1754; x_wconf 87' lang='lat' dir='ltr'><strong>quidem</strong></span> <span class='ocrx_word' id='word_1_194' title='bbox 3250 1690 3434 1748; x_wconf 86' lang='lat' dir='ltr'><strong>divina</strong></span> 
     </span>
    </p>
   </div>
   <div class='ocr_carea' id='block_1_34' title="bbox 1851 1758 3433 1846">
    <p class='ocr_par' dir='ltr' id='par_1_34' title="bbox 1851 1758 3433 1846">
     <span class='ocr_line' id='line_1_34' title="bbox 1851 1758 3433 1846; baseline 0.017 -36"><span class='ocrx_word' id='word_1_195' title='bbox 1851 1758 2134 1813; x_wconf 86' lang='lat' dir='ltr'><strong>vocatione</strong></span> <span class='ocrx_word' id='word_1_196' title='bbox 2148 1760 2314 1815; x_wconf 90' lang='lat' dir='ltr'><strong>abbas</strong></span> <span class='ocrx_word' id='word_1_197' title='bbox 2329 1763 2654 1835; x_wconf 76' lang='lat' dir='ltr'><strong>subrogatus</strong></span> <span class='ocrx_word' id='word_1_198' title='bbox 2666 1767 2847 1835; x_wconf 90' lang='lat' dir='ltr'><strong>fuerit,</strong></span> <span class='ocrx_word' id='word_1_199' title='bbox 2865 1772 2949 1827; x_wconf 95' lang='lat' dir='ltr'><strong>vel</strong></span> <span class='ocrx_word' id='word_1_200' title='bbox 2965 1775 3057 1829; x_wconf 89' lang='lat' dir='ltr'><strong>alii</strong></span> <span class='ocrx_word' id='word_1_201' title='bbox 3084 1778 3173 1845; x_wconf 88' lang='lat' dir='ltr'><strong>qui</strong></span> <span class='ocrx_word' id='word_1_202' title='bbox 3188 1794 3286 1846; x_wconf 90' lang='lat' dir='ltr'><strong>per</strong></span> <span class='ocrx_word' id='word_1_203' title='bbox 3300 1788 3433 1836; x_wconf 84' lang='lat' dir='ltr'><strong>tem-</strong></span> 
     </span>
    </p>
   </div>
   <div class='ocr_carea' id='block_1_35' title="bbox 163 1842 1728 1927">
    <p class='ocr_par' dir='ltr' id='par_1_35' title="bbox 163 1842 1728 1920">
     <span class='ocr_line' id='line_1_35' title="bbox 163 1842 1728 1920; baseline 0.013 -31"><span class='ocrx_word' id='word_1_204' title='bbox 163 1846 283 1891; x_wconf 88' lang='lat' dir='ltr'><strong>tam</strong></span> <span class='ocrx_word' id='word_1_205' title='bbox 314 1842 657 1908; x_wconf 65' lang='lat' dir='ltr'><strong>praesentium</strong></span> <span class='ocrx_word' id='word_1_206' title='bbox 694 1859 857 1913; x_wconf 87' lang='lat' dir='ltr'><strong>quam</strong></span> <span class='ocrx_word' id='word_1_207' title='bbox 886 1855 940 1901; x_wconf 91' lang='lat' dir='ltr'><strong>et</strong></span> <span class='ocrx_word' id='word_1_208' title='bbox 982 1846 1285 1903; x_wconf 87' lang='lat' dir='ltr'><strong>futurorum</strong></span> <span class='ocrx_word' id='word_1_209' title='bbox 1332 1853 1597 1920; x_wconf 87' lang='lat' dir='ltr'><strong>perlatum</strong></span> <span class='ocrx_word' id='word_1_210' title='bbox 1625 1870 1728 1910; x_wconf 66' lang='lat' dir='ltr'><strong>esse</strong></span> 
     </span>
    </p>
   </div>
   <div class='ocr_carea' id='block_1_36' title="bbox 1843 1842 3431 1927">
    <p class='ocr_par' dir='ltr' id='par_1_36' title="bbox 1847 1842 3431 1927">
     <span class='ocr_line' id='line_1_36' title="bbox 1847 1842 3431 1927; baseline 0.018 -32"><span class='ocrx_word' id='word_1_211' title='bbox 1847 1857 1983 1911; x_wconf 86' lang='lat' dir='ltr'><strong>pora</strong></span> <span class='ocrx_word' id='word_1_212' title='bbox 2013 1843 2214 1900; x_wconf 81' lang='lat' dir='ltr'><strong>fuerint</strong></span> <span class='ocrx_word' id='word_1_213' title='bbox 2242 1849 2314 1903; x_wconf 89' lang='lat' dir='ltr'><strong>ab</strong></span> <span class='ocrx_word' id='word_1_214' title='bbox 2341 1850 2445 1905; x_wconf 88' lang='lat' dir='ltr'><strong>hoc</strong></span> <span class='ocrx_word' id='word_1_215' title='bbox 2484 1854 2682 1907; x_wconf 67' lang='lat' dir='ltr'><strong>saaculo</strong></span> <span class='ocrx_word' id='word_1_216' title='bbox 2711 1842 3431 1927; x_wconf 40' lang='lat' dir='ltr'><strong>migraverint,_se_cundum</strong></span> 
     </span>
    </p>
   </div>
   <div class='ocr_carea' id='block_1_37' title="bbox 157 1926 1747 1999">
    <p class='ocr_par' dir='ltr' id='par_1_37' title="bbox 157 1926 1747 1999">
     <span class='ocr_line' id='line_1_37' title="bbox 157 1926 1747 1999; baseline 0.012 -19"><span class='ocrx_word' id='word_1_217' title='bbox 157 1926 415 1983; x_wconf 86' lang='lat' dir='ltr'><strong>volumus</strong></span> <span class='ocrx_word' id='word_1_218' title='bbox 448 1931 678 1999; x_wconf 87' lang='lat' dir='ltr'><strong>qualiter</strong></span> <span class='ocrx_word' id='word_1_219' title='bbox 698 1932 993 1990; x_wconf 81' lang='lat' dir='ltr'><strong>Matfredus</strong></span> <span class='ocrx_word' id='word_1_220' title='bbox 1014 1951 1196 1992; x_wconf 89' lang='lat' dir='ltr'><strong>comes</strong></span> <span class='ocrx_word' id='word_1_221' title='bbox 1222 1941 1306 1993; x_wconf 85' lang='lat' dir='ltr'><strong>vir</strong></span> <span class='ocrx_word' id='word_1_222' title='bbox 1329 1940 1537 1996; x_wconf 88' lang='lat' dir='ltr'><strong>illuster</strong></span> <span class='ocrx_word' id='word_1_223' title='bbox 1558 1943 1747 1999; x_wconf 85' lang='lat' dir='ltr'><strong>adiens</strong></span> 
     </span>
    </p>
   </div>
   <div class='ocr_carea' id='block_1_38' title="bbox 158 2020 1747 2099">
    <p class='ocr_par' dir='ltr' id='par_1_38' title="bbox 158 2020 1747 2099">
     <span class='ocr_line' id='line_1_38' title="bbox 158 2020 1747 2099; baseline 0.013 -28"><span class='ocrx_word' id='word_1_224' title='bbox 158 2020 519 2076; x_wconf 87' lang='lat' dir='ltr'><strong>serenitatem</strong></span> <span class='ocrx_word' id='word_1_225' title='bbox 570 2023 825 2079; x_wconf 88' lang='lat' dir='ltr'><strong>culminis</strong></span> <span class='ocrx_word' id='word_1_226' title='bbox 876 2028 1069 2092; x_wconf 91' lang='lat' dir='ltr'><strong>nostri,</strong></span> <span class='ocrx_word' id='word_1_227' title='bbox 1123 2039 1341 2099; x_wconf 77' lang='lat' dir='ltr'><strong>gestans</strong></span> <span class='ocrx_word' id='word_1_228' title='bbox 1388 2032 1442 2085; x_wconf 93' lang='lat' dir='ltr'><strong>in</strong></span> <span class='ocrx_word' id='word_1_229' title='bbox 1494 2036 1747 2091; x_wconf 79' lang='lat' dir='ltr'><strong>manibus</strong></span> 
     </span>
    </p>
   </div>
   <div class='ocr_carea' id='block_1_39' title="bbox 156 2108 1742 2191">
    <p class='ocr_par' dir='ltr' id='par_1_39' title="bbox 156 2108 1742 2191">
     <span class='ocr_line' id='line_1_39' title="bbox 156 2108 1742 2191; baseline 0.011 -32"><span class='ocrx_word' id='word_1_230' title='bbox 156 2108 426 2175; x_wconf 90' lang='lat' dir='ltr'><strong>quasdam</strong></span> <span class='ocrx_word' id='word_1_231' title='bbox 483 2114 867 2181; x_wconf 65' lang='lat' dir='ltr'><strong>praeceptiones</strong></span> <span class='ocrx_word' id='word_1_232' title='bbox 923 2131 1059 2183; x_wconf 87' lang='lat' dir='ltr'><strong>quas</strong></span> <span class='ocrx_word' id='word_1_233' title='bbox 1114 2118 1315 2172; x_wconf 91' lang='lat' dir='ltr'><strong>dudum</strong></span> <span class='ocrx_word' id='word_1_234' title='bbox 1354 2121 1410 2173; x_wconf 89' lang='lat' dir='ltr'><strong>in</strong></span> <span class='ocrx_word' id='word_1_235' title='bbox 1452 2122 1742 2191; x_wconf 80' lang='lat' dir='ltr'><strong>Aquitania</strong></span> 
     </span>
    </p>
   </div>
   <div class='ocr_carea' id='block_1_40' title="bbox 154 2201 1744 2281">
    <p class='ocr_par' dir='ltr' id='par_1_40' title="bbox 154 2201 1744 2281">
     <span class='ocr_line' id='line_1_40' title="bbox 154 2201 1744 2281; baseline 0.01 -29"><span class='ocrx_word' id='word_1_236' title='bbox 154 2201 444 2253; x_wconf 77' lang='lat' dir='ltr'><strong>constituti</strong></span> <span class='ocrx_word' id='word_1_237' title='bbox 474 2202 689 2255; x_wconf 83' lang='lat' dir='ltr'><strong>cuidam</strong></span> <span class='ocrx_word' id='word_1_238' title='bbox 718 2205 1011 2271; x_wconf 81' lang='lat' dir='ltr'><strong>venerabili</strong></span> <span class='ocrx_word' id='word_1_239' title='bbox 1040 2205 1367 2263; x_wconf 84' lang='lat' dir='ltr'><strong>Possedonio</strong></span> <span class='ocrx_word' id='word_1_240' title='bbox 1408 2209 1744 2281; x_wconf 81' lang='lat' dir='ltr'><strong>Orgeletame</strong></span> 
     </span>
    </p>
   </div>
   <div class='ocr_carea' id='block_1_41' title="bbox 153 2288 1743 2367">
    <p class='ocr_par' dir='ltr' id='par_1_41' title="bbox 153 2288 1743 2367">
     <span class='ocr_line' id='line_1_41' title="bbox 153 2288 1743 2367; baseline 0.01 -27"><span class='ocrx_word' id='word_1_241' title='bbox 153 2288 307 2343; x_wconf 84' lang='lat' dir='ltr'><strong>sedis</strong></span> <span class='ocrx_word' id='word_1_242' title='bbox 337 2291 589 2358; x_wconf 88' lang='lat' dir='ltr'><strong>episcopo</strong></span> <span class='ocrx_word' id='word_1_243' title='bbox 636 2291 751 2345; x_wconf 86' lang='lat' dir='ltr'><strong>ﬁeri</strong></span> <span class='ocrx_word' id='word_1_244' title='bbox 779 2293 1142 2361; x_wconf 86' lang='lat' dir='ltr'><strong>jusseramus,</strong></span> <span class='ocrx_word' id='word_1_245' title='bbox 1192 2298 1244 2350; x_wconf 90' lang='lat' dir='ltr'><strong>in</strong></span> <span class='ocrx_word' id='word_1_246' title='bbox 1276 2299 1473 2367; x_wconf 86' lang='lat' dir='ltr'><strong>quibus</strong></span> <span class='ocrx_word' id='word_1_247' title='bbox 1499 2302 1743 2355; x_wconf 88' lang='lat' dir='ltr'><strong>contine-</strong></span> 
     </span>
    </p>
   </div>
   <div class='ocr_carea' id='block_1_42' title="bbox 153 2383 1743 2459">
    <p class='ocr_par' dir='ltr' id='par_1_42' title="bbox 153 2383 1743 2459">
     <span class='ocr_line' id='line_1_42' title="bbox 153 2383 1743 2459; baseline 0.01 -23"><span class='ocrx_word' id='word_1_248' title='bbox 153 2383 323 2437; x_wconf 84' lang='lat' dir='ltr'><strong>batur</strong></span> <span class='ocrx_word' id='word_1_249' title='bbox 348 2385 611 2439; x_wconf 86' lang='lat' dir='ltr'><strong>insertum</strong></span> <span class='ocrx_word' id='word_1_250' title='bbox 639 2390 784 2457; x_wconf 80' lang='lat' dir='ltr'><strong>quod</strong></span> <span class='ocrx_word' id='word_1_251' title='bbox 814 2390 993 2459; x_wconf 89' lang='lat' dir='ltr'><strong>aliqua</strong></span> <span class='ocrx_word' id='word_1_252' title='bbox 1022 2392 1139 2447; x_wconf 86' lang='lat' dir='ltr'><strong>loca</strong></span> <span class='ocrx_word' id='word_1_253' title='bbox 1166 2409 1347 2448; x_wconf 91' lang='lat' dir='ltr'><strong>erema</strong></span> <span class='ocrx_word' id='word_1_254' title='bbox 1374 2398 1440 2449; x_wconf 89' lang='lat' dir='ltr'><strong>ad</strong></span> <span class='ocrx_word' id='word_1_255' title='bbox 1476 2406 1743 2452; x_wconf 86' lang='lat' dir='ltr'><strong>monaste—</strong></span> 
     </span>
    </p>
   </div>
   <div class='ocr_carea' id='block_1_43' title="bbox 153 2470 1740 2551">
    <p class='ocr_par' dir='ltr' id='par_1_43' title="bbox 153 2470 1740 2551">
     <span class='ocr_line' id='line_1_43' title="bbox 153 2470 1740 2551; baseline 0.01 -28"><span class='ocrx_word' id='word_1_256' title='bbox 153 2470 241 2524; x_wconf 88' lang='lat' dir='ltr'><strong>ria</strong></span> <span class='ocrx_word' id='word_1_257' title='bbox 272 2474 631 2532; x_wconf 87' lang='lat' dir='ltr'><strong>construenda</strong></span> <span class='ocrx_word' id='word_1_258' title='bbox 679 2476 791 2530; x_wconf 89' lang='lat' dir='ltr'><strong>sive</strong></span> <span class='ocrx_word' id='word_1_259' title='bbox 834 2480 1130 2533; x_wconf 87' lang='lat' dir='ltr'><strong>monachos</strong></span> <span class='ocrx_word' id='word_1_260' title='bbox 1173 2484 1578 2551; x_wconf 77' lang='lat' dir='ltr'><strong>congregandos</strong></span> <span class='ocrx_word' id='word_1_261' title='bbox 1610 2501 1740 2539; x_wconf 84' lang='lat' dir='ltr'><strong>con-</strong></span> 
     </span>
    </p>
   </div>
   <div class='ocr_carea' id='block_1_44' title="bbox 150 2566 1739 2638">
    <p class='ocr_par' dir='ltr' id='par_1_44' title="bbox 150 2566 1739 2638">
     <span class='ocr_line' id='line_1_44' title="bbox 150 2566 1739 2638; baseline 0.01 -23"><span class='ocrx_word' id='word_1_262' title='bbox 150 2576 516 2627; x_wconf 88' lang='lat' dir='ltr'><strong>cesseramus,</strong></span> <span class='ocrx_word' id='word_1_263' title='bbox 557 2566 630 2619; x_wconf 90' lang='lat' dir='ltr'><strong>ita</strong></span> <span class='ocrx_word' id='word_1_264' title='bbox 674 2566 923 2622; x_wconf 81' lang='lat' dir='ltr'><strong>videlicet</strong></span> <span class='ocrx_word' id='word_1_265' title='bbox 946 2576 1007 2622; x_wconf 93' lang='lat' dir='ltr'><strong>ut</strong></span> <span class='ocrx_word' id='word_1_266' title='bbox 1030 2577 1152 2638; x_wconf 90' lang='lat' dir='ltr'><strong>post</strong></span> <span class='ocrx_word' id='word_1_267' title='bbox 1177 2569 1292 2638; x_wconf 86' lang='lat' dir='ltr'><strong>ejus</strong></span> <span class='ocrx_word' id='word_1_268' title='bbox 1319 2574 1522 2628; x_wconf 90' lang='lat' dir='ltr'><strong>obitum</strong></span> <span class='ocrx_word' id='word_1_269' title='bbox 1558 2592 1739 2630; x_wconf 84' lang='lat' dir='ltr'><strong>mona-</strong></span> 
     </span>
    </p>
   </div>
   <div class='ocr_carea' id='block_1_45' title="bbox 158 2651 1738 2736">
    <p class='ocr_par' dir='ltr' id='par_1_45' title="bbox 158 2651 1738 2736">
     <span class='ocr_line' id='line_1_45' title="bbox 158 2651 1738 2736; baseline 0.011 -33"><span class='ocrx_word' id='word_1_270' title='bbox 158 2651 250 2705; x_wconf 91' lang='lat' dir='ltr'><strong>cbi</strong></span> <span class='ocrx_word' id='word_1_271' title='bbox 282 2651 336 2705; x_wconf 90' lang='lat' dir='ltr'><strong>in</strong></span> <span class='ocrx_word' id='word_1_272' title='bbox 367 2652 570 2707; x_wconf 86' lang='lat' dir='ltr'><strong>eisdem</strong></span> <span class='ocrx_word' id='word_1_273' title='bbox 603 2655 736 2710; x_wconf 91' lang='lat' dir='ltr'><strong>locis</strong></span> <span class='ocrx_word' id='word_1_274' title='bbox 765 2657 1044 2727; x_wconf 84' lang='lat' dir='ltr'><strong>degentes,</strong></span> <span class='ocrx_word' id='word_1_275' title='bbox 1075 2661 1269 2733; x_wconf 87' lang='lat' dir='ltr'><strong>quibus</strong></span> <span class='ocrx_word' id='word_1_276' title='bbox 1298 2673 1613 2719; x_wconf 86' lang='lat' dir='ltr'><strong>construere</strong></span> <span class='ocrx_word' id='word_1_277' title='bbox 1644 2681 1738 2736; x_wconf 78' lang='lat' dir='ltr'><strong>op~</strong></span> 
     </span>
    </p>
   </div>
   <div class='ocr_carea' id='block_1_46' title="bbox 154 2744 1730 2826">
    <p class='ocr_par' dir='ltr' id='par_1_46' title="bbox 154 2744 1730 2826">
     <span class='ocr_line' id='line_1_46' title="bbox 154 2744 1730 2826; baseline 0.01 -30"><span class='ocrx_word' id='word_1_278' title='bbox 154 2744 331 2804; x_wconf 87' lang='lat' dir='ltr'><strong>tabat,</strong></span> <span class='ocrx_word' id='word_1_279' title='bbox 362 2744 610 2800; x_wconf 88' lang='lat' dir='ltr'><strong>abbatem</strong></span> <span class='ocrx_word' id='word_1_280' title='bbox 642 2747 867 2803; x_wconf 78' lang='lat' dir='ltr'><strong>interse</strong></span> <span class='ocrx_word' id='word_1_281' title='bbox 896 2750 1158 2805; x_wconf 89' lang='lat' dir='ltr'><strong>baberent</strong></span> <span class='ocrx_word' id='word_1_282' title='bbox 1180 2752 1451 2809; x_wconf 89' lang='lat' dir='ltr'><strong>licentiam</strong></span> <span class='ocrx_word' id='word_1_283' title='bbox 1483 2757 1730 2826; x_wconf 80' lang='lat' dir='ltr'><strong>eligendi,</strong></span> 
     </span>
    </p>
   </div>
   <div class='ocr_carea' id='block_1_47' title="bbox 152 2836 1733 2914">
    <p class='ocr_par' dir='ltr' id='par_1_47' title="bbox 152 2836 1733 2914">
     <span class='ocr_line' id='line_1_47' title="bbox 152 2836 1733 2914; baseline 0.01 -29"><span class='ocrx_word' id='word_1_284' title='bbox 152 2846 449 2902; x_wconf 82' lang='lat' dir='ltr'><strong>suggerens</strong></span> <span class='ocrx_word' id='word_1_285' title='bbox 470 2836 757 2903; x_wconf 67' lang='lat' dir='ltr'><strong>prmdictus</strong></span> <span class='ocrx_word' id='word_1_286' title='bbox 776 2838 1137 2895; x_wconf 87' lang='lat' dir='ltr'><strong>Possedonius</strong></span> <span class='ocrx_word' id='word_1_287' title='bbox 1161 2843 1445 2912; x_wconf 85' lang='lat' dir='ltr'><strong>episcopus</strong></span> <span class='ocrx_word' id='word_1_288' title='bbox 1468 2860 1564 2914; x_wconf 85' lang='lat' dir='ltr'><strong>per</strong></span> <span class='ocrx_word' id='word_1_289' title='bbox 1583 2861 1733 2901; x_wconf 89' lang='lat' dir='ltr'><strong>eum-</strong></span> 
     </span>
    </p>
   </div>
   <div class='ocr_carea' id='block_1_48' title="bbox 152 2922 1731 2990">
    <p class='ocr_par' dir='ltr' id='par_1_48' title="bbox 152 2922 1731 2990">
     <span class='ocr_line' id='line_1_48' title="bbox 152 2922 1731 2990; baseline 0.008 -13"><span class='ocrx_word' id='word_1_290' title='bbox 152 2922 276 2977; x_wconf 93' lang='lat' dir='ltr'><strong>dem</strong></span> <span class='ocrx_word' id='word_1_291' title='bbox 322 2923 640 2979; x_wconf 81' lang='lat' dir='ltr'><strong>Matfredum</strong></span> <span class='ocrx_word' id='word_1_292' title='bbox 690 2926 901 2983; x_wconf 90' lang='lat' dir='ltr'><strong>ﬁdelem</strong></span> <span class='ocrx_word' id='word_1_293' title='bbox 952 2939 1196 2985; x_wconf 89' lang='lat' dir='ltr'><strong>nostrum</strong></span> <span class='ocrx_word' id='word_1_294' title='bbox 1246 2940 1307 2986; x_wconf 94' lang='lat' dir='ltr'><strong>ut</strong></span> <span class='ocrx_word' id='word_1_295' title='bbox 1344 2937 1731 2990; x_wconf 85' lang='lat' dir='ltr'><strong>monasterium</strong></span> 
     </span>
    </p>
   </div>
   <div class='ocr_carea' id='block_1_49' title="bbox 151 3011 1732 3093">
    <p class='ocr_par' dir='ltr' id='par_1_49' title="bbox 151 3011 1732 3093">
     <span class='ocr_line' id='line_1_49' title="bbox 151 3011 1732 3093; baseline 0.009 -28"><span class='ocrx_word' id='word_1_296' title='bbox 151 3011 298 3080; x_wconf 87' lang='lat' dir='ltr'><strong>quod</strong></span> <span class='ocrx_word' id='word_1_297' title='bbox 340 3014 489 3067; x_wconf 87' lang='lat' dir='ltr'><strong>idem</strong></span> <span class='ocrx_word' id='word_1_298' title='bbox 534 3016 821 3086; x_wconf 89' lang='lat' dir='ltr'><strong>episcopus</strong></span> <span class='ocrx_word' id='word_1_299' title='bbox 862 3019 1305 3087; x_wconf 69' lang='lat' dir='ltr'><strong>reaedi-ﬁcaverat,</strong></span> <span class='ocrx_word' id='word_1_300' title='bbox 1355 3025 1497 3093; x_wconf 90' lang='lat' dir='ltr'><strong>quod</strong></span> <span class='ocrx_word' id='word_1_301' title='bbox 1534 3025 1732 3081; x_wconf 87' lang='lat' dir='ltr'><strong>dicitur</strong></span> 
     </span>
    </p>
   </div>
   <div class='ocr_carea' id='block_1_50' title="bbox 152 3102 1729 3180">
    <p class='ocr_par' dir='ltr' id='par_1_50' title="bbox 152 3102 1729 3180">
     <span class='ocr_line' id='line_1_50' title="bbox 152 3102 1729 3180; baseline 0.009 -25"><span class='ocrx_word' id='word_1_302' title='bbox 152 3110 344 3157; x_wconf 83' lang='lat' dir='ltr'><strong>sancta</strong></span> <span class='ocrx_word' id='word_1_303' title='bbox 381 3102 577 3169; x_wconf 87' lang='lat' dir='ltr'><strong>Grata,</strong></span> <span class='ocrx_word' id='word_1_304' title='bbox 618 3108 761 3174; x_wconf 88' lang='lat' dir='ltr'><strong>quod</strong></span> <span class='ocrx_word' id='word_1_305' title='bbox 802 3116 887 3162; x_wconf 85' lang='lat' dir='ltr'><strong>cst</strong></span> <span class='ocrx_word' id='word_1_306' title='bbox 915 3109 1075 3163; x_wconf 89' lang='lat' dir='ltr'><strong>situm</strong></span> <span class='ocrx_word' id='word_1_307' title='bbox 1109 3126 1271 3180; x_wconf 87' lang='lat' dir='ltr'><strong>super</strong></span> <span class='ocrx_word' id='word_1_308' title='bbox 1307 3112 1525 3167; x_wconf 82' lang='lat' dir='ltr'><strong>ﬂuvium</strong></span> <span class='ocrx_word' id='word_1_309' title='bbox 1568 3116 1729 3169; x_wconf 87' lang='lat' dir='ltr'><strong>Bose-</strong></span> 
     </span>
    </p>
   </div>
   <div class='ocr_carea' id='block_1_51' title="bbox 1850 1933 3433 2013">
    <p class='ocr_par' dir='ltr' id='par_1_51' title="bbox 1850 1933 3433 2013">
     <span class='ocr_line' id='line_1_51' title="bbox 1850 1933 3433 2013; baseline 0.018 -29"><span class='ocrx_word' id='word_1_310' title='bbox 1850 1933 2092 2002; x_wconf 85' lang='lat' dir='ltr'><strong>regulam</strong></span> <span class='ocrx_word' id='word_1_311' title='bbox 2121 1938 2292 1991; x_wconf 86' lang='lat' dir='ltr'><strong>sancti</strong></span> <span class='ocrx_word' id='word_1_312' title='bbox 2335 1937 2614 1996; x_wconf 83' lang='lat' dir='ltr'><strong>Benedicti</strong></span> <span class='ocrx_word' id='word_1_313' title='bbox 2639 1943 2909 2001; x_wconf 83' lang='lat' dir='ltr'><strong>licentiam</strong></span> <span class='ocrx_word' id='word_1_314' title='bbox 2936 1950 3169 2007; x_wconf 83' lang='lat' dir='ltr'><strong>habeant</strong></span> <span class='ocrx_word' id='word_1_315' title='bbox 3204 1954 3348 2010; x_wconf 89' lang='lat' dir='ltr'><strong>inter</strong></span> <span class='ocrx_word' id='word_1_316' title='bbox 3372 1973 3433 2013; x_wconf 93' lang='lat' dir='ltr'><strong>se</strong></span> 
     </span>
    </p>
   </div>
   <div class='ocr_carea' id='block_1_52' title="bbox 1848 2020 3432 2101">
    <p class='ocr_par' dir='ltr' id='par_1_52' title="bbox 1848 2020 3432 2101">
     <span class='ocr_line' id='line_1_52' title="bbox 1848 2020 3432 2101; baseline 0.017 -27"><span class='ocrx_word' id='word_1_317' title='bbox 1848 2020 2091 2091; x_wconf 84' lang='lat' dir='ltr'><strong>elegendi</strong></span> <span class='ocrx_word' id='word_1_318' title='bbox 2118 2025 2339 2082; x_wconf 85' lang='lat' dir='ltr'><strong>abbates</strong></span> <span class='ocrx_word' id='word_1_319' title='bbox 2370 2046 2383 2083; x_wconf 90' lang='lat'><strong>:</strong></span> <span class='ocrx_word' id='word_1_320' title='bbox 2415 2030 2647 2097; x_wconf 87' lang='lat' dir='ltr'><strong>qualiter</strong></span> <span class='ocrx_word' id='word_1_321' title='bbox 2672 2037 2923 2091; x_wconf 86' lang='lat' dir='ltr'><strong>monachi</strong></span> <span class='ocrx_word' id='word_1_322' title='bbox 2969 2040 3168 2098; x_wconf 67' lang='lat' dir='ltr'><strong>ibidem</strong></span> <span class='ocrx_word' id='word_1_323' title='bbox 3194 2043 3304 2099; x_wconf 89' lang='lat' dir='ltr'><strong>Deo</strong></span> <span class='ocrx_word' id='word_1_324' title='bbox 3329 2048 3432 2101; x_wconf 91' lang='lat' dir='ltr'><strong>mi-</strong></span> 
     </span>
    </p>
   </div>
   <div class='ocr_carea' id='block_1_53' title="bbox 1848 2107 3432 2190">
    <p class='ocr_par' dir='ltr' id='par_1_53' title="bbox 1848 2107 3432 2190">
     <span class='ocr_line' id='line_1_53' title="bbox 1848 2107 3432 2190; baseline 0.019 -30"><span class='ocrx_word' id='word_1_325' title='bbox 1848 2107 2066 2165; x_wconf 86' lang='lat' dir='ltr'><strong>litantes</strong></span> <span class='ocrx_word' id='word_1_326' title='bbox 2094 2116 2343 2171; x_wconf 86' lang='lat' dir='ltr'><strong>seeurius</strong></span> <span class='ocrx_word' id='word_1_327' title='bbox 2367 2126 2438 2173; x_wconf 90' lang='lat' dir='ltr'><strong>_et</strong></span> <span class='ocrx_word' id='word_1_328' title='bbox 2478 2120 2713 2187; x_wconf 88' lang='lat' dir='ltr'><strong>quietius</strong></span> <span class='ocrx_word' id='word_1_329' title='bbox 2748 2125 2913 2179; x_wconf 88' lang='lat' dir='ltr'><strong>vitam</strong></span> <span class='ocrx_word' id='word_1_330' title='bbox 2958 2133 3314 2186; x_wconf 84' lang='lat' dir='ltr'><strong>monasticam</strong></span> <span class='ocrx_word' id='word_1_331' title='bbox 3337 2136 3432 2190; x_wconf 74' lang='lat' dir='ltr'><strong>de~</strong></span> 
     </span>
    </p>
   </div>
   <div class='ocr_carea' id='block_1_54' title="bbox 1846 2204 3432 2286">
    <p class='ocr_par' dir='ltr' id='par_1_54' title="bbox 1846 2204 3432 2286">
     <span class='ocr_line' id='line_1_54' title="bbox 1846 2204 3432 2286; baseline 0.02 -36"><span class='ocrx_word' id='word_1_332' title='bbox 1846 2206 2034 2266; x_wconf 88' lang='lat' dir='ltr'><strong>gentes</strong></span> <span class='ocrx_word' id='word_1_333' title='bbox 2066 2215 2166 2268; x_wconf 92' lang='lat' dir='ltr'><strong>pro</strong></span> <span class='ocrx_word' id='word_1_334' title='bbox 2212 2204 2372 2259; x_wconf 87' lang='lat' dir='ltr'><strong>nobis</strong></span> <span class='ocrx_word' id='word_1_335' title='bbox 2418 2214 2473 2260; x_wconf 92' lang='lat' dir='ltr'><strong>et</strong></span> <span class='ocrx_word' id='word_1_336' title='bbox 2521 2210 2749 2282; x_wconf 80' lang='lat' dir='ltr'><strong>conjuge</strong></span> <span class='ocrx_word' id='word_1_337' title='bbox 2788 2215 3047 2286; x_wconf 81' lang='lat' dir='ltr'><strong>proleqne</strong></span> <span class='ocrx_word' id='word_1_338' title='bbox 3091 2230 3279 2279; x_wconf 90' lang='lat' dir='ltr'><strong>nostra</strong></span> <span class='ocrx_word' id='word_1_339' title='bbox 3326 2225 3432 2280; x_wconf 53' lang='lat' dir='ltr'><strong>Do.</strong></span> 
     </span>
    </p>
   </div>
   <div class='ocr_carea' id='block_1_55' title="bbox 1845 2288 3431 2370">
    <p class='ocr_par' dir='ltr' id='par_1_55' title="bbox 1845 2288 3431 2370">
     <span class='ocr_line' id='line_1_55' title="bbox 1845 2288 3431 2370; baseline 0.018 -29"><span class='ocrx_word' id='word_1_340' title='bbox 1845 2288 1979 2341; x_wconf 85' lang='lat' dir='ltr'><strong>mini</strong></span> <span class='ocrx_word' id='word_1_341' title='bbox 2020 2291 2451 2351; x_wconf 89' lang='lat' dir='ltr'><strong>misericordiam</strong></span> <span class='ocrx_word' id='word_1_342' title='bbox 2480 2301 2741 2357; x_wconf 85' lang='lat' dir='ltr'><strong>attentius</strong></span> <span class='ocrx_word' id='word_1_343' title='bbox 2768 2318 2997 2361; x_wconf 78' lang='lat' dir='ltr'><strong>exorare</strong></span> <span class='ocrx_word' id='word_1_344' title='bbox 3017 2309 3250 2365; x_wconf 87' lang='lat' dir='ltr'><strong>valeant.</strong></span> <span class='ocrx_word' id='word_1_345' title='bbox 3280 2312 3347 2369; x_wconf 86' lang='lat' dir='ltr'><strong>Et</strong></span> <span class='ocrx_word' id='word_1_346' title='bbox 3370 2324 3431 2370; x_wconf 91' lang='lat' dir='ltr'><strong>ut</strong></span> 
     </span>
    </p>
   </div>
   <div class='ocr_carea' id='block_1_56' title="bbox 1844 2379 3427 2458">
    <p class='ocr_par' dir='ltr' id='par_1_56' title="bbox 1844 2379 3427 2458">
     <span class='ocr_line' id='line_1_56' title="bbox 1844 2379 3427 2458; baseline 0.017 -27"><span class='ocrx_word' id='word_1_347' title='bbox 1844 2379 1960 2433; x_wconf 71' lang='lat' dir='ltr'><strong>haec</strong></span> <span class='ocrx_word' id='word_1_348' title='bbox 1987 2384 2287 2437; x_wconf 87' lang='lat' dir='ltr'><strong>auctoritas</strong></span> <span class='ocrx_word' id='word_1_349' title='bbox 2326 2401 2424 2455; x_wconf 90' lang='lat' dir='ltr'><strong>per</strong></span> <span class='ocrx_word' id='word_1_350' title='bbox 2464 2390 2733 2446; x_wconf 90' lang='lat' dir='ltr'><strong>curricula</strong></span> <span class='ocrx_word' id='word_1_351' title='bbox 2768 2409 3035 2450; x_wconf 90' lang='lat' dir='ltr'><strong>annorum</strong></span> <span class='ocrx_word' id='word_1_352' title='bbox 3061 2398 3427 2458; x_wconf 81' lang='lat' dir='ltr'><strong>inviolabilem</strong></span> 
     </span>
    </p>
   </div>
   <div class='ocr_carea' id='block_1_57' title="bbox 1841 2470 3423 2548">
    <p class='ocr_par' dir='ltr' id='par_1_57' title="bbox 1841 2470 3423 2548">
     <span class='ocr_line' id='line_1_57' title="bbox 1841 2470 3423 2548; baseline 0.015 -27"><span class='ocrx_word' id='word_1_353' title='bbox 1841 2476 2005 2538; x_wconf 84' lang='lat' dir='ltr'><strong>atque</strong></span> <span class='ocrx_word' id='word_1_354' title='bbox 2046 2470 2417 2529; x_wconf 87' lang='lat' dir='ltr'><strong>inconvulsam</strong></span> <span class='ocrx_word' id='word_1_355' title='bbox 2451 2478 2693 2533; x_wconf 84' lang='lat' dir='ltr'><strong>obtineat</strong></span> <span class='ocrx_word' id='word_1_356' title='bbox 2733 2479 3076 2548; x_wconf 82' lang='lat' dir='ltr'><strong>ﬁrmitatem,</strong></span> <span class='ocrx_word' id='word_1_357' title='bbox 3127 2495 3181 2541; x_wconf 90' lang='lat' dir='ltr'><strong>et</strong></span> <span class='ocrx_word' id='word_1_358' title='bbox 3217 2504 3248 2542; x_wconf 88' lang='lat' dir='ltr'><strong>a</strong></span> <span class='ocrx_word' id='word_1_359' title='bbox 3291 2490 3423 2545; x_wconf 81' lang='lat' dir='ltr'><strong>ﬁde-</strong></span> 
     </span>
    </p>
   </div>
   <div class='ocr_carea' id='block_1_58' title="bbox 1841 2555 3425 2633">
    <p class='ocr_par' dir='ltr' id='par_1_58' title="bbox 1841 2555 3425 2633">
     <span class='ocr_line' id='line_1_58' title="bbox 1841 2555 3425 2633; baseline 0.016 -25"><span class='ocrx_word' id='word_1_360' title='bbox 1841 2555 1981 2612; x_wconf 89' lang='lat' dir='ltr'><strong>libus</strong></span> <span class='ocrx_word' id='word_1_361' title='bbox 2022 2568 2223 2615; x_wconf 75' lang='lat' dir='ltr'><strong>sanctze</strong></span> <span class='ocrx_word' id='word_1_362' title='bbox 2255 2562 2350 2617; x_wconf 89' lang='lat' dir='ltr'><strong>Dei</strong></span> <span class='ocrx_word' id='word_1_363' title='bbox 2380 2564 2636 2625; x_wconf 63' lang='lat' dir='ltr'><strong>Ecclesia:</strong></span> <span class='ocrx_word' id='word_1_364' title='bbox 2660 2577 2715 2621; x_wconf 90' lang='lat' dir='ltr'><strong>et</strong></span> <span class='ocrx_word' id='word_1_365' title='bbox 2740 2572 2948 2626; x_wconf 89' lang='lat' dir='ltr'><strong>nostris</strong></span> <span class='ocrx_word' id='word_1_366' title='bbox 2986 2576 3168 2630; x_wconf 89' lang='lat' dir='ltr'><strong>verius</strong></span> <span class='ocrx_word' id='word_1_367' title='bbox 3194 2579 3425 2633; x_wconf 89' lang='lat' dir='ltr'><strong>certius-</strong></span> 
     </span>
    </p>
   </div>
   <div class='ocr_carea' id='block_1_59' title="bbox 1838 2650 3425 2727">
    <p class='ocr_par' dir='ltr' id='par_1_59' title="bbox 1838 2650 3425 2727">
     <span class='ocr_line' id='line_1_59' title="bbox 1838 2650 3425 2727; baseline 0.017 -28"><span class='ocrx_word' id='word_1_368' title='bbox 1838 2661 1943 2714; x_wconf 91' lang='lat' dir='ltr'><strong>que</strong></span> <span class='ocrx_word' id='word_1_369' title='bbox 1978 2650 2231 2705; x_wconf 82' lang='lat' dir='ltr'><strong>credatur</strong></span> <span class='ocrx_word' id='word_1_370' title='bbox 2280 2661 2335 2708; x_wconf 89' lang='lat' dir='ltr'><strong>et</strong></span> <span class='ocrx_word' id='word_1_371' title='bbox 2388 2654 2581 2711; x_wconf 89' lang='lat' dir='ltr'><strong>melius</strong></span> <span class='ocrx_word' id='word_1_372' title='bbox 2624 2669 3001 2727; x_wconf 86' lang='lat' dir='ltr'><strong>conservetur,</strong></span> <span class='ocrx_word' id='word_1_373' title='bbox 3048 2680 3170 2720; x_wconf 90' lang='lat' dir='ltr'><strong>eam</strong></span> <span class='ocrx_word' id='word_1_374' title='bbox 3221 2668 3287 2722; x_wconf 88' lang='lat' dir='ltr'><strong>de</strong></span> <span class='ocrx_word' id='word_1_375' title='bbox 3327 2685 3425 2725; x_wconf 89' lang='lat' dir='ltr'><strong>au-</strong></span> 
     </span>
    </p>
   </div>
   <div class='ocr_carea' id='block_1_60' title="bbox 1839 2734 3075 2818">
    <p class='ocr_par' dir='ltr' id='par_1_60' title="bbox 1839 2734 3075 2818">
     <span class='ocr_line' id='line_1_60' title="bbox 1839 2734 3075 2818; baseline 0.015 -31"><span class='ocrx_word' id='word_1_376' title='bbox 1839 2734 1967 2790; x_wconf 86' lang='lat' dir='ltr'><strong>nulo</strong></span> <span class='ocrx_word' id='word_1_377' title='bbox 2012 2748 2200 2795; x_wconf 84' lang='lat' dir='ltr'><strong>nostro</strong></span> <span class='ocrx_word' id='word_1_378' title='bbox 2246 2742 2433 2796; x_wconf 79' lang='lat' dir='ltr'><strong>subter</strong></span> <span class='ocrx_word' id='word_1_379' title='bbox 2468 2743 2733 2813; x_wconf 71' lang='lat' dir='ltr'><strong>iussimus</strong></span> <span class='ocrx_word' id='word_1_380' title='bbox 2774 2749 3075 2818; x_wconf 63' lang='lat' dir='ltr'><strong>sigillaria.</strong></span> 
     </span>
    </p>
   </div>
   <div class='ocr_carea' id='block_1_61' title="bbox 1908 2845 3419 2937">
    <p class='ocr_par' dir='ltr' id='par_1_61' title="bbox 1908 2845 3419 2937">
     <span class='ocr_line' id='line_1_61' title="bbox 1908 2845 3419 2937; baseline 0.016 -39"><span class='ocrx_word' id='word_1_381' title='bbox 1908 2845 2195 2903; x_wconf 89' lang='lat' dir='ltr'><strong>Durandus</strong></span> <span class='ocrx_word' id='word_1_382' title='bbox 2224 2850 2483 2907; x_wconf 88' lang='lat' dir='ltr'><strong>diaconus</strong></span> <span class='ocrx_word' id='word_1_383' title='bbox 2511 2855 2579 2909; x_wconf 90' lang='lat' dir='ltr'><strong>ad</strong></span> <span class='ocrx_word' id='word_1_384' title='bbox 2609 2855 2781 2910; x_wconf 83' lang='lat' dir='ltr'><strong>vicem</strong></span> <span class='ocrx_word' id='word_1_385' title='bbox 2809 2859 3078 2929; x_wconf 87' lang='lat' dir='ltr'><strong>Fridugisi</strong></span> <span class='ocrx_word' id='word_1_386' title='bbox 3110 2870 3419 2937; x_wconf 82' lang='lat' dir='ltr'><strong>recognovi.</strong></span> 
     </span>
    </p>
   </div>
   <div class='ocr_carea' id='block_1_62' title="bbox 1907 2933 3422 3027">
    <p class='ocr_par' dir='ltr' id='par_1_62' title="bbox 1907 2933 3422 3027">
     <span class='ocr_line' id='line_1_62' title="bbox 1907 2933 3422 3027; baseline 0.018 -41"><span class='ocrx_word' id='word_1_387' title='bbox 1907 2933 2039 2988; x_wconf 86' lang='lat' dir='ltr'><strong>Data</strong></span> <span class='ocrx_word' id='word_1_388' title='bbox 2090 2952 2142 2990; x_wconf 73' lang='lat' dir='ltr'><strong>XI</strong></span> <span class='ocrx_word' id='word_1_389' title='bbox 2189 2938 2465 3027; x_wconf 78' lang='lat' dir='ltr'><strong>Kalendas</strong></span> <span class='ocrx_word' id='word_1_390' title='bbox 2501 2941 2705 3011; x_wconf 82' lang='lat' dir='ltr'><strong>Julias,</strong></span> <span class='ocrx_word' id='word_1_391' title='bbox 2746 2962 2890 3003; x_wconf 90' lang='lat' dir='ltr'><strong>anno</strong></span> <span class='ocrx_word' id='word_1_392' title='bbox 2924 2949 3140 3008; x_wconf 87' lang='lat' dir='ltr'><strong>Christo</strong></span> <span class='ocrx_word' id='word_1_393' title='bbox 3171 2933 3422 3027; x_wconf 68' lang='lat' dir='ltr'><strong>propitio</strong></span> 
     </span>
    </p>
   </div>
   <div class='ocr_carea' id='block_1_63' title="bbox 1836 3014 3409 3116">
    <p class='ocr_par' dir='ltr' id='par_1_63' title="bbox 1836 3014 3409 3116">
     <span class='ocr_line' id='line_1_63' title="bbox 1836 3014 3409 3116; baseline 0.018 -41"><span class='ocrx_word' id='word_1_394' title='bbox 1836 3022 1903 3077; x_wconf 78' lang='grc'><strong>10</strong></span> <span class='ocrx_word' id='word_1_395' title='bbox 1943 3024 2157 3094; x_wconf 88' lang='lat' dir='ltr'><strong>imperii</strong></span> <span class='ocrx_word' id='word_1_396' title='bbox 2202 3028 2381 3084; x_wconf 74' lang='lat' dir='ltr'><strong>dbmni</strong></span> <span class='ocrx_word' id='word_1_397' title='bbox 2432 3014 2691 3088; x_wconf 76' lang='lat' dir='ltr'><strong>Ludovici</strong></span> <span class='ocrx_word' id='word_1_398' title='bbox 2747 3040 3081 3095; x_wconf 85' lang='lat' dir='ltr'><strong>serenissimi</strong></span> <span class='ocrx_word' id='word_1_399' title='bbox 3142 3014 3409 3116; x_wconf 46' lang='lat' dir='ltr'><strong>Auge-sti,</strong></span> 
     </span>
    </p>
   </div>
   <div class='ocr_carea' id='block_1_64' title="bbox 1835 3114 3408 3206">
    <p class='ocr_par' dir='ltr' id='par_1_64' title="bbox 1835 3114 3408 3206">
     <span class='ocr_line' id='line_1_64' title="bbox 1835 3114 3408 3206; baseline 0.02 -39"><span class='ocrx_word' id='word_1_400' title='bbox 1835 3114 2127 3173; x_wconf 85' lang='lat' dir='ltr'><strong>indictione</strong></span> <span class='ocrx_word' id='word_1_401' title='bbox 2160 3122 2354 3189; x_wconf 84' lang='lat' dir='ltr'><strong>prima.</strong></span> <span class='ocrx_word' id='word_1_402' title='bbox 2404 3119 2599 3180; x_wconf 84' lang='lat' dir='ltr'><strong>Actum</strong></span> <span class='ocrx_word' id='word_1_403' title='bbox 2648 3128 3057 3190; x_wconf 82' lang='lat' dir='ltr'><strong>Franconofnrd</strong></span> <span class='ocrx_word' id='word_1_404' title='bbox 3084 3114 3284 3206; x_wconf 83' lang='lat' dir='ltr'><strong>palatio</strong></span> <span class='ocrx_word' id='word_1_405' title='bbox 3318 3114 3408 3199; x_wconf 34' lang='lat' dir='ltr'><strong>res</strong></span> 
     </span>
    </p>
   </div>
   <div class='ocr_carea' id='block_1_65' title="bbox 150 3195 2871 3277">
    <p class='ocr_par' dir='ltr' id='par_1_65' title="bbox 150 3195 2871 3277">
     <span class='ocr_line' id='line_1_65' title="bbox 150 3195 2871 3277; baseline 0.012 -32"><span class='ocrx_word' id='word_1_406' title='bbox 150 3195 261 3263; x_wconf 80' lang='lat' dir='ltr'><strong>gia,</strong></span> <span class='ocrx_word' id='word_1_407' title='bbox 294 3195 530 3249; x_wconf 85' lang='lat' dir='ltr'><strong>dicatum</strong></span> <span class='ocrx_word' id='word_1_408' title='bbox 576 3197 628 3251; x_wconf 92' lang='lat' dir='ltr'><strong>in</strong></span> <span class='ocrx_word' id='word_1_409' title='bbox 659 3198 863 3253; x_wconf 88' lang='lat' dir='ltr'><strong>honore</strong></span> <span class='ocrx_word' id='word_1_410' title='bbox 886 3211 1085 3255; x_wconf 63' lang='lat' dir='ltr'><strong>sanctae</strong></span> <span class='ocrx_word' id='word_1_411' title='bbox 1111 3202 1203 3257; x_wconf 90' lang='lat' dir='ltr'><strong>Dei</strong></span> <span class='ocrx_word' id='word_1_412' title='bbox 1238 3206 1515 3273; x_wconf 88' lang='lat' dir='ltr'><strong>genitricis</strong></span> <span class='ocrx_word' id='word_1_413' title='bbox 1547 3206 1728 3262; x_wconf 80' lang='lat' dir='ltr'><strong>Mariae</strong></span> <span class='ocrx_word' id='word_1_414' title='bbox 1756 3203 1799 3264; x_wconf 89' lang='lat' dir='ltr'><strong>C</strong></span> <span class='ocrx_word' id='word_1_415' title='bbox 1831 3206 1919 3276; x_wconf 85' lang='lat' dir='ltr'><strong>gio</strong></span> <span class='ocrx_word' id='word_1_416' title='bbox 1947 3207 2003 3261; x_wconf 90' lang='lat' dir='ltr'><strong>in</strong></span> <span class='ocrx_word' id='word_1_417' title='bbox 2033 3210 2129 3265; x_wconf 91' lang='lat' dir='ltr'><strong>Dei</strong></span> <span class='ocrx_word' id='word_1_418' title='bbox 2157 3214 2375 3269; x_wconf 87' lang='lat' dir='ltr'><strong>nomine</strong></span> <span class='ocrx_word' id='word_1_419' title='bbox 2401 3214 2648 3272; x_wconf 77' lang='lat' dir='ltr'><strong>feliciter.</strong></span> <span class='ocrx_word' id='word_1_420' title='bbox 2678 3219 2871 3277; x_wconf 81' lang='lat' dir='ltr'><strong>Amen.</strong></span> 
     </span>
    </p>
   </div>
   <div class='ocr_carea' id='block_1_66' title="bbox 149 3287 1728 3356">
    <p class='ocr_par' dir='ltr' id='par_1_66' title="bbox 149 3287 1728 3356">
     <span class='ocr_line' id='line_1_66' title="bbox 149 3287 1728 3356; baseline 0.008 -18"><span class='ocrx_word' id='word_1_421' title='bbox 149 3298 368 3353; x_wconf 88' lang='lat' dir='ltr'><strong>semper</strong></span> <span class='ocrx_word' id='word_1_422' title='bbox 392 3287 633 3356; x_wconf 83' lang='lat' dir='ltr'><strong>virginis,</strong></span> <span class='ocrx_word' id='word_1_423' title='bbox 674 3296 728 3342; x_wconf 92' lang='lat' dir='ltr'><strong>et</strong></span> <span class='ocrx_word' id='word_1_424' title='bbox 757 3290 1002 3345; x_wconf 89' lang='lat' dir='ltr'><strong>cellulam</strong></span> <span class='ocrx_word' id='word_1_425' title='bbox 1031 3292 1204 3346; x_wconf 91' lang='lat' dir='ltr'><strong>eidem</strong></span> <span class='ocrx_word' id='word_1_426' title='bbox 1234 3296 1562 3349; x_wconf 88' lang='lat' dir='ltr'><strong>monasterio</strong></span> <span class='ocrx_word' id='word_1_427' title='bbox 1606 3297 1728 3351; x_wconf 78' lang='lat' dir='ltr'><strong>sub-</strong></span> 
     </span>
    </p>
   </div>
   <div class='ocr_carea' id='block_1_67' title="bbox 139 3372 1727 3451">
    <p class='ocr_par' dir='ltr' id='par_1_67' title="bbox 139 3372 1727 3451">
     <span class='ocr_line' id='line_1_67' title="bbox 139 3372 1727 3451; baseline 0.011 -25"><span class='ocrx_word' id='word_1_428' title='bbox 139 3372 368 3442; x_wconf 86' lang='lat' dir='ltr'><strong>jeetam,</strong></span> <span class='ocrx_word' id='word_1_429' title='bbox 400 3393 517 3445; x_wconf 68' lang='lat' dir='ltr'><strong>qua:</strong></span> <span class='ocrx_word' id='word_1_430' title='bbox 568 3380 767 3433; x_wconf 88' lang='lat' dir='ltr'><strong>dicitur</strong></span> <span class='ocrx_word' id='word_1_431' title='bbox 795 3380 1027 3437; x_wconf 90' lang='lat' dir='ltr'><strong>Sanctus</strong></span> <span class='ocrx_word' id='word_1_432' title='bbox 1058 3384 1412 3451; x_wconf 89' lang='lat' dir='ltr'><strong>Fructuosus,</strong></span> <span class='ocrx_word' id='word_1_433' title='bbox 1456 3402 1578 3442; x_wconf 89' lang='lat' dir='ltr'><strong>cum</strong></span> <span class='ocrx_word' id='word_1_434' title='bbox 1610 3404 1727 3443; x_wconf 93' lang='lat' dir='ltr'><strong>om-</strong></span> 
     </span>
    </p>
   </div>
   <div class='ocr_carea' id='block_1_68' title="bbox 145 3464 1722 3544">
    <p class='ocr_par' dir='ltr' id='par_1_68' title="bbox 145 3464 1722 3544">
     <span class='ocr_line' id='line_1_68' title="bbox 145 3464 1722 3544; baseline 0.012 -30"><span class='ocrx_word' id='word_1_435' title='bbox 145 3464 313 3517; x_wconf 88' lang='lat' dir='ltr'><strong>nibus</strong></span> <span class='ocrx_word' id='word_1_436' title='bbox 340 3468 673 3534; x_wconf 89' lang='lat' dir='ltr'><strong>appendiciis</strong></span> <span class='ocrx_word' id='word_1_437' title='bbox 718 3471 851 3535; x_wconf 86' lang='lat' dir='ltr'><strong>suis,</strong></span> <span class='ocrx_word' id='word_1_438' title='bbox 883 3472 964 3526; x_wconf 91' lang='lat' dir='ltr'><strong>vel</strong></span> <span class='ocrx_word' id='word_1_439' title='bbox 1011 3474 1271 3544; x_wconf 87' lang='lat' dir='ltr'><strong>quidquid</strong></span> <span class='ocrx_word' id='word_1_440' title='bbox 1304 3478 1553 3543; x_wconf 64' lang='lat' dir='ltr'><strong>praesenti</strong></span> <span class='ocrx_word' id='word_1_441' title='bbox 1585 3486 1722 3533; x_wconf 92' lang='lat' dir='ltr'><strong>tem-</strong></span> 
     </span>
    </p>
   </div>
   <div class='ocr_carea' id='block_1_69' title="bbox 141 3557 1724 3635">
    <p class='ocr_par' dir='ltr' id='par_1_69' title="bbox 141 3557 1724 3635">
     <span class='ocr_line' id='line_1_69' title="bbox 141 3557 1724 3635; baseline 0.012 -31"><span class='ocrx_word' id='word_1_442' title='bbox 141 3567 281 3621; x_wconf 91' lang='lat' dir='ltr'><strong>pore</strong></span> <span class='ocrx_word' id='word_1_443' title='bbox 319 3557 567 3610; x_wconf 88' lang='lat' dir='ltr'><strong>monachi</strong></span> <span class='ocrx_word' id='word_1_444' title='bbox 598 3558 651 3611; x_wconf 91' lang='lat' dir='ltr'><strong>in</strong></span> <span class='ocrx_word' id='word_1_445' title='bbox 684 3560 958 3626; x_wconf 73' lang='lat' dir='ltr'><strong>praedictis</strong></span> <span class='ocrx_word' id='word_1_446' title='bbox 988 3561 1119 3617; x_wconf 85' lang='lat' dir='ltr'><strong>locis</strong></span> <span class='ocrx_word' id='word_1_447' title='bbox 1150 3564 1407 3635; x_wconf 88' lang='lat' dir='ltr'><strong>degentes</strong></span> <span class='ocrx_word' id='word_1_448' title='bbox 1437 3574 1619 3621; x_wconf 89' lang='lat' dir='ltr'><strong>tenent</strong></span> <span class='ocrx_word' id='word_1_449' title='bbox 1639 3569 1724 3623; x_wconf 89' lang='lat' dir='ltr'><strong>vel</strong></span> 
     </span>
    </p>
   </div>
   <div class='ocr_carea' id='block_1_70' title="bbox 140 3644 1724 3728">
    <p class='ocr_par' dir='ltr' id='par_1_70' title="bbox 140 3644 1724 3728">
     <span class='ocr_line' id='line_1_70' title="bbox 140 3644 1724 3728; baseline 0.013 -34"><span class='ocrx_word' id='word_1_450' title='bbox 140 3644 446 3713; x_wconf 78' lang='lat' dir='ltr'><strong>possident,</strong></span> <span class='ocrx_word' id='word_1_451' title='bbox 483 3645 569 3699; x_wconf 87' lang='lat' dir='ltr'><strong>vel</strong></span> <span class='ocrx_word' id='word_1_452' title='bbox 597 3648 650 3700; x_wconf 93' lang='lat' dir='ltr'><strong>in</strong></span> <span class='ocrx_word' id='word_1_453' title='bbox 674 3651 1028 3717; x_wconf 83' lang='lat' dir='ltr'><strong>‘postmodum</strong></span> <span class='ocrx_word' id='word_1_454' title='bbox 1057 3668 1122 3706; x_wconf 84' lang='lat' dir='ltr'><strong>ex</strong></span> <span class='ocrx_word' id='word_1_455' title='bbox 1156 3652 1289 3708; x_wconf 90' lang='lat' dir='ltr'><strong>locis</strong></span> <span class='ocrx_word' id='word_1_456' title='bbox 1319 3656 1516 3710; x_wconf 88' lang='lat' dir='ltr'><strong>eremis</strong></span> <span class='ocrx_word' id='word_1_457' title='bbox 1560 3665 1724 3728; x_wconf 87' lang='lat' dir='ltr'><strong>atque</strong></span> 
     </span>
    </p>
   </div>
   <div class='ocr_carea' id='block_1_71' title="bbox 141 3731 1721 3812">
    <p class='ocr_par' dir='ltr' id='par_1_71' title="bbox 141 3731 1721 3812">
     <span class='ocr_line' id='line_1_71' title="bbox 141 3731 1721 3812; baseline 0.013 -28"><span class='ocrx_word' id='word_1_458' title='bbox 141 3731 365 3788; x_wconf 92' lang='lat' dir='ltr'><strong>incultis</strong></span> <span class='ocrx_word' id='word_1_459' title='bbox 417 3739 856 3804; x_wconf 82' lang='lat' dir='ltr'><strong>construxerint,</strong></span> <span class='ocrx_word' id='word_1_460' title='bbox 908 3742 1004 3794; x_wconf 85' lang='lat' dir='ltr'><strong>sub</strong></span> <span class='ocrx_word' id='word_1_461' title='bbox 1050 3750 1236 3796; x_wconf 87' lang='lat' dir='ltr'><strong>nostra</strong></span> <span class='ocrx_word' id='word_1_462' title='bbox 1282 3753 1551 3812; x_wconf 90' lang='lat' dir='ltr'><strong>potestate</strong></span> <span class='ocrx_word' id='word_1_463' title='bbox 1609 3749 1721 3804; x_wconf 92' lang='lat' dir='ltr'><strong>imo</strong></span> 
     </span>
    </p>
   </div>
   <div class='ocr_carea' id='block_1_72' title="bbox 141 3824 1722 3901">
    <p class='ocr_par' dir='ltr' id='par_1_72' title="bbox 141 3824 1722 3901">
     <span class='ocr_line' id='line_1_72' title="bbox 141 3824 1722 3901; baseline 0.01 -26"><span class='ocrx_word' id='word_1_464' title='bbox 141 3824 379 3879; x_wconf 89' lang='lat' dir='ltr'><strong>tuitione</strong></span> <span class='ocrx_word' id='word_1_465' title='bbox 408 3835 572 3895; x_wconf 89' lang='lat' dir='ltr'><strong>atque</strong></span> <span class='ocrx_word' id='word_1_466' title='bbox 616 3828 981 3883; x_wconf 89' lang='lat' dir='ltr'><strong>dominatione</strong></span> <span class='ocrx_word' id='word_1_467' title='bbox 1006 3831 1386 3901; x_wconf 88' lang='lat' dir='ltr'><strong>reciperemus,</strong></span> <span class='ocrx_word' id='word_1_468' title='bbox 1418 3843 1473 3888; x_wconf 91' lang='lat' dir='ltr'><strong>et</strong></span> <span class='ocrx_word' id='word_1_469' title='bbox 1502 3836 1576 3889; x_wconf 88' lang='lat' dir='ltr'><strong>ita</strong></span> <span class='ocrx_word' id='word_1_470' title='bbox 1606 3852 1722 3891; x_wconf 87' lang='lat' dir='ltr'><strong>mo-</strong></span> 
     </span>
    </p>
   </div>
   <div class='ocr_carea' id='block_1_73' title="bbox 138 3913 1720 3994">
    <p class='ocr_par' dir='ltr' id='par_1_73' title="bbox 138 3913 1720 3994">
     <span class='ocr_line' id='line_1_73' title="bbox 138 3913 1720 3994; baseline 0.009 -28"><span class='ocrx_word' id='word_1_471' title='bbox 138 3913 306 3967; x_wconf 87' lang='lat' dir='ltr'><strong>nachi</strong></span> <span class='ocrx_word' id='word_1_472' title='bbox 352 3915 437 3967; x_wconf 82' lang='lat' dir='ltr'><strong>vel</strong></span> <span class='ocrx_word' id='word_1_473' title='bbox 468 3931 559 3970; x_wconf 87' lang='lat' dir='ltr'><strong>res</strong></span> <span class='ocrx_word' id='word_1_474' title='bbox 580 3916 777 3971; x_wconf 86' lang='lat' dir='ltr'><strong>ibidem</strong></span> <span class='ocrx_word' id='word_1_475' title='bbox 809 3920 1144 3987; x_wconf 89' lang='lat' dir='ltr'><strong>pertinentes</strong></span> <span class='ocrx_word' id='word_1_476' title='bbox 1170 3923 1342 3975; x_wconf 88' lang='lat' dir='ltr'><strong>nostri</strong></span> <span class='ocrx_word' id='word_1_477' title='bbox 1387 3925 1590 3994; x_wconf 88' lang='lat' dir='ltr'><strong>proprii</strong></span> <span class='ocrx_word' id='word_1_478' title='bbox 1635 3942 1720 3981; x_wconf 89' lang='lat' dir='ltr'><strong>es-</strong></span> 
     </span>
    </p>
   </div>
   <div class='ocr_carea' id='block_1_74' title="bbox 136 4005 1719 4082">
    <p class='ocr_par' dir='ltr' id='par_1_74' title="bbox 136 4005 1719 4082">
     <span class='ocr_line' id='line_1_74' title="bbox 136 4005 1719 4082; baseline 0.009 -24"><span class='ocrx_word' id='word_1_479' title='bbox 136 4012 264 4058; x_wconf 87' lang='lat' dir='ltr'><strong>sent</strong></span> <span class='ocrx_word' id='word_1_480' title='bbox 302 4005 441 4059; x_wconf 88' lang='lat' dir='ltr'><strong>sicut</strong></span> <span class='ocrx_word' id='word_1_481' title='bbox 471 4016 666 4061; x_wconf 69' lang='lat' dir='ltr'><strong>cmtera</strong></span> <span class='ocrx_word' id='word_1_482' title='bbox 695 4012 1021 4064; x_wconf 87' lang='lat' dir='ltr'><strong>monasteria</strong></span> <span class='ocrx_word' id='word_1_483' title='bbox 1052 4010 1189 4066; x_wconf 87' lang='lat' dir='ltr'><strong>infra</strong></span> <span class='ocrx_word' id='word_1_484' title='bbox 1217 4012 1605 4082; x_wconf 84' lang='lat' dir='ltr'><strong>Septimaniam</strong></span> <span class='ocrx_word' id='word_1_485' title='bbox 1624 4033 1719 4072; x_wconf 89' lang='lat' dir='ltr'><strong>no-</strong></span> 
     </span>
    </p>
   </div>
   <div class='ocr_carea' id='block_1_75' title="bbox 136 4100 1717 4162">
    <p class='ocr_par' dir='ltr' id='par_1_75' title="bbox 136 4100 1717 4162">
     <span class='ocr_line' id='line_1_75' title="bbox 136 4100 1717 4162; baseline 0.009 -16"><span class='ocrx_word' id='word_1_486' title='bbox 136 4100 256 4146; x_wconf 88' lang='lat' dir='ltr'><strong>stra</strong></span> <span class='ocrx_word' id='word_1_487' title='bbox 300 4107 420 4149; x_wconf 90' lang='lat' dir='ltr'><strong>esse</strong></span> <span class='ocrx_word' id='word_1_488' title='bbox 458 4105 732 4162; x_wconf 87' lang='lat' dir='ltr'><strong>constant,</strong></span> <span class='ocrx_word' id='word_1_489' title='bbox 761 4106 815 4152; x_wconf 89' lang='lat' dir='ltr'><strong>et</strong></span> <span class='ocrx_word' id='word_1_490' title='bbox 841 4114 907 4153; x_wconf 88' lang='lat' dir='ltr'><strong>ex</strong></span> <span class='ocrx_word' id='word_1_491' title='bbox 952 4109 1136 4155; x_wconf 84' lang='lat' dir='ltr'><strong>nostra</strong></span> <span class='ocrx_word' id='word_1_492' title='bbox 1187 4104 1509 4159; x_wconf 88' lang='lat' dir='ltr'><strong>auctoritate</strong></span> <span class='ocrx_word' id='word_1_493' title='bbox 1549 4105 1717 4160; x_wconf 91' lang='lat' dir='ltr'><strong>licen-</strong></span> 
     </span>
    </p>
   </div>
   <div class='ocr_carea' id='block_1_76' title="bbox 136 4174 1717 4262">
    <p class='ocr_par' dir='ltr' id='par_1_76' title="bbox 136 4174 1717 4262">
     <span class='ocr_line' id='line_1_76' title="bbox 136 4174 1717 4262; baseline 0.008 -27"><span class='ocrx_word' id='word_1_494' title='bbox 136 4182 277 4236; x_wconf 88' lang='lat' dir='ltr'><strong>tiam</strong></span> <span class='ocrx_word' id='word_1_495' title='bbox 334 4185 417 4240; x_wconf 92' lang='lat' dir='ltr'><strong>eis</strong></span> <span class='ocrx_word' id='word_1_496' title='bbox 472 4174 896 4243; x_wconf 89' lang='lat' dir='ltr'><strong>concederemus</strong></span> <span class='ocrx_word' id='word_1_497' title='bbox 944 4205 975 4243; x_wconf 89' lang='lat' dir='ltr'><strong>a</strong></span> <span class='ocrx_word' id='word_1_498' title='bbox 1019 4192 1178 4245; x_wconf 83' lang='lat' dir='ltr'><strong>modo</strong></span> <span class='ocrx_word' id='word_1_499' title='bbox 1222 4192 1422 4262; x_wconf 85' lang='lat' dir='ltr'><strong>eligere</strong></span> <span class='ocrx_word' id='word_1_500' title='bbox 1467 4193 1717 4248; x_wconf 87' lang='lat' dir='ltr'><strong>abbatem</strong></span> 
     </span>
    </p>
   </div>
   <div class='ocr_carea' id='block_1_77' title="bbox 133 4275 1715 4352">
    <p class='ocr_par' dir='ltr' id='par_1_77' title="bbox 133 4275 1715 4352">
     <span class='ocr_line' id='line_1_77' title="bbox 133 4275 1715 4352; baseline 0.007 -26"><span class='ocrx_word' id='word_1_501' title='bbox 133 4275 573 4346; x_wconf 82' lang='lat' dir='ltr'><strong>qualemcunque</strong></span> <span class='ocrx_word' id='word_1_502' title='bbox 602 4276 893 4332; x_wconf 85' lang='lat' dir='ltr'><strong>voluerint.</strong></span> <span class='ocrx_word' id='word_1_503' title='bbox 928 4279 1167 4343; x_wconf 82' lang='lat' dir='ltr'><strong>Quorum</strong></span> <span class='ocrx_word' id='word_1_504' title='bbox 1198 4280 1540 4349; x_wconf 88' lang='lat' dir='ltr'><strong>petitionem,</strong></span> <span class='ocrx_word' id='word_1_505' title='bbox 1589 4284 1715 4352; x_wconf 88' lang='lat' dir='ltr'><strong>quia</strong></span> 
     </span>
    </p>
   </div>
   <div class='ocr_carea' id='block_1_78' title="bbox 127 4365 1718 4441">
    <p class='ocr_par' dir='ltr' id='par_1_78' title="bbox 127 4365 1718 4441">
     <span class='ocr_line' id='line_1_78' title="bbox 127 4365 1718 4441; baseline 0.007 -23"><span class='ocrx_word' id='word_1_506' title='bbox 127 4365 340 4436; x_wconf 78' lang='lat' dir='ltr'><strong>justam</strong></span> <span class='ocrx_word' id='word_1_507' title='bbox 389 4378 445 4422; x_wconf 91' lang='lat' dir='ltr'><strong>et</strong></span> <span class='ocrx_word' id='word_1_508' title='bbox 490 4368 863 4423; x_wconf 84' lang='lat' dir='ltr'><strong>rationabilem</strong></span> <span class='ocrx_word' id='word_1_509' title='bbox 896 4385 1017 4425; x_wconf 88' lang='lat' dir='ltr'><strong>esse</strong></span> <span class='ocrx_word' id='word_1_510' title='bbox 1048 4372 1440 4441; x_wconf 86' lang='lat' dir='ltr'><strong>cognovimus,</strong></span> <span class='ocrx_word' id='word_1_511' title='bbox 1486 4374 1718 4430; x_wconf 89' lang='lat' dir='ltr'><strong>libenter</strong></span> 
     </span>
    </p>
   </div>
   <div class='ocr_carea' id='block_1_79' title="bbox 134 4456 1716 4526">
    <p class='ocr_par' dir='ltr' id='par_1_79' title="bbox 134 4456 1716 4526">
     <span class='ocr_line' id='line_1_79' title="bbox 134 4456 1716 4526; baseline 0.008 -20"><span class='ocrx_word' id='word_1_512' title='bbox 134 4468 423 4508; x_wconf 85' lang='lat' dir='ltr'><strong>assensum</strong></span> <span class='ocrx_word' id='word_1_513' title='bbox 469 4456 828 4524; x_wconf 62' lang='lat' dir='ltr'><strong>praebuimus;</strong></span> <span class='ocrx_word' id='word_1_514' title='bbox 875 4465 930 4512; x_wconf 91' lang='lat' dir='ltr'><strong>et</strong></span> <span class='ocrx_word' id='word_1_515' title='bbox 969 4460 1285 4526; x_wconf 63' lang='lat' dir='ltr'><strong>praedictum</strong></span> <span class='ocrx_word' id='word_1_516' title='bbox 1327 4464 1716 4518; x_wconf 86' lang='lat' dir='ltr'><strong>monasterium</strong></span> 
     </span>
    </p>
   </div>
   <div class='ocr_carea' id='block_1_80' title="bbox 2553 3349 2689 3405">
    <p class='ocr_par' dir='ltr' id='par_1_80' title="bbox 2553 3349 2689 3405">
     <span class='ocr_line' id='line_1_80' title="bbox 2553 3349 2689 3405; baseline 0.007 -1"><span class='ocrx_word' id='word_1_517' title='bbox 2553 3349 2689 3405; x_wconf 73' lang='lat' dir='ltr'><strong>CXI.</strong></span> 
     </span>
    </p>
   </div>
   <div class='ocr_carea' id='block_1_81' title="bbox 2210 3433 3035 3502">
    <p class='ocr_par' dir='ltr' id='par_1_81' title="bbox 2210 3433 3035 3502">
     <span class='ocr_line' id='line_1_81' title="bbox 2210 3433 3035 3502; baseline 0.017 -14"><span class='ocrx_word' id='word_1_518' title='bbox 2210 3433 2237 3474; x_wconf 73' lang='grc' dir='ltr'>δ</span> <span class='ocrx_word' id='word_1_519' title='bbox 2278 3451 2381 3491; x_wconf 79' lang='lat' dir='ltr'><strong>pno</strong></span> <span class='ocrx_word' id='word_1_520' title='bbox 2421 3452 2642 3494; x_wconf 74' lang='lat' dir='ltr'><strong>MASONIS</strong></span> <span class='ocrx_word' id='word_1_521' title='bbox 2678 3457 3035 3502; x_wconf 71' lang='lat' dir='ltr'><strong>HONASTEMO.</strong></span> 
     </span>
    </p>
   </div>
   <div class='ocr_carea' id='block_1_82' title="bbox 2454 3527 2817 3605">
    <p class='ocr_par' dir='ltr' id='par_1_82' title="bbox 2454 3527 2817 3605">
     <span class='ocr_line' id='line_1_82' title="bbox 2454 3527 2817 3605; baseline 0.019 -27"><span class='ocrx_word' id='word_1_522' title='bbox 2454 3527 2628 3599; x_wconf 76' lang='lat' dir='ltr'><strong>(Anno</strong></span> <span class='ocrx_word' id='word_1_523' title='bbox 2668 3531 2817 3605; x_wconf 72' lang='lat'><strong>825.)</strong></span> 
     </span>
    </p>
   </div>
   <div class='ocr_carea' id='block_1_83' title="bbox 1828 3627 3408 3705">
    <p class='ocr_par' dir='ltr' id='par_1_83' title="bbox 1828 3627 3408 3705">
     <span class='ocr_line' id='line_1_83' title="bbox 1828 3627 3408 3705; baseline 0.016 -24"><span class='ocrx_word' id='word_1_524' title='bbox 1828 3627 2103 3705; x_wconf 81' lang='lat' dir='ltr'><strong>[Apud__D.</strong></span> <span class='ocrx_word' id='word_1_525' title='bbox 2138 3631 2427 3705; x_wconf 72' lang='lat' dir='ltr'><strong>Douquct.,</strong></span> <span class='ocrx_word' id='word_1_526' title='bbox 2466 3635 2619 3700; x_wconf 78' lang='lat' dir='ltr'><strong>ibid.,</strong></span> <span class='ocrx_word' id='word_1_527' title='bbox 2673 3654 2724 3705; x_wconf 88' lang='lat' dir='ltr'><strong>p.</strong></span> <span class='ocrx_word' id='word_1_528' title='bbox 2770 3640 2894 3695; x_wconf 79' lang='lat'><strong>535.</strong></span> <span class='ocrx_word' id='word_1_529' title='bbox 2934 3658 3001 3697; x_wconf 76' lang='lat' dir='ltr'><strong>ex</strong></span> <span class='ocrx_word' id='word_1_530' title='bbox 3050 3644 3251 3702; x_wconf 85' lang='lat' dir='ltr'><strong>Ludov.</strong></span> <span class='ocrx_word' id='word_1_531' title='bbox 3306 3649 3408 3705; x_wconf 90' lang='lat' dir='ltr'><strong>La-</strong></span> 
     </span>
    </p>
   </div>
   <div class='ocr_carea' id='block_1_84' title="bbox 1915 3700 3315 3790">
    <p class='ocr_par' dir='ltr' id='par_1_84' title="bbox 1915 3700 3315 3790">
     <span class='ocr_line' id='line_1_84' title="bbox 1915 3700 3315 3790; baseline 0.014 -39"><span class='ocrx_word' id='word_1_532' title='bbox 1915 3700 2099 3767; x_wconf 85' lang='lat' dir='ltr'><strong>guille,</strong></span> <span class='ocrx_word' id='word_1_533' title='bbox 2145 3701 2199 3753; x_wconf 86' lang='lat' dir='ltr'><strong>iu</strong></span> <span class='ocrx_word' id='word_1_534' title='bbox 2242 3700 2452 3769; x_wconf 80' lang='lat' dir='ltr'><strong>probat.</strong></span> <span class='ocrx_word' id='word_1_535' title='bbox 2494 3700 2747 3761; x_wconf 64' lang='lat' dir='ltr'><strong>Historiis</strong></span> <span class='ocrx_word' id='word_1_536' title='bbox 2782 3710 3020 3777; x_wconf 74' lang='lat' dir='ltr'><strong>Alsatiw,</strong></span> <span class='ocrx_word' id='word_1_537' title='bbox 3049 3700 3315 3790; x_wconf 13' lang='lat' dir='ltr'><strong>pag.vl;5.]_</strong></span> 
     </span>
    </p>
   </div>
   <div class='ocr_carea' id='block_1_85' title="bbox 1891 3811 3407 3893">
    <p class='ocr_par' dir='ltr' id='par_1_85' title="bbox 1891 3811 3407 3893">
     <span class='ocr_line' id='line_1_85' title="bbox 1891 3811 3407 3893; baseline 0.013 -27"><span class='ocrx_word' id='word_1_538' title='bbox 1891 3811 1950 3866; x_wconf 87' lang='lat' dir='ltr'><strong>In</strong></span> <span class='ocrx_word' id='word_1_539' title='bbox 1986 3814 2203 3883; x_wconf 82' lang='lat' dir='ltr'><strong>nomine</strong></span> <span class='ocrx_word' id='word_1_540' title='bbox 2236 3813 2463 3885; x_wconf 86' lang='lat' dir='ltr'><strong>[domini</strong></span> <span class='ocrx_word' id='word_1_541' title='bbox 2494 3816 2614 3890; x_wconf 73' lang='lat' dir='ltr'><strong>Dei}</strong></span> <span class='ocrx_word' id='word_1_542' title='bbox 2642 3833 2697 3874; x_wconf 89' lang='lat' dir='ltr'><strong>et</strong></span> <span class='ocrx_word' id='word_1_543' title='bbox 2727 3819 3024 3878; x_wconf 86' lang='lat' dir='ltr'><strong>Salvatoris</strong></span> <span class='ocrx_word' id='word_1_544' title='bbox 3048 3829 3240 3893; x_wconf 89' lang='lat' dir='ltr'><strong>nostri,</strong></span> <span class='ocrx_word' id='word_1_545' title='bbox 3278 3830 3407 3887; x_wconf 81' lang='lat' dir='ltr'><strong>Jcsu</strong></span> 
     </span>
    </p>
   </div>
   <div class='ocr_carea' id='block_1_86' title="bbox 1822 3901 3409 3981">
    <p class='ocr_par' dir='ltr' id='par_1_86' title="bbox 1822 3901 3409 3981">
     <span class='ocr_line' id='line_1_86' title="bbox 1822 3901 3409 3981; baseline 0.014 -27"><span class='ocrx_word' id='word_1_546' title='bbox 1822 3901 2048 3967; x_wconf 87' lang='lat' dir='ltr'><strong>Christi,</strong></span> <span class='ocrx_word' id='word_1_547' title='bbox 2095 3903 2401 3959; x_wconf 81' lang='lat' dir='ltr'><strong>Ludovicus</strong></span> <span class='ocrx_word' id='word_1_548' title='bbox 2445 3907 2626 3963; x_wconf 88' lang='lat' dir='ltr'><strong>divina</strong></span> <span class='ocrx_word' id='word_1_549' title='bbox 2656 3913 3041 3981; x_wconf 86' lang='lat' dir='ltr'><strong>repropitiante</strong></span> <span class='ocrx_word' id='word_1_550' title='bbox 3068 3928 3089 3957; x_wconf 75' lang='grc' dir='ltr'>ε</span> <span class='ocrx_word' id='word_1_551' title='bbox 3120 3918 3409 3977; x_wconf 88' lang='lat' dir='ltr'><strong>clementia</strong></span> 
     </span>
    </p>
   </div>
   <div class='ocr_carea' id='block_1_87' title="bbox 1822 3990 2444 4063">
    <p class='ocr_par' dir='ltr' id='par_1_87' title="bbox 1822 3990 2444 4063">
     <span class='ocr_line' id='line_1_87' title="bbox 1822 3990 2444 4063; baseline 0.008 -19"><span class='ocrx_word' id='word_1_552' title='bbox 1822 3990 2119 4061; x_wconf 86' lang='lat' dir='ltr'><strong>imperator</strong></span> <span class='ocrx_word' id='word_1_553' title='bbox 2144 3993 2444 4063; x_wconf 86' lang='lat' dir='ltr'><strong>Augustus.</strong></span> 
     </span>
    </p>
   </div>
   <div class='ocr_carea' id='block_1_88' title="bbox 1889 4101 3403 4181">
    <p class='ocr_par' dir='ltr' id='par_1_88' title="bbox 1889 4101 3403 4181">
     <span class='ocr_line' id='line_1_88' title="bbox 1889 4101 3403 4181; baseline 0.013 -26"><span class='ocrx_word' id='word_1_554' title='bbox 1889 4101 2024 4169; x_wconf 86' lang='lat' dir='ltr'><strong>Quia</strong></span> <span class='ocrx_word' id='word_1_555' title='bbox 2054 4112 2298 4158; x_wconf 90' lang='lat' dir='ltr'><strong>nostrum</strong></span> <span class='ocrx_word' id='word_1_556' title='bbox 2328 4111 2411 4158; x_wconf 87' lang='lat' dir='ltr'><strong>est</strong></span> <span class='ocrx_word' id='word_1_557' title='bbox 2435 4114 2629 4160; x_wconf 89' lang='lat' dir='ltr'><strong>cuncta</strong></span> <span class='ocrx_word' id='word_1_558' title='bbox 2658 4107 2776 4163; x_wconf 89' lang='lat' dir='ltr'><strong>loca</strong></span> <span class='ocrx_word' id='word_1_559' title='bbox 2805 4112 2954 4181; x_wconf 88' lang='lat' dir='ltr'><strong>regni</strong></span> <span class='ocrx_word' id='word_1_560' title='bbox 2984 4116 3153 4169; x_wconf 89' lang='lat' dir='ltr'><strong>nostri</strong></span> <span class='ocrx_word' id='word_1_561' title='bbox 3185 4118 3251 4172; x_wconf 85' lang='lat' dir='ltr'><strong>ad</strong></span> <span class='ocrx_word' id='word_1_562' title='bbox 3286 4119 3403 4176; x_wconf 88' lang='lat' dir='ltr'><strong>lau-</strong></span> 
     </span>
    </p>
   </div>
   <div class='ocr_carea' id='block_1_89' title="bbox 1818 4188 3401 4263">
    <p class='ocr_par' dir='ltr' id='par_1_89' title="bbox 1818 4188 3401 4263">
     <span class='ocr_line' id='line_1_89' title="bbox 1818 4188 3401 4263; baseline 0.013 -21"><span class='ocrx_word' id='word_1_563' title='bbox 1818 4188 1941 4244; x_wconf 91' lang='lat' dir='ltr'><strong>dem</strong></span> <span class='ocrx_word' id='word_1_564' title='bbox 1970 4199 2025 4245; x_wconf 88' lang='lat' dir='ltr'><strong>et</strong></span> <span class='ocrx_word' id='word_1_565' title='bbox 2048 4191 2114 4245; x_wconf 89' lang='lat' dir='ltr'><strong>ad</strong></span> <span class='ocrx_word' id='word_1_566' title='bbox 2140 4191 2364 4261; x_wconf 87' lang='lat' dir='ltr'><strong>gloriam</strong></span> <span class='ocrx_word' id='word_1_567' title='bbox 2388 4192 2483 4247; x_wconf 90' lang='lat' dir='ltr'><strong>Dei</strong></span> <span class='ocrx_word' id='word_1_568' title='bbox 2506 4204 2813 4250; x_wconf 87' lang='lat' dir='ltr'><strong>constructa</strong></span> <span class='ocrx_word' id='word_1_569' title='bbox 2835 4198 3127 4256; x_wconf 77' lang='lat' dir='ltr'><strong>defendere</strong></span> <span class='ocrx_word' id='word_1_570' title='bbox 3152 4212 3208 4259; x_wconf 91' lang='lat' dir='ltr'><strong>et</strong></span> <span class='ocrx_word' id='word_1_571' title='bbox 3234 4208 3401 4263; x_wconf 84' lang='lat' dir='ltr'><strong>stabi-</strong></span> 
     </span>
    </p>
   </div>
   <div class='ocr_carea' id='block_1_90' title="bbox 1818 4280 3401 4367">
    <p class='ocr_par' dir='ltr' id='par_1_90' title="bbox 1818 4280 3401 4367">
     <span class='ocr_line' id='line_1_90' title="bbox 1818 4280 3401 4367; baseline 0.011 -33"><span class='ocrx_word' id='word_1_572' title='bbox 1818 4280 1951 4346; x_wconf 90' lang='lat' dir='ltr'><strong>lire,</strong></span> <span class='ocrx_word' id='word_1_573' title='bbox 1987 4282 2331 4352; x_wconf 66' lang='lat' dir='ltr'><strong>praecipimus</strong></span> <span class='ocrx_word' id='word_1_574' title='bbox 2382 4291 2442 4337; x_wconf 91' lang='lat' dir='ltr'><strong>ut</strong></span> <span class='ocrx_word' id='word_1_575' title='bbox 2495 4284 2766 4341; x_wconf 85' lang='lat' dir='ltr'><strong>abbatiam</strong></span> <span class='ocrx_word' id='word_1_576' title='bbox 2808 4288 2862 4341; x_wconf 88' lang='lat' dir='ltr'><strong>in</strong></span> <span class='ocrx_word' id='word_1_577' title='bbox 2918 4299 3073 4359; x_wconf 88' lang='lat' dir='ltr'><strong>parte</strong></span> <span class='ocrx_word' id='word_1_578' title='bbox 3125 4292 3321 4367; x_wconf 78' lang='lat' dir='ltr'><strong>Vosagi</strong></span> <span class='ocrx_word' id='word_1_579' title='bbox 3368 4313 3401 4352; x_wconf 88' lang='lat' dir='ltr'><strong>a</strong></span> 
     </span>
    </p>
   </div>
   <div class='ocr_carea' id='block_1_91' title="bbox 1818 4372 3397 4456">
    <p class='ocr_par' dir='ltr' id='par_1_91' title="bbox 1818 4372 3397 4456">
     <span class='ocr_line' id='line_1_91' title="bbox 1818 4372 3397 4456; baseline 0.012 -32"><span class='ocrx_word' id='word_1_580' title='bbox 1818 4372 2050 4442; x_wconf 90' lang='lat' dir='ltr'><strong>quodam</strong></span> <span class='ocrx_word' id='word_1_581' title='bbox 2109 4373 2350 4442; x_wconf 84' lang='lat' dir='ltr'><strong>principe</strong></span> <span class='ocrx_word' id='word_1_582' title='bbox 2388 4374 2506 4429; x_wconf 87' lang='lat' dir='ltr'><strong>viro</strong></span> <span class='ocrx_word' id='word_1_583' title='bbox 2550 4376 2716 4430; x_wconf 89' lang='lat' dir='ltr'><strong>nobili</strong></span> <span class='ocrx_word' id='word_1_584' title='bbox 2742 4418 2756 4443; x_wconf 92' lang='lat'><strong>,</strong></span> <span class='ocrx_word' id='word_1_585' title='bbox 2796 4380 2939 4436; x_wconf 91' lang='lat' dir='ltr'><strong>unde</strong></span> <span class='ocrx_word' id='word_1_586' title='bbox 2983 4383 3146 4437; x_wconf 89' lang='lat' dir='ltr'><strong>etiam</strong></span> <span class='ocrx_word' id='word_1_587' title='bbox 3198 4402 3397 4456; x_wconf 80' lang='lat' dir='ltr'><strong>nomen</strong></span> 
     </span>
    </p>
   </div>
   <div class='ocr_carea' id='block_1_92' title="bbox 1820 4464 3397 4542">
    <p class='ocr_par' dir='ltr' id='par_1_92' title="bbox 1820 4464 3397 4542">
     <span class='ocr_line' id='line_1_92' title="bbox 1820 4464 3397 4542; baseline 0.009 -25"><span class='ocrx_word' id='word_1_588' title='bbox 1820 4464 2005 4526; x_wconf 80' lang='lat' dir='ltr'><strong>traxit,</strong></span> <span class='ocrx_word' id='word_1_589' title='bbox 2044 4465 2188 4532; x_wconf 91' lang='lat' dir='ltr'><strong>quod</strong></span> <span class='ocrx_word' id='word_1_590' title='bbox 2238 4474 2464 4518; x_wconf 86' lang='lat' dir='ltr'><strong>vocatur</strong></span> <span class='ocrx_word' id='word_1_591' title='bbox 2505 4466 2660 4521; x_wconf 87' lang='lat' dir='ltr'><strong>vallis</strong></span> <span class='ocrx_word' id='word_1_592' title='bbox 2701 4468 2937 4527; x_wconf 73' lang='lat' dir='ltr'><strong>Maeonis</strong></span> <span class='ocrx_word' id='word_1_593' title='bbox 2981 4473 3397 4542; x_wconf 74' lang='lat' dir='ltr'><strong>(Masmuuster,</strong></span> 
     </span>
    </p>
   </div>
   <div class='ocr_carea' id='block_1_93' title="bbox 132 4532 3395 4637">
    <p class='ocr_par' dir='ltr' id='par_1_93' title="bbox 132 4532 3395 4637">
     <span class='ocr_line' id='line_1_93' title="bbox 132 4532 3395 4637; baseline 0.008 -42"><span class='ocrx_word' id='word_1_594' title='bbox 132 4556 263 4597; x_wconf 86' lang='lat' dir='ltr'><strong>cum</strong></span> <span class='ocrx_word' id='word_1_595' title='bbox 301 4544 559 4612; x_wconf 64' lang='lat' dir='ltr'><strong>praedicta</strong></span> <span class='ocrx_word' id='word_1_596' title='bbox 598 4544 789 4600; x_wconf 79' lang='lat' dir='ltr'><strong>cellula</strong></span> <span class='ocrx_word' id='word_1_597' title='bbox 835 4554 890 4601; x_wconf 91' lang='lat' dir='ltr'><strong>et</strong></span> <span class='ocrx_word' id='word_1_598' title='bbox 925 4548 1255 4628; x_wconf 78' lang='lat' dir='ltr'><strong>appeadiciis</strong></span> <span class='ocrx_word' id='word_1_599' title='bbox 1281 4552 1395 4606; x_wconf 86' lang='lat' dir='ltr'><strong>suis</strong></span> <span class='ocrx_word' id='word_1_600' title='bbox 1421 4561 1477 4607; x_wconf 87' lang='lat' dir='ltr'><strong>et</strong></span> <span class='ocrx_word' id='word_1_601' title='bbox 1522 4568 1714 4608; x_wconf 86' lang='lat' dir='ltr'><strong>mona-</strong></span> <span class='ocrx_word' id='word_1_602' title='bbox 1734 4532 1792 4593; x_wconf 83' lang='grc' dir='ltr'><strong>Ῑ)</strong></span> <span class='ocrx_word' id='word_1_603' title='bbox 1817 4551 1901 4606; x_wconf 88' lang='lat' dir='ltr'><strong>vel</strong></span> <span class='ocrx_word' id='word_1_604' title='bbox 1923 4551 2267 4637; x_wconf 61' lang='lat' dir='ltr'><strong>Moisevauat),</strong></span> <span class='ocrx_word' id='word_1_605' title='bbox 2295 4552 2463 4608; x_wconf 81' lang='lat' dir='ltr'><strong>fratre</strong></span> <span class='ocrx_word' id='word_1_606' title='bbox 2486 4554 2737 4610; x_wconf 90' lang='lat' dir='ltr'><strong>videlicet</strong></span> <span class='ocrx_word' id='word_1_607' title='bbox 2756 4557 2911 4613; x_wconf 88' lang='lat' dir='ltr'><strong>ducis</strong></span> <span class='ocrx_word' id='word_1_608' title='bbox 2930 4532 3158 4617; x_wconf 77' lang='lat' dir='ltr'><strong>Lutfridi</strong></span> <span class='ocrx_word' id='word_1_609' title='bbox 3184 4574 3241 4620; x_wconf 92' lang='lat' dir='ltr'><strong>et</strong></span> <span class='ocrx_word' id='word_1_610' title='bbox 3261 4532 3395 4621; x_wconf 61' lang='lat' dir='ltr'><strong>Ebe:</strong></span> 
     </span>
    </p>
   </div>
   <div class='ocr_carea' id='block_1_94' title="bbox 131 4633 1716 4706">
    <p class='ocr_par' dir='ltr' id='par_1_94' title="bbox 131 4633 1716 4706">
     <span class='ocr_line' id='line_1_94' title="bbox 131 4633 1716 4706; baseline 0.008 -20"><span class='ocrx_word' id='word_1_611' title='bbox 131 4634 273 4687; x_wconf 77' lang='lat' dir='ltr'><strong>chos</strong></span> <span class='ocrx_word' id='word_1_612' title='bbox 299 4633 495 4688; x_wconf 86' lang='lat' dir='ltr'><strong>ibidem</strong></span> <span class='ocrx_word' id='word_1_613' title='bbox 520 4635 776 4706; x_wconf 86' lang='lat' dir='ltr'><strong>degentes</strong></span> <span class='ocrx_word' id='word_1_614' title='bbox 803 4638 884 4693; x_wconf 88' lang='lat' dir='ltr'><strong>vel</strong></span> <span class='ocrx_word' id='word_1_615' title='bbox 920 4653 1109 4694; x_wconf 88' lang='lat' dir='ltr'><strong>omnes</strong></span> <span class='ocrx_word' id='word_1_616' title='bbox 1136 4655 1221 4694; x_wconf 90' lang='lat' dir='ltr'><strong>res</strong></span> <span class='ocrx_word' id='word_1_617' title='bbox 1248 4642 1320 4696; x_wconf 89' lang='lat' dir='ltr'><strong>ad</strong></span> <span class='ocrx_word' id='word_1_618' title='bbox 1361 4642 1503 4697; x_wconf 90' lang='lat' dir='ltr'><strong>idem</strong></span> <span class='ocrx_word' id='word_1_619' title='bbox 1528 4659 1716 4699; x_wconf 82' lang='lat' dir='ltr'><strong>mona-</strong></span> 
     </span>
    </p>
   </div>
   <div class='ocr_carea' id='block_1_95' title="bbox 132 4722 1714 4800">
    <p class='ocr_par' dir='ltr' id='par_1_95' title="bbox 132 4722 1714 4800">
     <span class='ocr_line' id='line_1_95' title="bbox 132 4722 1714 4800; baseline 0.006 -21"><span class='ocrx_word' id='word_1_620' title='bbox 132 4722 363 4779; x_wconf 85' lang='lat' dir='ltr'><strong>sterium</strong></span> <span class='ocrx_word' id='word_1_621' title='bbox 386 4725 638 4791; x_wconf 69' lang='lat' dir='ltr'><strong>prmsenti</strong></span> <span class='ocrx_word' id='word_1_622' title='bbox 669 4733 907 4794; x_wconf 90' lang='lat' dir='ltr'><strong>tempore</strong></span> <span class='ocrx_word' id='word_1_623' title='bbox 932 4728 1288 4797; x_wconf 86' lang='lat' dir='ltr'><strong>pertinentes,</strong></span> <span class='ocrx_word' id='word_1_624' title='bbox 1319 4730 1404 4785; x_wconf 91' lang='lat' dir='ltr'><strong>vel</strong></span> <span class='ocrx_word' id='word_1_625' title='bbox 1426 4747 1549 4800; x_wconf 81' lang='lat' dir='ltr'><strong>quae</strong></span> <span class='ocrx_word' id='word_1_626' title='bbox 1570 4734 1714 4787; x_wconf 85' lang='lat' dir='ltr'><strong>dein-</strong></span> 
     </span>
    </p>
   </div>
   <div class='ocr_carea' id='block_1_96' title="bbox 132 4809 1712 4883">
    <p class='ocr_par' dir='ltr' id='par_1_96' title="bbox 132 4809 1712 4883">
     <span class='ocr_line' id='line_1_96' title="bbox 132 4809 1712 4883; baseline 0.01 -23"><span class='ocrx_word' id='word_1_627' title='bbox 132 4823 267 4877; x_wconf 88' lang='lat' dir='ltr'><strong>ceps</strong></span> <span class='ocrx_word' id='word_1_628' title='bbox 308 4823 373 4862; x_wconf 89' lang='lat' dir='ltr'><strong>ex</strong></span> <span class='ocrx_word' id='word_1_629' title='bbox 415 4809 548 4864; x_wconf 84' lang='lat' dir='ltr'><strong>locis</strong></span> <span class='ocrx_word' id='word_1_630' title='bbox 572 4813 770 4867; x_wconf 88' lang='lat' dir='ltr'><strong>eremis</strong></span> <span class='ocrx_word' id='word_1_631' title='bbox 792 4820 953 4883; x_wconf 91' lang='lat' dir='ltr'><strong>atque</strong></span> <span class='ocrx_word' id='word_1_632' title='bbox 997 4814 1216 4871; x_wconf 88' lang='lat' dir='ltr'><strong>incultis</strong></span> <span class='ocrx_word' id='word_1_633' title='bbox 1256 4817 1323 4871; x_wconf 89' lang='lat' dir='ltr'><strong>ad</strong></span> <span class='ocrx_word' id='word_1_634' title='bbox 1365 4832 1552 4873; x_wconf 83' lang='lat' dir='ltr'><strong>eorum</strong></span> <span class='ocrx_word' id='word_1_635' title='bbox 1578 4837 1712 4877; x_wconf 83' lang='lat' dir='ltr'><strong>usus</strong></span> 
     </span>
    </p>
   </div>
   <div class='ocr_carea' id='block_1_97' title="bbox 131 4901 1711 4977">
    <p class='ocr_par' dir='ltr' id='par_1_97' title="bbox 131 4901 1711 4977">
     <span class='ocr_line' id='line_1_97' title="bbox 131 4901 1711 4977; baseline 0.013 -26"><span class='ocrx_word' id='word_1_636' title='bbox 131 4901 467 4968; x_wconf 74' lang='lat' dir='ltr'><strong>aspexerint,</strong></span> <span class='ocrx_word' id='word_1_637' title='bbox 496 4902 564 4956; x_wconf 88' lang='lat' dir='ltr'><strong>ad</strong></span> <span class='ocrx_word' id='word_1_638' title='bbox 583 4910 849 4969; x_wconf 40' lang='lat' dir='ltr'><strong>.nostrum</strong></span> <span class='ocrx_word' id='word_1_639' title='bbox 879 4920 1013 4975; x_wconf 90' lang='lat' dir='ltr'><strong>opus</strong></span> <span class='ocrx_word' id='word_1_640' title='bbox 1053 4908 1377 4977; x_wconf 91' lang='lat' dir='ltr'><strong>recepimus,</strong></span> <span class='ocrx_word' id='word_1_641' title='bbox 1412 4911 1486 4965; x_wconf 89' lang='lat' dir='ltr'><strong>ita</strong></span> <span class='ocrx_word' id='word_1_642' title='bbox 1521 4913 1711 4970; x_wconf 83' lang='lat' dir='ltr'><strong>videli-</strong></span> 
     </span>
    </p>
   </div>
   <div class='ocr_carea' id='block_1_98' title="bbox 132 4994 1710 5060">
    <p class='ocr_par' dir='ltr' id='par_1_98' title="bbox 132 4994 1710 5060">
     <span class='ocr_line' id='line_1_98' title="bbox 132 4994 1710 5060; baseline 0.011 -17"><span class='ocrx_word' id='word_1_643' title='bbox 132 4999 224 5044; x_wconf 85' lang='lat' dir='ltr'><strong>cet</strong></span> <span class='ocrx_word' id='word_1_644' title='bbox 276 5000 334 5044; x_wconf 92' lang='lat' dir='ltr'><strong>ut</strong></span> <span class='ocrx_word' id='word_1_645' title='bbox 379 4994 481 5046; x_wconf 90' lang='lat' dir='ltr'><strong>sub</strong></span> <span class='ocrx_word' id='word_1_646' title='bbox 522 5003 704 5049; x_wconf 86' lang='lat' dir='ltr'><strong>nostra</strong></span> <span class='ocrx_word' id='word_1_647' title='bbox 741 4995 850 5050; x_wconf 91' lang='lat' dir='ltr'><strong>imo</strong></span> <span class='ocrx_word' id='word_1_648' title='bbox 888 5011 1077 5051; x_wconf 90' lang='lat' dir='ltr'><strong>eorum</strong></span> <span class='ocrx_word' id='word_1_649' title='bbox 1127 5000 1489 5057; x_wconf 87' lang='lat' dir='ltr'><strong>dominatione</strong></span> <span class='ocrx_word' id='word_1_650' title='bbox 1532 5008 1710 5060; x_wconf 86' lang='lat' dir='ltr'><strong>consi-</strong></span> 
     </span>
    </p>
   </div>
   <div class='ocr_carea' id='block_1_99' title="bbox 130 5083 1710 5153">
    <p class='ocr_par' dir='ltr' id='par_1_99' title="bbox 130 5083 1710 5153">
     <span class='ocr_line' id='line_1_99' title="bbox 130 5083 1710 5153; baseline 0.012 -19"><span class='ocrx_word' id='word_1_651' title='bbox 130 5089 302 5135; x_wconf 89' lang='lat' dir='ltr'><strong>stant.</strong></span> <span class='ocrx_word' id='word_1_652' title='bbox 332 5083 623 5153; x_wconf 84' lang='lat' dir='ltr'><strong>Propterea</strong></span> <span class='ocrx_word' id='word_1_653' title='bbox 648 5086 745 5141; x_wconf 87' lang='lat' dir='ltr'><strong>has</strong></span> <span class='ocrx_word' id='word_1_654' title='bbox 772 5096 970 5143; x_wconf 70' lang='lat' dir='ltr'><strong>nostra:</strong></span> <span class='ocrx_word' id='word_1_655' title='bbox 998 5092 1339 5147; x_wconf 85' lang='lat' dir='ltr'><strong>auctoritatis</strong></span> <span class='ocrx_word' id='word_1_656' title='bbox 1363 5094 1569 5153; x_wconf 86' lang='lat' dir='ltr'><strong>litteras</strong></span> <span class='ocrx_word' id='word_1_657' title='bbox 1595 5114 1710 5153; x_wconf 92' lang='lat' dir='ltr'><strong>mo-</strong></span> 
     </span>
    </p>
   </div>
   <div class='ocr_carea' id='block_1_100' title="bbox 205 5256 1706 5338">
    <p class='ocr_par' dir='ltr' id='par_1_100' title="bbox 205 5256 1706 5338">
     <span class='ocr_line' id='line_1_100' title="bbox 205 5256 1706 5338; baseline 0.012 -29"><span class='ocrx_word' id='word_1_658' title='bbox 205 5256 331 5338; x_wconf 44' lang='lat' dir='ltr'><strong>a‘ln</strong></span> <span class='ocrx_word' id='word_1_659' title='bbox 365 5258 693 5338; x_wconf 62' lang='lat' dir='ltr'><strong>authentico,</strong></span> <span class='ocrx_word' id='word_1_660' title='bbox 721 5262 860 5338; x_wconf 75' lang='lat' dir='ltr'><strong>unde</strong></span> <span class='ocrx_word' id='word_1_661' title='bbox 886 5263 1073 5338; x_wconf 81' lang='lat' dir='ltr'><strong>editur-</strong></span> <span class='ocrx_word' id='word_1_662' title='bbox 1100 5264 1204 5338; x_wconf 84' lang='lat' dir='ltr'><strong>hoc</strong></span> <span class='ocrx_word' id='word_1_663' title='bbox 1233 5276 1581 5338; x_wconf 70' lang='lat' dir='ltr'><strong>prmceptum,</strong></span> <span class='ocrx_word' id='word_1_664' title='bbox 1615 5287 1706 5327; x_wconf 86' lang='lat' dir='ltr'><strong>se-</strong></span> 
     </span>
    </p>
   </div>
   <div class='ocr_carea' id='block_1_101' title="bbox 130 5326 1703 5408">
    <p class='ocr_par' dir='ltr' id='par_1_101' title="bbox 130 5326 1703 5408">
     <span class='ocr_line' id='line_1_101' title="bbox 130 5326 1703 5408; baseline 0.011 -30"><span class='ocrx_word' id='word_1_665' title='bbox 130 5326 430 5408; x_wconf 59' lang='lat' dir='ltr'><strong>quebatur,</strong></span> <span class='ocrx_word' id='word_1_666' title='bbox 463 5326 693 5408; x_wconf 40' lang='lat' dir='ltr'><strong>Signum.</strong></span> <span class='ocrx_word' id='word_1_667' title='bbox 712 5329 961 5408; x_wconf 58' lang='lat' dir='ltr'><strong>Ludoqici</strong></span> <span class='ocrx_word' id='word_1_668' title='bbox 988 5326 1303 5408; x_wconf 64' lang='lat' dir='ltr'><strong>serenissimi</strong></span> <span class='ocrx_word' id='word_1_669' title='bbox 1336 5326 1667 5408; x_wconf 67' lang='lat' dir='ltr'><strong>imperatoris</strong></span> <span class='ocrx_word' id='word_1_670' title='bbox 1688 5383 1703 5407; x_wconf 88' lang='lat'><strong>,</strong></span> 
     </span>
    </p>
   </div>
   <div class='ocr_carea' id='block_1_102' title="bbox 129 5394 1706 5479">
    <p class='ocr_par' dir='ltr' id='par_1_102' title="bbox 129 5394 1706 5479">
     <span class='ocr_line' id='line_1_102' title="bbox 129 5394 1706 5479; baseline 0.011 -31"><span class='ocrx_word' id='word_1_671' title='bbox 129 5394 617 5479; x_wconf 70' lang='lat' dir='ltr'><strong>iuxta_formulam.</strong></span> <span class='ocrx_word' id='word_1_672' title='bbox 649 5400 845 5479; x_wconf 79' lang='lat' dir='ltr'><strong>Verum</strong></span> <span class='ocrx_word' id='word_1_673' title='bbox 876 5401 1016 5479; x_wconf 77' lang='lat' dir='ltr'><strong>linea</strong></span> <span class='ocrx_word' id='word_1_674' title='bbox 1044 5403 1131 5456; x_wconf 87' lang='lat' dir='ltr'><strong>illa</strong></span> <span class='ocrx_word' id='word_1_675' title='bbox 1157 5394 1437 5479; x_wconf 59' lang='lat' dir='ltr'><strong>erasaest&#39;,</strong></span> <span class='ocrx_word' id='word_1_676' title='bbox 1480 5394 1706 5479; x_wconf 75' lang='lat' dir='ltr'><strong>ejusque</strong></span> 
     </span>
    </p>
   </div>
   <div class='ocr_carea' id='block_1_103' title="bbox 120 5413 1704 5542">
    <p class='ocr_par' dir='ltr' id='par_1_103' title="bbox 120 5413 1704 5542">
     <span class='ocr_line' id='line_1_103' title="bbox 153 5413 1704 5479; baseline 0.011 -30"><span class='ocrx_word' id='word_1_677' title='bbox 153 5413 284 5449; x_wconf 79' lang='lat' dir='ltr'><strong>uxta</strong></span> <span class='ocrx_word' id='word_1_678' title='bbox 314 5413 617 5453; x_wconf 77' lang='lat' dir='ltr'><strong>iormutam.</strong></span> <span class='ocrx_word' id='word_1_679' title='bbox 658 5413 845 5453; x_wconf 81' lang='lat' dir='ltr'><strong>verum</strong></span> <span class='ocrx_word' id='word_1_680' title='bbox 876 5413 1016 5455; x_wconf 77' lang='lat' dir='ltr'><strong>tinea</strong></span> <span class='ocrx_word' id='word_1_681' title='bbox 1044 5413 1131 5456; x_wconf 82' lang='lat' dir='ltr'><strong>illa</strong></span> <span class='ocrx_word' id='word_1_682' title='bbox 1157 5420 1312 5459; x_wconf 86' lang='lat' dir='ltr'><strong>erasa</strong></span> <span class='ocrx_word' id='word_1_683' title='bbox 1338 5418 1437 5471; x_wconf 88' lang='lat' dir='ltr'><strong>est,</strong></span> <span class='ocrx_word' id='word_1_684' title='bbox 1480 5413 1704 5479; x_wconf 83' lang='lat' dir='ltr'><strong>ejusque</strong></span> 
     </span>
     <span class='ocr_line' id='line_1_104' title="bbox 120 5413 1704 5542; baseline 0.01 -23"><span class='ocrx_word' id='word_1_685' title='bbox 120 5413 253 5542; x_wconf 78' lang='lat' dir='ltr'><strong>loco</strong></span> <span class='ocrx_word' id='word_1_686' title='bbox 288 5465 546 5542; x_wconf 71' lang='lat' dir='ltr'><strong>h;ec_quae</strong></span> <span class='ocrx_word' id='word_1_687' title='bbox 574 5477 870 5542; x_wconf 86' lang='lat' dir='ltr'><strong>sequuntur</strong></span> <span class='ocrx_word' id='word_1_688' title='bbox 896 5472 1095 5540; x_wconf 87' lang='lat' dir='ltr'><strong>scripta</strong></span> <span class='ocrx_word' id='word_1_689' title='bbox 1123 5484 1250 5528; x_wconf 86' lang='lat' dir='ltr'><strong>sunt</strong></span> <span class='ocrx_word' id='word_1_690' title='bbox 1270 5476 1373 5529; x_wconf 88' lang='lat' dir='ltr'><strong>alia</strong></span> <span class='ocrx_word' id='word_1_691' title='bbox 1400 5492 1589 5542; x_wconf 76' lang='lat' dir='ltr'><strong>manu;</strong></span> <span class='ocrx_word' id='word_1_692' title='bbox 1610 5481 1704 5535; x_wconf 88' lang='lat' dir='ltr'><strong>sed</strong></span> 
     </span>
    </p>
   </div>
   <div class='ocr_carea' id='block_1_104' title="bbox 130 5535 1709 5615">
    <p class='ocr_par' dir='ltr' id='par_1_104' title="bbox 130 5535 1709 5615">
     <span class='ocr_line' id='line_1_105' title="bbox 130 5535 1709 5615; baseline 0.009 -27"><span class='ocrx_word' id='word_1_693' title='bbox 130 5535 531 5601; x_wconf 87' lang='lat' dir='ltr'><strong>antiquissima,</strong></span> <span class='ocrx_word' id='word_1_694' title='bbox 563 5545 617 5590; x_wconf 91' lang='lat' dir='ltr'><strong>et</strong></span> <span class='ocrx_word' id='word_1_695' title='bbox 642 5535 853 5615; x_wconf 74' lang='lat' dir='ltr'><strong>fortean</strong></span> <span class='ocrx_word' id='word_1_696' title='bbox 880 5535 1189 5597; x_wconf 71' lang='lat' dir='ltr'><strong>coaetanea:</strong></span> <span class='ocrx_word' id='word_1_697' title='bbox 1221 5544 1287 5597; x_wconf 84' lang='lat' dir='ltr'><strong>Et</strong></span> <span class='ocrx_word' id='word_1_698' title='bbox 1309 5548 1524 5615; x_wconf 74' lang='lat' dir='ltr'><strong>insuper</strong></span> <span class='ocrx_word' id='word_1_699' title='bbox 1546 5535 1709 5601; x_wconf 70' lang='lat' dir='ltr'><strong>dona-</strong></span> 
     </span>
    </p>
   </div>
   <div class='ocr_carea' id='block_1_105' title="bbox 128 5608 1703 5679">
    <p class='ocr_par' dir='ltr' id='par_1_105' title="bbox 128 5608 1703 5679">
     <span class='ocr_line' id='line_1_106' title="bbox 128 5608 1703 5679; baseline 0.009 -22"><span class='ocrx_word' id='word_1_700' title='bbox 128 5619 249 5657; x_wconf 83' lang='lat' dir='ltr'><strong>mus</strong></span> <span class='ocrx_word' id='word_1_701' title='bbox 287 5612 442 5679; x_wconf 56' lang='lat' dir='ltr'><strong>atque</strong></span> <span class='ocrx_word' id='word_1_702' title='bbox 484 5608 811 5679; x_wconf 71' lang='lat' dir='ltr'><strong>concedimus</strong></span> <span class='ocrx_word' id='word_1_703' title='bbox 836 5611 949 5679; x_wconf 85' lang='lat' dir='ltr'><strong>ipsa</strong></span> <span class='ocrx_word' id='word_1_704' title='bbox 985 5627 1129 5667; x_wconf 62' lang='grc' dir='ltr'><strong>δεμ..</strong></span> <span class='ocrx_word' id='word_1_705' title='bbox 1164 5615 1247 5667; x_wconf 79' lang='lat' dir='ltr'><strong>cui</strong></span> <span class='ocrx_word' id='word_1_706' title='bbox 1292 5608 1597 5671; x_wconf 67' lang='lat' dir='ltr'><strong>vocabulum</strong></span> <span class='ocrx_word' id='word_1_707' title='bbox 1628 5628 1703 5671; x_wconf 77' lang='lat' dir='ltr'><strong>est</strong></span> 
     </span>
    </p>
   </div>
   <div class='ocr_carea' id='block_1_106' title="bbox 130 5671 1704 5749">
    <p class='ocr_par' dir='ltr' id='par_1_106' title="bbox 130 5671 1704 5749">
     <span class='ocr_line' id='line_1_107' title="bbox 130 5671 1704 5749; baseline 0.013 -29"><span class='ocrx_word' id='word_1_708' title='bbox 130 5682 316 5749; x_wconf 41' lang='lat' dir='ltr'><strong>autem</strong></span> <span class='ocrx_word' id='word_1_709' title='bbox 358 5671 563 5749; x_wconf 59' lang='lat' dir='ltr'><strong>Marii},</strong></span> <span class='ocrx_word' id='word_1_710' title='bbox 610 5692 728 5729; x_wconf 88' lang='lat' dir='ltr'><strong>cum</strong></span> <span class='ocrx_word' id='word_1_711' title='bbox 776 5671 895 5749; x_wconf 75' lang='lat' dir='ltr'><strong>suos</strong></span> <span class='ocrx_word' id='word_1_712' title='bbox 925 5680 1125 5749; x_wconf 79' lang='lat' dir='ltr'><strong>titulos,</strong></span> <span class='ocrx_word' id='word_1_713' title='bbox 1156 5693 1202 5737; x_wconf 82' lang='lat' dir='ltr'><strong>et</strong></span> <span class='ocrx_word' id='word_1_714' title='bbox 1247 5684 1456 5738; x_wconf 78' lang='lat' dir='ltr'><strong>deinum</strong></span> <span class='ocrx_word' id='word_1_715' title='bbox 1508 5683 1704 5747; x_wconf 80' lang='lat' dir='ltr'><strong>Sancta</strong></span> 
     </span>
    </p>
   </div>
   <div class='ocr_carea' id='block_1_107' title="bbox 133 5737 994 5812">
    <p class='ocr_par' dir='ltr' id='par_1_107' title="bbox 133 5737 994 5812">
     <span class='ocr_line' id='line_1_108' title="bbox 133 5737 994 5812; baseline 0.009 -17"><span class='ocrx_word' id='word_1_716' title='bbox 133 5737 322 5807; x_wconf 82' lang='lat' dir='ltr'><strong>Gram,</strong></span> <span class='ocrx_word' id='word_1_717' title='bbox 350 5756 467 5794; x_wconf 81' lang='lat' dir='ltr'><strong>cum</strong></span> <span class='ocrx_word' id='word_1_718' title='bbox 495 5737 625 5812; x_wconf 75' lang='lat' dir='ltr'><strong>fines</strong></span> <span class='ocrx_word' id='word_1_719' title='bbox 651 5754 697 5799; x_wconf 81' lang='lat' dir='ltr'><strong>ct</strong></span> <span class='ocrx_word' id='word_1_720' title='bbox 726 5748 994 5802; x_wconf 76' lang='lat' dir='ltr'><strong>terminos.</strong></span> 
     </span>
    </p>
   </div>
   <div class='ocr_carea' id='block_1_108' title="bbox 1816 4642 3394 4723">
    <p class='ocr_par' dir='ltr' id='par_1_108' title="bbox 1816 4642 3394 4723">
     <span class='ocr_line' id='line_1_109' title="bbox 1816 4642 3394 4723; baseline 0.009 -28"><span class='ocrx_word' id='word_1_721' title='bbox 1816 4642 1987 4709; x_wconf 89' lang='lat' dir='ltr'><strong>rardi,</strong></span> <span class='ocrx_word' id='word_1_722' title='bbox 2019 4643 2111 4711; x_wconf 89' lang='lat' dir='ltr'><strong>qui</strong></span> <span class='ocrx_word' id='word_1_723' title='bbox 2161 4642 2417 4698; x_wconf 81' lang='lat' dir='ltr'><strong>Morbach</strong></span> <span class='ocrx_word' id='word_1_724' title='bbox 2456 4648 2767 4701; x_wconf 74' lang='lat' dir='ltr'><strong>construxit</strong></span> <span class='ocrx_word' id='word_1_725' title='bbox 2818 4648 2874 4703; x_wconf 89' lang='lat' dir='ltr'><strong>in</strong></span> <span class='ocrx_word' id='word_1_726' title='bbox 2917 4650 3123 4707; x_wconf 86' lang='lat' dir='ltr'><strong>honore</strong></span> <span class='ocrx_word' id='word_1_727' title='bbox 3170 4656 3394 4723; x_wconf 88' lang='lat' dir='ltr'><strong>pretiosi</strong></span> 
     </span>
    </p>
   </div>
   <div class='ocr_carea' id='block_1_109' title="bbox 1814 4733 3389 4809">
    <p class='ocr_par' dir='ltr' id='par_1_109' title="bbox 1814 4733 3389 4809">
     <span class='ocr_line' id='line_1_110' title="bbox 1814 4733 3389 4809; baseline 0.008 -23"><span class='ocrx_word' id='word_1_728' title='bbox 1814 4735 2067 4803; x_wconf 82' lang='lat' dir='ltr'><strong>martyris</strong></span> <span class='ocrx_word' id='word_1_729' title='bbox 2086 4741 2248 4802; x_wconf 85' lang='lat' dir='ltr'><strong>atque</strong></span> <span class='ocrx_word' id='word_1_730' title='bbox 2261 4733 2532 4804; x_wconf 81' lang='lat' dir='ltr'><strong>pontiﬁcis</strong></span> <span class='ocrx_word' id='word_1_731' title='bbox 2550 4735 2898 4808; x_wconf 86' lang='lat' dir='ltr'><strong>Leudegarii,</strong></span> <span class='ocrx_word' id='word_1_732' title='bbox 2919 4738 3221 4809; x_wconf 81' lang='lat' dir='ltr'><strong>fundatam,</strong></span> <span class='ocrx_word' id='word_1_733' title='bbox 3246 4744 3389 4798; x_wconf 81' lang='lat' dir='ltr'><strong>nulla</strong></span> 
     </span>
    </p>
   </div>
   <div class='ocr_carea' id='block_1_110' title="bbox 1812 4822 3389 4897">
    <p class='ocr_par' dir='ltr' id='par_1_110' title="bbox 1812 4822 3389 4897">
     <span class='ocr_line' id='line_1_111' title="bbox 1812 4822 3389 4897; baseline 0.009 -22"><span class='ocrx_word' id='word_1_734' title='bbox 1812 4822 2065 4892; x_wconf 87' lang='lat' dir='ltr'><strong>deinceps</strong></span> <span class='ocrx_word' id='word_1_735' title='bbox 2106 4825 2385 4880; x_wconf 86' lang='lat' dir='ltr'><strong>hominum</strong></span> <span class='ocrx_word' id='word_1_736' title='bbox 2422 4841 2652 4895; x_wconf 86' lang='lat' dir='ltr'><strong>persona</strong></span> <span class='ocrx_word' id='word_1_737' title='bbox 2681 4840 2973 4897; x_wconf 81' lang='lat' dir='ltr'><strong>praesumat</strong></span> <span class='ocrx_word' id='word_1_738' title='bbox 2998 4832 3277 4888; x_wconf 87' lang='lat' dir='ltr'><strong>destruere</strong></span> <span class='ocrx_word' id='word_1_739' title='bbox 3301 4836 3389 4889; x_wconf 83' lang='lat' dir='ltr'><strong>vel</strong></span> 
     </span>
    </p>
   </div>
   <div class='ocr_carea' id='block_1_111' title="bbox 1811 4913 3386 4991">
    <p class='ocr_par' dir='ltr' id='par_1_111' title="bbox 1811 4913 3386 4991">
     <span class='ocr_line' id='line_1_112' title="bbox 1811 4913 3386 4991; baseline 0.007 -24"><span class='ocrx_word' id='word_1_740' title='bbox 1811 4913 2135 4982; x_wconf 90' lang='lat' dir='ltr'><strong>inquietare,</strong></span> <span class='ocrx_word' id='word_1_741' title='bbox 2164 4924 2327 4985; x_wconf 88' lang='lat' dir='ltr'><strong>atque</strong></span> <span class='ocrx_word' id='word_1_742' title='bbox 2355 4916 2463 4970; x_wconf 87' lang='lat' dir='ltr'><strong>ulla</strong></span> <span class='ocrx_word' id='word_1_743' title='bbox 2490 4916 2661 4981; x_wconf 89' lang='lat' dir='ltr'><strong>freda,</strong></span> <span class='ocrx_word' id='word_1_744' title='bbox 2694 4918 3015 4986; x_wconf 83' lang='lat' dir='ltr'><strong>baribanna,</strong></span> <span class='ocrx_word' id='word_1_745' title='bbox 3042 4936 3209 4991; x_wconf 82' lang='lat' dir='ltr'><strong>Opera</strong></span> <span class='ocrx_word' id='word_1_746' title='bbox 3243 4924 3386 4978; x_wconf 88' lang='lat' dir='ltr'><strong>revi-</strong></span> 
     </span>
    </p>
   </div>
   <div class='ocr_carea' id='block_1_112' title="bbox 1811 5003 3387 5083">
    <p class='ocr_par' dir='ltr' id='par_1_112' title="bbox 1811 5003 3387 5083">
     <span class='ocr_line' id='line_1_113' title="bbox 1811 5003 3387 5083; baseline 0.006 -26"><span class='ocrx_word' id='word_1_747' title='bbox 1811 5003 1976 5067; x_wconf 86' lang='lat' dir='ltr'><strong>soria,</strong></span> <span class='ocrx_word' id='word_1_748' title='bbox 2024 5004 2309 5073; x_wconf 76' lang='lat' dir='ltr'><strong>stipendia,</strong></span> <span class='ocrx_word' id='word_1_749' title='bbox 2339 5005 2454 5059; x_wconf 84' lang='lat' dir='ltr'><strong>sive</strong></span> <span class='ocrx_word' id='word_1_750' title='bbox 2499 5005 2709 5075; x_wconf 88' lang='lat' dir='ltr'><strong>aliquas</strong></span> <span class='ocrx_word' id='word_1_751' title='bbox 2734 5008 3049 5065; x_wconf 78' lang='lat' dir='ltr'><strong>exactiones</strong></span> <span class='ocrx_word' id='word_1_752' title='bbox 3075 5011 3142 5064; x_wconf 91' lang='lat' dir='ltr'><strong>de</strong></span> <span class='ocrx_word' id='word_1_753' title='bbox 3180 5011 3387 5083; x_wconf 85' lang='lat' dir='ltr'><strong>familia</strong></span> 
     </span>
    </p>
   </div>
   <div class='ocr_carea' id='block_1_113' title="bbox 1813 5090 3384 5165">
    <p class='ocr_par' dir='ltr' id='par_1_113' title="bbox 1813 5090 3384 5165">
     <span class='ocr_line' id='line_1_114' title="bbox 1813 5090 3384 5165; baseline 0.008 -22"><span class='ocrx_word' id='word_1_754' title='bbox 1813 5090 1896 5144; x_wconf 87' lang='lat' dir='ltr'><strong>vel</strong></span> <span class='ocrx_word' id='word_1_755' title='bbox 1925 5092 1989 5146; x_wconf 92' lang='lat' dir='ltr'><strong>de</strong></span> <span class='ocrx_word' id='word_1_756' title='bbox 2029 5093 2458 5161; x_wconf 85' lang='lat' dir='ltr'><strong>possessionibus</strong></span> <span class='ocrx_word' id='word_1_757' title='bbox 2499 5095 2742 5165; x_wconf 82' lang='lat' dir='ltr'><strong>ejusdem</strong></span> <span class='ocrx_word' id='word_1_758' title='bbox 2785 5097 3029 5153; x_wconf 68' lang='lat' dir='ltr'><strong>ecclesiae</strong></span> <span class='ocrx_word' id='word_1_759' title='bbox 3073 5100 3384 5156; x_wconf 80' lang='lat' dir='ltr'><strong>indeﬁcien-</strong></span> 
     </span>
    </p>
   </div>
   <div class='ocr_carea' id='block_1_114' title="bbox 1887 5268 3385 5357">
    <p class='ocr_par' dir='ltr' id='par_1_114' title="bbox 1887 5268 3385 5357">
     <span class='ocr_line' id='line_1_115' title="bbox 1887 5268 3385 5357; baseline 0.007 -36"><span class='ocrx_word' id='word_1_760' title='bbox 1887 5269 1916 5311; x_wconf 73' lang='grc' dir='ltr'>ιι</span> <span class='ocrx_word' id='word_1_761' title='bbox 1954 5269 2124 5357; x_wconf 78' lang='lat' dir='ltr'><strong>Hujus</strong></span> <span class='ocrx_word' id='word_1_762' title='bbox 2172 5268 2782 5357; x_wconf 16' lang='lat' dir='ltr'><strong>diplomatisgexemplar</strong></span> <span class='ocrx_word' id='word_1_763' title='bbox 2808 5288 2865 5355; x_wconf 78' lang='lat' dir='ltr'><strong>se</strong></span> <span class='ocrx_word' id='word_1_764' title='bbox 2907 5274 3107 5357; x_wconf 76' lang='lat' dir='ltr'><strong>vidisse</strong></span> <span class='ocrx_word' id='word_1_765' title='bbox 3143 5274 3385 5357; x_wconf 79' lang='lat' dir='ltr'><strong>illudque</strong></span> 
     </span>
    </p>
   </div>
   <div class='ocr_carea' id='block_1_115' title="bbox 1814 5342 3383 5415">
    <p class='ocr_par' dir='ltr' id='par_1_115' title="bbox 1814 5342 3383 5415">
     <span class='ocr_line' id='line_1_116' title="bbox 1814 5342 3383 5415; baseline 0.004 -20"><span class='ocrx_word' id='word_1_766' title='bbox 1814 5348 2081 5415; x_wconf 60' lang='lat' dir='ltr'><strong>accurate</strong></span> <span class='ocrx_word' id='word_1_767' title='bbox 2096 5354 2233 5415; x_wconf 92' lang='lat' dir='ltr'><strong>cum_</strong></span> <span class='ocrx_word' id='word_1_768' title='bbox 2248 5342 2892 5415; x_wconf 71' lang='lat' dir='ltr'><strong>autograpboconvenire</strong></span> <span class='ocrx_word' id='word_1_769' title='bbox 2923 5352 3057 5415; x_wconf 75' lang='lat' dir='ltr'><strong>testa</strong></span> <span class='ocrx_word' id='word_1_770' title='bbox 3067 5352 3151 5415; x_wconf 80' lang='lat' dir='ltr'><strong>tur</strong></span> <span class='ocrx_word' id='word_1_771' title='bbox 3170 5342 3383 5415; x_wconf 77' lang='lat' dir='ltr'><strong>episco-</strong></span> 
     </span>
    </p>
   </div>
   <div class='ocr_carea' id='block_1_116' title="bbox 1812 5355 3382 5531">
    <p class='ocr_par' dir='ltr' id='par_1_116' title="bbox 1812 5355 3382 5531">
     <span class='ocr_line' id='line_1_117' title="bbox 1814 5355 3382 5464; baseline 0.004 -69"><span class='ocrx_word' id='word_1_772' title='bbox 1814 5355 2067 5395; x_wconf 85' lang='lat' dir='ltr'><strong>accurate</strong></span> <span class='ocrx_word' id='word_1_773' title='bbox 2096 5355 2219 5392; x_wconf 92' lang='lat' dir='ltr'><strong>cum</strong></span> <span class='ocrx_word' id='word_1_774' title='bbox 2248 5355 2581 5464; x_wconf 62' lang='lat' dir='ltr'><strong>autograpno</strong></span> <span class='ocrx_word' id='word_1_775' title='bbox 2602 5356 2892 5399; x_wconf 80' lang='lat' dir='ltr'><strong>convenire</strong></span> <span class='ocrx_word' id='word_1_776' title='bbox 2923 5355 3151 5398; x_wconf 85' lang='lat' dir='ltr'><strong>testatur</strong></span> <span class='ocrx_word' id='word_1_777' title='bbox 3170 5355 3382 5415; x_wconf 81' lang='lat' dir='ltr'><strong>episco-</strong></span> 
     </span>
     <span class='ocr_line' id='line_1_118' title="bbox 1812 5408 3382 5531; baseline 0.003 -67"><span class='ocrx_word' id='word_1_778' title='bbox 1812 5408 2265 5531; x_wconf 71' lang='lat' dir='ltr'><strong>pusuBasileensis</strong></span> <span class='ocrx_word' id='word_1_779' title='bbox 2294 5425 2433 5464; x_wconf 88' lang='lat' dir='ltr'><strong>anno</strong></span> <span class='ocrx_word' id='word_1_780' title='bbox 2510 5411 2633 5475; x_wconf 76' lang='lat'><strong>579,</strong></span> <span class='ocrx_word' id='word_1_781' title='bbox 2654 5415 2726 5464; x_wconf 15' lang='lat' dir='ltr'><strong>aut</strong></span> <span class='ocrx_word' id='word_1_782' title='bbox 2752 5419 2902 5466; x_wconf 92' lang='lat' dir='ltr'><strong>notat</strong></span> <span class='ocrx_word' id='word_1_783' title='bbox 2926 5412 3234 5468; x_wconf 84' lang='lat' dir='ltr'><strong>Ludovicus</strong></span> <span class='ocrx_word' id='word_1_784' title='bbox 3272 5414 3382 5469; x_wconf 86' lang='lat' dir='ltr'><strong>La-</strong></span> 
     </span>
     <span class='ocr_line' id='line_1_119' title="bbox 1813 5494 3047 5531; baseline 0 0"><span class='ocrx_word' id='word_1_785' title='bbox 1813 5495 1902 5531; x_wconf 70' lang='lat' dir='ltr'><strong>zm</strong></span> <span class='ocrx_word' id='word_1_786' title='bbox 1943 5494 1993 5531; x_wconf 92' lang='lat' dir='ltr'><strong>e.</strong></span> <span class='ocrx_word' id='word_1_787' title='bbox 3036 5514 3047 5522; x_wconf 86' lang='grc'><strong>-</strong></span> 
     </span>
    </p>
   </div>
   <div class='ocr_carea' id='block_1_117' title="bbox 1848 5494 3047 5533">
    <p class='ocr_par' dir='ltr' id='par_1_117' title="bbox 1848 5494 3047 5533">
     <span class='ocr_line' id='line_1_120' title="bbox 1848 5494 3047 5533; baseline 0.009 0"><span class='ocrx_word' id='word_1_788' title='bbox 1848 5494 1993 5533; x_wconf 73' lang='grc'><strong>111118.</strong></span> <span class='ocrx_word' id='word_1_789' title='bbox 3036 5514 3047 5522; x_wconf 89' lang='grc'><em>’</em></span> 
     </span>
    </p>
   </div>
   <div class='ocr_carea' id='block_1_118' title="bbox 1813 5496 3384 5618">
    <p class='ocr_par' dir='ltr' id='par_1_118' title="bbox 1813 5496 3384 5618">
     <span class='ocr_line' id='line_1_121' title="bbox 1813 5496 3384 5618; baseline 0.004 -19"><span class='ocrx_word' id='word_1_790' title='bbox 1813 5496 2060 5618; x_wconf 55' lang='grc' dir='ltr'><strong>Ῠ¹¹ἒ¹¹ἷὶπ</strong></span> <span class='ocrx_word' id='word_1_791' title='bbox 2080 5562 2251 5618; x_wconf 83' lang='lat' dir='ltr'><strong>voce,</strong></span> <span class='ocrx_word' id='word_1_792' title='bbox 2275 5549 2797 5618; x_wconf 75' lang='lat' dir='ltr'><strong>repropi:iaute,.non</strong></span> <span class='ocrx_word' id='word_1_793' title='bbox 2827 5565 2957 5604; x_wconf 89' lang='lat' dir='ltr'><strong>usus</strong></span> <span class='ocrx_word' id='word_1_794' title='bbox 2980 5560 3063 5605; x_wconf 87' lang='lat' dir='ltr'><strong>est</strong></span> <span class='ocrx_word' id='word_1_795' title='bbox 3075 5550 3384 5606; x_wconf 80' lang='lat' dir='ltr'><strong>Ludovicus</strong></span> 
     </span>
    </p>
   </div>
   <div class='ocr_carea' id='block_1_119' title="bbox 1813 5616 3385 5699">
    <p class='ocr_par' dir='ltr' id='par_1_119' title="bbox 1813 5616 3385 5699">
     <span class='ocr_line' id='line_1_122' title="bbox 1813 5616 3385 5699; baseline 0.002 -29"><span class='ocrx_word' id='word_1_796' title='bbox 1813 5616 1958 5680; x_wconf 77' lang='lat' dir='ltr'><strong>Pius,</strong></span> <span class='ocrx_word' id='word_1_797' title='bbox 1987 5617 2089 5669; x_wconf 91' lang='lat' dir='ltr'><strong>nisi</strong></span> <span class='ocrx_word' id='word_1_798' title='bbox 2120 5632 2262 5699; x_wconf 53' lang='lat' dir='ltr'><strong>animo</strong></span> <span class='ocrx_word' id='word_1_799' title='bbox 2282 5616 2405 5681; x_wconf 71' lang='lat'><strong>834,</strong></span> <span class='ocrx_word' id='word_1_800' title='bbox 2426 5616 2555 5699; x_wconf 71' lang='lat' dir='ltr'><strong>cum</strong></span> <span class='ocrx_word' id='word_1_801' title='bbox 2579 5627 2701 5699; x_wconf 75' lang='lat' dir='ltr'><strong>post</strong></span> <span class='ocrx_word' id='word_1_802' title='bbox 2718 5620 3214 5699; x_wconf 77' lang='lat' dir='ltr'><strong>exauctorationem</strong></span> <span class='ocrx_word' id='word_1_803' title='bbox 3238 5634 3385 5699; x_wconf 68' lang='lat' dir='ltr'><strong>anno</strong></span> 
     </span>
    </p>
   </div>
   <div class='ocr_carea' id='block_1_120' title="bbox 1852 5687 3381 5742">
    <p class='ocr_par' dir='ltr' id='par_1_120' title="bbox 1852 5687 3381 5742">
     <span class='ocr_line' id='line_1_123' title="bbox 1852 5687 3381 5742; baseline 0.002 -4"><span class='ocrx_word' id='word_1_804' title='bbox 1852 5687 2133 5740; x_wconf 70' lang='lat' dir='ltr'><strong>rmcedenti</strong></span> <span class='ocrx_word' id='word_1_805' title='bbox 2184 5687 2383 5740; x_wconf 78' lang='lat' dir='ltr'><strong>factam</strong></span> <span class='ocrx_word' id='word_1_806' title='bbox 2436 5688 2489 5739; x_wconf 89' lang='lat' dir='ltr'><strong>in</strong></span> <span class='ocrx_word' id='word_1_807' title='bbox 2540 5687 2731 5740; x_wconf 83' lang='lat' dir='ltr'><strong>solium</strong></span> <span class='ocrx_word' id='word_1_808' title='bbox 2782 5688 3062 5741; x_wconf 88' lang='lat' dir='ltr'><strong>restitutus</strong></span> <span class='ocrx_word' id='word_1_809' title='bbox 3093 5695 3195 5741; x_wconf 90' lang='lat' dir='ltr'><strong>est.</strong></span> <span class='ocrx_word' id='word_1_810' title='bbox 3245 5687 3381 5742; x_wconf 78' lang='lat' dir='ltr'><strong>Vide</strong></span> 
     </span>
    </p>
   </div>
   <div class='ocr_carea' id='block_1_121' title="bbox 1814 5702 3378 5826">
    <p class='ocr_par' dir='ltr' id='par_1_121' title="bbox 1814 5702 3378 5826">
     <span class='ocr_line' id='line_1_124' title="bbox 1852 5702 3378 5742; baseline 0.002 -4"><span class='ocrx_word' id='word_1_811' title='bbox 1852 5702 2133 5740; x_wconf 72' lang='lat' dir='ltr'><strong>rzcceuenu</strong></span> <span class='ocrx_word' id='word_1_812' title='bbox 2184 5702 2383 5740; x_wconf 78' lang='lat' dir='ltr'><strong>tactam</strong></span> <span class='ocrx_word' id='word_1_813' title='bbox 2436 5703 2489 5739; x_wconf 86' lang='grc' dir='ltr'><strong>ιιι</strong></span> <span class='ocrx_word' id='word_1_814' title='bbox 2540 5702 2731 5740; x_wconf 84' lang='lat' dir='ltr'><strong>suttttm</strong></span> <span class='ocrx_word' id='word_1_815' title='bbox 2782 5702 3062 5741; x_wconf 86' lang='lat' dir='ltr'><strong>resututus</strong></span> <span class='ocrx_word' id='word_1_816' title='bbox 3093 5702 3195 5741; x_wconf 89' lang='lat' dir='ltr'><strong>est.</strong></span> <span class='ocrx_word' id='word_1_817' title='bbox 3252 5702 3378 5742; x_wconf 72' lang='lat' dir='ltr'><strong>Viae</strong></span> 
     </span>
     <span class='ocr_line' id='line_1_125' title="bbox 1814 5702 3378 5826; baseline -0.001 -16"><span class='ocrx_word' id='word_1_818' title='bbox 1814 5702 2204 5822; x_wconf 55' lang='lat' dir='ltr'><strong>Blabillouium,</strong></span> <span class='ocrx_word' id='word_1_819' title='bbox 2236 5756 2325 5810; x_wconf 89' lang='lat' dir='ltr'><strong>lib.</strong></span> <span class='ocrx_word' id='word_1_820' title='bbox 2358 5772 2395 5809; x_wconf 87' lang='grc' dir='ltr'><strong>ιι</strong></span> <span class='ocrx_word' id='word_1_821' title='bbox 2430 5758 2494 5810; x_wconf 91' lang='lat' dir='ltr'><strong>dc</strong></span> <span class='ocrx_word' id='word_1_822' title='bbox 2522 5755 2599 5809; x_wconf 79' lang='lat' dir='ltr'><strong>Re</strong></span> <span class='ocrx_word' id='word_1_823' title='bbox 2624 5755 2868 5825; x_wconf 86' lang='lat' dir='ltr'><strong>diplom.,</strong></span> <span class='ocrx_word' id='word_1_824' title='bbox 2895 5769 3012 5826; x_wconf 91' lang='lat' dir='ltr'><strong>cap.</strong></span> <span class='ocrx_word' id='word_1_825' title='bbox 3036 5755 3089 5821; x_wconf 76' lang='lat'><strong>2,</strong></span> <span class='ocrx_word' id='word_1_826' title='bbox 3115 5771 3263 5809; x_wconf 90' lang='lat' dir='ltr'><strong>num.</strong></span> <span class='ocrx_word' id='word_1_827' title='bbox 3288 5756 3378 5810; x_wconf 73' lang='grc'><strong>15.</strong></span> 
     </span>
    </p>
   </div>
  </div>
