3936 6324
571 334 708 392 M27

563 543 663 597 bus
695 539 799 596 illis
824 554 944 609 qua
987 536 1210 609 prafato
1237 538 1358 594 loco
1381 540 1579 595 donata
1616 549 1744 594 sunt
1774 542 1858 596 vel
1893 541 2144 597 donanda

554 639 735 695 erunt,
768 629 985 685 auferre
1013 630 1097 686 vel
1125 630 1432 686 diminuere
1462 650 1476 685 :
1510 633 1607 687 sed
1634 634 1818 688 omnia
1847 634 2040 700 libere,
2069 635 2145 690 in-

559 727 708 791 tegre
735 729 791 775 et
813 721 1134 776 inconcusse
1157 721 1362 777 ibidem
1386 721 1500 777 Deo
1527 723 1923 780 famulantibus
1947 726 1998 780 in
2027 743 2145 798 per-

554 819 775 879 petuum
801 809 1130 865 deserviant.
1164 809 1222 865 Si
1252 811 1378 881 quis
1407 820 1592 868 autem
1622 814 1689 869 de
1719 814 1877 870 bonis
1901 815 2141 885 ejusdem

553 898 800 954 ecclesia
838 899 944 954 sibi
973 899 1274 968 quidquam
1303 900 1434 956 velit
1475 903 1755 960 attrahere
1782 904 1918 959 falsa
1953 920 2146 960 causa-

552 1006 675 1046 rum
720 989 1101 1056 afﬁrmatione,
1146 992 1372 1047 omnino
1416 1009 1522 1051 non
1566 994 1742 1058 liceat,
1772 996 1875 1050 nisi
1916 996 1969 1050 in
1999 1012 2140 1067 pra-

552 1081 728 1135 sentia
775 1080 1110 1150 primatuum
1162 1083 1337 1153 regni,
1371 1097 1439 1138 ne
1485 1083 1637 1140 locus
1684 1085 1819 1140 falsa
1854 1086 2141 1142 occasione

551 1172 907 1242 deprimatur.
957 1173 1248 1229 Advocatis
1280 1190 1431 1246 vero,
1471 1192 1610 1247 quos
1657 1178 1931 1232 nescimus
1956 1179 2142 1250 quales

548 1262 718 1319 futuri
757 1263 890 1328 sint,
918 1279 984 1319 ex
1030 1273 1188 1334 parte
1235 1265 1332 1321 Dei
1375 1276 1430 1321 et
1459 1277 1648 1323 nostra
1684 1268 2037 1339 imperamus,
2082 1281 2143 1326 ut

549 1352 728 1408 nullos
756 1354 1173 1420 subadvocatos,
1203 1365 1513 1423 exactores,
1544 1359 1831 1430 nullosque
1858 1360 2063 1432 legatos
2085 1363 2140 1416 in

549 1443 742 1497 eodem
774 1442 893 1497 loco
925 1442 1010 1497 vel
1056 1444 1111 1497 in
1159 1447 1379 1501 cunctis
1407 1445 1890 1519 ejusappendiciis
1936 1459 2142 1519 ponant

549 1532 635 1586 vel
664 1531 943 1586 habeant:
990 1532 1086 1585 sed
1133 1531 1249 1602 ipse
1277 1534 1600 1602 advocatus,
1636 1536 1726 1591 cui
1755 1551 1855 1592 nos
1893 1536 1978 1592 vel
2018 1552 2141 1594 suc-

545 1637 793 1679 cessores
837 1621 1012 1676 nostri
1057 1623 1301 1678 bannum
1359 1641 1523 1694 super
1575 1626 1851 1682 abbatiam
1890 1627 2140 1684 eamdem

547 1713 820 1775 dabimus,
864 1710 1008 1766 illius
1047 1713 1291 1769 ecclesia
1320 1712 1455 1770 locis
1479 1715 1717 1787 benigne
1742 1716 2058 1786 provideat,
2087 1724 2142 1770 et

1663 333 1985 396 LUDOVlCl
2021 340 2043 397 ι
2079 336 2552 397 (ΣΟΟΝΟΠΕΝΤΟ
2589 340 2677 397 Pii

563 451 636 505 tis
665 447 909 520 requirat
934 447 1018 503 vel
1042 454 1381 518 extorqueat,
1414 464 1591 520 neque
1620 450 1825 521 aliquid
1855 453 1923 509 de
1964 453 2144 508 omni-
2177 455 2226 513 A

3705 354 3820 412 illi

2966 453 3121 509 CXll.

2571 557 2673 598 ωιο
2704 558 3040 599 Ιοδλετειιιο
3069 559 3311 600 εοιιεει.ε
3341 562 3516 603 μου.

2848 635 2867 707 (
2892 635 3040 690 Anno
3080 636 3207 691 89.3.

2247 721 2440 796 [Apud
2477 724 2678 780 Mabill.
2702 766 2716 791 ,
2756 726 2870 780 Act.
2910 725 3012 782 SS.
3049 729 3166 781 0rd.
3205 726 3264 780 S.
3303 727 3531 796 Bened.,
3567 747 3696 787 sae.
3737 749 3820 796 ις,

2739 806 2883 866 part.
2918 811 2972 861 ι,
3009 811 3133 867 pag.
3168 796 3341 870 524.]

2316 902 2371 957 In
2411 904 2629 961 nomine
2669 904 2880 961 Domini
2923 907 3016 960 Dei
3053 917 3108 961 et
3147 906 3447 962 Salvatoris
3480 911 3658 965 nostri
3707 909 3822 966 ἔθευ

2243 991 2486 1061 Christi,
2548 996 2856 1052 Ludovicus
2912 997 3096 1052 divina
3149 998 3435 1055 ordinante
3489 1001 3822 1071 providentia

2243 1083 2540 1154 imperator
2575 1086 2871 1157 Augustus.

2311 1173 2597 1231 Neminem
2627 1175 2863 1231 ﬁdelium
2893 1185 3204 1233 nostrorum
3231 1178 3479 1235 dubitare
3510 1181 3785 1235 credimus
3807 1224 3819 1242 ,

2241 1277 2402 1332 quam
2441 1281 2695 1337 magnum
2731 1266 3003 1336 quondam
3036 1269 3264 1324 domnus
3291 1280 3347 1323 et
3389 1272 3609 1341 genitor
3651 1283 3822 1326 nosm-

2240 1351 2468 1407 Carolus
2497 1352 2999 1412 Christianissimus
3039 1359 3334 1428 imperator
3359 1378 3481 1417 cum
3528 1362 3822 1418 Saxonibus

2240 1441 2406 1494 subiit
2434 1441 2676 1499 laborem
2698 1484 2711 1509 ,
2743 1453 2804 1499 ut
2833 1448 3024 1502 eosad
3050 1450 3380 1519 agnitionem
3408 1467 3555 1507 vera
3586 1453 3712 1507 fidei
3741 1454 3822 1507 ad-

2241 1530 2466 1585 duceret
2508 1550 2520 1585 :
2569 1535 2713 1601 quod
2766 1543 2820 1589 et
2867 1537 3049 1592 divina
3087 1539 3260 1608 gratia
3297 1550 3659 1610 cooperante,
3696 1543 3822 1596 sicut

2238 1623 2475 1691 optavit,
2515 1623 2714 1681 effecit.
2750 1627 2859 1683 Nos
2890 1645 3022 1684 vero
3044 1630 3111 1684 in
3147 1631 3264 1699 ejus
3297 1633 3433 1688 solio
3467 1637 3692 1704 superni
3729 1635 3824 1690 Nu-

2241 1712 2405 1768 minis
2433 1713 2577 1773 dono
2617 1716 2921 1786 sublimati,
2954 1720 3165 1774 cuidam
3194 1724 3491 1778 venerabili
3519 1726 3639 1779 viro
3669 1727 3821 1780 Adalo

547 1803 717 1858 semel
747 1802 800 1856 in
832 1815 976 1855 anno
1005 1803 1281 1872 publicum
1312 1804 1570 1874 placitum
1617 1806 1759 1875 apud
1805 1804 1988 1860 villam
2017 1821 2138 1874 qua:
2167 1792 2212 1851 Β
2242 1800 2411 1856 hardo
2446 1804 2562 1858 seni
2598 1805 2780 1860 abbati
2818 1822 2885 1862 ex
2929 1812 3262 1865 monasterio
3309 1812 3462 1881 cujus
3504 1817 3821 1870 vocabulum

544 1903 770 1948 vocatur
798 1894 1148 1951 Gowenhcim
1167 1935 1181 1960 ,
1231 1895 1322 1949 ubi
1353 1895 1511 1951 sedes
1540 1903 1624 1951 est
1654 1893 1942 1963 iudiciaria
1973 1895 2141 1952 totius

541 1983 794 2045 abbatia.
844 1994 1048 2051 teneat,
1080 2000 1207 2041 cum
1259 1985 1368 2040 illis
1401 1993 1584 2040 tamen
1616 1986 1708 2055 qui
1741 1989 1885 2056 quod
1929 1986 2138 2056 justum

545 2086 632 2132 est
658 2079 834 2132 sciant
860 2087 915 2134 et
944 2077 1191 2148 diligant,
1216 2088 1270 2135 et
1300 2080 1372 2134 ibi
1402 2081 1657 2136 omnibus
1679 2079 1933 2148 iniuriam
1962 2081 2140 2150 passis

543 2170 842 2224 secundum
888 2171 1112 2226 idoneos
1159 2168 1400 2238 ejusdem
1429 2170 1618 2240 populi
1666 2169 1878 2239 judices
1909 2179 2136 2226 catero-

541 2274 773 2327 rumque
797 2275 1124 2316 consensum
1145 2261 1416 2330 justitiam
1450 2259 1617 2316 faciat
1656 2279 1669 2315 :
1705 2276 1806 2318 nec
1836 2261 2034 2332 aliquis
2072 2264 2138 2318 de

541 2354 654 2402 tota
683 2347 906 2411 familia,
939 2348 1089 2402 dives
1122 2363 1215 2402 seu
1245 2362 1470 2417 pauper,
1506 2355 1656 2403 terra
1683 2361 1782 2402 sua
1809 2356 1865 2402 et
1886 2347 2010 2416 jure
2036 2365 2136 2406 suo

539 2438 805 2506 privetur,
832 2437 938 2491 nisi
963 2438 1016 2490 in
1048 2437 1306 2506 pradicto
1347 2436 1467 2491 loco
1509 2437 1786 2491 communi
1827 2437 2134 2507 sapientum

537 2524 738 2594 judicio
767 2543 780 2580 :
813 2535 869 2581 et
897 2527 952 2580 in
976 2526 1094 2596 ipsa
1116 2526 1203 2580 die
1229 2525 1430 2596 publici
1454 2527 1640 2597 placiti
1668 2527 1944 2582 abbatissa
1973 2529 2139 2583 advo-

537 2627 661 2673 cato
672 2626 727 2672 et
739 2617 1145 2673 suisservitium
1161 2620 1391 2673 honeste
1401 2618 1727 2674 exhibeatet
1755 2619 1849 2676 det
1868 2639 1881 2673 :
1900 2628 1956 2675 et
1974 2623 2131 2691 quid-

537 2710 668 2779 quid
690 2711 776 2766 vcl
796 2711 1104 2781 ubicunque
1132 2711 1247 2782 ipse
1285 2713 1588 2768 advocatus
1622 2713 1676 2767 in
1697 2714 1916 2769 abbatia
1964 2715 2134 2785 placi-

538 2802 704 2856 tando
733 2803 1080 2871 acquisierit,
1108 2804 1382 2859 abbatissa
1398 2805 1532 2859 duas
1546 2815 1730 2875 partes
1744 2808 1978 2878 accipiat
1998 2848 2012 2873 ,
2041 2809 2132 2864 ille

537 2892 988 2949 tertiam.Clerici
1011 2908 1139 2950 vero
1162 2901 1216 2950 et
1236 2895 1312 2948 illi
1342 2895 1464 2950 laici
1489 2895 1580 2965 qui
1608 2909 1806 2966 genere
1831 2906 1888 2952 et
1917 2915 2128 2954 morum

539 2981 820 3036 honestate
834 2982 1054 3038 familia
1066 2992 1386 3053 prasunt,et
1403 2965 1650 3041 ecclesiae
1660 2965 1993 3056 prasunt,ad
2009 2990 2130 3044 nui-

537 3069 648 3124 lum
677 3073 956 3127 servitium
985 3074 1180 3129 servile
1211 3083 1498 3144 cogantur,
1533 3075 1617 3130 vel
1647 3077 1700 3131 in
1736 3093 1989 3148 corpore,
2044 3080 2128 3135 vel

538 3160 593 3215 in
633 3161 795 3217 rebus
840 3177 1061 3228 eorum;
1107 3164 1204 3219 sed
1233 3132 1520 3220 abbatissa
1554 3164 1790 3222 fideliter
1823 3132 1889 3222 ac
1938 3132 2130 3225 devote
2159 3132 2202 3194 C

537 3240 882 3316 famulentur,
914 3267 1050 3320 quos
1078 3260 1134 3307 et
1161 3253 1276 3321 ipsa
1306 3267 1410 3307 non
1441 3263 1500 3308 ut
1531 3269 1718 3309 servos
1743 3296 1756 3320 ,
1803 3255 1899 3310 sed
1927 3265 2129 3313 utma-

540 3349 625 3394 ter
670 3341 808 3396 filios
839 3349 1074 3398 tractare
1105 3344 1284 3398 debet.
1322 3341 1394 3398 Ut
1423 3353 1606 3398 autem
1646 3360 1990 3400 successores
2032 3362 2130 3401 no-

538 3431 637 3484 stri
673 3417 828 3503 reges
863 3432 949 3488 vel
987 3433 1342 3503 imperatores
1372 3451 1559 3490 curam
1605 3434 1859 3518 ejusdem‘
1886 3437 2130 3492 ecclesia

544 3525 802 3589 habeant,
835 3527 1218 3582 constituimus
1243 3536 1300 3581 ut
1330 3529 1758 3598 quotiescunque
1785 3545 1878 3583 rex
1914 3530 1996 3584 vel
2023 3530 2129 3583 im-

539 3622 764 3685 perator
802 3615 1081 3671 Romanus
1115 3614 1383 3672 Basileam
1435 3619 1637 3683 veniat,
1695 3619 1949 3689 qualibet
1986 3620 2126 3674 hoba

540 3704 625 3757 vel
655 3719 876 3759 mansus
904 3706 970 3759 ad
1000 3706 1282 3760 servitium
1307 3702 1424 3774 ejus
1450 3722 1524 3761 xu
1554 3722 1804 3762 nummos
1833 3708 2122 3777 persolvat.

537 3794 884 3862 Quacunque
924 3809 1053 3864 ergo
1097 3805 1289 3865 potens
1337 3810 1590 3865 persona,
1643 3798 1960 3861 advocatus,
2011 3798 2125 3852 sive

539 3886 679 3940 alius
717 3887 1004 3956 quisquam
1047 3887 1161 3940 hac
1200 3885 1418 3940 decreta
1462 3894 1649 3940 nostra
1698 3886 1998 3956 infregerit,
2046 3887 2124 3942 ira

543 3977 659 4039 Dei,
699 3983 754 4030 et
795 3977 1036 4031 omnium
1072 3985 1409 4040 sanctorum,
1459 3983 1514 4029 et
1543 3976 1808 4030 tremendi
1832 3977 2041 4046 judicii,
2070 3986 2126 4032 et

538 4075 725 4122 nostra
776 4067 1183 4130 contremiscat,
1233 4073 1288 4120 et
1315 4073 1408 4119 aut
1441 4064 1577 4119 lines
1627 4065 1780 4134 regni
1811 4074 1992 4129 exeat,
2029 4075 2123 4121 aut

539 4157 761 4227 triginta
793 4156 959 4210 libras
987 4154 1105 4210 auri
1132 4154 1324 4223 optimi
1352 4153 1421 4208 ad
1454 4153 1643 4208 fiscum
1677 4156 1841 4222 regis,
1871 4155 2123 4210 restituto

541 4249 690 4318 prius
733 4248 978 4303 ecclesia
1028 4248 1228 4302 damno
1273 4245 1565 4316 persolvat.
1599 4245 1726 4300 liae
1772 4253 1954 4299 autem
1997 4255 2124 4302 sunt

538 4339 754 4394 nomina
793 4337 1039 4392 villarum
1080 4346 1135 4391 et
1180 4336 1424 4391 iocorum
1455 4335 1510 4388 in
1554 4334 1753 4404 quibus
1783 4335 2007 4405 prafata
2034 4352 2123 4392 ec-

535 4428 702 4484 clesia
741 4428 904 4483 habet
931 4428 1291 4498 pr0prietates
1335 4433 1390 4480 et
1427 4426 1802 4495 possessiones
1830 4433 1984 4480 extra
2011 4427 2125 4480 val-

539 4518 667 4584 lem,
697 4534 817 4588 qua
845 4519 1000 4572 vallis
1039 4525 1231 4571 tenens
1255 4515 1495 4570 bannum
1525 4522 1580 4569 et
1610 4514 1813 4578 munia,
1847 4516 2128 4586 protendi-

541 4618 630 4664 tur
679 4626 710 4663 a
763 4591 1114 4664 Gowenheim
1163 4619 1336 4674 usque
1387 4605 1455 4660 ad
1511 4604 1878 4659 summitatem
1927 4605 2128 4660 montis

534 4698 823 4762 Cratonis,
871 4697 1297 4759 Brunhobetum,
1339 4692 1682 4755 Giltewillre.
1730 4692 2127 4758 Dannamaria,

541 4790 757 4854 Werza,
776 4789 1118 4860 Boyseigum,
1133 4785 1403 4849 Rotbach,
1428 4783 1891 4848 Baldercbedorfi‘,
1922 4783 2129 4853 Specil-

539 4879 697 4943 bach,
742 4879 1068 4948 Rollingum,
1125 4874 1518 4938 hlorsehviller,
1568 4873 1962 4939 Zuilensheim,
1998 4874 2130 4930 Ves-

539 4970 703 5039 pach,
730 4967 1132 5030 Steunenbrun,
1160 4963 1503 5028 Bruchbach,
1533 4962 1968 5024 Richenesheim,
1989 4961 2128 5015 Mul-

541 5056 837 5119 lenhusen,
874 5052 1303 5124 Enisigesheim,
1354 5050 1611 5115 Uffholtz,
1663 5048 2128 5115 Herlichesheim,

541 5147 917 5219 Ongersheim,
965 5143 1374 5214 Sigoltesheim,
1435 5139 1826 5210 Langenheim,
1866 5139 2126 5210 Sigenes-

543 5237 710 5292 heim.

615 5322 836 5378 Simwn
866 5323 1125 5379 diAconus
1152 5322 1222 5377 ad
1249 5321 1425 5376 vicem
1455 5320 1723 5393 Fridugisi
1753 5324 2125 5381 archicanch-

544 5414 666 5470 larii
695 5414 1008 5483 recognovi.

617 5509 751 5563 Data
779 5525 830 5564 xi
861 5508 1128 5564 Kalendas
1156 5506 1344 5571 Iulias,
1375 5523 1518 5563 anno
1545 5506 1763 5564 Christo
1798 5509 2030 5579 propitio
2061 5511 2125 5566 i0

548 5600 756 5669 imperii
787 5600 988 5656 domini
1012 5601 1240 5669 piissimi
1261 5601 1509 5670 Augusti,
1538 5600 1833 5658 indictione
1855 5602 1904 5656 i.
1931 5601 2122 5657 Actum

549 5689 869 5750 Franeofurt
897 5689 1096 5764 palatio
1125 5690 1370 5747 feliciter.
1404 5692 1595 5748 Amen.

2242 1900 2328 1947 est
2365 1890 2594 1950 Corbcia
2622 1935 2637 1960 ,
2676 1897 2732 1950 in
2771 1899 2959 1953 eadem
2997 1901 3274 1967 provincia
3314 1902 3551 1957 Saxonia
3587 1907 3658 1961 ob
3692 1922 3824 1961 mer-

2239 1979 2389 2036 cedis
2437 1991 2640 2037 nostra:
2688 1995 3034 2054 augmentum
3084 1992 3475 2044 monasterium
3515 2003 3824 2048 construere

2231 2065 2525 2137 iussimus,
2583 2081 2639 2129 et
2686 2074 2755 2130 ad
2807 2076 2952 2130 idem
3001 2079 3309 2134 coenobium
3359 2082 3721 2138 dedicandum
3766 2102 3825 2140 ex

2239 2173 2398 2218 sacro
2434 2164 2637 2236 palatio
2672 2179 2702 2218 a
2738 2166 2943 2236 capella
2979 2177 3164 2224 nostra
3216 2171 3464 2226 misimus
3495 2175 3825 2230 venerabiles

2238 2265 2304 2306 ac
2346 2265 2724 2312 sacrosanctus
2751 2258 3007 2328 reliquias
3047 2261 3192 2314 beati
3230 2260 3492 2331 Stephani
3527 2274 3824 2333 protomar-

2238 2342 2406 2411 tyris,
2446 2359 2607 2414 super
2647 2345 2921 2413 Wiseraa,
2961 2348 3016 2401 in
3050 2349 3174 2402 villa
3211 2353 3397 2421 regia.
3434 2353 3486 2404 in
3527 2353 3648 2407 loco
3687 2370 3819 2406 nun-

2236 2439 2468 2498 cupante
2498 2432 2697 2488 dudum
2730 2433 2931 2489 ﬂuxori
2965 2453 2977 2488 :
3009 2445 3069 2490 ut
3094 2438 3220 2507 quia
3249 2448 3474 2495 auctore
3501 2442 3614 2496 Deo
3642 2444 3822 2510 praedi.

2236 2528 2356 2575 ctus
2404 2523 2541 2578 diva
2592 2526 2872 2581 memoria
2919 2527 3152 2583 domnus
3199 2539 3254 2583 et
3300 2532 3518 2602 genitor
3554 2542 3740 2588 noster
3775 2536 3822 2588 in

2237 2613 2428 2666 eadem
2481 2623 2643 2684 gente
2691 2617 2924 2684 primum
2967 2617 3289 2674 Christiana
3338 2620 3622 2691 religionis
3670 2623 3817 2677 ﬁdem

2240 2704 2580 2760 confirmavit
2609 2724 2623 2771 ;
2661 2707 2736 2761 ita
2773 2715 2828 2762 et
2857 2724 2955 2763 nos
2985 2708 3050 2762 ad
3085 2713 3550 2781 augmentandum
3588 2714 3815 2768 solidae-

2240 2795 2475 2865 dumque
2503 2796 2745 2867 ejusdem
2777 2797 2900 2852 fidei
2930 2799 3167 2868 vigorem
3186 2840 3200 2864 ,
3233 2801 3472 2870 primum
3501 2803 3818 2857 monachica

2236 2885 2514 2956 religionis
2568 2887 2816 2942 ordinem
2872 2888 2981 2943 illic
3036 2893 3363 2943 servandum
3427 2891 3816 2961 tenendumque

2234 2978 2613 3047 constituimus
2638 2995 2651 3033 :
2685 2981 2826 3048 quod
2853 2979 2926 3032 ita
2950 2979 3251 3049 opitulante
3277 2979 3679 3052 Omnipotentis
3703 2999 3812 3052 gra-

2238 3069 2311 3122 tia
2343 3069 2410 3124 ad
2437 3068 2686 3125 cll‘ectum
2714 3070 2791 3124 rei
2820 3071 3095 3140 pervenit,
3129 3081 3181 3124 et
3211 3071 3471 3140 praedicto
3502 3073 3812 3126 monasterio

2235 3159 2357 3215 ideo
2388 3159 2618 3215 Corbcia
2648 3175 2843 3215 nomen
2873 3161 3184 3230 impositum
3216 3169 3331 3223 est,
3364 3176 3432 3215 eo
3464 3161 3608 3230 quod
3641 3162 3704 3216 de
3729 3177 3813 3214 an-

2236 3246 2386 3317 tiquo
2421 3249 2658 3317 quodam
2693 3248 3025 3303 monasterio
3075 3247 3304 3303 Corbcia
3356 3251 3619 3318 praedicto
3661 3249 3810 3303 Adal-

2233 3338 2406 3393 hardo
2425 3339 2607 3394 abbati
2630 3339 2744 3394 seni
2766 3379 2781 3404 ,
2808 3339 2894 3393 cui
2919 3339 3062 3393 hanc
3089 3354 3274 3392 curam
3303 3339 3808 3393 commiseramus...

2231 3439 2513 3500 assumpto
2541 3447 2726 3486 secum
2758 3446 3019 3501 germano
3051 3447 3150 3486 suo
3185 3431 3407 3486 Waloue
3448 3448 3576 3486 cum
3615 3435 3813 3488 (ameris

2231 3522 2455 3591 quantis
2490 3531 2544 3576 et
2579 3523 2775 3592 quibus
2812 3525 3098 3592 oportebat
3129 3525 3438 3590 monachis,
3481 3525 3625 3580 infra
3672 3543 3810 3582 eam-

2229 3611 2350 3665 dem
2385 3613 2719 3680 provinciam
2756 3613 2933 3668 locum
2978 3623 3163 3683 aptum
3209 3625 3615 3685 etcongruum
3660 3618 3814 3686 elige

2228 3712 2352 3758 rent
2401 3722 2416 3759 :
2457 3712 2620 3773 atque
2668 3704 2785 3768 ibi,
2834 3714 2997 3774 prout
3044 3707 3398 3775 opportunius
3444 3721 3570 3761 esse
3618 3709 3814 3776 pomis.

2227 3806 2338 3861 set,
2389 3795 2672 3866 praefatum
2727 3797 3115 3851 monasterium
3162 3797 3469 3851 stabilirent
3499 3809 3668 3866 atque
3699 3814 3815 3852 con-

2225 3893 2518 3940 struerent.
2545 3884 2748 3939 idcirco
2774 3884 2979 3954 placuit
3005 3886 3338 3940 excellentia
3365 3895 3572 3940 nostra
3604 3896 3662 3940 ut
3690 3904 3816 3957 pne-

2225 3979 2427 4032 dictam
2462 3976 2644 4030 villam
2668 4016 2685 4041 ,
2720 3991 2839 4046 qua
2877 3976 3078 4031 dicitur
3115 3977 3318 4032 Huxori
3341 4018 3355 4043 ,
3395 3992 3522 4032 cum
3572 3966 3817 4033 omnibus

2226 4067 2424 4123 ﬁnibus
2452 4069 2536 4121 vel
2565 4068 2810 4122 terminis
2835 4069 2968 4133 suis,
2998 4078 3054 4122 et
3082 4085 3203 4123 cum
3233 4070 3380 4124 silvis
3399 4111 3413 4134 ,
3440 4071 3640 4134 terris,
3671 4072 3816 4138 aquis

2226 4172 2595 4227 aquarumque
2639 4158 2986 4220 decursibus,
3038 4173 3159 4212 cum
3208 4160 3459 4214 omnibus
3503 4158 3816 4226 adjacentiis

2226 4255 2281 4300 et
2315 4246 2647 4316 appendiciis
2683 4247 2798 4301 suis
2834 4247 2902 4302 ad
2943 4246 3086 4301 idem
3123 4248 3513 4302 monasterium
3555 4264 3658 4318 per
3686 4248 3816 4302 hanc

2229 4338 2612 4392 auctoritatem
2641 4337 2762 4405 jure
2798 4348 3063 4409 perpetuo
3097 4340 3344 4395 conferre
3365 4381 3379 4403 ,
3422 4349 3480 4395 et
3526 4341 3603 4394 de
3638 4353 3815 4396 nostro

2223 4424 2348 4494 jure
2396 4426 2450 4479 in
2498 4426 2589 4496 jus
2632 4435 2686 4482 et
2732 4427 3156 4482 dominationem
3204 4430 3449 4498 pradicti
3499 4434 3814 4486 monasterii

2231 4515 2645 4587 prasentialiter
2689 4516 2947 4572 tradere:
2981 4533 3082 4573 nec
3122 4533 3230 4585 non
3261 4528 3315 4572 et
3345 4534 3433 4574 res
3466 4535 3566 4575 seu
3607 4538 3816 4591 posses-

2229 4607 2412 4661 siones
2436 4621 2556 4675 qua
2584 4620 2616 4659 a
2648 4605 2814 4660 Deum
2845 4594 3191 4670 timentibus,
3221 4606 3306 4661 vel
3338 4607 3509 4662 Deum
3541 4610 3813 4681 diligenti-

2229 4697 2330 4752 bus
2369 4695 2677 4753 Saxonibus
2711 4696 2852 4752 infra
2891 4698 3065 4768 ipsam
3105 4697 3396 4754 Saxoniam
3431 4700 3502 4754 ad
3539 4702 3648 4757 hoc
3687 4719 3816 4771 opus

2229 4787 2593 4842 inchoandum
2647 4788 2734 4842 vel
2792 4787 3124 4856 adiutorium
3186 4790 3555 4858 praestandum
3610 4793 3815 4846 collata

2230 4885 2386 4942 sunt,
2428 4890 2524 4948 per
2559 4877 2700 4933 hanc
2751 4878 3130 4933 auctoritatem
3164 4879 3519 4942 confirmare,
3560 4882 3729 4934 etiam
3768 4891 3815 4933 et

2231 4985 2321 5024 res
2366 4984 2487 5038 qua
2519 4970 2590 5042 ad
2629 4968 2989 5043 antiquiorem
3024 4967 3311 5022 Corbciam
3349 4970 3565 5024 tradita
3601 4970 3813 5026 fuerunt

2231 5058 2374 5114 infra
2431 5060 2579 5129 ipsos
2632 5058 2959 5129 supradicta
3015 5057 3269 5113 Saxonia
3299 5057 3469 5123 fines,
3515 5059 3574 5113 in
3626 5062 3809 5116 terris.

2231 5151 2412 5214 silvis,
2457 5150 2693 5221 campis,
2736 5149 2940 5219 pratis,
2982 5149 3237 5219 pascuis.
3282 5149 3439 5218 aquis
3477 5164 3812 5218 aquarumve

2231 5241 2547 5297 decursibus
2593 5241 2830 5310 propriis
2869 5239 2955 5295 vel
2999 5238 3407 5305 communibus,
3450 5240 3706 5294 domibus
3753 5255 3810 5291 ac

2230 5329 2501 5394 adificiis,
2532 5328 2615 5384 vel
2650 5328 2802 5398 prius
2837 5328 3067 5394 habitis,
3104 5328 3190 5383 vel
3218 5337 3405 5399 postea
3433 5330 3766 5384 constructis
3795 5346 3806 5387 :

2229 5421 2510 5491 mancipiis
2555 5433 2768 5490 quoque
2818 5419 3016 5474 diversi
3063 5421 3279 5490 generis
3322 5418 3408 5473 vel
3449 5420 3806 5479 conditionis.

2228 5509 2518 5566 mobilibus
2543 5508 2627 5563 vel
2657 5509 3045 5576 immobilibus,
3072 5509 3260 5564 datum
3287 5509 3370 5565 vel
3400 5510 3657 5564 traditum
3688 5509 3801 5566 fuit.

2227 5614 2350 5653 cum
2397 5598 2544 5653 omni
2592 5599 2904 5667 integritate
2949 5599 3016 5651 ad
3058 5598 3373 5668 pradictum
3422 5597 3797 5651 monasterium

2229 5703 2332 5743 una
2382 5703 2506 5744 cum
2556 5701 2824 5745 consensu
2874 5685 3081 5760 prafati
3125 5685 3341 5743 abbatis
3383 5685 3467 5741 vel
3510 5698 3792 5756 congrega-
