3936 6316
468 305 599 359 1131

1597 313 1919 374 LUDOVICI
1957 315 1979 372 l
2016 315 2487 374 COGNOMENTO
2527 317 2609 374 PII

3606 321 3736 376 “33

450 425 658 492 prima.
707 422 900 479 Actum
939 425 1282 498 lngilinhcim
1327 429 1627 499 palatio,in
1672 433 1765 488 Dei
1830 434 2047 488 nomine
2077 430 2221 493 Aob
2279 445 2518 487 amorem
2563 431 2658 486 Dei
2705 439 2759 484 et
2808 430 3162 484 reverentiam
3206 429 3262 483 S.
3316 430 3536 485 Martini
3589 439 3737 486 circa

458 512 712 570 feliciter.
743 514 938 572 Amen.

1156 611 1340 669 CXIV.

805 718 904 757 PRO
943 716 1284 760 IONASTEBIO
1324 719 1701 760 TRAJECTINSL

1070 789 1245 864 (Anno
1283 789 1434 864 ass.)

456 882 649 957 [Apud
672 882 898 947 Hedam,
942 883 1293 955 EpiscOpatus
1332 885 1683 956 Trajectensis
1709 928 1724 952 ,
1772 905 1894 960 pag.
1919 889 2044 964 45.]

525 974 584 1030 In
634 974 852 1031 nomine
885 972 1100 1028 Domini
1129 973 1226 1029 Dei
1275 983 1330 1031 et
1365 973 1666 1033 Salvatoris
1705 979 1876 1034 nostri
1918 979 2047 1036 Jesu

452 1065 676 1132 Christi,
700 1065 1025 1130 Ludovicus,
1041 1066 1224 1123 divina
1247 1067 1537 1126 ordinante
1551 1069 1912 1140 providentia,
1946 1073 2047 1127 im-

452 1163 672 1228 perator
697 1155 993 1226 Augustus.

522 1248 860 1320 lmperialem
883 1247 1258 1303 celsitudinem
1271 1248 1426 1304 decet
1443 1251 1896 1319 praedecessorum
1921 1268 2046 1310 suo-

451 1355 576 1395 rum
600 1339 689 1408 pia
720 1338 861 1394 facta
902 1353 1011 1395 non
1061 1339 1235 1395 solum
1265 1340 1652 1398 inviolabiliter
1679 1359 2005 1419 conservare
2028 1386 2043 1410 ,

452 1431 549 1486 sed
579 1433 742 1487 etiam
765 1446 1009 1508 censura:
1035 1446 1147 1488 suae
1173 1433 1498 1501 auctoritate
1521 1433 1866 1490 conﬁrmare.
1893 1436 2044 1491 Unde

451 1522 665 1577 noverit
700 1522 968 1579 industria
998 1536 1092 1577 seu
1119 1523 1388 1592 sagacitas
1407 1525 1652 1580 omnium
1677 1525 1918 1582 ﬁdelium
1947 1541 2044 1581 no-

450 1621 712 1685 strorum,
736 1621 847 1668 tam
876 1613 1225 1683 praesentium
1275 1629 1439 1684 quam
1463 1623 1520 1671 et
1556 1615 1882 1684 futurorum,
1917 1617 2042 1688 quia

451 1691 730 1760 llixi‘ridns
779 1701 1118 1781 [Rixfredus]
1147 1705 1473 1761 venerabilis
1521 1705 1623 1770 vir,
1655 1705 1867 1764 Veteris
1899 1707 2027 1763 Tra-

2149 519 2324 590 ipsam
2372 521 2656 581 ecclesiam
2691 520 2808 575 ﬁeri
2853 535 3216 575 censeremus.
3264 521 3430 592 Cujus
3486 525 3736 592 petitioni

2150 611 2336 667 libenti
2379 613 2560 666 animo
2609 627 2792 666 aurem
2833 611 3244 667 accommodare
3275 612 3495 680 placuit,
3551 624 3606 668 et
3642 628 3738 683 per

2149 705 2289 760 hanc
2321 711 2562 759 nostram
2600 704 2976 758 auctoritatem
3030 701 3376 767 conﬁrmare,
3414 711 3474 756 ut
3515 717 3735 758 omnem

2146 794 2444 858 decimam,
2495 802 2605 848 tam
2634 793 2698 848 de
2723 793 3004 863 mancipiis
3038 807 3200 861 quam
3226 793 3292 847 de
3313 792 3496 858 terris,
3527 805 3622 846 aut
3670 793 3737 847 de

2147 887 2366 951 telonio,
2400 893 2492 940 aut
2521 886 2586 940 de
2615 885 2848 957 negotio,
2876 885 2961 941 vel
2993 886 3352 955 undequaque
3408 887 3476 940 ad
3521 897 3736 954 partem

2147 977 2348 1038 regiam
2373 975 2464 1046 jus
2491 974 2608 1029 ﬁsci
2632 991 2854 1030 censum
2885 976 3103 1046 exigere
3125 975 3307 1041 debet,
3343 976 3427 1030 vel
3462 975 3529 1031 de
3559 975 3735 1030 omni.

2145 1063 2247 1120 bus
2271 1079 2390 1134 qua:
2416 1077 2582 1133 supra
2631 1061 2833 1132 scripta
2862 1061 3240 1134 suntprzel‘ata
3291 1063 3524 1118 ecclesia
3560 1061 3735 1118 libero

2147 1154 2200 1209 in
2221 1157 2539 1226 perpetuum
2565 1150 2690 1221 jure
2707 1140 3013 1221 possideat.
3045 1153 3115 1207 Et
3147 1168 3216 1208 ne
3257 1152 3380 1223 quis
3415 1152 3735 1223 contingere

2144 1253 2238 1300 aut
2268 1243 2524 1314 injustam
2569 1242 3058 1313 interpellationem
3087 1242 3265 1297 facere
3293 1251 3610 1313 przesumat,
3641 1243 3734 1297 sed

2145 1335 2286 1391 sicut
2317 1351 2348 1389 a
2373 1333 2595 1390 domino
2619 1335 2944 1404 imperatore
2966 1341 3022 1389 et
3048 1348 3148 1388 avo
3171 1343 3375 1398 nostro,
3405 1344 3460 1389 et
3491 1328 3737 1388 anteces-

2145 1431 2359 1498 soribus
2386 1429 2653 1500 regibusa
2687 1427 2844 1500 nobis
2879 1444 2977 1498 per
3023 1427 3165 1482 hanc
3198 1428 3580 1483 auctoritatem
3607 1441 3736 1482 con-

2145 1523 2393 1577 stitutum
2418 1527 2505 1575 est
2549 1527 2711 1588 atque
2752 1517 3153 1582 conﬁrmatum,
3177 1518 3253 1573 ita
3298 1517 3446 1572 omni
3494 1528 3736 1588 tempore

2143 1611 2527 1682 inviolabiliter
2559 1618 2912 1667 conservetur
2939 1620 3104 1679 atque
3129 1608 3468 1666 custodiatur
3489 1650 3504 1676 ,
3546 1618 3735 1678 quate-

2144 1719 2247 1758 nus
2270 1703 2416 1772 ipsos
2441 1716 2629 1758 servos
2652 1699 2750 1756 Dei
2778 1700 2871 1770 qui
2902 1700 3104 1754 ibidem
3128 1699 3435 1754 consistunt
3473 1713 3599 1753 cum
3645 1713 3736 1754 eo-

444 1794 575 1864 jecti
614 1776 859 1852 ecclesiae
899 1792 1204 1862 episcopus,
1237 1808 1358 1864 quae
1384 1804 1469 1850 est
1519 1803 1835 1852 constructa
1863 1796 1919 1852 in
1942 1797 2040 1853 ho-
2067 1776 2115 1836 Β
2144 1811 2264 1850 rum
2297 1793 2582 1865 pontiﬁce,
2625 1801 2680 1848 et
2709 1791 2828 1848 illos
2849 1807 2987 1862 quos
3017 1808 3047 1846 a
3083 1790 3272 1863 gentili
3302 1791 3413 1845 ritu
3446 1790 3514 1845 ad
3536 1788 3733 1845 Christi

447 1900 584 1940 nore
606 1883 667 1941 S.
711 1884 930 1941 Martini
961 1885 1322 1952 confessoris,
1348 1888 1434 1941 vel
1477 1897 1795 1946 czeterorum
1825 1900 2043 1946 sancto-

449 1991 598 2044 rum,
625 1974 818 2034 detulit
846 1976 1250 2055 mansuetudini
1273 1985 1475 2034 nostra:
1521 1980 1784 2049 quasdam
1809 1982 2042 2036 auctori-

447 2073 589 2121 tates
632 2064 1077 2122 constitutionum
1105 2105 1120 2130 ,
1161 2064 1394 2134 qualiter
1429 2061 1691 2123 Dominus
1729 2076 1785 2124 et
1829 2070 2042 2140 genitor

447 2165 635 2212 noster
673 2154 922 2222 Carolus,
951 2156 1108 2211 home
1142 2157 1456 2223 memorize,
1501 2157 1775 2227 piissimus
1801 2159 2039 2230 impera-

447 2255 536 2326 tor
552 2233 717 2315 Aug.,
736 2252 794 2300 et
822 2259 954 2301 avus
973 2234 1160 2301 noster
1183 2243 1446 2314 Pippinus
1469 2254 1526 2300 et
1547 2254 1920 2304 antecessores
1943 2264 2038 2303 eo-

447 2324 567 2419 rum
613 2324 686 2398 ad
712 2341 886 2411 ipsam
916 2339 1202 2396 ecclesiam
1225 2341 1626 2396 concessissent
1650 2357 1865 2396 omnem
1891 2344 2037 2398 deci-

446 2446 623 2498 mam,
649 2430 717 2487 de
738 2429 1046 2500 mancipiis,
1067 2428 1251 2494 terris,
1279 2442 1345 2484 ac
1369 2428 1436 2484 de
1459 2428 1691 2494 teloniis,
1719 2431 1806 2486 vel
1833 2431 1899 2486 de
1940 2448 2040 2488 ne-

441 2527 614 2596 gotio,
639 2522 728 2581 vel
749 2524 815 2579 de
835 2522 987 2578 omni
1012 2537 1092 2590 re,
1119 2521 1478 2592 undecunque
1508 2518 1588 2576 ad
1603 2530 1812 2591 partem
1835 2523 2039 2594 regiam

448 2619 610 2674 ﬁscus
633 2615 888 2678 telonium
913 2613 1134 2684 exigere
1176 2618 1269 2666 aut
1303 2611 1550 2682 accipere
1571 2611 1877 2678 videbatur,
1902 2619 1956 2667 et
1980 2621 2039 2667 ut

445 2708 701 2766 homines
738 2704 981 2775 ejusdem
1013 2701 1256 2759 ecclesiae
1286 2702 1388 2756 sub
1415 2702 1776 2758 mundiburdo
1805 2713 1832 2748 α
1863 2703 2039 2757 etsui-

449 2801 597 2859 tione
618 2798 789 2870 ipsius
807 2795 1054 2862 ecclesia:
1072 2794 1394 2859 enisterent,
1413 2808 1516 2849 nec
1534 2809 1640 2848 non
1666 2803 1720 2850 et
1740 2795 1796 2849 in
1825 2795 1957 2865 ripis
1984 2797 2038 2850 in

447 2888 855 2953 Dorestado,,ut
888 2899 989 2941 nec
1012 2883 1252 2944 bannum
1280 2884 1308 2924 1³
1334 2890 1427 2937 aut
1470 2881 1681 2938 l'redum
1710 2895 1756 2951 ο,
1789 2893 1883 2938 aut
1908 2899 2039 2940 con-

441 2979 648 3049 iectum
685 2975 736 3042 δ,
769 2974 915 3046 quod
943 2972 1013 3029 ab
1039 2973 1175 3052 ipsis
1201 2973 1435 3053 verrebat
1468 2971 1738 3045 [geschot]
1770 2981 1998 3031 vocatur
2018 3015 2034 3040 ,

447 3069 762 3141 contingere
790 3073 886 3122 aut
903 3073 1164 3121 exactare
1202 3071 1577 3135 praesumeret,
1600 3073 1655 3120 et
1675 3066 1923 3136 quisquis
1970 3082 2037 3124 ex

437 3159 876 3234 .nogotiatorihus
903 3159 960 3216 in
981 3172 1168 3213 eorum
1195 3157 1343 3226 ripas
1370 3157 1577 3212 intrare
1604 3157 1894 3223 voluisset,
1919 3158 2039 3213 nul-

441 3251 554 3308 lam
575 3247 980 3306 contentionem
1008 3261 1073 3303 ex
1102 3247 1209 3302 hoc
1232 3245 1454 3302 fecisset
1480 3246 1581 3310 eis,
1607 3260 1710 3301 nec
1725 3247 2036 3302 mansiones

441 3343 503 3396 in
532 3353 724 3396 eorum
755 3337 1036 3402 domibus,
1082 3335 1201 3390 sine
1228 3337 1498 3406 permissu
1540 3351 1730 3393 eorum
1787 3337 2038 3406 accipere

447 3430 730 3505 auderent,
754 3443 857 3484 nec
886 3441 1076 3484 eorum
1104 3440 1192 3482 res
1214 3425 1344 3481 dum
1382 3427 1640 3493 vixerint,
1672 3425 1908 3492 auferre,
1944 3435 2039 3482 aut

444 3527 826 3592 postmortem
867 3515 1054 3574 eorum
1111 3518 1447 3588 contingere,
1481 3533 1583 3574 nec
1611 3518 1730 3574 ulla
1746 3519 1909 3574 modo
1956 3518 2037 3573 eis

449 3610 502 3665 in
533 3609 710 3680 aliqua
738 3625 808 3665 .re
851 3608 1176 3674 calumniam
1203 3621 1464 3678 generare
1485 3609 1609 3677 quis
1658 3617 2032 3678 praesumeret,

447 3702 539 3771 qui
564 3701 619 3755 in
659 3700 748 3755 illa
775 3701 982 3756 decima
1008 3707 1184 3770 parte,
1209 3699 1293 3754 vel
1337 3700 1438 3754 sub
1476 3701 1840 3761 mundiburdo
1866 3700 2038 3757 eccle-

447 3793 542 3847 sia:
572 3790 631 3847 S.
658 3790 873 3862 hlartini
915 3789 1247 3854 consistunt;
1289 3790 1540 3844 videlicet
1577 3799 1638 3845 ut
1677 3791 1819 3845 sicut
1845 3790 1923 3845 illi
1968 3791 2036 3846 de

447 3884 553 3938 illis
576 3898 766 3939 novem
812 3881 1058 3953 partibus
1099 3880 1303 3951 aliquid
1349 3881 1595 3950 accipere
1635 3881 1719 3936 vel
1772 3895 2036 3952 usurpare

443 3989 547 4030 nec
567 3973 752 4040 velint,
791 3987 892 4047 nec
920 3973 1161 4043 possint;
1201 3972 1273 4040 ita
1300 3980 1355 4026 et
1383 3980 1764 4039 procuratores
1791 3987 1934 4042 resp.
1968 3972 2034 4028 de

448 4067 638 4123 eadem
662 4065 867 4120 decima
890 4072 1045 4133 parte
1072 4064 1318 4134 accipere
1338 4071 1431 4117 aut
1461 4078 1723 4133 usurpare
1747 4064 1815 4117 ad
1843 4063 2032 4118 ﬁscum

449 4145 554 4214 neu
584 4163 937 4225 praesumant,
960 4153 1194 4223 qualiter
1212 4151 1408 4222 praesul
1437 4151 1603 4220 ipsius
1631 4153 1894 4218 ecclesiae,
1909 4169 2032 4208 cum

447 4247 594 4317 omni
622 4246 768 4302 clero
793 4254 847 4302 et
868 4245 1064 4316 populo
1095 4244 1198 4300 sibi
1237 4242 1501 4312 subjecto,
1535 4243 1845 4299 alimoniam
1875 4246 2034 4299 mini-

445 4347 643 4410 strare,
666 4347 719 4412 et
741 4335 1030 4395 luminaria
1061 4335 1118 4389 in
1136 4335 1328 4390 eadem
1359 4334 1484 4389 sede
1502 4335 1842 4400 continuare,
1871 4345 2032 4405 atque

2062 3111 2112 3177 (Β

2140 1900 2326 1940 veram
2356 1891 2738 1939 converterunt
2769 1882 2952 1945 ﬁdem,
2992 1895 3092 1952 pro
3124 1879 3300 1944 nobis,
3329 1878 3580 1950 conjuge,
3611 1892 3734 1947 pro-

2139 1977 2296 2047 leque
2323 1984 2531 2042 nostra,
2565 1983 2621 2030 et
2656 1975 2803 2030 omni
2842 1974 3040 2046 populo
3067 1973 3378 2028 Christiano
3397 1969 3604 2041 iugiter
3635 1969 3736 2023 mi-

2140 2067 2495 2123 sericordiam
2526 2065 2620 2120 Dei
2657 2079 2886 2120 exorare
2914 2064 3164 2120 delectet.
3197 2062 3264 2117 Et
3287 2071 3350 2117 ut
3377 2062 3494 2116 haec
3545 2068 3731 2114 aucto-

2139 2155 2274 2211 ritas
2327 2152 2521 2209 melius
2573 2153 2641 2208 ab
2678 2142 2928 2207 omnibus
2964 2151 3234 2206 credatur
3258 2190 3274 2216 ,
3319 2159 3377 2204 et
3424 2143 3733 2220 diligentius

2139 2250 2512 2307 conservetur,
2553 2257 2715 2296 manu
2745 2241 2963 2310 propria
2989 2239 3435 2311 subscripsimus,
3458 2249 3512 2294 et
3553 2238 3732 2293 annuli

2140 2335 2311 2388 nostri
2340 2333 2696 2404 impressione
2733 2333 2933 2403 signari
2962 2331 3209 2387 fecimus.

2211 2423 2437 2496 Signum
2464 2423 2722 2479 Ludovici
2749 2424 3085 2479 serenissimi
3110 2423 3481 2494 imperatoris.

2212 2519 2345 2573 Data
2367 2533 2479 2572 xvn
2506 2517 2731 2573 Kalend.
2761 2517 2980 2586 Aprilis,
3009 2531 3155 2572 anno
3188 2518 3279 2584 ll,
3311 2516 3531 2573 Christo
3555 2519 3730 2589 propi-

2143 2598 2237 2674 tio,
2270 2607 2481 2678 imperii
2515 2607 2722 2662 domini
2759 2606 3018 2662 Ludovici
3047 2608 3278 2678 piissimi
3314 2607 3561 2680 Augusti,
3592 2607 3729 2661 indi-

2140 2700 2319 2755 ctione
2365 2697 2620 2753 secunda.
2651 2697 2847 2752 Actum
2874 2697 3200 2769 Aquisgrani
3237 2698 3440 2769 palatio
3478 2699 3649 2770 regio,
3678 2698 3728 2752 in

2141 2791 2237 2845 Dei
2263 2791 2481 2846 nomine
2507 2788 2755 2845 feliciter.
2783 2789 2976 2846 Amen.

2213 2880 2526 2937 iiclisachar
2546 2880 2882 2950 recognovit.

2855 2991 3013 3047 CXV.

2315 3102 2415 3144 1³Βο
2442 3102 2730 3144 (διοεκεκει
2770 3103 2816 3142 8.
2859 3102 3147 3142 FLOREN‘I‘II
3187 3102 3547 3142 ιοΝΑετειιιο.

2763 3181 2937 3249 (Αηηο
2980 3178 3131 3250 824.)

2141 3267 2331 3342 [Apud
2359 3268 2579 3335 Mabill.,
2598 3269 2735 3323 Ann.
2765 3272 2880 3342 9rd.
2906 3267 2969 3342 S1
2983 3267 3582 3342 _Bened.,_tom.l!,pag.
3606 3271 3706 3326 759

2560 3355 2627 3394 ex
2667 3339 2890 3393 archivo
2931 3337 3277 3412 Glonnensi.)

2208 3432 2266 3487 in
2304 3432 2524 3488 nomine
2567 3430 2781 3488 Domini
2830 3428 2923 3482 Dei
2963 3437 3018 3485 et
3061 3427 3361 3485 Salvatoris
3401 3431 3581 3486 nostri
3604 3429 3728 3486 Jesu

2139 3521 2363 3590 Christi,
2385 3521 2709 3586 Ludovicus,
2734 3519 2915 3575 divina
2937 3520 3224 3576 ordinante
3243 3521 3609 3591 providentia,
3633 3523 3728 3575 im-

2139 3622 2362 3682 perator
2384 3612 2682 3683 Augustus.

2209 3703 2270 3759 Si
2316 3720 2443 3774 erga
2485 3703 2603 3759 loca
2642 3704 2839 3760 divinis
2880 3703 3116 3760 cultibus
3163 3706 3476 3775 mancipata
3507 3719 3728 3777 propter

2139 3811 2380 3851 amorem
2405 3796 2498 3851 Dei
2527 3796 2750 3866 ejusque
2775 3797 2832 3849 in
2857 3796 3064 3851 eisdem
3098 3796 3232 3852 locis
3257 3799 3362 3854 sibi
3402 3799 3728 3855 famulantes

2136 3889 2398 3946 beneﬁcia
2423 3897 2727 3960 opportuna
2755 3888 3038 3960 largimur,
3060 3892 3347 3960 premium
3380 3893 3541 3949 nobis
3586 3895 3726 3964 apud

2137 3981 2307 4036 Deum
2350 3989 2570 4036 aeternae
2613 3981 3068 4036 remunerationis
3114 3983 3336 4052 rependi
3379 3999 3489 4039 non
3534 3984 3729 4042 dimdi-

2137 4087 2275 4125 mus.
2297 4070 2506 4125 idcirco
2542 4077 2731 4128 notum
2777 4085 2896 4126 esse
2939 4070 3188 4126 volumus
3226 4073 3439 4128 cunctis
3474 4073 3722 4130 ﬁdelibus

2136 4171 2337 4217 sancta
2361 4161 2455 4216 Dei
2480 4160 2735 4216 Ecclesia
2778 4170 2836 4214 et
2877 4162 3097 4224 nostris,
3127 4163 3492 4231 praesentibus
3518 4165 3726 4220 scilicet

2135 4261 2188 4308 et
2214 4252 2428 4317 futuris,
2459 4253 2584 4322 quia
2621 4253 2908 4329 quemdam
2951 4253 3315 4308 venerabilem
3347 4254 3526 4309 virum
3569 4255 3726 4312 Fret-

2134 4344 2350 4397 bertum
2389 4359 2512 4398 cum
2544 4345 2826 4398 monachis
2851 4345 2982 4407 suis,
3026 4360 3163 4414 quos
3202 4345 3254 4398 in
3298 4344 3454 4400 italia
3499 4349 3725 4402 misera-

441 4428 686 4512 gentiles
721 4427 811 4497 qui
861 4427 929 4482 ad
957 4424 1416 4480 Christianitatem
1459 4432 1852 4480 convertuntur
1885 4424 2030 4480 alere
2056 4459 2109 4518 Β
2136 4451 2256 4490 mus
2282 4476 2295 4500 ,
2337 4434 2531 4490 exinde
2577 4436 2776 4490 reveni
2819 4435 3076 4502 fecimus,
3124 4446 3181 4490 ει
3224 4439 3603 4495 concessimus
3649 4443 3723 4495 eis

434 4528 499 4573 et
530 4506 934 4588 docerepossit.
965 4514 1046 4572 0b
1073 4515 1386 4570 ﬁrmitatem
1414 4524 1591 4570 tamen
1618 4512 1886 4582 huius-rei
1933 4531 2029 4585 po-

443 4607 664 4661 stulavit
691 4621 728 4661 a
753 4606 910 4663 nobis
945 4605 1234 4676 praedictus
1262 4605 1547 4674 episcopus
1570 4645 1584 4668 ,
1631 4613 1690 4659 ut
1743 4613 2028 4675 paternum

429 4698 560 4753 sive
617 4698 1076 4769 praedecessorum
1109 4705 1420 4752 nostrorum
1474 4712 1658 4768 regum
1709 4714 1915 4754 morem
1945 4715 2029 4756 se-

441 4797 694 4859 quentes,
732 4787 994 4859 ejusmodi
1031 4797 1231 4843 nostrte
1277 4788 1615 4844 auctoritatis
1657 4799 1986 4859 praeceptum
2009 4832 2025 4857 ,

445 4988 451 4991 _
519 4938 546 4965 ο
587 4923 984 4986 Mundehnrde,
1036 4923 1090 4977 id
1124 4931 1230 4988 est,
1271 4922 1426 4976 tuitio
1472 4921 1557 4976 vel
1603 4920 1866 4977 defensio.
1891 4923 2029 4979 Galli

447 4996 846 5058 mambourme;
876 4991 1036 5063 ‘Belgi
1084 4993 1364 5063 members
1390 5000 1596 5046 tutores
1642 4993 1826 5063 dicunt
1841 5010 1864 5063 ;_
1893 4994 2028 5063 legi-

447 5075 536 5119 tur
571 5063 624 5118 in
675 5063 942 5118 Formulis
992 5061 1266 5123 Marculﬁ,
1317 5061 1407 5115 lib.
1445 5078 1498 5125 ι,
1538 5062 1784 5130 cap.%,
1830 5061 2028 5117 Charta

447 5140 510 5187 de
548 5131 902 5186 mundeburde
920 5131 1189 5202 principis,
1220 5131 1288 5202 ad
1318 5146 1486 5202 quem
1507 5133 1681 5202 locum
1725 5133 1843 5187 vide
1876 5133 2022 5188 Hier.

446 5203 693 5274 Bignonii
730 5212 906 5274 notas.
922 5200 1095 5256 Adde
1118 5201 1280 5267 capit.
1296 5200 1582 5274 _Caroli_et
1634 5200 1766 5274 Lud.
1783 5203 1987 5274 _lih.mvr
2009 5242 2022 5274 ε

446 5269 565 5341 cap.
592 5272 722 5338 9.23,
750 5279 802 5326 et
836 5270 906 5325 ibi
932 5279 1132 5341 notata,
1164 5286 1228 5324 ac
1259 5269 1466 5338 glossas
1495 5269 1614 5323 Lat.
1641 5270 1752 5323 Bal.
1781 5271 1936 5341 Lydii
1959 5271 2026 5326 ad

447 5339 815 5410 Cleniangem,
844 5341 921 5395 lit.
952 5339 1027 5393 Μ.

520 5413 548 5452 δ
586 5412 641 5465 ld
665 5401 769 5476 Est,
794 5401 993 5466 inuicta
1024 5408 1313 5477 iudicialis.
1355 5401 1488 5464 Vide
1523 5408 1854 5464 Glossarium
1900 5425 2026 5478 pro-

440 5481 918 5545 xime.l.udatum,
950 5488 1004 5550 et
1048 5489 1206 5535 notas
1247 5480 1317 5550 ad
1348 5479 1538 5544 Μαι-οη
1571 5479 1890 5550 ιὶὺτχηυερ.
1931 5480 2022 5538 40.

521 5563 544 5592 ο
584 5550 913 5614 Compositio
961 5549 1092 5604 ﬁsco
1149 5549 1324 5605 debita
1351 5590 1364 5611 ,
1427 5566 1457 5604 a
1496 5548 1678 5603 vrevel.
1720 5549 1788 5603 Μ.
1840 5548 2024 5614 Cold.,

448 5621 670 5692 Lydius,
717 5618 780 5674 il.
812 5619 1127 5692 Bignonius,
1152 5621 1212 5692 in
1247 5620 1395 5692 notis
1438 5618 1871 5692 adlllarculium,
1894 5618 2028 5692 Lin-

440 5687 737 5757 dobrogius
766 5691 833 5746 ad
873 5687 1042 5757 legem
1074 5687 1327 5755 Salicum,
1361 5690 1443 5742 tit.
1477 5689 1562 5754 H,
1610 5704 1675 5742 ex
1701 5690 1861 5758 Greg.
1893 5689 2021 5743 Tur.

2135 4527 2406 4596 quoddam
2441 4525 2830 4580 monasterium
2857 4525 2999 4596 quod
3020 4534 3102 4580 est
3142 4526 3306 4582 situm
3336 4529 3392 4585 in
3442 4531 3722 4586 territorio

2138 4617 2441 4673 Pictavensi
2473 4632 2636 4686 supra
2658 4617 2831 4686 ripam
2851 4615 3075 4686 Ligeris,
3101 4617 3246 4686 quod
3282 4617 3486 4672 dicitur
3510 4619 3719 4676 Clonus

2137 4708 2248 4762 sive
2285 4715 2504 4762 sanctus
2542 4706 2869 4775 Florentius,
2902 4706 2992 4760 ubi
3022 4707 3165 4762 idem
3205 4709 3399 4764 beatus
3436 4710 3721 4766 confessor

2134 4796 2336 4852 Christi
2359 4811 2583 4866 corpore
2608 4797 2838 4866 quiescit
2865 4812 2974 4852 z-eo
3022 4792 3183 4853 modo
3206 4808 3264 4853 ut
3309 4800 3385 4855 ibi
3415 4803 3713 4859 secundum

2203 4926 2229 4965 ἀ
2268 4927 2468 4996 Lydius
2504 4927 2791 4996 conjectum
2823 4926 3166 4981 collationem
3193 4927 3259 4981 de
3295 4929 3620 4985 substantiis
3646 4932 3714 4985 in-

2132 5005 2461 5064 terpretatur
2505 4997 2560 5065 in
2611 4996 2803 5064 glossis
2837 5011 2998 5065 supra
3043 4997 3351 5051 nominatis.
3400 4997 3707 5062 Flodoard.,

2132 5066 2212 5119 De
2235 5067 2465 5137 conjecto
2494 5064 2818 5137 Normanm's
2840 5064 3035 5137 dando.
3068 5066 3228 5137 Greg.
3264 5067 3494 5133 Turon.,
3529 5069 3622 5123 lib.
3639 5085 3708 5131 vr,

2127 5151 2250 5204 cap.
2278 5134 2348 5189 45
2369 5175 2382 5200 ,
2435 5135 2502 5190 de
2535 5148 2659 5206 rege
2688 5134 2990 5206 Chilperico
3019 5153 3030 5188 :
3069 5153 3088 5185 ι
3108 5134 3431 5206 Apparatus
3485 5153 3708 5206 magnus

2129 5220 2398 5277 expensas
2418 5206 2485 5260 de
2515 5204 2742 5277 diversis
2766 5204 3072 5277 civitatibus
3104 5205 3155 5258 in
3173 5204 3384 5277 itinere
3425 5204 3707 5277 congrega-

2127 5283 2226 5348 tus
2242 5284 2325 5329 est
2351 5293 2362 5327 :
2388 5275 2442 5348 in
2480 5289 2588 5348 quo
2614 5275 2747 5328 nihil
2776 5276 2840 5330 de
2869 5274 2999 5329 ﬁsco
3021 5290 3123 5348 suo
3150 5291 3242 5330 rex
3272 5276 3389 5330 dari
3433 5274 3702 5348 praecepit,

2129 5345 2231 5424 nisi
2256 5344 2438 5424 omnia
2474 5344 2860 5424 de‘pauperum
2910 5346 3257 5424 cogimur?”
3303 5365 3327 5424 ε
3350 5344 3705 5424 quoduita're-

2127 5413 2234 5468 l'ert
2264 5413 2519 5485 Aymon.,
2546 5413 2636 5485 lib.
2678 5431 2761 5479 ιιι,
2789 5429 2908 5483 cap.
2947 5413 3037 5478 56,
3064 5425 3120 5468 ut
3151 5416 3216 5468 de
3242 5413 3550 5470 substantiis
3575 5433 3703 5485 part-

2193 5484 2633 5537 rum'necessan'a
2672 5485 2745 5538 eis
2789 5486 2844 5538 in
2891 5485 3077 5538 itinere
3118 5484 3591 5539 subministrentur.
3643 5484 3698 5538 1n

2127 5499 2309 5605 gerum
2341 5499 2633 5537 necessaria
2672 5501 2745 5538 eu
2789 5503 2844 5538 ιη
2891 5499 3077 5538 umere
3118 5499 3591 5539 subministrentur.
3643 5499 3696 5538 in

2159 5553 2506 5625 liropeo_ms._
2532 5553 2608 5625 ad
2643 5555 2943 5625 marginem
2984 5555 3342 5610 adnotatum:
3385 5552 3502 5608 Vidi
3544 5569 3696 5608 acerb

2126 5624 2268 5691 chat,
2298 5622 2388 5676 sed
2415 5622 2612 5676 dubito.
