3936 6310
150 353 285 409 1153

140 557 466 621 nacbicam,
522 574 681 627 quem
751 557 1117 626 supradictum
1182 555 1490 626 religiosum
1548 552 1723 608 virum

137 649 488 704 Frotbertum
516 651 629 704 sive
656 652 975 715 monachos,
1015 664 1222 705 necnon
1253 656 1308 703 et
1348 648 1723 717 praescriptum

137 741 452 797 venerabile
474 743 866 798 monasterium
890 757 1012 797 cum
1034 741 1284 795 omnibus
1309 740 1472 794 rebus
1494 747 1548 794 et
1569 754 1725 792 man-

135 832 297 902 cipiis
339 834 599 888 moderno
629 842 873 902 tempore
905 833 977 888 ibi
1005 829 1394 902 aspicientibus
1421 829 1508 884 vel
1555 829 1724 899 perti-

134 920 396 976 nentibus
440 923 538 975 sub
581 931 768 977 nostra
813 922 1152 992 suscepimus
1175 919 1488 975 defensione
1529 927 1585 974 et
1621 918 1726 972 im-

135 1009 424 1063 munitatis
463 1009 709 1072 tuitione,
737 1009 970 1079 qualiter
990 1024 1086 1079 per
1106 1008 1246 1062 hanc
1277 1015 1519 1062 nostram
1547 1015 1730 1060 aucto-

135 1097 362 1152 ritatem
389 1097 594 1167 absque
625 1100 786 1153 ullius
815 1098 1013 1166 injusta
1053 1098 1428 1168 inquietudine
1467 1097 1632 1167 quieti
1675 1105 1729 1150 et

135 1185 295 1242 ἰηεεί
315 1188 544 1258 persista
553 1196 628 1242 nt.
645 1189 711 1242 Et
726 1189 846 1244 ideo
866 1189 965 1243 hos
981 1197 1199 1242 nostros
1221 1185 1533 1256 imperiales
1550 1185 1731 1255 apices

137 1277 262 1333 fieri
283 1278 565 1347 iussimus,
594 1296 690 1350 per
712 1296 847 1350 quos
884 1280 1233 1349 prazcipimus
1275 1286 1439 1346 atque
1474 1276 1729 1345 jubemus

136 1377 199 1422 ut
224 1369 403 1423 nullus
423 1369 586 1437 judex
615 1370 886 1439 publicus,
911 1369 995 1422 vel
1019 1368 1278 1438 quislibet
1300 1367 1597 1437 superioris
1641 1374 1734 1419 aut

137 1456 418 1513 inferioris
442 1459 650 1513 ordinis
674 1458 983 1528 reipublicm
1027 1466 1370 1528 procurator,
1395 1457 1451 1510 in
1473 1455 1732 1510 ecclesias

136 1555 239 1602 aut
282 1547 398 1602 loca
439 1548 523 1601 vel
569 1563 728 1618 agros
759 1564 853 1603 seu
897 1548 1137 1618 reliquas
1176 1548 1571 1618 possessiones;
1615 1560 1734 1614 qua:

136 1637 404 1692 moderno
427 1646 671 1707 tempore
699 1638 941 1709 legaliter
968 1639 1020 1693 in
1047 1639 1375 1707 quibuslibet
1415 1637 1535 1707 pagi
1577 1635 1733 1690 terri-

138 1726 298 1780 toriis
325 1726 465 1781 infra
491 1728 752 1782 ditionem
777 1729 989 1797 imperii
1032 1729 1204 1782 nostri
1248 1736 1432 1782 tenent
1451 1727 1537 1781 vel
1560 1727 1733 1797 possi-

1284 351 1681 406 DIPLOMATA
1720 348 2277 406 ECCLESIASTICA.

141 464 384 533 regulam
427 465 570 519 beati
607 465 782 519 Patris
827 463 1102 519 Benedicti
1133 464 1297 517 vitam
1328 464 1586 531 degerent
1613 479 1728 517 mo-
1761 467 1808 522 A

3270 345 3401 399 “Si

2535 459 2716 517 CXVI.

2212 591 2310 627 Ηὶο
2361 590 2692 628 διυΝΑδτεῐιιο
2732 588 3006 632 ΓΛΒΞῈΣΒΙ.

2433 684 2606 752 (Anno
2651 682 2800 754 8‘24.)

1832 793 2011 863 [Apud
2040 794 2334 850 Cltesnium
2354 835 2367 858 ,
2401 791 2788 847 Francicarum
2819 792 3009 848 Rerum
3031 793 3257 867 Script.,
3277 803 3409 850 tom.

1942 906 1946 910 »
2401 883 2443 938 ll
2461 924 2475 947 ,
2516 899 2641 953 pag.
2688 882 2849 955 659.]

1903 995 2226 1060 Ludovicus,
2244 996 2422 1051 divina
2439 995 2723 1050 ordinante
2746 995 3104 1067 providentia,
3121 998 3416 1068 imperator

1830 1085 2126 1155 Augustus.

1904 1176 1964 1231 Si
2009 1177 2373 1246 praeveniente
2411 1176 2584 1246 gratia
2639 1175 2734 1232 Dei
2787 1177 2962 1232 nostri
2997 1177 3300 1233 devotionis
3329 1178 3413 1231 af-

1833 1266 2034 1322 fectum
2059 1267 2255 1320 divinis
2301 1267 2596 1336 satagimus
2620 1275 2809 1337 aptare
2846 1265 3143 1336 obsequiis,
3175 1277 3230 1323 et
3261 1283 3420 1323 vene-

1831 1358 2093 1412 rabilibus
2119 1359 2335 1426 Deoque
2360 1359 2668 1428 sanctisque
2695 1359 2852 1425 locis,
2890 1370 3052 1428 atque
3072 1358 3168 1416 Dei
3199 1359 3419 1414 familiis

1833 1464 2082 1519 superna:
2127 1448 2396 1517 majestati
2444 1449 2835 1505 famulantibus
2885 1450 3151 1519 imperiali
3201 1450 3415 1504 munifi-

1833 1539 2008 1593 centia
2038 1555 2196 1608 opem
2233 1547 2288 1593 et
2328 1539 2578 1594 solatium
2614 1548 2816 1594 nostra:
2841 1539 3170 1595 defensionis
3211 1538 3420 1610 impen-

1834 1628 2031 1693 dimus,
2065 1630 2110 1683 si
2161 1628 2395 1698 denique
2424 1628 2752 1698 przejudiciis
2781 1630 2946 1684 variis
2990 1645 3055 1684 ac
3093 1629 3437 1684 calamitati»

1832 1719 1933 1773 bus
1969 1721 2245 1790 oppressis
2270 1720 2512 1790 patulum
2543 1729 2598 1775 et
2624 1721 2916 1791 benignum
2949 1721 3422 1778 accommodamus

135 1818 291 1883 dent,
316 1819 401 1874 vel
426 1835 544 1888 qua:
565 1821 820 1888 deinceps
839 1821 890 1874 in
907 1820 1030 1890 jure
1053 1820 1223 1890 ipsius
1243 1820 1344 1874 loci
1373 1827 1461 1872 aut
1491 1807 1589 1887 per
1610 1833 1726 1884 nos,
1764 1804 1807 1858 Β
1835 1810 2100 1876 auditum,
2130 1811 2214 1865 his
2234 1811 2512 1866 exercitiis
2539 1812 2753 1883 piisque
2798 1811 2992 1868 studiis
3021 1813 3294 1868 credimus
3327 1827 3420 1868 su-

137 1917 236 1962 aut
272 1923 368 1977 per
390 1909 686 1978 quamlibet
720 1910 1010 1980 ingenuam
1053 1925 1344 1978 personam
1384 1908 1617 1964 voluerit
1646 1908 1729 1962 di-

140 2003 264 2057 vina
307 2004 481 2072 pietas
511 2020 725 2074 augere,
755 2004 1049 2073 judiciario
1100 2019 1250 2058 more
1294 2004 1362 2057 ad
1398 2018 1592 2058 causas
1639 2017 1734 2056 au-

142 2093 386 2157 diendas,
413 2093 496 2147 vel
526 2092 677 2146 freda
727 2093 1010 2164 exigenda,
1045 2102 1139 2146 aut
1178 2093 1488 2146 mansiones
1519 2099 1612 2145 aut
1640 2106 1734 2160 pa-

144 2192 292 2236 ratas
332 2181 634 2246 faciendas,
662 2191 756 2236 aut
781 2181 1147 2250 fideijussores
1174 2171 1441 2236 tollendos
1460 2222 1474 2246 ,
1502 2190 1598 2235 aut
1638 2182 1736 2236 ho-

144 2273 318 2325 mines
358 2271 527 2339 ipsius
559 2273 875 2326 monasterii
918 2273 1082 2341 Super
1127 2281 1329 2326 terram
1382 2272 1550 2340 ipsius
1588 2289 1738 2328 com-

144 2371 428 2418 manentes
452 2363 876 2432 distringendos,
902 2373 996 2418 aut
1019 2364 1157 2418 ullas
1196 2363 1609 2428 redhibitiones,
1643 2370 1738 2418 aut

139 2450 364 2506 illicitas
389 2452 712 2506 occasiones
755 2454 1128 2521 requirendas,
1172 2453 1282 2507 ullo
1310 2469 1548 2522 unquam
1595 2461 1736 2507 tem-

143 2560 278 2614 pore
307 2545 514 2615 ingredi
535 2545 751 2611 audeat,
783 2546 867 2599 vel
891 2562 953 2601 ca
985 2562 1103 2617 quae
1126 2562 1288 2617 supra
1315 2556 1738 2603 commemorata

144 2644 277 2689 sunt
294 2636 506 2704 penitus
529 2636 747 2706 exigere
768 2645 1092 2704 praesumat:
1112 2637 1204 2691 sed
1225 2638 1542 2692 memoratis
1559 2635 1738 2692 abbati

145 2725 374 2795 ejusque
417 2725 823 2780 successoribus
851 2741 940 2781 res
983 2727 1225 2796 prtedicti
1268 2727 1582 2782 monasterii
1614 2743 1739 2781 cum

145 2816 404 2870 omnibus
446 2815 548 2869 sibi
587 2817 840 2884 praesenti
882 2825 1124 2886 tempore
1162 2815 1309 2885 juste
1352 2817 1612 2886 subjectis
1641 2817 1741 2871 sub

149 2906 512 2960 irnmunitatis
555 2906 785 2959 tuitione
825 2906 1006 2974 quiete
1050 2908 1235 2961 vivere
1280 2922 1342 2961 ac
1370 2907 1630 2961 residere.
1677 2908 1744 2962 Et

149 2994 416 3064 quidquid
451 2996 518 3048 de
547 2995 710 3048 rebus
748 2991 960 3062 praefati
984 2994 1299 3048 monasterii
1331 2993 1498 3048 ﬁscus
1522 3007 1742 3064 sperare

151 3087 377 3156 poterit,
409 3093 580 3140 totum
629 3101 731 3140 nos
759 3100 854 3155 pro
894 3095 1097 3140 aeterna
1125 3086 1564 3141 remuneratione
1598 3101 1733 3156 pra:-

1833 1917 2061 1971 pernum
2111 1902 2311 1972 ubique
2365 1903 2627 1956 auxilium
2672 1903 2991 1973 promereri,
3041 1911 3098 1958 et
3144 1904 3423 1974 prosperis

1836 1996 2036 2067 pollere
2076 1995 2438 2061 successibus,
2458 2004 2618 2065 atque
2641 1994 2884 2050 imbelles
2906 1995 3158 2067 gloriosis
3186 1996 3425 2066 gaudere

1838 2086 2142 2156 triumphis,
2183 2086 2279 2140 sed
2316 2093 2370 2139 et
2397 2093 2520 2154 post
2541 2085 2854 2154 temporalis
2881 2083 3080 2138 infulas
3105 2084 3317 2154 imperii
3346 2084 3423 2138 si—

1837 2177 2001 2232 derea
2056 2176 2282 2232 feliciter
2349 2178 2605 2247 consequi
2661 2191 2846 2246 regna.
2903 2176 3247 2247 Quapropter
3303 2191 3425 2231 cum

1837 2271 2194 2340 plurimarum
2233 2269 2588 2325 ecclesiarum
2637 2269 3134 2341 venerabiliumque
3175 2270 3426 2325 custodes

1838 2363 2102 2426 locorum,
2133 2363 2578 2431 diversorumque
2608 2362 2889 2416 hominum
2916 2361 2984 2416 de
3017 2360 3214 2415 finibus
3258 2359 3425 2415 Italiae

1841 2453 2116 2522 multiplex
2137 2453 2356 2522 querela
2380 2462 2624 2508 nostrum
2648 2453 2920 2522 pulsaSset
2948 2452 3211 2516 auditum,
3238 2467 3424 2508 eorum

1843 2546 2162 2615 lacrymosis
2187 2545 2408 2598 vocibus
2456 2546 2658 2614 pietate
2697 2557 2927 2616 cogente
2975 2545 3142 2609 moti,
3173 2545 3430 2599 charissi-

1843 2652 1990 2692 mum
2021 2645 2179 2705 atque
2211 2635 2583 2690 dulcissimum
2631 2636 2800 2690 filium
2833 2645 3077 2691 nostrum
3110 2636 3429 2691 Lotharium

1843 2726 2140 2781 direximus
2173 2740 2272 2794 pro
2320 2725 2619 2779 munimine
2668 2741 2732 2779 ac
2789 2725 3104 2780 defensione
3146 2740 3428 2780 sacrorum

1844 2816 2341 2882 venerabiliumque
2388 2814 2658 2878 locorum,
2705 2824 2759 2870 et
2814 2831 2912 2885 pro
2947 2815 3173 2883 justitiis
3223 2826 3433 2871 cunctte

1844 2906 2038 2977 plebis,
2069 2922 2189 2975 qua:
2236 2909 2476 2964 molestis
2525 2906 2760 2976 querelis
2799 2917 3038 2972 nostras,
3072 2915 3132 2960 ut
3176 2907 3431 2971 diximus,

1847 2997 2182 3052 incessanter
2213 2998 2561 3068 pulsaverant
2583 3011 2762 3052 aures.

1918 3089 2087 3156 Igitur
2123 3104 2224 3160 ego
2253 3089 2550 3144 Lotharius
2601 3089 2897 3160 Augustus,
2935 3098 3174 3159 paterna:
3205 3104 3434 3145 concor-

151 3170 302 3230 dicto
350 3177 678 3230 monasterio
721 3177 1090 3242 concedimus,
1137 3185 1196 3230 ut
1246 3177 1576 3245 perennibus
1611 3184 1744 3231 tem-
1772 3146 1816 3208 (δ
1853 3177 1986 3232 dans
2012 3177 2276 3231 voluntati
2331 3186 2387 3232 et
2429 3179 2814 3248 obtemperans
2859 3178 3043 3248 jussis,
3083 3193 3204 3232 cum
3257 3188 3438 3247 prote-

153 3270 391 3358 poribus.
408 3273 462 3325 in
503 3270 759 3323 alimonia
806 3285 1103 3340 pauperum
1146 3277 1199 3324 et
1251 3269 1518 3338 stipendia
1555 3282 1746 3322 mona-

153 3363 611 3430 chorumibidem
644 3363 753 3416 Deo
798 3363 1176 3416 famulantium
1224 3360 1471 3430 proficiat
1517 3360 1572 3414 in
1621 3375 1750 3430 aug-

159 3437 424 3506 mentum.
451 3451 517 3504 Et
547 3452 982 3520 quandoquidem
1013 3451 1192 3504 divina
1229 3450 1510 3504 vocatione
1555 3464 1750 3518 supra-

159 3542 343 3596 dictus
374 3541 540 3596 abbas
573 3541 656 3594 vel
682 3556 1026 3595 successores
1051 3539 1166 3608 ejus
1192 3539 1257 3592 de
1280 3539 1381 3592 hac
1410 3539 1530 3591 luce
1553 3539 1751 3608 migras

158 3633 362 3696 verint,
387 3633 623 3701 quandiu
653 3619 754 3701 ipsi
795 3633 1044 3686 monachi
1087 3633 1229 3686 inter
1253 3646 1310 3685 se
1349 3629 1484 3685 tales
1507 3630 1752 3684 invenire

161 3721 462 3794 potuerint,
505 3723 594 3792 qui
639 3723 811 3792 ipsam
842 3723 1317 3792 congregationem
1346 3720 1642 3774 secundum
1673 3733 1753 3772 re-

165 3813 353 3883 gulam
378 3813 553 3867 sancti
580 3812 857 3866 Benedicti
886 3827 1072 3881 regere
1099 3811 1332 3874 valeant,
1363 3825 1460 3879 per
1492 3809 1629 3863 hanc
1660 3823 1754 3862 no-

163 3913 339 3960 stram
364 3902 745 3957 auctoritatem
768 3909 822 3955 et
844 3915 1172 3955 consensum
1216 3898 1490 3952 licentiam
1517 3896 1756 3950 habeant

162 3995 400 4066 eligendi
425 3993 694 4056 abbatem,
725 4007 828 4060 qua
858 3992 960 4060 ipsi
999 3991 1140 4044 servi
1169 3991 1263 4044 Dei
1292 3990 1383 4059 qui
1417 3989 1616 4044 ibidem
1642 3988 1755 4041 Deo

165 4085 520 4147 famulantur,
552 4097 650 4150 pro
671 4081 828 4135 nobis
849 4090 901 4134 et
921 4081 1148 4149 conjuge
1181 4079 1441 4149 proleque
1483 4086 1666 4129 nostra
1698 4083 1752 4128 et

166 4174 462 4229 stabilitate
493 4173 661 4226 totius
697 4171 909 4240 imperii
939 4171 1111 4224 nostri
1137 4185 1166 4221 a
1189 4171 1298 4222 Deo
1332 4167 1486 4222 nobis
1509 4166 1752 4220 concessi

166 4274 333 4334 atque
361 4261 712 4318 conservandi
727 4261 930 4331 jugiter
952 4259 1383 4314 misericordiam
1407 4257 1501 4311 Dei
1526 4271 1755 4310 exorare

166 4354 524 4408 delectentur.
555 4352 620 4405 Et
651 4360 706 4404 ut
731 4351 842 4417 haec
875 4351 1169 4405 auctoritas
1212 4350 1415 4404 nostris
1453 4348 1756 4418 futurisque

1849 3274 2010 3335 gente
2034 3267 2142 3321 Deo
2171 3267 2351 3336 quieta
2386 3268 2746 3337 prosperitate
2789 3269 2856 3322 ad
2900 3267 3085 3321 limina
3112 3268 3258 3322 beati
3287 3267 3436 3324 Petri

1851 3357 2112 3427 principis
2158 3357 2544 3426 apostolorum,
2578 3359 2843 3413 orationis
2889 3367 3050 3426 atque
3091 3359 3438 3415 exaltationis

1851 3446 2093 3514 ejusdem
2130 3457 2332 3502 sanctae
2379 3448 2472 3502 Dei
2523 3447 2770 3502 ecclesia:
2823 3447 3017 3518 gratia,
3079 3447 3437 3511 venissemus,

1853 3540 1995 3593 inter
2026 3539 2261 3608 reliquos
2295 3540 2408 3608 qui,
2453 3549 2512 3592 ut
2541 3540 2796 3603 diximus,
2830 3539 3090 3608 plurimas
3137 3540 3441 3609 proclama-

1852 3631 1980 3684 bant
2029 3631 2317 3698 querelas,
2364 3631 2512 3683 venit
2563 3630 2850 3701 lngoaldus
2904 3631 3228 3687 venerabilis
3274 3633 3442 3687 abbas

1853 3721 2166 3774 monasterii
2198 3721 2368 3774 beatae
2407 3729 2462 3774 et
2496 3720 2744 3789 gloriosa:
2795 3735 3011 3790 semper
3048 3721 3273 3791 virginis
3327 3722 3443 3776 Ma-

1855 3813 1967 3877 riae,
2001 3813 2306 3878 constituti,
2339 3813 2394 3866 in
2425 3812 2622 3866 finibus
2645 3811 2958 3878 Sabinens.,
2989 3828 3240 3870 asserens
3283 3829 3442 3870 suum

1856 3905 2264 3970 monasterium,
2298 3904 2475 3958 ablata
2512 3905 2743 3973 pristina
2779 3905 3060 3971 libertate,
3112 3908 3211 3960 sub
3241 3907 3445 3963 tributo

1856 4011 1922 4050 ac
1973 3997 2232 4066 pensione
2287 4011 2316 4049 a
2369 3996 2627 4050 Romanis
2663 3995 3010 4066 pontificibus
3067 3999 3442 4067 constrictum,

1857 4088 2161 4156 multasque
2210 4087 2585 4157 possessiones
2616 4087 2792 4142 eidem
2821 4089 3156 4145 monasterio
3181 4091 3446 4146 violenter

1856 4179 2083 4234 ablatas.
2111 4179 2264 4234 Unde
2301 4179 2643 4234 sciscitantes
2688 4181 2930 4235 studiose
2983 4181 3445 4253 interrogavimus

1857 4285 1963 4339 qua
1993 4270 2206 4326 ratione
2248 4278 2341 4323 aut
2388 4271 2676 4339 praedictas
2708 4285 2796 4324 res
2836 4271 3137 4340 acquirere,
3172 4282 3265 4328 aut
3315 4291 3447 4346 prae-

1857 4361 2014 4414 dictae
2041 4361 2324 4429 potestatis
2368 4359 2666 4412 dominium
2700 4371 2947 4429 speraret
2969 4363 3219 4418 evadere.
3254 4363 3355 4431 Qui
3389 4367 3448 4420 il-

169 4444 504 4514 temporibus
529 4442 639 4497 Deo
661 4449 970 4510 protegente
1001 4439 1209 4494 ﬁrmior
1243 4439 1528 4503 habeatur.
1570 4447 1625 4492 el
1659 4453 1756 4540 ρεξιθ
1783 4489 1834 4548 D
1861 4451 1962 4506 lico
1991 4449 2193 4504 nostris
2233 4447 2428 4502 obtulit
2455 4447 2764 4516 aspectibus
2791 4449 3011 4519 antiqua
3056 4451 3445 4522 Longobardo-

170 4536 353 4590 futura
381 4543 621 4602 tempora
670 4533 865 4588 melius
907 4541 1282 4595 conservetur,
1332 4545 1494 4583 manu
1539 4527 1754 4598 propria

171 4626 362 4680 subter
385 4624 740 4688 ﬁrmavimus,
765 4630 820 4677 et
853 4622 1036 4676 annuli
1067 4621 1236 4676 nostri
1281 4619 1642 4688 impressione
1689 4617 1759 4672 si-

174 4717 326 4788 gnari
355 4716 637 4784 jussimus.

246 4825 474 4896 Signum
509 4823 765 4878 Ludovici
808 4823 1034 4891 piissimi
1071 4821 1232 4890 regis.

245 4937 464 4992 Simeon
505 4937 764 4990 diaconus
806 4935 872 4988 ad
903 4935 1074 4989 vicem
1105 4932 1374 5001 Fridugisi
1428 4931 1758 5000 recognovit.

245 5053 378 5105 Data
403 5049 574 5120 pridie
598 5048 1066 5109 Kalendaslulias,
1093 5061 1252 5109 anno,
1269 5044 1486 5099 Christo
1510 5042 1761 5112 propitio,

175 5138 397 5208 imperii
419 5139 589 5192 nostri
621 5137 708 5201 ll,
755 5138 1046 5192 indictione
1087 5137 1154 5188 12
1197 5133 1368 5206 [Lege
1401 5130 1512 5201 21].
1565 5130 1762 5183 Actum

173 5225 506 5295 Compendio
551 5226 752 5295 palatio
799 5226 948 5296 regio
1001 5226 1053 5280 in
1099 5225 1190 5278 Dei
1244 5221 1459 5277 nomine
1511 5217 1758 5273 feliciter.

172 5314 364 5371 Amen.

1862 4559 1982 4598 rum
2017 4557 2204 4610 regum
2253 4547 2554 4608 praecepta,
2601 4538 2935 4593 continentia
2992 4542 3445 4609 quemadmodum

1865 4635 2037 4703 ipsum
2073 4640 2319 4686 sanctum
2373 4631 2552 4684 locum
2611 4629 2778 4700 regali
2830 4632 3151 4688 auctoritate
3203 4636 3302 4690 sub
3347 4651 3446 4690 sua

1864 4719 2173 4776 defensione
2223 4731 2383 4788 atque
2412 4719 2752 4772 immunitate
2783 4722 2931 4773 omni
2981 4729 3222 4791 tempore
3266 4739 3449 4794 perse-

1864 4828 2053 4867 verare
2097 4811 2419 4866 statuerunt.
2451 4811 2724 4880 Praecipue
2762 4812 2944 4880 itaque
2971 4813 3206 4868 ostendit
3235 4823 3289 4869 et
3312 4831 3448 4885 prte-

1865 4910 2076 4969 ceptum
2105 4899 2536 4956 confirmationis
2570 4900 2674 4969 pite
2703 4901 2976 4955 memoriae
3003 4902 3206 4956 domini
3237 4904 3320 4957 avi
3353 4919 3447 4958 no-

1867 4991 1964 5044 stri
1999 4990 2178 5045 Caroli
2203 4990 2532 5043 serenissimi
2561 4991 2807 5058 Augusti,
2860 5000 3184 5061 prteceptum
3235 5009 3448 5063 quoque

1867 5083 2068 5138 domini
2096 5091 2151 5136 et
2176 5082 2434 5151 genitoris
2462 5083 2635 5136 nostri
2671 5083 2928 5138 Ludovici
2976 5084 3317 5139 invictissimi
3350 5089 3449 5139 im-

1865 5173 2148 5244 peratoris,
2183 5186 2302 5241 quae
2348 5171 2523 5225 eidem
2561 5173 2890 5227 monasterio
2935 5173 3184 5228 beneficii
3222 5185 3276 5230 et
3302 5178 3448 5245 puri-

1868 5267 1994 5319 tatis
2023 5278 2216 5318 munus
2235 5279 2335 5332 pro
2363 5264 2628 5318 mercedis
2652 5279 2762 5318 suae
2797 5272 3084 5334 augmento
3125 5265 3443 5320 emiscﬁmt.

1865 5360 1920 5413 ln
1946 5358 2141 5428 quibus
2170 5357 2545 5412 continebatur
2570 5355 2801 5427 qualiter
2820 5357 3137 5425 praedictum
3177 5369 3448 5412 monaste-

1865 5452 2003 5505 rium
2049 5449 2149 5503 sub
2184 5464 2294 5502 suae
2324 5447 2649 5502 defensionis
2680 5445 2958 5516 privilegio
3010 5447 3220 5501 cunctis
3253 5446 3445 5501 diebus

1863 5558 2180 5614 permanere
2231 5543 2622 5602 decreverunt,
2674 5540 2812 5593 sicut
2860 5549 3054 5593 caetera
3110 5541 3440 5593 monasteria

1861 5653 1981 5704 quze
2011 5637 2063 5688 in
2096 5650 2259 5705 regno
2287 5650 2314 5686 a
2345 5634 2539 5686 finibus
2575 5632 2924 5685 Franciarum
2957 5630 3292 5693 consistunt;
3341 5631 3444 5683 sci-

1861 5728 1987 5781 licet
2017 5737 2072 5782 ut
2099 5728 2226 5782 nulli
2258 5740 2493 5794 unquam
2521 5725 2853 5794 pontificum,
2887 5725 3289 5794 episcoporum,
3341 5725 3438 5778 du-
