3936 6312
142 374 281 431 1137

1282 351 1677 409 DIPLOMATA
1717 345 2268 405 ECCLESIASTICA.

3252 346 3270 398 1
3292 346 3391 399 ISK

136 484 263 541 riali
289 495 391 552 ope
443 491 501 535 se
524 474 721 532 muniri
773 468 1065 541 quaesierit,
1100 474 1159 521 ut
1198 468 1265 521 ab
1293 464 1409 534 ejus
1433 460 1714 519 clementia
1743 462 1795 522 Α
1822 459 1932 513 rius
1957 457 2227 528 Augustus
2260 455 2596 510 invictissimi
2625 455 2826 510 domini
2855 456 3195 525 imperatoris
3217 456 3384 511 L'udu-

140 575 432 636 relevetur,
465 584 497 623 a
520 581 629 638 quo
657 580 716 621 se
742 560 917 619 credit
940 556 1284 629 imploratum
1313 554 1571 611 auxilium
1597 565 1721 622 pos-

138 677 204 719 se
233 657 476 731 adipisci.
506 653 741 710 Proinde
771 648 984 706 noverit
1018 646 1310 716 sagacitas,
1339 658 1436 699 seu
1458 639 1721 697 industria

137 750 392 808 omnium
412 744 648 801 ﬁdelium
676 747 1008 803 nostrorum,
1056 744 1166 791 tam
1184 732 1533 806 praesentium
1562 744 1722 801 quam

140 841 474 902 futurorum,
523 849 588 890 eo
637 829 779 902 quod
808 828 893 884 vir
940 825 1265 882 venerabilis
1311 823 1423 878 Leo
1445 820 1724 878 Comensis

139 930 438 1001 episcopus
488 930 689 979 nostrae
742 916 975 974 innotuit
1021 913 1323 981 serenitati,
1360 912 1592 982 qualiter
1627 924 1726 979 per

142 998 441 1094 quamdam
487 1010 871 1085 negligentiam
920 1014 1083 1078 atque
1113 1004 1379 1060 incuriam
1424 1000 1605 1057 omnia
1640 998 1725 1053 in-

140 1087 451 1167 strumenta
482 1107 816 1165 chartarum,
861 1112 960 1169 per
989 1111 1110 1169 quae
1162 1109 1251 1151 res
1292 1102 1405 1148 tam
1431 1106 1462 1146 a
1490 1087 1728 1160 parenti-

142 1208 275 1272 bus,
309 1214 577 1274 quamque
602 1198 671 1254 ab
709 1194 983 1254 extraneis
1025 1191 1276 1263 personis
1326 1188 1431 1244 sibi
1478 1186 1727 1250 traditas,

143 1307 246 1351 aut
263 1294 331 1351 ab
356 1308 422 1349 eo
448 1300 680 1362 emptas,
709 1303 805 1345 seu
832 1290 1214 1348 eommutatas,
1238 1282 1361 1354 jure
1385 1278 1731 1350 proprietatis

147 1398 335 1445 tenere
361 1394 521 1455 atque
546 1381 836 1439 defendere
868 1376 1141 1441 debuisse,
1164 1383 1464 1443 exustaque
1483 1372 1570 1427 vel
1599 1386 1729 1426 con-

144 1489 390 1536 cremata
412 1477 642 1531 fuissent
666 1490 679 1527 :
702 1471 906 1527 idcirco
926 1468 1081 1539 petiit
1098 1467 1445 1523 serenitatem
1467 1469 1729 1523 nostram,

145 1579 214 1624 ut
236 1584 335 1641 pro
360 1574 563 1623 nostrae
604 1561 870 1619 mercedis
912 1565 1204 1631 augmento
1246 1565 1303 1612 et
1324 1554 1592 1610 ﬁrmitatis
1621 1562 1734 1608 stu.-

145 1640 243 1713 dio
293 1663 536 1712 nostram
588 1650 967 1708 auctoritatem
1014 1660 1176 1717 super
1214 1646 1320 1701 hoc
1369 1643 1644 1715 negotium
1683 1640 1735 1695 ei

146 1748 269 1805 ﬁeri
300 1747 638 1816 juberemus,
667 1757 766 1813 per
797 1755 958 1811 quam
989 1737 1265 1792 modernis
1289 1744 1344 1791 et
1379 1734 1576 1788 futuris
1599 1741 1734 1787 tem-

145 1840 374 1909 poribus
399 1853 484 1893 res
504 1845 560 1891 et
576 1832 846 1903 mancipia
868 1846 987 1901 qua:
1012 1845 1111 1901 per
1134 1826 1359 1899 praefata
1378 1827 1735 1881 instrumenta

146 1929 469 1983 chartarum
514 1926 565 1982 ei
617 1924 830 1980 traditae
879 1921 1114 1986 fuerant,
1159 1929 1253 1975 aut
1305 1920 1374 1973 ab
1403 1933 1470 1973 eo
1517 1924 1735 1985 emptae,

147 2034 251 2075 seu
281 2024 645 2081 commutatae,
684 2014 798 2069 sive
824 2028 923 2082 per
949 2010 1245 2082 quamlibet
1300 2008 1626 2079 scripturam
1651 2004 1737 2074 ju-

146 2117 236 2164 ste
259 2118 315 2163 et
343 2106 588 2178 legaliter
636 2104 693 2159 in
735 2102 860 2172 jure
916 2102 1107 2172 ipsius,
1158 2108 1267 2154 tam
1305 2099 1359 2152 in
1386 2110 1525 2167 pago
1550 2093 1738 2167 [Forte

145 2198 251 2270 leg.
270 2196 423 2270 agro]
437 2194 689 2252 Comensi
709 2207 871 2264 quam
896 2192 951 2246 in
979 2191 1178 2246 ﬁnibus
1193 2187 1492 2244 Sibriensis
1517 2183 1729 2258 [For-te,

151 2284 493 2358 Sepriensis]
522 2282 856 2355 pervenisse,
884 2288 1049 2350 atque
1096 2278 1279 2349 quiete
1306 2292 1402 2333 seu
1433 2289 1623 2331 secure
1651 2272 1736 2326 di-

148 2377 434 2448 gnoscitur
468 2373 793 2445 possedisse,
848 2379 1029 2425 tenere
1077 2377 1239 2439 atque
1276 2368 1557 2438 possidere
1592 2364 1745 2418 valei

153 2475 259 2521 ret.
295 2464 463 2544 Nobis
485 2465 666 2534 itaque
690 2462 847 2517 libuit
874 2461 1118 2531 ejusdem
1164 2457 1490 2514 venerabilis
1517 2455 1621 2511 viri
1645 2468 1739 2525 pe-

151 2559 441 2613 titionibus
464 2570 742 2611 assensum
770 2553 1032 2623 praebere,
1071 2558 1127 2606 et
1158 2551 1226 2605 ad
1279 2550 1395 2620 ejus
1422 2546 1739 2619 petitionem

154 2654 299 2707 hanc
335 2658 575 2705 nostram
612 2645 946 2717 imperialem
999 2643 1376 2699 auctoritatem
1413 2640 1532 2695 ﬁeri
1559 2637 1742 2693 deere«

154 2745 355 2799 vimus.
388 2740 743 2810 Praecipimus
791 2751 922 2806 ergo
975 2743 1137 2803 atque
1158 2732 1436 2801 jubemus,
1466 2737 1527 2783 ut
1551 2742 1740 2783 omnes

158 2846 251 2887 res
281 2838 441 2899 atque
463 2826 731 2896 mancipia
757 2838 876 2893 quae
901 2823 949 2877 ei
973 2837 1070 2892 per
1094 2819 1391 2890 quamlibet
1414 2816 1739 2886 scripturam

157 2937 193 2975 a
218 2920 625 2991 quibuscunque
657 2913 926 2986 personis,
983 2920 1093 2965 tam
1139 2926 1167 2963 a
1196 2907 1517 2978 propinquis
1544 2919 1735 2974 quam-

157 3029 268 3086 que
295 3012 362 3066 ab
386 3008 684 3073 extraneis,
721 3005 867 3074 juste
893 3012 949 3058 et
988 3001 1230 3073 legaliter
1261 2998 1469 3055 collatae
1501 2996 1739 3057 fuerunt,

156 3112 219 3158 et
243 3115 415 3171 usque
443 3099 513 3153 ad
540 3098 681 3153 diem
718 3109 881 3164 supra
910 3093 1127 3163 scriptae
1172 3087 1536 3146 exsecutionis
1562 3085 1742 3155 quiete

161 3146 219 3158 ν’
246 3146 414 3171 “"1"
443 3146 513 3153 ""
544 3146 681 3153 """
720 3146 837 3164 'Vr‘
858 3146 863 3147 ’
919 3146 929 3148 ν
949 3146 961 3147 ί
1022 3146 1041 3163 ς
1088 3146 1095 3147 ί
1582 3146 1596 3155 ι

161 3201 220 3249 et
246 3205 454 3255 secure,
484 3187 696 3244 nemine
744 3183 1081 3254 inquietante
1135 3190 1299 3250 atque
1323 3179 1595 3250 pulsante,
1616 3175 1741 3244 jure
1768 3146 1812 3207 ί]

160 3278 526 3353 proprietario
584 3284 771 3333 tenere
820 3282 982 3344 atque
1032 3270 1312 3326 dominare
1344 3269 1521 3324 visum
1555 3265 1743 3332 fuerit,

163 3386 264 3441 per
286 3370 425 3423 hanc
448 3373 648 3420 nostrae
676 3361 1015 3419 auctoritatis
1045 3358 1513 3415 conﬁrmationem
1541 3355 1747 3424 absque

166 3461 334 3515 ullius
363 3454 775 3527 inquietudine,
828 3452 913 3510 vel
958 3450 1157 3520 injusta
1187 3446 1621 3518 interpellatione
1645 3444 1749 3499 rite

169 3560 227 3607 et
256 3564 446 3606 secure
467 3546 670 3601 habere
700 3543 784 3598 vel
822 3541 1103 3613 possidere
1126 3539 1326 3594 valeat.
1364 3536 1519 3605 Quod
1544 3535 1589 3591 si
1610 3533 1751 3589 forte

168 3653 337 3709 super
360 3635 599 3706 ejusdem
630 3634 792 3687 rebus
822 3639 947 3685 ante
995 3630 1307 3699 praedictam
1344 3625 1749 3681 exsecutionem

167 3728 241 3784 ab
283 3743 348 3783 eo
368 3727 491 3797 jure
517 3732 572 3780 et
611 3723 791 3793 quiete
818 3720 1091 3791 possessis
1134 3718 1530 3789 quaestiO'orta
1562 3712 1746 3777 fuerit,

167 3830 232 3876 ut
272 3833 369 3889 pro
397 3818 477 3873 eis
534 3814 777 3887 legaliter
806 3813 861 3867 in
902 3811 1020 3867 foro
1069 3811 1372 3879 disceptare
1407 3819 1630 3861 necesse
1657 3804 1749 3868 sit,

165 3914 249 3965 ita
280 3924 379 3977 per
406 3908 546 3961 hanc
575 3904 822 3960 nostram
874 3900 1252 3957 auctoritatem
1286 3896 1560 3967 praedictae
1584 3908 1672 3948 res
1699 3901 1755 3947 et

172 3997 443 4066 mancipia
473 3994 829 4049 defendamur
856 3991 1014 4048 sicuti
1037 4005 1135 4060 per
1156 3989 1344 4059 eadem
1372 3987 1750 4046 instrumenta,

172 4091 218 4145 si
256 4090 377 4160 igne
414 4087 702 4155 absumpta
740 4099 846 4138 non
883 4082 1131 4148 fuissent,
1182 4078 1391 4149 legibus
1422 4075 1633 4131 defendi
1664 4088 1756 4144 po-

170 4186 377 4234 terant.
409 4178 536 4231 Haec
563 4189 692 4245 vero
716 4173 1034 4239 auctoritas,
1063 4180 1124 4227 ut
1146 4179 1329 4226 nostra
1356 4181 1476 4222 esse
1504 4167 1756 4220 credatur

173 4276 232 4322 et
258 4282 288 4321 a
318 4265 567 4321 ﬁdelibus
597 4263 755 4319 dictae
800 4270 999 4317 sanctae
1049 4259 1306 4315 Ecclesia:
1331 4265 1388 4311 et
1428 4255 1629 4311 nostris
1657 4268 1755 4324 per

175 4359 373 4413 futura
418 4365 660 4427 tempora
702 4359 1074 4418 conservetur,
1120 4367 1282 4407 manu
1311 4348 1531 4421 propria
1562 4354 1616 4402 et
1663 4360 1757 4399 au-

1821 551 1925 606 vici
1954 550 2112 604 ﬁlius.

1893 642 1950 697 Si
1988 643 2227 713 provide,
2262 634 2485 712 propter
2546 641 2899 695 reverendum
2961 639 3175 693 venturi
3232 646 3391 709 atque

1823 733 2047 805 pavendi
2069 731 2273 788 Judicis
2301 747 2563 798 amorem,
2585 729 2749 800 justis
2793 745 2855 785 ac
2878 730 3289 787 rationabilibus
3311 745 3391 785 sa-

1825 825 2102 880 cerdotum
2153 832 2315 894 atque
2366 838 2643 879 servorum
2691 822 2788 877 Dei
2846 822 3213 892 petitionibus,
3259 838 3394 892 quas

1827 917 1983 972 nobis
2016 923 2237 986 propter
2289 915 2522 984 quietem
2550 922 2751 970 sancta:
2782 920 2941 983 atque
2970 912 3260 976 catholicae,
3298 928 3391 967 seu

1827 999 2075 1064 decorem
2103 1007 2386 1078 praesentis
2435 1013 2605 1062 status
2655 1005 2925 1067 Ecclesiae,
2982 1003 3135 1073 cujus
3159 1004 3269 1059 Deo
3300 1020 3394 1057 au-

1828 1109 1978 1156 ctore
2010 1101 2245 1171 regimen
2277 1098 2453 1154 sortiti
2487 1103 2630 1161 sunt,
2676 1098 3016 1151 innotescere
3065 1093 3392 1155 curaverint,

1831 1210 1991 1251 aures
2022 1193 2322 1250 clementiae
2369 1199 2568 1248 nostrae
2621 1190 2875 1245 divinitus
2920 1186 3159 1259 instigati
3190 1201 3396 1241 accom-

1832 1285 2129 1347 modamus,
2191 1296 2391 1352 easque
2423 1279 2673 1336 aestuanti
2726 1277 2999 1334 desiderio
3042 1275 3109 1331 ad
3126 1275 3393 1338 debitum,

1832 1372 1942 1429 Deo
1998 1372 2249 1444 propitio,
2306 1370 2715 1441 perduxerimus
2761 1366 3031 1430 effectum,
3080 1380 3186 1420 non
3224 1363 3396 1419 solum

1835 1461 2167 1534 imperialem
2214 1459 2658 1516 consuetudinem
2707 1470 3043 1520 exercemus,
3077 1461 3238 1522 atque
3266 1468 3402 1523 prac—

1834 1554 2176 1610 dccessorum
2211 1559 2540 1616 nostrorum,
2561 1548 2813 1604 videlicet
2837 1562 3021 1617 regum
3047 1545 3395 1606 Francorum,

1837 1645 1976 1700 facta
2013 1643 2401 1707 conservando,
2434 1649 2487 1697 et
2508 1648 2690 1697 nostra
2717 1640 2769 1693 in
2817 1646 3091 1709 posterum
3116 1652 3147 1691 a
3172 1635 3401 1706 posteris

1841 1734 2221 1791 inviolabiliter
2268 1732 2498 1787 favendo
2541 1731 2878 1793 roboramus,
2923 1742 3110 1784 verum
3139 1726 3302 1781 etiam
3336 1725 3405 1779 ad

1763 1802 1810 1860 Β
1836 1826 2055 1897 praemia
2080 1824 2266 1895 patriae
2291 1821 2527 1878 caelestis
2560 1819 2903 1890 percipienda
2929 1814 3232 1884 hujusmodi
3262 1812 3403 1868 facta

1837 1919 2039 1987 absque
2064 1916 2289 1985 ambage
2315 1910 2497 1967 valere
2520 1909 2860 1966 conﬁdimus.
2895 1906 3230 1976 Quapropter
3253 1918 3402 1959 com-

1834 2010 2011 2080 periat
2052 2008 2282 2063 ﬁdelitas
2319 2006 2560 2061 omnium
2616 2011 2923 2058 nostrorum
2979 2000 3241 2063 ﬁdelium,
3292 2014 3407 2054 mo-

1836 2102 2127 2157 dernorum
2157 2098 2409 2153 videlicet
2432 2106 2486 2152 et
2532 2095 2858 2159 futurorum,
2898 2092 3023 2161 quia
3061 2091 3167 2146 Leo
3214 2091 3298 2145 vir
3324 2107 3403 2145 ve-

1838 2190 2095 2246 nerabilis
2128 2194 2485 2245 sacrosanctae
2512 2184 2765 2240 Ecclesiae
2798 2181 3078 2239 Comensis
3105 2179 3407 2251 episcopus.

1838 2283 1928 2338 ubi
1982 2290 2205 2336 sanctus
2248 2278 2533 2335 confessor
2582 2274 2785 2331 Christi
2844 2272 3126 2328 Abundius
3172 2270 3412 2341 pretioso

1838 2388 2065 2442 corpore
2092 2370 2400 2440 requiescit,
2428 2365 2771 2438 magniﬁcum
2802 2363 3015 2419 culmen
3045 2368 3247 2416 nostrae
3273 2375 3413 2415 sere-

1837 2462 2023 2517 nitatis
2059 2460 2245 2515 adiens
2266 2499 2283 2526 ,
2323 2457 2514 2514 detulit
2552 2455 2825 2511 obtutibus
2859 2452 3062 2508 nostris
3124 2451 3421 2521 quamdam

1841 2552 2220 2608 auctoritatem
2247 2564 2343 2604 seu
2389 2546 2856 2604 conﬁrmationem
2883 2541 3083 2598 domini
3115 2548 3171 2597 et
3209 2540 3414 2611 genito.

1841 2644 1917 2699 ris
1954 2641 2126 2697 nostri
2180 2638 2438 2695 Ludovici
2485 2634 2919 2693 excellentissimi
2948 2633 3191 2704 Augusti,
3227 2632 3281 2687 in
3312 2648 3433 2702 qua—

1841 2735 2219 2792 continebatur
2248 2730 2480 2801 qualiter
2531 2734 2857 2798 praeceptum
2892 2725 2994 2795 piae
3032 2722 3420 2779 recordationis

1841 2827 1926 2881 avi
1952 2825 2124 2881 nostri
2144 2822 2323 2877 Caroli
2352 2818 2724 2889 gloriosissimi
2763 2814 3122 2885 imperatoris,
3160 2828 3253 2868 seu
3283 2827 3420 2881 prac-

1842 2924 2057 2987 ceptum
2084 2910 2531 2975 cunﬁrmationis,
2565 2908 2772 2966 scilicet
2816 2904 3112 2976 Cumperti,
3160 2903 3419 2972 Ariperti,

1844 3014 1897 3061 et
1947 3002 2285 3073 Liutprandi,
2337 2998 2604 3070 Ratigisii,
2647 2996 2971 3067 Heistulphi,
3007 2993 3288 3055 Desiderii,
3337 2994 3421 3046 \‘rl

1842 3094 2298 3165 praedecessorum
2349 3105 2560 3157 eorum,
2588 3105 2709 3160 quae
2744 3087 2847 3158 ipsi
2885 3088 3027 3143 circa
3054 3087 3299 3141 eumdem
3331 3101 3420 3140 ve-

1842 3184 2135 3240 nerabilem
2165 3182 2340 3238 locum
2370 3195 2468 3250 pro
2503 3180 2684 3235 divino
2708 3191 2892 3233 amore
2934 3175 3181 3231 fecerunt
3208 3174 3274 3237 de
3302 3189 3420 3229 om-

1844 3275 2001 3330 nibus
2055 3274 2218 3329 rebus
2271 3286 2391 3340 quae
2424 3269 2599 3325 eidem
2646 3282 2801 3323 sacro
2848 3267 2989 3331 loco,
3055 3274 3161 3319 tam
3197 3265 3263 3319 ab
3290 3265 3422 3333 ipsis

1846 3377 2113 3435 quamque
2141 3376 2173 3415 a
2198 3361 2607 3431 quibuscunque
2636 3357 2902 3427 personis,
2928 3355 3074 3425 juste
3095 3362 3150 3409 et
3180 3354 3426 3425 legalitcr

1849 3456 2049 3512 fuerint
2076 3454 2302 3518 traditae,
2332 3452 2445 3507 sive
2478 3451 2543 3506 de
2568 3450 2634 3504 iis
2654 3464 2774 3519 quae
2803 3448 2857 3501 in
2886 3454 3043 3501 antea
3072 3461 3193 3501 cum
3214 3442 3427 3513 justitia

1848 3548 2131 3617 acquirere
2158 3544 2415 3614 potuerit,
2446 3556 2596 3597 more
2625 3538 2886 3609 imperiali
2915 3536 3281 3592 conﬁrmaret.
3312 3534 3422 3591 Sed

1849 3644 1903 3691 et
1930 3628 2236 3705 specialiter
2290 3633 2343 3686 in
2384 3631 2573 3686 eodem
2629 3629 2889 3683 insertum
2942 3632 3062 3680 erat
3103 3627 3169 3681 de
3192 3624 3423 3686 teloneo,

1851 3741 1946 3781 seu
1984 3732 2244 3788 mercato,
2293 3730 2349 3776 et
2381 3720 2561 3790 Gegis,
2614 3733 2736 3773 cum
2791 3718 2908 3787 ipso
2963 3716 3103 3782 loco,
3132 3730 3339 3770 necnon
3370 3715 3429 3768 in

1852 3812 2165 3870 canonieale
2218 3808 2553 3880 stipendium
2592 3807 2937 3863 concedimus
2976 3804 3229 3861 Comanis
3257 3804 3432 3860 eccle-

1856 3904 2089 3960 siasticis
2117 3898 2328 3965 Clusas,’
2359 3909 2413 3955 et
2438 3907 2654 3970 pontem
2692 3896 2833 3965 juris
2864 3896 3032 3952 nostri
3066 3895 3133 3950 de
3161 3894 3432 3951 Clavenna

1855 3992 2184 4050 aeternaliter
2215 4009 2227 4045 :
2266 3990 2486 4058 insuper
2532 3988 2586 4041 in
2616 3986 2803 4041 eadem
2831 3983 3210 4040 continebatur
3243 3990 3434 4039 aucto-

1856 4086 2017 4139 ritate
2058 4083 2125 4137 de
2174 4079 2525 4135 altercatione
2578 4091 2698 4147 quae
2745 4084 2864 4133 orta
2894 4073 2996 4130 fuit
3043 4075 3185 4129 inter
3206 4073 3441 4134 Petrum.

1855 4176 1969 4245 ejus
1992 4173 2467 4244 praedecessorem,
2493 4177 2652 4238 atque
2674 4166 2960 4222 Rectorem
2983 4172 3184 4220 sanctae
3206 4163 3435 4219 Comen-

1857 4266 1933 4321 sis
1968 4263 2224 4320 Ecclesiae
2258 4261 2497 4330 episcop.
2538 4266 2592 4313 et
2628 4256 2958 4312 Vualdonem
2990 4253 3165 4309 sancti
3192 4252 3433 4322 Dionysii

1859 4357 2131 4419 abbatem,
2166 4351 2399 4422 qualiter
2428 4349 2569 4404 idem
2618 4344 2823 4401 devotae
2864 4342 3252 4399 recordationis
3302 4356 3443 4395 avus

176 4451 295 4507 nuli
327 4449 498 4505 DOSll'i
547 4446 721 4519 efﬁgie
767 4444 958 4502 subtus
994 4458 1115 4498 eam
1150 4442 1419 4498 voluimus
1444 4453 1564 4495 esse
1593 4436 1755 4492 robo-
1782 4478 1835 4537 D
1861 4455 2061 4511 noster,
2086 4445 2209 4515 pius
2256 4457 2319 4496 ac
2356 4439 2622 4510 gloriosus
2662 4436 2952 4505 imperator
2986 4432 3231 4498 Carolus,
3258 4432 3323 4488 de
3346 4446 3435 4487 ea-

181 4543 433 4599 randam.

258 4631 483 4703 Signum
518 4630 757 4687 Lotbarii
781 4627 1153 4702 gloriosissimi
1185 4622 1545 4696 imperatoris.

259 4723 478 4801 hlaredo
504 4722 571 4777 ad
598 4722 769 4775 vicem
797 4718 1031 4789 Vitgagii
1061 4713 1367 4786 recognovi.

256 4798 449 4868 Datum
465 4812 702 4867 secundo
714 4809 896 4866 Nonas
917 4807 1080 4872 Junii,
1095 4820 1259 4871 anno,
1278 4802 1494 4860 Christo
1507 4798 1759 4871 pr0pitio,

185 4902 408 4974 imperii
437 4899 911 4973 dominiLudovici
938 4894 1271 4952 serenissimi
1301 4890 1645 4963 imperatoris
1672 4889 1765 4943 de-

182 4995 354 5058 cimo,
414 4991 676 5063 regnique
732 4988 974 5044 Lotbarii
1021 4983 1399 5059 gloriosissimi
1450 4978 1673 5051 Augusti
1707 4977 1760 5032 in

186 5084 344 5140 ltalia
393 5082 589 5152 primo,
650 5080 944 5136 indictione
996 5077 1195 5147 prima.
1246 5074 1438 5128 Actum
1492 5068 1766 5125 Vettonica

186 5174 316 5229 villa
340 5171 563 5229 Vilfredi
584 5170 820 5235 comitis,
846 5170 900 5223 in
929 5168 1024 5223 Dei
1046 5165 1264 5223 nomine
1288 5161 1536 5218 feliciter.
1574 5159 1763 5213 Amen.

187 5266 347 5320 Anno
376 5262 588 5320 Domini
623 5261 747 5317 823.

921 5348 1105 5405 CXIX.

290 5477 631 5519 ινκινιιεαιυθι
677 5477 926 5517 ιοτιιλῐιιι
966 5476 1066 5516 PRO
1103 5476 1277 5516 EODEM
1310 5470 1664 5513 NONASTEMO.

825 5551 997 5624 (Amm
1023 5550 1172 5619 82L)

658 5643 832 5715 [Apud
869 5640 1080 5711 Ughel.,
1110 5641 1264 5713 ibid.]

266 5733 327 5791 In
355 5734 573 5790 nomine
602 5734 812 5791 llomiui
838 5732 960 5787 Jcsu
993 5731 1189 5787 Christi
1218 5732 1308 5788 Dei
1339 5729 1546 5798 mlcrni,
1574 5726 1746 5781 Lotha

1862 4540 1982 4594 dem
2014 4535 2308 4609 intentione
2358 4533 2687 4593 decreverat,
2743 4527 2990 4583 videlicet
3015 4527 3081 4581 de
3114 4526 3274 4581 rebus
3301 4539 3437 4593 quas

1863 4628 2054 4685 Waldo
2105 4627 2272 4683 abbas
2335 4624 2591 4695 praedicto
2654 4621 2815 4677 Petro
2865 4619 3118 4689 episcopo
3168 4617 3436 4687 quaesivit,

1862 4734 1983 4790 quae
2010 4724 2167 4776 erant
2196 4716 2314 4772 sitae
2365 4716 2417 4769 in
2446 4713 2595 4769 Valle
2647 4711 2851 4766 Tellina
2882 4710 2937 4764 in
2964 4710 3159 4763 ducatu
3187 4708 3439 4763 Mediola-

1864 4825 2048 4872 nense,
2103 4816 2163 4863 ut
2190 4807 2329 4863 sicut
2355 4806 2616 4860 hactenus
2650 4818 2747 4873 per
2797 4800 3262 4857 conﬁrmationem
3288 4809 3438 4855 antc-

1864 4915 2139 4957 cessorum
2178 4912 2387 4970 regum,
2419 4895 2634 4951 easdem
2663 4910 2769 4959 res,
2801 4908 2937 4962 quas
2958 4891 3236 4948 Comensis
3260 4890 3440 4945 Eccle-

1864 4992 1945 5048 sia
1973 4996 2237 5053 tenuerat,
2268 4988 2346 5041 ita
2374 4992 2430 5041 et
2457 4985 2511 5039 in
2537 4983 2779 5038 futurum
2805 4997 2903 5053 per
2928 4981 3045 5050 ejus
3068 4979 3438 5035 conﬁrmatio»

1865 5097 1988 5138 nem
2022 5086 2246 5135 teneret.
2286 5076 2419 5147 Ipsae
2443 5088 2573 5130 vero
2599 5088 2687 5129 res
2712 5083 2867 5129 erant
2884 5070 3125 5126 ecclesiae
3146 5068 3442 5138 baptisma-

1868 5170 1966 5235 les,
2002 5183 2109 5223 una
2136 5167 2190 5222 in
2241 5163 2479 5228 Amatia,
2510 5170 2567 5218 et
2611 5162 2779 5216 altera
2807 5160 2861 5214 in
2904 5158 3137 5224 Burmis,
3195 5156 3353 5212 tertia
3389 5156 3453 5211 in

1868 5259 2137 5322 Postlavo,
2177 5264 2233 5311 et
2283 5252 2724 5310 monasteriolum
2754 5249 2812 5305 S.
2841 5246 3041 5304 Fidelis
3074 5248 3351 5320 pertinens
3378 5250 3445 5301 ad

1869 5352 2236 5421 episcopatum
2262 5345 2601 5402 Comensem.
2650 5338 2913 5398 Videlicet
2932 5355 3033 5410 pro
3061 5338 3221 5410 hujus
3240 5338 3319 5394 rei
3354 5337 3448 5392 ﬁr-

1871 5443 2059 5498 mitate
2116 5439 2270 5510 petiit
2312 5436 2603 5508 praedictus
2649 5433 2973 5490 venerabilis
3024 5432 3131 5487 Leo
3164 5430 3447 5500 episcopus

1873 5531 2108 5602 quietem
2153 5526 2462 5583 serenitatis
2492 5532 2715 5589 nostrae,
2754 5531 2813 5578 ut
2844 5538 2949 5576 non
2975 5520 3143 5576 solum
3177 5526 3448 5590 praecepta

1874 5620 2075 5678 domini
2102 5626 2157 5674 et
2182 5616 2440 5689 genitoris
2465 5616 2656 5679 nostri,
2698 5628 2790 5668 seu
2821 5618 3019 5667 sanctae
3057 5607 3453 5663 recordationis

1875 5715 1956 5772 avi
1988 5714 2163 5772 Caroli
2196 5722 2376 5769 nostra
2403 5709 2719 5765 auctoritate
2774 5704 3232 5767 conﬁrmaremus,
3258 5714 3453 5757 verum
