3936 6330
493 337 635 396 “39

1603 346 1928 404 LUDOVICI
1965 345 1987 401 ι
2023 345 2497 411 COGNOMENTO
2536 354 2622 412 Pll

3657 368 3794 424 HLO

486 459 652 513 etiam
692 472 779 513 res
807 472 927 528 qua:
956 459 1309 530 suprascripti
1340 475 1519 531 reges,
1572 477 1667 517 seu
1712 472 2089 519 antecessores
2116 466 2164 525 Α
2192 480 2289 535 per
2324 478 2539 527 nostras
2565 471 2773 530 litteras
2807 475 3004 532 Notoni
3035 480 3342 538 Arelatensi
3372 488 3796 560 archiepismpo

486 562 697 613 eorum,
746 547 996 604 videlicet
1048 550 1323 621 principes
1350 549 1854 621 Langobardorum,
1885 552 1939 607 hi
1961 561 2087 608 sunt

490 640 863 710 Ansprandus,
894 639 1223 699 Cumberlus
1265 651 1320 698 et
1347 642 1689 712 Bertharius,
1738 660 1837 715 per
1896 658 2083 701 eorum

2190 566 2447 631 utrasque
2475 577 2563 619 res
2589 567 2921 637 perspicere,
2956 580 3011 627 et
3037 573 3084 627 si
3119 589 3421 645 congruum
3468 591 3643 652 atque
3688 586 3796 639 uti-

2189 650 2453 708 lissimum
2499 655 2761 715 ambabus
2795 662 3041 733 partibus
3089 675 3262 733 esset,
3308 650 3584 729 licentiam
3615 673 3795 732 babe-

486 734 854 789 auctoritates
892 735 1164 805 prtedictaa
1219 735 1476 793 Ecclesia:
1536 737 1944 810 delegaverant,
1999 738 2087 794 vel
2188 750 2309 797 rent
2377 745 2519 801 inter
2582 763 2641 804 se
2706 754 3094 819 commutandi,
3125 763 3182 810 et
3240 758 3569 828 chartulam,
3623 764 3791 819 sicuti

486 822 969 891 conﬁrmaverunt,
1020 825 1204 881 omnia
1256 835 1442 883 nostra
1474 828 1801 885 auctoritate
1841 829 2081 901 comple-

483 920 724 979 ctantur,
776 922 940 984 atque
987 915 1231 986 praefatze
1259 926 1461 975 sanctae
1514 918 1769 976 Comensi
1822 920 2083 976 Ecclesia:

487 1018 590 1073 pro
615 1019 803 1063 amore
827 1004 927 1063 Dei
977 1014 1034 1062 et
1054 1008 1359 1065 reverentia
1401 1010 1576 1066 sancti
1625 1010 1860 1067 Abundii
1885 1020 2083 1068 nostrae

481 1095 867 1166 praceptionis
931 1096 1348 1155 conﬁrmatione
1405 1100 1862 1157 conﬁrmarentur
1920 1110 2082 1173 atque

480 1187 989 1245 corroborarentur.
1022 1189 1189 1260 Cujus
1212 1194 1463 1262 petitioni
1482 1203 1707 1266 propter
1731 1210 1974 1252 amorem
1999 1197 2083 1252 di-

481 1276 665 1331 vinum
701 1293 985 1336 assensum
1013 1281 1371 1351 przebuimus,
1402 1284 1565 1355 juxta
1593 1286 1738 1356 quod
1764 1287 1940 1357 petiit,
1972 1302 2071 1343 an-

479 1366 680 1421 tedicta
724 1376 1015 1439 prmeeptar
1046 1380 1293 1427 veterum
1344 1389 1533 1446 regum
1582 1385 1771 1432 nostro
1811 1377 2078 1449 imperiali

476 1465 753 1527 praecepto
785 1455 1269 1529 conﬁrmavimus;
1302 1465 1613 1535 specialiter
1642 1466 1996 1524 decernentes
2020 1478 2082 1527 ut

477 1548 743 1622 quidQuid
788 1550 844 1607 in
893 1555 1184 1625 praeceptis
1235 1555 1441 1611 domini
1492 1573 1558 1613 ac
1584 1560 1850 1627 genitoris
1877 1561 2075 1627 nostri,

477 1652 573 1693 seu
605 1639 882 1712 magniﬁci
914 1642 1262 1714 imperatoris
1297 1644 1477 1701 Caroli
1509 1648 1597 1702 avi
1631 1649 1805 1705 nostri
1835 1651 2079 1706 contine-

2187 836 2356 891 moris
2378 847 2484 905 est,
2530 840 2675 895 inter
2698 857 2758 899 se
2788 844 3043 902 faciendi.
3078 846 3317 906 Veniens
3364 852 3550 924 itaque
3578 859 3787 925 pradi'

2185 933 2307 983 ctus
2363 929 2449 984 vir
2502 935 2978 993 reverentissimus
3029 937 3169 995 Noto
3221 943 3679 1017 archiepiscopus
3730 949 3789 1002 in

2182 1020 2525 1086 praesentiam
2587 1032 2855 1091 nostram,
2912 1028 3048 1084 dixit
3100 1046 3159 1087 se
3210 1038 3699 1093 commutationem
3729 1040 3786 1094 in

2183 1112 2434 1168 manibus
2481 1113 2706 1184 habere,
2745 1133 3000 1182 asserens
3032 1126 3347 1195 praedictam
3392 1136 3787 1189 commutatio-

2182 1218 2307 1261 nem
2338 1220 2631 1279 congruam
2654 1220 2709 1267 et
2736 1213 3080 1273 utilissimam
3131 1235 3272 1289 esse,
3306 1225 3630 1293 obsecrans,
3656 1239 3779 1284 tam

2180 1311 2249 1350 ex
2285 1305 2441 1367 parte
2485 1315 2583 1356 sua
2628 1317 2793 1372 quam
2823 1321 2891 1361 ex
2932 1310 3175 1377 praedicti
3228 1313 3483 1384 Leibulﬁ,
3516 1330 3577 1374 ut
3610 1335 3783 1391 super

2181 1391 2399 1446 easdem
2428 1399 2882 1456 commutationes
2905 1412 3153 1460 nostrum
3191 1407 3312 1464 ﬁeri
3349 1412 3782 1470 decerneremus

2178 1490 2527 1553 praeceptum.
2584 1484 2750 1555 Cujus
2797 1490 3047 1559 petitioni
3104 1510 3386 1555 assensum
3440 1505 3775 1573 praebentes,

2172 1570 2439 1641 jussimus
2490 1576 2564 1631 ita
2601 1577 2719 1633 ﬁeri
2762 1581 2904 1637 sicut
2948 1584 3052 1654 ipsi
3088 1570 3465 1647 obsecrabant.
3510 1570 3777 1651 Contine?

2176 1660 2339 1720 batur
2352 1665 2504 1721 enim
2533 1667 2588 1721 in
2616 1669 2821 1733 eisdem
2862 1678 3377 1737 commutationibus
3404 1686 3552 1754 quod
3579 1688 3781 1755 prsedi-

476 1735 585 1839 tur,
614 1728 701 1839 vel
722 1745 844 1839 qua?
887 1733 1187 1839 praescripti
1217 1736 1912 1839 .reges‘Lonsobardorum
1938 1757 2079 1839 Ρςαξ·
2104 1820 2149 1839 ἢ
2180 1762 2302 1811 ctus
2324 1754 2464 1811 Noto
2492 1730 2932 1834 archiepiscopus
2982 1728 3090 1821 una
3116 1784 3214 1839 per
3244 1728 3780 1831 consensumretwv-o-

477 1816 605 1874 fatae
634 1819 896 1878 Ecclesia:
925 1838 1049 1879 cum
1096 1826 1311 1896 justitia
1342 1828 1730 1900 delegaverunt
1759 1833 1841 1889 vel
1877 1834 2075 1890 conﬁr—
2103 1820 2150 1879 Β
2180 1843 2438 1901 luntatem
2497 1816 2928 1907 canonicoru‘mw
2944 1816 3562 1918 sJJAK'déigive';

473 1921 788 1980 mavenmt,
830 1923 888 1970 et
913 1916 1099 1986 quiete
1146 1926 1199 1973 et
1223 1917 1370 1988 juste
1396 1922 1698 1990 possidere,
1736 1926 2070 1994 perenniter,

474 2008 531 2056 et
554 2001 675 2058 sine
728 2003 839 2059 ulla
879 2006 1236 2064 resultatione
1291 2007 1506 2065 ﬁrmum
1537 2020 1591 2068 et
1632 2012 1825 2069 stabile
1857 2029 2073 2085 perma-

472 2098 620 2147 neat.
658 2091 1015 2152 Decernimus
1043 2098 1268 2168 insuper
1296 2107 1471 2171 atque,
1491 2103 1768 2159 sancimus
1796 2112 1857 2159 ut
1880 2120 2073 2163 omnes

471 2196 564 2238 res
610 2184 885 2253 praedictae
930 2185 1194 2244 Ecclesia:
1234 2188 1520 2247 Comensis
1550 2191 1651 2246 sub
1678 2192 1993 2251 defensione
2017 2203 2074 2251 et

470 2273 697 2328 mundio
743 2273 931 2343 palatii
975 2277 1176 2343 nostri,
1214 2279 1358 2334 sicut
1410 2288 1652 2351 tempore
1697 2284 1870 2353 patris
1904 2294 1959 2340 et
1983 2286 2071 2341 avi

469 2360 643 2415 nostri
696 2360 935 2429 fuerunt,
988 2366 1313 2434 perenniter
1350 2370 1672 2425 consistant.
1731 2372 1799 2427 Et
1825 2374 1878 2428 si-
1894 2374 2072 2443 aliqua

468 2448 751 2507 altercatio
781 2451 848 2507 de
874 2452 1038 2510 rebus
1063 2457 1341 2525 praedicta:
1370 2458 1649 2527 Ecclesiae,
1691 2478 1810 2533 quae
1843 2480 1943 2534 per
1969 2466 2072 2522 hoc

467 2550 718 2601 nostrum
773 2554 1132 2617 pmceptum,
1178 2557 1235 2605 et
1284 2565 1389 2619 pro
1415 2553 1686 2609 mercedis
1733 2564 1932 2611 nostrae
1974 2572 2070 2611 au-

466 2642 690 2700 gmento
718 2633 1189 2695 conﬁrmavimus.
1214 2646 1335 2694 orta
1364 2638 1551 2706 fuerit,
1596 2657 1718 2712 quae
1746 2643 1821 2698 ibi
1846 2644 2071 2702 minime

464 2722 683 2779 deﬁniri
725 2724 979 2792 valuerit,
1011 2727 1081 2782 ad
1130 2721 1347 2791 sacrum
1397 2730 1662 2799 palatium
1712 2740 2071 2788 nostrumre-

464 2823 737 2883 servetur,
773 2825 1045 2887 quatenus
1074 2818 1147 2873 ibi
1174 2819 1472 2877 secundum
1503 2821 1845 2877 rectitudinis
1875 2825 2067 2879 trami-

467 2917 574 2963 tem
614 2906 905 2961 terminum
949 2908 1201 2981 accipiat.
1240 2910 1310 2966 Et
1351 2919 1412 2965 ut
1441 2911 1560 2970 haec
1606 2914 1906 2969 auctoritas
1953 2929 2058 2985 per

462 2996 739 3052 curricula
768 3012 1035 3053 annorum
1075 3000 1443 3056 inviolabilem
1475 3009 1639 3073 atque
1693 3003 2065 3061 inconvulsam

461 3092 707 3148 obtineat
742 3093 1077 3162 ﬁrmitatem,
1136 3111 1299 3151 manu
1348 3097 1570 3167 propria
1599 3098 1787 3153 subter
1819 3096 2065 3154 ﬁrmavi-

462 3196 605 3251 mus,
654 3192 710 3240 et
758 3184 945 3240 annuli
995 3187 1167 3242 nostri
1222 3164 1583 3258 impressione
1635 3189 1843 3259 signari
1891 3188 2063 3258 jussi-
2090 3164 2135 3227 (ἶ

467 3288 612 3328 mus.

532 3364 759 3439 Signum
791 3367 1036 3444 Lotbarii
1066 3369 1443 3443 gloriosissimi
1483 3372 1855 3443 imperatoris.

531 3455 766 3514 Maredo.
784 3457 853 3514 ad
878 3460 1051 3516 vicem
1082 3462 1320 3517 Vitharii
1353 3465 1665 3534 recognovi.

532 3546 731 3603 Datum
754 3550 919 3605 tertio
939 3549 1078 3605 Non.
1096 3551 1363 3617 Januarii,
1380 3568 1545 3619 anno,
1568 3553 1787 3610 Christo
1808 3557 2065 3625 propitio,

462 3639 525 3694 il
552 3638 765 3711 imperii
788 3640 852 3695 Ι).
877 3640 1136 3698 Ludovici
1158 3643 1389 3712 piissimi
1414 3645 1663 3716 Augusti,
1696 3646 1938 3703 Lotharii
1964 3649 2062 3705 ﬁlii

458 3726 578 3797 ejus
629 3729 1009 3802 gloriosissimi
1055 3733 1337 3804 regnantis
1366 3734 1421 3800 2,
1477 3735 1775 3792 indictione
1820 3737 1875 3803 2,
1919 3754 2062 3795 anno

460 3818 589 3875 824.

524 3907 730 3964 Actum
768 3909 1102 3981 Compendio
1142 3913 1345 3982 palatio
1382 3914 1552 3983 regio,
1610 3916 1665 3969 in
1717 3915 1811 3971 Dei
1843 3919 2062 3975 nomine

459 4000 713 4057 feliciter.
734 4001 938 4057 Amen.

1193 4073 1357 4129 CXX.

461 4153 528 4196 DE
554 4154 770 4211 QULDAI
827 4158 1253 4199 COIIUTATIONE
1289 4160 1451 4198 INTER
1491 4160 1790 4201 LEIBULFUM
1821 4162 2058 4203 COIITEI

706 4228 777 4267 ΕΤ
801 4228 1053 4269 ΝΟΤΟΝΕΙ
1080 4228 1332 4270 ARCBIEP.
1360 4229 1768 4271 ARELATENSEH.

1059 4306 1235 4379 (Anno
1288 4305 1440 4378 825.)

462 4394 644 4468 [Apud
675 4395 738 4450 D.
767 4395 1062 4466 Bouquet.,
1093 4406 1224 4451 tom.
1257 4396 1346 4462 Vl,
1386 4412 1440 4466 p.
1490 4397 1619 4462 540,
1663 4414 1730 4453 ex
1775 4398 2059 4454 Tabulario

1070 4487 1406 4559 Anianensi.]

528 4580 589 4634 In
616 4581 836 4637 nomine
890 4582 1105 4637 Domini
1145 4581 1243 4637 Dei
1275 4592 1331 4637 et
1359 4580 1663 4638 Salvatoris
1717 4587 1887 4639 nostri
1929 4585 2056 4642 Jesu

456 4670 681 4736 Christi,
726 4671 1056 4739 Ludovicus,
1112 4672 1293 4727 divina
1342 4673 1630 4727 ordinante
1688 4675 2052 4743 providentia,

456 4764 756 4833 imperator
782 4763 1083 4836 Augustus.

526 4853 587 4909 Si
616 4856 761 4909 enim
790 4871 852 4910 ea
880 4870 1000 4924 quae
1028 4855 1216 4911 fideles
1264 4856 1483 4926 imperii
1512 4858 1685 4912 nostri
1718 4871 1819 4928 pro
1863 4872 2052 4914 eorum

455 4942 953 5013 opportunitatibus
981 4945 1123 5000 inter
1135 4960 1196 5001 se
1208 4960 1423 5008 commu
1432 4944 1687 5011 laverint,
1705 4948 1908 5002 nostris
1922 4962 2052 5003 con-

456 5035 740 5090 ﬁrmamus
778 5035 992 5099 edictis,
1048 5036 1383 5106 imperialem
1422 5050 1741 5091 exercemus
1765 5046 2052 5093 consuetu-

454 5114 663 5191 dinem,
695 5132 753 5178 et
777 5125 882 5181 hoe
919 5110 993 5179 ini
1028 5125 1373 5195 postmodum
1400 5124 1524 5193 jure
1553 5124 1868 5180 ﬁrmissimo
1898 5141 2053 5181 man-

454 5229 640 5269 surum
672 5227 797 5270 esse
832 5214 1099 5269 volumus.
1152 5213 1359 5268 Idcirco
1387 5215 1600 5269 noverit
1648 5215 1892 5268 omnium
1920 5213 2052 5268 ﬁde-

453 5306 586 5360 lium
642 5316 974 5370 nostrorum,
1006 5306 1357 5375 praesentium
1390 5305 1599 5360 scilicet
1634 5316 1689 5358 et
1718 5304 2045 5384 futurorum,

454 5397 747 5462 industria,
776 5398 902 5468 quia
929 5398 1014 5451 vir
1060 5396 1267 5451 illuster
1297 5396 1574 5451 Leibulfus
1611 5412 1792 5451 comes
1818 5412 1916 5465 per
1938 5395 2048 5450 Hil-

456 5489 679 5543 duinum
719 5487 1217 5557 archicapellanum
1272 5494 1518 5542 nostrum
1554 5487 1709 5541 nobis
1733 5485 1963 5555 subjecit
1987 5494 2050 5540 ut

455 5581 645 5635 liceret
668 5579 718 5635 ei
748 5579 815 5635 de
845 5579 1167 5648 quibusdam
1205 5578 1367 5633 rebus
1388 5578 1738 5648 proprietatis
1763 5591 1873 5636 suae
1897 5592 2046 5631 com-

456 5672 809 5728 mutationem
860 5671 1044 5728 facere
1097 5687 1219 5727 cum
1268 5672 1431 5727 rebus
1476 5668 1818 5738 episcopatus
1854 5667 2043 5723 Arela-

452 5763 622 5819 tensis
651 5779 714 5817 εκ
750 5763 1012 5819 beneﬁcio
1042 5764 1289 5819 videlicet
1312 5777 1426 5817 suo.
1451 5760 1559 5814 Nos
1584 5758 2041 5828 itaqiwjnssimus

3610 1866 3779 1919 rebus

2174 1936 2518 2007 episcopatus
2554 1941 2644 2009 sui
2681 1942 2748 1998 de
2784 1944 3049 2002 beneﬁcio
3071 1948 3320 2006 videlicet
3369 1955 3622 2023 praedicti
3654 1956 3777 2011 Leio

2172 2025 2325 2091 bulﬁ,
2355 2028 2530 2087 eidem
2573 2029 2822 2089 Leibull‘o
2847 2035 2915 2090 ad
2949 2051 3104 2091 suum
3155 2042 3436 2109 proprium
3476 2045 3546 2099 ad
3568 2044 3777 2101 haben.

2173 2118 2300 2173 dum
2328 2119 2536 2190 aliquas
2563 2138 2653 2179 res
2681 2125 2746 2179 de
2778 2126 2987 2181 ratione
3008 2125 3066 2182 S.
3100 2128 3283 2185 Maria:
3302 2140 3357 2185 et
3391 2132 3448 2186 S.
3478 2133 3771 2204 Stephani,

2172 2208 2257 2262 vel
2285 2208 2342 2264 S.
2387 2209 2607 2269 Genesii
2636 2214 2695 2282 in
2720 2232 2859 2288 pago
2901 2218 3019 2288 ipso
3048 2218 3353 2278 Arelatensi
3384 2225 3618 2281 insulam
3648 2230 3773 2284 sub-

2172 2299 2435 2355 urbanam
2463 2303 2631 2371 ipsius
2673 2306 2912 2361 civitatis
2964 2325 3085 2379 quae
3115 2313 3182 2366 de
3232 2314 3475 2384 utrisque
3525 2319 3773 2386 partibus

2170 2386 2541 2445 circumdatur
2564 2407 2595 2445 a
2626 2392 2890 2450 Rhodano
2915 2394 3155 2465 ﬂumine,
3185 2416 3309 2456 cum
3350 2404 3605 2461 ecclesiis
3634 2409 3768 2463 dua-

2169 2478 2311 2545 bus;
2343 2488 2399 2534 et
2424 2482 2614 2539 domos
2647 2485 2714 2539 ad
2752 2487 3104 2544 habitandum
3156 2501 3267 2547 tres
3313 2510 3437 2549 cum
3462 2496 3585 2553 aliis
3616 2516 3759 2553 man-

2170 2569 2429 2628 siunculis
2465 2576 2676 2638 tribus:
2708 2586 2767 2633 et
2798 2578 2865 2633 de
2889 2582 3046 2637 vinea
3088 2584 3354 2641 modiatas
3376 2602 3477 2653 xu,
3512 2590 3580 2645 de
3607 2603 3767 2660 prato

2169 2665 2437 2723 modiatas
2488 2684 2566 2734 v1,
2616 2670 2682 2725 de
2711 2670 2870 2728 horto
2921 2675 3215 2731 modiatam
3265 2694 3452 2746 unam,
3504 2682 3575 2737 de
3617 2692 3761 2739 terra

2168 2756 2311 2810 culta
2357 2767 2412 2814 et
2440 2759 2641 2815 inculta
2661 2763 2931 2819 modiatas
2956 2781 3062 2831 XL;
3101 2776 3156 2821 et
3188 2767 3239 2822 in
3271 2768 3390 2825 loco
3418 2773 3514 2841 qui
3538 2785 3762 2828 vocatur

2150 2847 2431 2933 LRubiuas,
2468 2867 2625 2908 casas
2660 2870 2781 2921 vni,
2837 2855 3026 2912 hortos
3064 2860 3219 2925 duos,
3255 2860 3323 2914 de
3357 2861 3516 2917 vinea
3550 2865 3759 2918 modia-

2169 2947 2254 2995 tas
2282 2956 2374 3007 Iv;
2413 2950 2469 2997 et
2496 2942 2552 2996 in
2578 2943 2716 3009 loco,
2769 2946 2861 3015 qui
2890 2955 3117 3002 vocatur
3143 2948 3555 3015 Ferromannis,
3611 2970 3755 3007 man-

2167 3029 2351 3087 siones
2378 3047 2441 3096 v,
2480 3033 2701 3088 hortum
2725 3051 2892 3089 unum
2914 3076 2929 3102 ,
2968 3035 3035 3092 de
3062 3047 3207 3094 terra
3243 3042 3513 3097 modiatas
3549 3059 3752 3107 ccux;

2166 3122 2296 3176 etin
2328 3124 2606 3179 territorio
2636 3126 2807 3196 ipsius
2834 3128 3107 3195 civitatis,
3154 3131 3210 3185 in
3242 3131 3447 3204 Campo
3494 3135 3753 3205 Lapides,

2165 3226 2366 3281 pascua
2388 3212 2457 3267 de
2479 3214 2806 3284 supradictis
2833 3217 3100 3285 ecclesiis,
3118 3234 3239 3290 quae
3264 3222 3463 3277 dicitur
3483 3224 3747 3279 Prinnan-

2164 3317 2285 3366 nus,
2324 3304 2415 3358 ubi
2440 3312 2637 3375 puteus
2667 3320 2821 3376 aqua:
2848 3306 3098 3364 defossus
3120 3324 3240 3365 esse
3267 3312 3628 3382 dignoscitur,
3672 3333 3756 3372 so-

2164 3390 2360 3448 lidatas
2383 3409 2459 3449 xu
2484 3409 2608 3449 cum
2639 3396 2887 3450 terminis
2914 3404 2970 3452 et
2998 3397 3413 3456 laterationibus
3436 3417 3648 3469 earum,
3680 3408 3754 3461 si-

2164 3489 2257 3537 cut
2301 3483 2357 3536 in
2403 3484 2738 3554 praascriptis
2771 3488 3291 3544 commutationibus
3319 3492 3655 3548 continetur.
3690 3495 3755 3549 Et

2164 3587 2196 3629 e
2219 3582 2409 3629 contra
2439 3576 2493 3629 in
2520 3578 2967 3646 compensatione
2994 3578 3193 3633 harum
3218 3595 3400 3637 rerum
3434 3583 3586 3637 dedit
3612 3600 3752 3654 pra?-

2164 3664 2341 3721 dictus
2361 3666 2639 3722 Leibull‘us
2662 3683 2843 3725 comes
2871 3671 3119 3738 partibus
3142 3671 3531 3742 praedictarum
3572 3678 3746 3732 eccle-

2164 3759 2369 3815 siarum
2400 3759 2458 3815 S.
2491 3761 2673 3817 Mariae
2711 3771 2768 3817 et
2797 3761 2855 3817 S.
2888 3761 3152 3833 Stephani
3198 3772 3254 3819 et
3303 3764 3362 3820 S.
3415 3766 3641 3824 Cenesii
3687 3785 3751 3825 ex

2164 3850 2327 3905 rebus
2354 3853 2707 3921 proprietatis
2737 3868 2877 3918 sum,
2929 3868 3050 3922 quae
3095 3862 3223 3908 sunt
3252 3854 3393 3909 infra
3434 3871 3627 3927 agrum
3663 3860 3751 3927 qui

2164 3948 2390 3994 vocatur
2408 3938 2702 4011 Argenteo,
2734 3942 2790 3996 in
2821 3942 2947 3996 villa
2974 3942 3179 4014 Campo
3203 3944 3431 4000 Publico
3460 3947 3749 4006 ecclesiam

2164 4044 2286 4083 cum
2325 4030 2591 4086 altaribus
2620 4031 2823 4098 tribus,
2868 4047 2987 4102 quae
3022 4042 3150 4088 sunt
3194 4034 3250 4089 in
3291 4036 3501 4091 honore
3551 4047 3749 4093 sanctae

2164 4118 2348 4174 Maria:
2380 4127 2436 4174 et
2456 4120 2628 4174 sancti
2657 4120 2803 4174 Petri
2828 4128 2883 4175 et
2912 4122 3087 4177 sancti
3130 4120 3383 4188 Joannis,
3418 4139 3546 4179 cum
3575 4140 3749 4181 secre-

2162 4209 2303 4264 tario
2326 4250 2341 4275 ,
2380 4217 2436 4265 et
2463 4210 2627 4265 cellas
2653 4210 2787 4265 duas
2813 4226 2937 4265 cum
2970 4220 3127 4267 curte
3171 4220 3228 4267 et
3254 4213 3416 4269 horto
3444 4226 3502 4269 et
3543 4218 3750 4272 arbori-

2161 4300 2263 4354 bus
2288 4316 2302 4365 ;
2344 4309 2399 4354 et
2434 4302 2501 4355 de
2526 4301 2682 4356 vinea
2714 4301 2981 4356 modiatas
3010 4318 3100 4368 xv,
3130 4302 3197 4357 de
3228 4310 3373 4358 terra
3403 4306 3606 4364 arabili
3632 4323 3745 4362 mo-

2162 4388 2337 4445 diatas
2358 4406 2456 4456 1.x;
2482 4391 2646 4446 etiam
2673 4392 2725 4445 in
2749 4391 2864 4462 ipsa
2886 4391 3013 4446 villa
3043 4392 3234 4448 domos
3258 4393 3393 4449 duas
3424 4409 3553 4450 cum
3578 4399 3745 4451 curti-

2082 4506 2136 4565 D
2162 4478 2262 4533 bus
2290 4488 2345 4533 et
2377 4480 2571 4534 hortis.
2622 4480 2691 4534 Et
2715 4480 2769 4533 in
2798 4480 2923 4537 villa
2963 4495 3085 4550 quae
3113 4484 3315 4538 dicitur
3341 4484 3632 4541 Rannessa
3653 4527 3667 4551 ,
3694 4497 3745 4541 et

2164 4567 2215 4620 in
2240 4567 2366 4623 villa
2405 4583 2525 4637 quae
2562 4568 2761 4623 dicitur
2783 4567 3091 4633 Gelariano,
3117 4585 3273 4627 casas
3303 4587 3405 4634 mi,
3438 4574 3741 4639 vineasnu,

2160 4670 2216 4717 et
2261 4664 2328 4718 de
2377 4663 2537 4717 horto
2572 4662 2867 4717 modiatam
2909 4678 3093 4727 unam,
3131 4671 3188 4718 et
3213 4664 3281 4720 de
3307 4665 3414 4719 alia
3446 4667 3609 4723 vinea
3637 4685 3745 4724 mo-

2158 4752 2333 4807 diatas
2363 4769 2427 4819 x;
2466 4761 2520 4807 et
2545 4753 2599 4806 in
2625 4752 2753 4807 villa
2788 4768 2909 4823 quae
2944 4762 3172 4808 vocatur
3201 4754 3543 4822 Occisianus,
3590 4774 3742 4813 casas

2158 4843 2292 4896 duas
2304 4856 2426 4897 cum
2451 4842 2594 4896 areis
2617 4843 2845 4908 duabus,
2864 4850 2919 4896 et
2944 4843 2998 4897 in
3023 4843 3167 4899 villis
3183 4860 3307 4914 quae
3320 4856 3590 4901 vocantur
3605 4846 3743 4903 Gan-

2156 4932 2365 5003 giacus,
2396 4931 2625 4987 Curicus
2653 4940 2709 4987 et
2749 4931 3073 5003 Occisianus
3098 4974 3113 4999 ,
3168 4943 3225 4989 et
3275 4935 3331 4990 in
3367 4936 3497 4991 villa
3538 4936 3739 5008 Campo

2156 5022 2378 5079 Publico
2425 5024 2491 5079 de
2520 5032 2665 5078 terra
2719 5024 2987 5079 modiatas
3024 5028 3188 5093 ccccf,
3217 5023 3284 5080 de
3313 5024 3475 5080 vinea
3530 5028 3736 5081 modia-

2155 5122 2237 5169 tas
2290 5130 2432 5179 xmi,
2496 5129 2619 5169 cum
2684 5114 2933 5169 terminis
2974 5122 3028 5167 et
3058 5105 3476 5172 lateratiOnibus
3526 5130 3737 5177 earum,

2153 5205 2609 5274 quemadmodum
2661 5205 2715 5258 in
2767 5202 2968 5258 eisdem
3028 5204 3550 5259 commutationibus
3611 5220 3737 5282 con-

2154 5296 2374 5350 tinetur.
2428 5294 2583 5350 Unde
2627 5302 2681 5348 et
2724 5294 2859 5347 duas
2909 5294 3396 5356 commutationes,
3457 5294 3602 5348 sicut
3648 5309 3736 5349 su—

2150 5385 2331 5457 perius
2374 5385 2823 5454 comprehensum
2881 5389 3009 5455 est,
3064 5384 3180 5453 pari
3241 5392 3431 5437 tenore
3497 5382 3736 5437 conscri-

2148 5487 2287 5547 ptas,
2321 5477 2676 5545 manibusque
2703 5475 2968 5529 bonorum
2992 5474 3271 5529 hominum
3296 5474 3584 5529 roboratas
3602 5489 3732 5544 pra-

2149 5568 2292 5623 fatus
2321 5567 2459 5623 Noto
2505 5565 2945 5634 archiepiscopus
2991 5578 3103 5634 pra:
3151 5562 3401 5617 manibus
3450 5578 3508 5617 se
3536 5562 3729 5618 habere

2148 5659 2424 5729 professus
2468 5666 2569 5711 est.
2615 5654 2719 5710 Sed
2762 5670 2861 5723 pro
2890 5654 3097 5724 intcgm
3152 5651 3413 5707 ﬁrmitate
3463 5655 3728 5723 petierunt

2149 5751 2449 5805 ci-lsitudini
2518 5755 2712 5801 noslrm
2759 5756 2816 5800 ut
2860 5746 3005 5815 ipsas
3056 5745 3510 5798 commutationes
3568 5745 3734 5818 dequo
