3936 6320
253 390 382 443 IIII

1380 379 1768 437 DlPLOMATA
1809 378 2357 441 ECtZl.ESfASTlCA.
3354 376 3492 432 μη

248 516 349 572 per
376 506 575 554 nostrae
602 494 1025 551 mansuetudinis
1060 503 1385 564 pra'ccptum
1416 494 1623 563 plenius
1645 492 1696 545 in
1726 489 1818 544 Dei
1848 492 1897 550 Α
1924 503 1976 548 et
2002 497 2321 553 omnimodis
2341 496 2609 566 iubemus,
2641 508 2698 554 ut
2728 514 2827 554 nec
2876 505 3083 561 nostro,
3115 511 3212 549 nec
3241 493 3347 549 ullo
3393 510 3492 547 un-

248 590 474 646 nomine
517 586 839 644 confirmare
892 586 1233 641 deberemus.
1281 584 1520 651 Quorum
1550 581 1822 652 petitioni-

248 680 355 735 bus
381 676 708 758 [assensum]
740 676 1007 747 denegare
1039 675 1330 740 noluimus,
1364 684 1419 729 et
1439 675 1581 729 sicut
1611 670 1824 726 unicui-

250 784 360 841 que
388 767 627 823 ﬁdelium
656 775 965 823 nostrorum
990 766 1136 836 iuste
1162 766 1478 835 petentium,
1511 765 1583 818 ita
1606 777 1702 817 nos
1724 761 1827 815 illis

251 860 592 916 concessisse
644 868 806 929 atque
851 858 903 912 in
929 857 1181 913 omnibus
1233 857 1582 912 confirmasse
1625 871 1828 926 cogno-

254 951 417 1007 scite.
458 949 841 1021 Praecipientes
880 963 1011 1018 ergo
1054 948 1307 1017 iubemus
1335 956 1393 1001 ut
1421 947 1675 1017 quidquid
1706 957 1831 1016 pars

248 1042 399 1112 iuste
424 1050 481 1098 et
509 1042 903 1097 rationabiliter
929 1040 1084 1094 alteri
1116 1040 1344 1095 contulit
1391 1039 1552 1109 parti,
1582 1038 1833 1108 deinceps

254 1148 357 1200 per
397 1133 539 1188 hanc
566 1142 807 1187 nostram
839 1131 1215 1185 auctoritatem
1262 1129 1385 1199 jure
1414 1129 1725 1184 firmissimo
1749 1136 1834 1182 te-

254 1229 391 1276 neat
444 1229 604 1291 atque
655 1221 944 1291 possideat,
1002 1228 1062 1274 ut
1100 1219 1358 1291 quidquid
1412 1218 1609 1275 exinde
1657 1216 1836 1271 facere

256 1310 511 1377 voluerit,
540 1311 711 1366 libero
741 1311 794 1364 in
845 1311 1094 1366 omnibus
1139 1310 1450 1381 perfruatur
1495 1309 1721 1363 arbitrio
1767 1309 1840 1363 fa-

256 1399 440 1456 ciendi
494 1400 754 1471 quidquid
797 1401 1038 1473 elegerit.
1079 1400 1148 1454 Et
1190 1401 1392 1460 ut.haec
1430 1400 1724 1455 auctoritas
1753 1399 1841 1452 fir-

258 1491 405 1546 mior
432 1490 717 1555 habeatur,
749 1498 805 1545 et
831 1505 930 1559 per
975 1488 1157 1543 futura
1190 1496 1429 1557 tempora
1484 1489 1678 1543 melius
1714 1503 1843 1542 con-

259 1588 533 1646 servetur,
560 1580 627 1633 de
653 1579 852 1633 annulo
878 1586 1066 1633 nostro
1092 1579 1275 1634 subter
1310 1576 1572 1647 iussimus
1600 1576 1838 1648 sigillari.

338 1666 561 1737 Signum
602 1667 856 1722 Ludovici
883 1667 1012 1737 imp.
1042 1666 1285 1738 Augusti.

336 1755 623 1812 Durandus
677 1757 934 1813 diaconus
987 1757 1056 1810 ad
1125 1758 1296 1813 vicem
1359 1758 1628 1828 Fridugisi
1690 1772 1843 1812 reco-

262 1846 447 1917 gnovi.

341 1936 473 1989 Data
507 1952 567 1990 ιιι
607 1936 785 1991 Nonas
813 1935 1118 2002 ianuarias,
1148 1952 1311 2001 anno,
1349 1936 1566 1992 Christo
1590 1938 1845 2006 propitio,

273 2026 331 2079 ll
368 2026 784 2096 impr-riidomni
838 2028 1093 2083 Ludovici
1139 2028 1367 2098 piissimi
1406 2028 1653 2098 Augusti,
1710 2028 1851 2082 indi-

266 2117 450 2172 ctione
486 2117 539 2170 5.
572 2118 766 2173 Actum
827 2117 1151 2187 Aquisgrani
1180 2117 1379 2187 palatio
1429 2118 1481 2171 in
1510 2117 1604 2171 Dei
1636 2118 1850 2173 nomine

268 2203 521 2261 feliciter.
558 2204 750 2261 Amen.

1018 2275 1154 2329 XXI.

1018 2275 1154 2329 XXI.

641 2359 742 2399 pao
776 2274 1112 2400 uouasrcizmo
1150 2359 1483 2400 mouvsuuo.

878 2434 898 2504 (
910 2435 1060 2488 Anno
1098 2433 1260 2504 825.)

276 2524 523 2580 Ludovici
576 2522 666 2578 Pii
703 2534 749 2578 et
790 2524 1026 2594 Lothqn’i
1081 2524 1452 2593 imperatorum
1501 2534 1854 2594 praceptum,

345 2610 449 2664 quo
504 2595 881 2664 monasterium
927 2593 1327 2664 Dionysianum
1365 2594 1613 2649 eximitur
1640 2593 1675 2646 α
1728 2611 1855 2659 pen-

348 2662 493 2718 sione
518 2662 861 2716 ducentorum
889 2663 995 2717 vini
1014 2662 1328 2716 modiorum.

388 2753 649 2827 [Mabill.,
677 2754 741 2808 de
785 2752 879 2807 Re.
927 2752 1168 2824 diplom.,
1192 2761 1324 2808 tom.
1350 2753 1415 2818 II,
1440 2767 1563 2823 pag.
1594 2754 1752 2826 555.]

352 2867 411 2922 In
437 2868 654 2922 nomine
700 2867 912 2922 Domini
941 2867 1032 2921 Dei
1073 2875 1129 2923 et
1158 2866 1455 2922 Salvatoris
1509 2869 1681 2923 nostri
1733 2867 1862 2922 Iesu

284 2959 524 3025 Christi,
561 2959 874 3014 Ludovicus
923 2967 978 3013 et
1007 2958 1314 3024 Lotharius,
1345 2960 1525 3015 divina
1578 2959 1863 3015 ordinante

284 3052 641 3123 providentia,
682 3052 1035 3122 imperatores
1079 3050 1325 3121 Augusti.

355 3138 412 3194 Si
430 3139 575 3194 enim
596 3155 663 3194 ex
683 3140 769 3195 his
797 3155 917 3209 qua:
938 3180 951 3193 .
973 3178 987 3192 .
1009 3179 1021 3192 .
1045 3179 1057 3193 .
1095 3148 1150 3195 et
1169 3140 1413 3195 ecclesiis
1436 3149 1744 3195 sanctorum
1768 3140 1861 3195 Dei
1891 3165 1935 3227 Ο

285 3229 501 3283 annuali
520 3230 909 3285 consuetudine
919 3230 1394 3307 persolvuntur,ob
1414 3231 1503 3285 Dei
1521 3246 1760 3285 amorem
1776 3247 1863 3286 no-

286 3318 415 3375 stris
444 3318 745 3389 futurisque
774 3319 1106 3388 temporibus
1125 3320 1472 3385 remittimus,
1492 3328 1655 3389 atque
1674 3321 1739 3374 ad
1761 3322 1865 3375 uti-

283 3409 467 3464 litates
492 3417 547 3463 et
568 3410 925 3464 necessitates
942 3410 1181 3479 ipsarum
1202 3410 1553 3465 ecclesiarum
1576 3425 1867 3480 procuran-

287 3499 386 3555 das
400 3498 777 3564 concedimus;
798 3499 902 3553 hoc
921 3499 1077 3554 nobis
1089 3500 1274 3568 procul
1289 3499 1452 3555 dubio
1466 3499 1531 3553 ad
1552 3508 1865 3571 perpetuam

285 3588 591 3643 mercedem
611 3586 953 3656 profuturum
996 3588 1333 3643 confidimus.
1358 3588 1563 3644 Idcirco
1586 3597 1770 3643 notum
1797 3590 1868 3644 sit

284 3676 537 3732 omnibus
555 3677 913 3745 przesentibus
937 3685 991 3731 et
1017 3677 1237 3743 futuris,
1264 3680 1389 3747 quia
1434 3679 1520 3732 vir
1547 3679 1869 3734 venerabilis

288 3764 573 3819 Hilduinus
603 3765 917 3821 monasterii
954 3767 1127 3821 sancti
1158 3766 1395 3836 Dionysii
1431 3768 1586 3831 abba,
1617 3766 1869 3836 sacrique

288 3850 497 3908 Palatii
514 3854 686 3909 nostri
703 3854 1199 3924 Ardiicapellanus,
1225 3862 1424 3910 nostrae
1452 3855 1685 3911 innotuit
1710 3857 1868 3912 celsi-

290 3948 486 4012 tudini,
503 3948 645 4016 quod
666 3946 943 4015 cuiusdam
971 3957 1373 4003 antecessorum
1398 3958 1705 4004 nostrorum
1728 3960 1865 4005 tem-

290 4051 439 4106 pore,
463 4037 749 4091 occasione
778 4051 877 4105 pro
898 4038 1204 4108 indigentiae
1224 4038 1334 4092 vini
1363 4039 1775 4106 interveniente,
1802 4041 1869 4096 ab

287 4140 351 4180 eo
372 4126 464 4195 qui
486 4133 614 4181 tunc
645 4128 902 4197 temporis
938 4144 1054 4183 rem
1101 4130 1368 4199 publicam
1415 4130 1773 4200 gubernabat,
1805 4134 1869 4189 de

289 4234 452 4289 prato.
473 4260 486 4273 .
508 4258 523 4272 .
544 4259 557 4273 .
581 4261 593 4274 .
615 4260 629 4275 .
649 4260 662 4273 .
685 4261 697 4275 .
722 4261 734 4274 .
769 4222 1111 4277 necessitatis
1152 4231 1207 4277 et
1236 4222 1543 4293 indigentiae
1577 4238 1642 4277 ex
1683 4238 1871 4277 mona-

196 4344 201 4347 ς
289 4310 457 4365 sterio
488 4310 660 4364 sancti
686 4310 925 4381 Dionysii
949 4310 1016 4364 ad
1049 4309 1193 4365 Vero
1243 4311 1423 4363 villam
1469 4318 1708 4365 nostram
1733 4325 1871 4380 pra:-

289 4399 570 4454 berentur.
610 4398 765 4453 Unde
786 4414 909 4453 cum
955 4398 1097 4452 idem
1124 4396 1283 4462 abba,
1307 4398 1398 4468 qui
1431 4398 1523 4454 illo
1552 4398 1605 4452 in
1631 4406 1871 4470 tempore

285 4488 465 4543 eidem
490 4493 691 4541 sanctae
728 4486 971 4542 ecclesiae
988 4494 1233 4555 praeerat,
1268 4486 1496 4542 ducenta
1539 4489 1715 4542 modia
1762 4490 1870 4544 vini

289 4580 401 4635 illic
436 4586 658 4649 propter
698 4564 815 4652 iam
855 4579 1054 4634 dictam
1106 4580 1420 4648 petitionem
1458 4581 1765 4645 tribuisset;
1816 4591 1869 4636 et

290 4670 474 4725 caeteri
499 4670 589 4738 qui
620 4676 743 4738 post
764 4669 911 4724 illum
934 4677 1173 4724 rectores
1200 4669 1440 4739 ejusdem
1471 4669 1575 4725 loci
1608 4668 1861 4733 fuerunt,

293 4758 545 4814 similiter
573 4759 841 4828 egissent;
895 4757 1069 4827 adque
1093 4756 1251 4825 hujus
1270 4796 1283 4810 .
1302 4795 1315 4809 .
1344 4796 1356 4810 .
1379 4798 1391 4811 .
1415 4797 1428 4812 .
1448 4798 1462 4812 .
1491 4798 1504 4811 .
1545 4774 1644 4828 pro
1671 4760 1787 4830 lege
1815 4770 1871 4815 et

293 4847 476 4901 debito
505 4861 671 4900 censu
698 4846 750 4898 in
786 4845 901 4914 ipsa
928 4844 1049 4897 villa
1085 4846 1153 4899 ab
1183 4846 1457 4901 actoribus
1504 4848 1666 4916 regiis
1697 4850 1868 4903 teneri

292 4936 606 4991 videretur:
640 4934 869 5004 ideoque
898 4935 1074 5005 petiit,
1105 4943 1164 4988 ut
1183 4935 1252 4988 ob
1266 4934 1361 4989 Dei
1385 4951 1625 4990 amorem
1655 4945 1709 4991 et
1735 4952 1863 4992 san-

295 5034 505 5082 ctorum
529 5024 1039 5094 illicquiescentium
1070 5024 1450 5088 reverentiam,
1475 5026 1541 5079 ab
1557 5025 1657 5079 hac
1678 5026 1791 5097 lege
1817 5036 1871 5081 et

294 5115 684 5172 consuetudine
699 5116 865 5184 ipsam
882 5124 1121 5171 sanctam
1136 5115 1432 5169 Ecclesium
1446 5116 1867 5171 absolveremus.

296 5207 463 5275 Cujus
502 5206 847 5275 petitionem,
896 5206 1005 5260 imo
1052 5214 1106 5260 et
1151 5206 1602 5274 deprecationem,
1637 5207 1703 5261 ad
1733 5207 1873 5261 salu-

299 5304 408 5348 tem
436 5295 628 5347 anima:
654 5302 852 5348 nostra:
879 5295 1035 5349 nobis
1060 5294 1243 5349 utilem
1269 5309 1360 5348 ac.
1381 5333 1393 5346 .
1418 5333 1430 5347 .
1455 5334 1467 5345 .
1488 5334 1501 5347 .
1524 5334 1536 5347 .
1558 5332 1571 5345 .
1600 5296 1742 5363 quod
1771 5311 1868 5364 po-

300 5383 531 5437 stulabat
554 5383 729 5438 eidem
753 5392 938 5438 sancto
966 5384 1085 5439 loco
1112 5384 1496 5449 concessimus,
1530 5392 1585 5437 et
1626 5384 1677 5437 in
1720 5396 1873 5454 pote-

300 5482 439 5529 state
478 5484 533 5529 et
566 5474 792 5528 arbitrio
824 5475 965 5529 illius
1003 5490 1221 5529 manere
1242 5473 1653 5528 constituimus:
1685 5482 1745 5527 ut
1770 5476 1874 5530 sic-

302 5573 361 5616 ut
382 5578 411 5616 a
435 5564 590 5618 nobis
614 5578 709 5632 per
729 5562 873 5618 illius
902 5563 1343 5619 intercessionem
1362 5561 1623 5617 indultum
1653 5570 1707 5614 et
1741 5578 1873 5617 cou-

304 5669 513 5708 cessum
544 5652 740 5718 fuerat,
773 5654 845 5707 ita
878 5655 943 5709 ad
975 5669 1348 5724 quamcunque
1372 5668 1707 5707 communem
1734 5654 1875 5708 illius

304 5746 543 5802 ecclesiae
571 5746 873 5803 utilitatem.
896 5786 929 5799 ..
1096 5745 1272 5812 \cllct,
1306 5746 1358 5799 in
1396 5746 1664 5801 omnibus.
1689 5783 1696 5788 .
1721 5786 1733 5798 .
1756 5786 1766 5799 .
1788 5786 1796 5798 .
1822 5787 1831 5799 .
1858 5787 1868 5799 .

1922 599 2081 653 quam
2102 601 2474 642 successorum
2505 598 2808 645 nostrorum
2827 597 3087 658 tempore,
3112 586 3288 656 ipsum
3306 583 3490 638 vinum

1925 688 1952 727 a
1980 682 2242 742 potestate
2269 675 2475 746 praefati
2506 677 2817 732 monasterii
2845 676 3108 747 quispiam
3176 688 3277 729 nec
3294 671 3458 742 iudex
3478 714 3493 737 ,

1926 779 2025 818 nec
2050 764 2266 831 missus,
2286 770 2389 821 nec
2415 766 2517 822 ulla
2541 768 2644 822 alia
2673 779 2900 837 persona
2926 773 3176 821 exactare
3195 770 3288 818 aut
3310 763 3496 832 requi-

1928 869 2048 908 rere
2068 864 2356 923 praesumat
2381 875 2392 910 :
2422 860 2513 912 sed
2546 842 2707 912 liceat
2735 856 2958 926 praefato
2988 854 3129 909 fideli
3163 862 3350 909 nostro
3385 851 3499 906 Hil-

1930 946 2119 1001 duino.
2147 986 2159 1001 .
2180 987 2193 1001 .
2216 987 2252 1001 ..
2272 988 2284 1002 .
2305 989 2318 1003 .
2352 950 2624 1020 negotium
2674 949 3038 1005 ecclesiastica
3084 946 3380 1002 necessitas
3420 944 3491 997 di.

1931 1036 2174 1102 ctaverit,
2200 1038 2326 1093 illud
2361 1040 2742 1110 perpetualiter
2785 1040 3076 1109 deputare:
3118 1046 3384 1109 quatenus
3410 1051 3494 1089 no-

1933 1134 2058 1181 strae
2086 1127 2438 1199 eleemosynze
2468 1130 2745 1186 concessio
2763 1130 2828 1185 de
2858 1130 2973 1200 ipso
3001 1143 3165 1185 censu
3198 1126 3405 1182 stabilis
3448 1135 3499 1178 et

1936 1216 2189 1272 inviolata
2241 1218 2432 1274 futuris
2476 1222 2803 1290 temporibus
2860 1221 2913 1275 in
2956 1220 3071 1291 ipso
3129 1217 3249 1274 loco
3292 1233 3502 1287 perma-

1938 1317 2084 1373 neat,
2115 1308 2253 1363 sicut
2278 1323 2375 1377 pro
2401 1308 2494 1365 Dei
2532 1326 2715 1367 amore
2775 1318 2829 1365 ct
2864 1318 3077 1366 azterna:
3125 1308 3388 1365 mercedis
3423 1323 3505 1361 re—

1940 1397 2229 1454 tributione
2252 1438 2265 1452 .
2294 1438 2307 1451 .
2338 1439 2350 1452 .
2380 1439 2393 1452 .
2420 1440 2433 1453 .
2461 1440 2474 1455 .
2503 1441 2516 1455 .
2544 1441 2557 1455 .
2587 1443 2600 1455 .
2639 1416 2953 1457 concessum
3009 1416 3071 1456 ac
3131 1398 3506 1455 confirmatum

1941 1502 2062 1543 esse
2092 1486 2448 1559 dignoscitur.
2472 1490 2539 1545 Et
2585 1499 2645 1545 ut
2701 1491 2815 1546 haec
2850 1491 3143 1546 auctoritas
3190 1504 3288 1559 per
3334 1488 3507 1544 futura

1943 1590 2184 1650 tempora
2210 1581 2503 1651 pleniorem
2530 1583 2769 1637 obtineat
2785 1582 3113 1645 ﬁrmitatem,
3138 1580 3319 1635 annuli
3342 1586 3508 1633 nostr-

1946 1670 2296 1740 impressione
2320 1673 2503 1728 subter
2524 1689 2641 1729 eam
2681 1674 2880 1745 signari
2901 1672 3175 1741 iussimus.

2016 1759 2295 1816 Adalulfus
2330 1762 2588 1818 diaconus
2636 1764 2701 1817 ad
2740 1764 2908 1818 vicem
2940 1763 3204 1833 Fridugisi
3234 1770 3517 1830 recognov‘.

1874 1829 1921 1887 B
1949 1857 2004 1905 et
2025 1850 2338 1919 subscripsi.

2021 1940 2153 1995 Data
2178 1943 2399 2011 prtecisa
2429 1953 2528 2000 est.

2634 2055 2841 2112 CXXII.

1988 2157 2363 2199 MONASTERIUI
2411 2162 2842 2202 ARGENTOLIENSE
2901 2160 3141 2206 C(EKOBIO
3179 2161 3489 2204 DIORYSIANO

2549 2232 2934 2271 RESTITUITUR.

2548 2304 2735 2375 (Anno
2765 2306 2888 2361 825.
2912 2306 2931 2377 )

1959 2391 2135 2463 [Apud
2164 2393 2227 2447 D.
2250 2394 2541 2468 _Douquet”
2572 2397 2821 2468 tpm_.Vl,
2850 2412 2972 2468 pag.
3023 2398 3148 2462 542,
3181 2412 3245 2468 ex_
3278 2396 3525 2462 Dubleto,

2242 2463 2531 2518 Histfabb.
2569 2463 2625 2520 S.
2654 2463 3061 2538 Dionysiifpag.
3098 2465 3246 2540 736.]

2028 2573 2085 2625 In
2124 2574 2340 2629 nomine
2376 2573 2588 2630 Domini
2627 2575 2721 2631 Dei
2765 2583 2817 2630 et
2858 2575 3153 2633 Salvatoris
3189 2578 3360 2633 nostri
3402 2576 3528 2634 Jesu

1960 2661 2183 2729 Christi,
2241 2664 2545 2720 Ludovicus
2570 2675 2625 2720 et
2667 2665 2975 2733 Lotharius,
3012 2668 3193 2722 divina
3245 2668 3531 2724 ordinante

1962 2753 2319 2822 providentia,
2351 2755 2701 2825 imperatores
2724 2756 2969 2828 Augusti.

2034 2842 2093 2898 Si
2124 2859 2185 2899 ea
2224 2856 2343 2915 qua:
2365 2861 2395 2899 a
2425 2846 2594 2900 Deum
2646 2848 2958 2903 timentibus
2985 2849 3293 2904 hominibus
3319 2849 3386 2905 ad
3414 2848 3528 2905 loca

1964 2934 2147 2989 divino
2173 2935 2340 2990 cultui
2370 2937 2618 2991 dedicata
2647 2938 2871 2992 solemni
2900 2940 3183 2994 donatione
3212 2938 3427 3010 largita,
3448 2940 3531 2993 vel

1964 3023 2265 3080 condonata
2313 3034 2459 3091 sunt,
2486 3035 2541 3081 et
2569 3035 2756 3096 postea
2806 3029 3045 3098 qualibet
3091 3030 3375 3085 occasione
3414 3030 3533 3085 inde

1966 3113 2239 3169 abstracta
2267 3131 2388 3171 esse
2415 3126 2732 3185 noscuntur,
2760 3126 2942 3173 nostra
2983 3119 3303 3175 auctoritate
3333 3120 3399 3174 ad
3429 3129 3525 3174 sta.

1970 3216 2083 3260 tum
2140 3222 2299 3261 suum
2346 3223 2684 3273 revocamus,
2716 3218 2772 3263 et
2806 3210 3002 3263 iterum
3047 3216 3245 3264 nostra:
3280 3209 3535 3279 iussionis

1968 3296 2189 3351 oraculo
2237 3297 2642 3363 confirmamus,
2688 3299 2789 3354 hoc
2819 3300 2977 3354 nobis
3020 3298 3206 3368 procul
3258 3298 3420 3353 dubio
3469 3300 3534 3353 ad

1968 3394 2227 3441 aeternam
2264 3389 2647 3443 beatitudinem
2688 3390 3106 3459 adipiscendam,
3140 3405 3234 3445 seu
3263 3390 3530 3445 stabilita-

1970 3486 2074 3531 tem
2100 3478 2310 3547 imperii
2335 3479 2505 3533 nostri
2530 3479 2886 3535 roborandam
2913 3481 3181 3550 pertinere
3193 3480 3534 3536 confidimus.

1968 3566 2090 3622 Ideo
2130 3575 2317 3623 notum
2364 3569 2436 3623 sit
2486 3570 2726 3624 omnium
2773 3569 3008 3625 fidelium
3068 3578 3370 3625 nostrorum
3425 3576 3536 3625 tam

1969 3658 2311 3725 praesentium
2343 3674 2502 3729 quam
2547 3666 2601 3712 et
2644 3659 2947 3714 futurorum
2994 3660 3287 3725 industriaa,
3317 3662 3441 3730 quia
3478 3663 3538 3714 il-

1968 3746 2153 3802 lustris
2184 3748 2403 3813 femina,
2425 3764 2581 3804 soror
2598 3749 2844 3805 videlicet
2867 3759 3073 3816 nostra,
3101 3751 3413 3806 Theodrada
3428 3752 3539 3805 Deo

1969 3847 2222 3905 sacrata,
2277 3849 2477 3896 nostra:
2528 3842 2795 3912 suggessit
2856 3844 3257 3898 mansuetudini
3308 3846 3539 3913 qualiter

1971 3934 2305 3996 compertum
2328 3929 2606 3984 habuisset
2650 3932 2793 3999 quod
2837 3934 3235 3988 monasterium
3276 3936 3540 3992 vocabulo

1971 4016 2397 4087 Argentogilum,
2429 4018 2593 4074 situm
2644 4020 2697 4074 in
2746 4036 2882 4090 pago
2935 4022 3209 4077 Parisiaco
3235 4038 3396 4092 super
3428 4023 3533 4078 llu-

1972 4113 2118 4165 vium
2150 4112 2434 4181 Sequanae,
2459 4114 2599 4182 quod
2631 4115 2746 4184 ipsa
2774 4116 2949 4184 primo
2975 4131 3072 4186 per
3104 4116 3422 4172 beneficium
3445 4119 3541 4173 do—

1973 4204 2084 4257 mni
2112 4212 2165 4257 et
2197 4204 2456 4273 genitoris
2477 4207 2648 4260 nostri
2676 4206 2853 4262 Caroli
2885 4209 3216 4264 serenissimi
3246 4209 3537 4281 imperato-

1973 4292 2068 4357 ris,
2100 4301 2151 4347 et
2179 4302 2365 4361 postea
2402 4309 2499 4363 per
2532 4304 2771 4350 nostram
2820 4296 3156 4368 largitionem
3198 4301 3436 4368 tenebat,
3473 4303 3542 4357 ad

1974 4383 2361 4437 monasterium
2393 4384 2539 4438 beati
2565 4394 2621 4440 et
2662 4384 2877 4455 gloriosi
2908 4386 3107 4442 Christi
3145 4392 3397 4461 martyris
3424 4391 3542 4446 Dio-

1898 4502 1951 4563 D
1977 4473 2137 4543 nysii,
2162 4474 2254 4528 ubi
2274 4477 2524 4544 praesenti
2549 4485 2787 4546 tempore
2807 4478 2890 4532 vir
2910 4480 3232 4536 venerabilis
3259 4481 3542 4536 Hilduinus

1978 4565 2174 4631 abbas,
2209 4574 2263 4620 et
2285 4568 2421 4621 sacri
2448 4567 2633 4635 palatii
2660 4570 2827 4623 nostri
2852 4564 3335 4641 archiCapellanus,
3362 4579 3543 4627 rector

1975 4671 2206 4726 praeesse
2231 4654 2463 4723 videtur,
2493 4660 2766 4737 pertinere
2788 4660 3041 4717 deberet:
3073 4663 3332 4732 petiitque
3353 4672 3414 4717 ut
3444 4680 3541 4733 pro

1977 4749 2238 4803 mercedis
2258 4758 2457 4804 nostra:
2483 4759 2769 4821 augmento
2795 4753 2862 4807 ad
2878 4761 3075 4807 statum
3096 4753 3383 4823 pristinum
3416 4754 3542 4808 illud

1976 4841 2217 4894 revocari
2254 4838 2588 4905 fecissemus,
2620 4856 2686 4895 eo
2716 4842 2965 4897 videlicet
2995 4842 3152 4897 modo
3190 4850 3248 4896 ut
3277 4859 3543 4898 mentoru-

1978 4939 2089 4983 tum
2122 4932 2507 4985 monasterium
2528 4940 2645 4999 post
2666 4948 2821 4985 suum
2851 4933 2920 4986 ab
2946 4933 3047 4987 hac
3071 4933 3188 4987 luce
3213 4934 3529 4996 discessum.

1977 5020 2022 5073 si
2054 5028 2235 5074 tamen
2273 5020 2416 5074 aliud
2468 5023 2852 5077 monasterium
2884 5023 2932 5076 ei
2977 5033 3135 5079 antea
3162 5025 3216 5078 in
3261 5040 3540 5095 compara-

1977 5110 2120 5163 tione
2147 5124 2245 5177 pro
2278 5109 2393 5178 ipso
2419 5124 2448 5162 a
2486 5110 2640 5165 nobis
2669 5112 2850 5164 datum
2874 5127 2979 5165 non
3011 5111 3172 5167 fuerit
3194 5122 3286 5167 aut
3329 5117 3545 5184 propria

1977 5201 2253 5254 voluntate
2282 5215 2402 5254 eum
2427 5201 2697 5256 dimittere
2721 5218 2824 5256 non
2847 5202 3096 5266 voluerit,
3126 5204 3192 5258 ad
3216 5212 3538 5273 potestatem

1979 5290 2291 5345 monasterii
2324 5288 2380 5344 S.
2401 5290 2639 5360 Dionysii
2661 5290 2862 5360 absque
2890 5291 2996 5345 ulla
3039 5294 3425 5349 contrarietate
3454 5298 3542 5350 vel

1972 5382 2295 5451 cuiusquam
2352 5380 2770 5450 interrogatione
2812 5381 3165 5449 reciperetur.
3210 5381 3321 5438 Nos
3369 5398 3535 5441 vero.

1975 5473 2155 5525 audita
2207 5472 2352 5526 illius
2390 5471 2590 5526 salubri
2616 5486 2679 5524 ac
2725 5471 2971 5540 religiosa
3011 5472 3302 5540 petitione,
3340 5474 3546 5543 pr:ch-

1978 5571 2119 5617 ctum
2150 5561 2507 5618 venerabilem
2565 5562 2739 5614 virum
2784 5561 3091 5614 IIIItIllIllUlll
3144 5563 3268 5631 quia
3301 5578 3537 5632 pnnscus

1976 5653 2179 5714 aderat,
2210 5652 2252 5705 si
2282 5653 2411 5721 quid
2442 5654 2507 5707 de
2534 5638 2633 5706 hac
2667 5668 2722 5706 rc
2751 5662 3085 5722 compertqu
3120 5655 3340 5709 haberet
3368 5656 3507 5707 inter
3528 5687 3546 5694 -

1977 5744 2298 5813 rogavimus.
2326 5744 2423 5810 Qui
2454 5746 2631 5797 statim
2669 5744 3011 5799 donationem
3066 5744 3337 5813 cujusdam
3366 5745 3535 5801 Ilmztzt
