3936 6328
470 342 604 397 Ηιίδ

460 545 703 620 conjugis
733 569 844 609 suae
873 555 1158 626 Mumanm,
1184 563 1276 632 qui
1305 564 1587 633 praefatum
1637 570 2026 623 monasterium

458 635 511 690 in
538 654 637 694 suo
681 645 903 712 proprio
950 658 1385 716 construxerant,
1418 662 1473 709 et
1499 656 1549 709 id
1575 672 1673 725 per
1719 659 2028 713 testamenti

452 729 709 798 paginam
752 735 821 812 ad,
842 735 901 791 Β.
929 737 1172 812 Dionysii
1216 746 1473 816 martyris
1520 746 1721 803 Christi
1755 757 2029 806 monaste—

455 818 592 872 rium
617 822 842 879 solemni
867 828 1155 887 donatione
1175 835 1536 902 contulerant,
1567 854 1666 894 nec
1683 854 1787 894 non
1815 847 1869 894 et
1892 855 2030 910 prae-

454 918 669 978 ceptum
732 916 1160 978 conﬁrmationis
1223 924 1467 982 Lotharii
1524 929 1795 998 quondam
1849 931 2023 999 regis,

450 1001 594 1067 quod
633 1018 797 1092 super
831 1011 1073 1066 eamdem
1130 1016 1476 1072 donationem
1524 1020 1865 1075 conscribere
1906 1020 2024 1092 jus-

451 1099 616 1158 serat,
645 1089 800 1151 nobis
824 1098 892 1153 ad
930 1100 1275 1172 relegendum
1307 1107 1546 1162 ostendit
1573 1127 1585 1162 :
1628 1109 1822 1178 quibus
1851 1089 2027 1181 inspe

449 1183 556 1239 etis
581 1184 786 1254 placuit
809 1191 963 1247 nobis
987 1194 1235 1261 petitioni
1261 1208 1572 1254 memoratae
1595 1200 1802 1255 dilecta:
1821 1202 2024 1256 sororis

443 1286 652 1333 nostra:
700 1279 1031 1339 Theodrada:
1065 1301 1323 1354 annuere,
1355 1299 1429 1357 et,
1468 1292 1608 1347 sicut
1653 1294 1890 1362 petebat,
1927 1309 2025 1363 per

447 1375 688 1422 nostram
751 1375 1129 1431 auctoritatem
1191 1382 1561 1450 supradictum
1633 1385 2022 1440 monasterium

443 1456 851 1531 Argentogilum
894 1466 961 1521 ad
1003 1476 1324 1537 potestatem
1356 1474 1528 1528 sancti
1555 1475 1792 1546 Dionysii
1822 1476 2023 1544 pretio-

441 1550 640 1605 sissimi
664 1552 866 1610 Christi
916 1562 1174 1631 martyris
1202 1579 1491 1632 revocare;
1528 1577 1856 1638 quapropter
1880 1569 2020 1623 hanc

441 1649 639 1700 nostra?
655 1649 996 1706 auctoritatis
1021 1653 1486 1712 confirmationem
1515 1659 1630 1714 ﬁeri
1650 1661 2017 1730 praecipimus,

437 1743 535 1797 per
588 1749 750 1803 quam
806 1742 1134 1798 omnimodis
1170 1746 1512 1803 decernimus
1565 1758 1726 1819 atque
1767 1752 2019 1819 jubemus

1597 361 1916 419 LUDOV’lCl
1956 365 1974 419 Ι
2011 364 2482 426 COGNOMENTO
2521 371 2604 426 Pl]

465 458 705 551 timentis
734 477 797 516 ae
847 465 1083 538 religiosi
1127 470 1364 527 hominis
1400 475 1616 531 nomine
1645 477 1944 534 Ermenriei
1971 494 2034 534 ac
2060 491 2113 551 Α

3591 376 3732 431 ΠΗ

2803 485 3031 541 CXXIII.

2579 591 2676 631 PRO
2706 591 2950 632 ECCLESIA
2977 593 3259 634 RHBHENSI.

2772 665 2944 736 (Anno
2974 667 3126 739 8'25.)

2133 769 2308 842 [Apud
2350 773 2413 829 D.
2469 776 2756 845 Bouquet.,
2789 777 2943 843 ibid.,
2972 794 3094 850 pag.
3130 779 3234 834 545
3256 795 3342 843 ,ex
3384 779 3728 844 Flodoardo,

2383 865 2498 937 (lib.
2530 883 2566 920 ιι
2596 867 2736 922 Hist.
2773 867 2975 923 Eccles.
3004 868 3215 933 Rhem.,
3268 885 3316 924 e.
3350 868 3461 941 i9.]

2195 955 2252 1008 In
2300 959 2516 1012 nomine
2560 959 2770 1013 Domini
2809 961 2902 1014 Dei
2939 968 2993 1013 et
3032 959 3330 1014 Salvatoris
3365 962 3535 1016 nostri
3589 958 3726 1014 Iesu

2127 1044 2344 1112 Christi,
2405 1049 2709 1104 Ludovicus
2757 1058 2812 1104 et
2859 1049 3164 1114 Lotharius,
3194 1049 3374 1104 divina
3425 1052 3730 1106 ordinante

2125 1137 2483 1204 providentia,
2513 1140 2866 1208 imperatores
2909 1140 3153 1211 Augusti.

2196 1225 2254 1281 Si
2299 1227 2638 1284 liberalitatis
2677 1239 2879 1286 nostra:
2919 1245 3142 1286 munere
3190 1232 3324 1287 locis
3353 1233 3462 1288 Deo
3514 1232 3727 1287 dicatis

2124 1319 2374 1388 quiddam
2408 1318 2733 1376 conferimus
2762 1321 3027 1386 beneﬁcii,
3073 1331 3128 1377 et
3154 1325 3507 1378 necessitates
3535 1323 3726 1378 eccle-

2123 1407 2367 1463 siasticas
2401 1418 2587 1464 nostro
2623 1409 2923 1466 relevamus
2943 1409 3241 1478 juvamine,
3277 1413 3328 1467 id
3373 1414 3531 1467 nobis
3558 1421 3623 1466 et
3649 1412 3724 1465 ad

2123 1500 2404 1555 mortalem
2443 1501 2609 1555 vitam
2652 1503 3020 1573 temporaliter
3066 1504 3485 1574 transigendam,
3533 1513 3593 1557 et
3648 1503 3721 1556 ad

2121 1597 2378 1644 tetemam
2421 1588 2652 1644 feliciter
2709 1590 3055 1646 obtinendam
3110 1589 3451 1661 profuturum
3501 1590 3720 1660 liquido

2121 1678 2408 1734 credimus.
2458 1679 2664 1735 idcirco
2694 1687 2880 1734 notum
2916 1680 3034 1735 ﬁeri
3062 1679 3307 1735 volumus
3342 1680 3596 1734 omnibus
3656 1680 3723 1733 ti-

2122 1764 2331 1820 delibus
2366 1767 2586 1831 nostris,
2611 1768 2966 1837 prazsentibus
2986 1768 3190 1822 scilicet
3210 1777 3266 1822 et
3306 1768 3518 1831 futuris,
3556 1767 3715 1838 quod

738 1826 942 1928 diem“
1013 1837 1400 1928 Ψοηθεῑονῖυφ
1439 1838 1850 1911 Ατεεηιοςίιυιη
1895 1849 2018 1909 Ροεῑ
2048 1840 2092 1898 Β
2121 1863 2361 1909 sanctam
2388 1819 2744 1911 Rhemerisem
2773 1857 3081 1922 ecclesiam,
3117 1858 3171 1911 in
3201 1873 3307 1927 qua
3343 1819 3717 1928 praedecesso-

435 1907 608 1976 ipsius
633 1911 843 1970 dilectae
873 1922 1076 1976 sororis
1105 1932 1305 1980 nostra:
1329 1927 1397 1980 ab
1427 1907 1661 1983 hacvvita
1688 1907 2007 1992 discessum,

438 1997 504 2050 ad
541 2007 932 2061 monasterium
984 2019 1040 2065 et
1081 2021 1407 2081 potestatem
1457 2033 1599 2087 saepe
1640 2019 1769 2073 dicti
1817 2020 2013 2073 beatis-

433 2088 558 2144 simi
592 2090 796 2149 Christi
830 2102 1084 2171 martyris
1109 2102 1369 2175 Dionysii,
1395 2108 1460 2160 ad
1483 2123 1643 2177 quam
1665 2110 1916 2178 primitus
1941 2109 2011 2166 ob

432 2179 526 2234 Dei
594 2196 833 2239 amorem
860 2195 916 2242 et
975 2190 1216 2258 ipsorum
1268 2202 1577 2250 sanctorum
1648 2199 2011 2252 reverentiam

433 2271 687 2343 piamque
725 2277 1168 2338 intercessionem
1198 2300 1227 2338 a
1264 2287 1588 2354 supradictis
1621 2288 1716 2342 Dei
1767 2288 2013 2345 ﬁdelibus

429 2362 689 2419 traditum
745 2368 830 2422 vel
878 2371 1243 2428 condonatum
1292 2374 1457 2432 fuisse
1495 2379 1756 2443 noscitur,
1811 2381 2013 2450 absque

431 2451 594 2507 ullius
619 2469 866 2522 persona:
892 2463 1336 2529 contradictione,
1352 2473 1456 2519 aut
1480 2476 1664 2520 nostra
1689 2469 1770 2521 vel
1797 2483 2011 2523 succes-

431 2558 614 2599 sorum
641 2556 951 2606 nostrorum
975 2553 1402 2626 interrogatione
1419 2558 1731 2628 recipiatur,
1748 2569 1802 2615 et
1817 2561 1869 2614 in
1888 2560 2012 2630 jure

427 2652 492 2692 ae
528 2637 899 2699 dominatione
923 2646 1094 2715 ipsius
1110 2651 1448 2716 monasterii,
1473 2666 1592 2706 cum
1618 2654 1765 2707 omni
1793 2655 2012 2724 integri-

429 2742 540 2788 tate
570 2735 650 2790 vel
682 2739 1009 2806 appenditiis
1036 2744 1172 2807 suis,
1219 2746 1478 2814 quidquid
1523 2747 1719 2801 ibidem
1760 2749 2012 2817 praesenti

429 2832 671 2893 tempore
717 2827 958 2882 cernitur
1003 2832 1295 2900 pertinere,
1321 2844 1618 2889 revocetur.
1679 2835 1745 2888 Et
1791 2837 1834 2890 si
1876 2834 2012 2890 forte

428 2916 719 2983 contigerit
747 2927 807 2970 ut
845 2920 1035 2975 eadem
1083 2937 1238 2976 soror
1277 2923 1448 2993 ipsum
1499 2926 1882 2979 monasterium
1921 2934 2013 2979 aut

430 3015 729 3075 spontanea
761 3009 1060 3078 voluntate,
1097 3021 1155 3067 ut
1184 3014 1438 3078 diximus,
1466 3023 1559 3068 aut
1588 3030 1685 3084 pro
1715 3023 2012 3070 commuta-

428 3099 573 3153 tione
598 3099 822 3162 alterius
853 3105 1166 3158 monasterii
1195 3112 1319 3160 ante
1351 3105 1512 3159 ﬁnem
1543 3107 1666 3159 vitec
1692 3121 1806 3160 sua:
1832 3106 2014 3177 dimib

428 3198 541 3243 tere
576 3188 735 3254 velit,
771 3200 900 3245 tunc
942 3192 1289 3248 nihilominus
1340 3195 1543 3263 absque
1591 3194 1694 3248 ulla
1740 3196 2009 3250 eontradi-
2037 3181 2080 3241 (ἶ

425 3282 607 3337 ctione
636 3291 1067 3353 autexspectata
1096 3287 1522 3356 consignatione,
1575 3288 1640 3340 ad
1667 3285 1876 3355 praefati
1902 3302 2012 3342 mo-

430 3374 655 3427 nasterii
681 3376 936 3445 martyris
979 3375 1176 3430 Christi
1205 3375 1444 3446 Dionysii
1475 3378 1883 3442 monasterium,
1909 3376 2012 3431 sic—

428 3472 486 3516 ut
514 3479 674 3532 supra
723 3465 987 3519 inscrtum
1033 3473 1134 3531 est,
1184 3466 1571 3536 perpetualitcr
1598 3466 1665 3520 ad
1706 3467 2009 3521 habendum

427 3554 720 3622 recipiatur
745 3573 758 3607 :
789 3565 842 3607 et
871 3555 923 3608 in
957 3558 1298 3624 postmodum
1328 3557 1473 3610 nullo
1508 3572 1743 3626 unquam
1772 3565 2012 3625 tempore

429 3647 534 3701 ulla
564 3646 803 3717 qualibet
832 3648 1092 3718 dignitate
1116 3657 1208 3702 aut
1233 3656 1501 3717 potestate
1530 3648 1750 3717 praedita
1779 3661 2010 3717 persona

427 3740 735 3796 rectoribus
763 3741 1079 3811 monasterii
1125 3740 1336 3811 praefati
1372 3755 1435 3795 ac
1473 3740 1772 3794 beatissimi
1812 3739 2012 3795 Christi

428 3832 684 3900 martyris
711 3814 948 3902 Dionysii
977 3831 1209 3901 aliquam
1238 3830 1641 3899 requisitionem
1670 3829 1870 3895 facere,
1920 3837 2013 3884 aut

427 3923 591 3976 ullam
637 3920 967 3987 calumniam
1015 3923 1260 3990 ingerere
1305 3929 1594 3988 praesumat
1630 3938 1642 3972 :
1716 3920 1811 3973 sed
1856 3919 2012 3973 liccat

429 4013 552 4078 illis,
599 4013 716 4068 sine
762 4011 1049 4081 cujuslibet
1088 4009 1287 4078 injusta
1324 4008 1767 4078 interrogatione,
1813 4005 2009 4077 praefa-

431 4115 543 4159 tum
570 4105 961 4160 monasterium
989 4100 1417 4172 Argentogilum,
1464 4100 1604 4153 sicut
1628 4106 1850 4152 creteras
1900 4111 2007 4159 res,

431 4197 500 4250 ad
525 4194 670 4249 beati
711 4193 950 4264 Dionysii
990 4199 1309 4262 potestatem
1357 4189 1518 4244 simili
1547 4189 1704 4244 modo
1741 4188 2010 4243 condona-

432 4296 516 4341 tas
561 4301 626 4341 ac
647 4285 1003 4356 pertinentes,
1048 4283 1232 4352 quieto
1265 4281 1455 4336 ordine
1501 4288 1687 4333 tenere
1730 4293 1794 4333 ac
1832 4278 2011 4346 dispo—

432 4392 598 4441 nere;
633 4384 689 4431 et
716 4373 976 4445 quidquid
1015 4388 1113 4443 pro
1136 4370 1536 4442 Opportunitate
1579 4375 1739 4438 atque
1781 4367 2011 4420 utilitate

435 4457 604 4536 ipsius
632 4466 874 4521 ecclesiae
913 4463 1206 4520 secundum
1254 4458 1575 4514 Christiana:
1612 4456 1885 4527 religionis
1928 4471 2011 4514 re-

435 4559 614 4617 gulam
642 4557 819 4614 facere
845 4555 1150 4617 voluerint,
1191 4551 1417 4606 liberam
1463 4549 1517 4603 in
1543 4547 1792 4602 omnibus
1815 4546 2014 4601 habere

435 4615 778 4718 potestatem.
828 4645 894 4699 Et
921 4651 981 4698 ut
1001 4645 1116 4698 hate
1138 4615 1437 4696 auctoritas
1466 4636 1890 4692 conﬁrmationis
1920 4651 2014 4691 seu

438 4739 756 4796 redditionis
789 4744 990 4793 nostrae
1015 4749 1112 4806 per
1155 4733 1336 4788 futura
1367 4741 1608 4800 tempora
1653 4730 2014 4784 inviolabilem

438 4842 599 4902 atque
629 4828 996 4885 inconvulsam
1017 4826 1261 4882 obtineat
1283 4819 1876 4885 ﬁrmitatem,manibus
1895 4834 2019 4889 proL

437 4924 568 4994 priis
596 4922 797 4976 nostris
823 4921 1010 4975 subter
1038 4931 1160 4972 eam
1187 4913 1608 4977 ﬁrmavimus,et
1637 4908 1819 4964 annuli
1846 4908 2016 4962 nostri

437 5009 794 5080 impressione
815 5007 1017 5078 signari
1041 5005 1320 5076 jussimus.

507 5101 732 5169 Signum
758 5097 1013 5153 Ludovici
1041 5094 1369 5150 serenissimi
1395 5088 1761 5158 imperatoris.

508 5191 733 5262 Signum
761 5187 1002 5243 Lotharii
1034 5182 1406 5256 gloriosissimi
1437 5179 1679 5249 Augusti.

509 5281 793 5338 Durandus
816 5279 1074 5335 diaconus
1104 5275 1171 5331 ad
1191 5276 1361 5330 vicem
1390 5268 1658 5340 Fridugisi
1689 5266 2018 5333 recognovit.

514 5603 539 5631 α
587 5588 751 5644 Putat
790 5585 1042 5641 Marlotus
1097 5585 1199 5640 hoc
1241 5592 1563 5653 prmccptum
1605 5583 1783 5636 datum
1837 5583 2020 5643 fuisse,

449 5657 756 5727 Eboncjam
794 5665 1195 5713 evauctiurato.
1234 5652 1354 5707 cum
1402 5652 1560 5720 hujus
1590 5654 1637 5706 in
1675 5669 1736 5707 cn
1789 5669 1891 5707 nan
1917 5668 2022 5707 tne-

2114 1958 2202 1999 res
2229 1946 2420 2010 posui,
2450 1962 2604 2018 reges
2631 1948 2882 2003 videlicet
2911 1947 3262 2014 Francorum,
3308 1950 3463 2004 ﬁdem
3483 1958 3536 2005 et
3561 1952 3714 2006 sacri

2113 2034 2200 2101 ba;
2224 2033 2451 2088 tismatis
2479 2036 2705 2104 gratiam
2735 2046 3112 2107 perceperunt,
3147 2039 3200 2092 in
3242 2054 3346 2109 qua
3381 2048 3436 2093 et
3469 2054 3567 2094 nos
3607 2057 3714 2110 per

2114 2120 2511 2190 impositionem
2545 2138 2738 2178 manus
2769 2125 2947 2179 domni
2973 2125 3230 2196 Stephani
3271 2143 3420 2197 papa:
3444 2129 3710 2198 imperia-

2114 2208 2184 2261 lia
2213 2212 2541 2278 sumpsimus
2564 2212 2812 2283 insignia,
2850 2215 2920 2269 ob
2954 2217 3314 2271 reverentiam
3352 2218 3472 2273 ﬁdei
3516 2218 3712 2273 Chris-

2115 2299 2275 2353 tiante
2312 2308 2365 2354 et
2385 2300 2454 2354 ob
2482 2301 2677 2357 animae
2714 2312 2912 2358 nostra:
2949 2305 3174 2360 salutem
3213 2307 3284 2360 ab
3311 2308 3416 2362 imo
3458 2310 3709 2364 construi

2101 2390 2358 2460 (fecimus,
2413 2407 2641 2461 eamque
2699 2395 2750 2447 in
2796 2395 3058 2449 honorem
3108 2397 3318 2450 Domini
3357 2400 3529 2452 nostri
3570 2399 3708 2455 Jesu

2113 2479 2311 2535 Christi
2341 2482 2625 2537 salvatoris
2646 2484 2851 2548 mundi,
2891 2484 3051 2538 simul
3096 2495 3151 2539 et
3199 2486 3251 2539 in
3283 2488 3540 2542 honorem
3563 2489 3710 2558 ejus-

2114 2574 2233 2627 dem
2273 2582 2471 2628 sancta:
2512 2583 2566 2629 et
2601 2575 2936 2630 intemeratze
2973 2577 3252 2646 genitricis
3289 2577 3484 2640 Mariae,
3511 2594 3708 2635 conse-

2113 2664 2252 2717 crari
2294 2664 2672 2730 decrevimus;
2709 2665 2891 2734 itaque
2930 2666 3111 2720 divina
3167 2668 3516 2736 inspiratione
3556 2684 3708 2724 eom-

2111 2757 2295 2825 puneti
2335 2765 2388 2812 et
2410 2758 2647 2813 caelestis
2674 2760 2863 2829 patrim
2908 2776 3092 2815 amore
3142 2765 3409 2828 succensi,
3451 2767 3701 2834 quaedam

2113 2847 2311 2917 praedia
2335 2865 2468 2918 qua:
2497 2850 2672 2904 eidem
2705 2860 2905 2906 sancta:
2936 2854 3048 2906 sedi
3071 2854 3340 2922 quondam
3381 2855 3562 2910 ablata
3587 2854 3706 2909 fue-

2116 2944 2258 3002 rant,
2291 2937 2482 2992 devota
2511 2949 2692 2994 mente
2721 2941 2936 2994 restitui
2982 2943 3261 3011 jussimus,
3292 2943 3347 2997 id
3375 2951 3460 2998 est
3492 2946 3546 2998 in
3574 2946 3707 2999 sub—

2115 3028 2335 3082 urbanis
2364 3029 2533 3097 ipsius
2571 3040 2772 3085 sanetaa
2803 3032 3055 3085 Ecclesiae
3085 3033 3301 3086 titulum
3331 3031 3388 3087 S.
3409 3032 3567 3098 Sixti,
3597 3051 3701 3089 nec

2114 3130 2220 3170 non
2261 3124 2316 3171 et
2357 3118 2571 3172 titulum
2600 3118 2658 3173 S.
2700 3119 2939 3185 Martini,
2983 3137 3103 3174 cum
3135 3122 3458 3192 appenditiis
3489 3138 3698 3178 eorum:

2114 3207 2352 3260 exterius
2380 3208 2544 3261 etiam
2567 3209 2622 3262 in
2647 3209 2831 3263 eadem
2853 3209 3130 3277 parochia,
3156 3211 3208 3263 in
3229 3221 3410 3266 castro
3434 3212 3702 3268 Vonzensi

2114 3297 2327 3350 titulum
2371 3298 2769 3367 baptismalem,
2813 3307 2869 3353 et
2891 3299 3102 3353 titulum
3131 3301 3184 3352 in
3214 3299 3402 3354 eadem
3445 3303 3702 3370 parochi:

2115 3386 2170 3441 S.
2194 3385 2418 3441 Joannis
2441 3388 2691 3444 similiter
2719 3389 3120 3459 baptismalem,
3146 3405 3266 3443 eum
3295 3391 3409 3444 suis
3447 3394 3705 3463 appendi-

2113 3477 2202 3531 tiis
2227 3487 2282 3531 et
2307 3478 2672 3533 Bretiniacum
2707 3494 2721 3532 :
2762 3479 2944 3533 villam
2975 3463 3189 3548 quoque
3221 3478 3557 3548 Spernacum
3580 3497 3702 3536 cum

2081 3568 2433 3636 ‘appenditiis
2475 3569 2587 3622 suis
2607 3577 2661 3623 et
2691 3570 2742 3624 in
2776 3570 2900 3623 villa
2926 3585 3045 3644 quae
3075 3578 3299 3625 vocatur
3335 3571 3556 3635 Lucida,
3603 3590 3706 3629 nec

2114 3671 2218 3709 non
2246 3664 2300 3710 et
2341 3657 2395 3710 in
2439 3656 2740 3713 Proviliaco
2766 3660 2820 3712 in
2866 3660 3054 3714 eodem
3097 3674 3236 3728 pago
3271 3660 3609 3716 Rhemensi:
3650 3664 3703 3716 in

2111 3761 2249 3816 pago
2263 3761 2403 3813 ,vero
2448 3746 2787 3802 Dulcomensi
2824 3749 3008 3802 villam
3051 3764 3170 3819 quae
3204 3758 3433 3803 vocatur
3467 3750 3702 3815 Canera,

2110 3851 2322 3892 necnon
2360 3845 2414 3891 et
2462 3838 2516 3892 in
2544 3839 2666 3892 villa
2689 3855 2808 3908 quae
2843 3840 3042 3894 dicitur
3088 3840 3266 3894 Verna
3291 3841 3348 3893 in
3392 3857 3533 3913 pago
3580 3844 3705 3898 Ver-

2111 3926 2350 3989 tudensi,
2394 3926 2478 3980 vel
2506 3928 2551 3981 si
2591 3927 2732 3982 forte
2774 3929 3028 3999 deinceps
3069 3931 3132 3984 de
3161 3931 3323 3985 rebus
3371 3941 3577 3987 sanetae
3603 3935 3704 3989 Ec-

2111 4015 2289 4070 clesia:
2309 4016 2582 4085 praedictas
2619 4020 2951 4088 temporibus
2980 4019 3180 4074 nostris
3222 4021 3396 4075 adhuc
3441 4026 3702 4091 superad-

2109 4104 2342 4160 dendum
2371 4107 2728 4173 decrevimus,
2783 4110 3069 4164 statuimus
3093 4124 3190 4178 per
3209 4110 3310 4164 hoc
3332 4120 3534 4166 nostrae
3573 4127 3703 4168 anc-

2110 4197 2345 4250 toritatis
2372 4208 2396 4237 ι
2428 4205 2752 4267 praeceptum
2790 4206 2850 4252 ut
2887 4213 2994 4252 non
3031 4206 3234 4252 tantum
3285 4201 3351 4254 de
3382 4201 3502 4256 istis
3538 4203 3697 4258 resti-

2109 4285 2258 4350 tutis,
2289 4284 2381 4339 sed
2420 4286 2582 4347 etiam
2629 4287 2996 4354 restituendis,
3043 4288 3300 4357 quidquid
3340 4291 3407 4344 de
3443 4291 3575 4359 ipsis
3622 4294 3703 4348 vel

2110 4372 2165 4428 in
2200 4376 2329 4445 ipsis
2370 4385 2609 4432 rectores
2647 4387 2702 4433 et
2729 4378 2963 4434 ministri
2991 4371 3416 4450 praememoratte
3441 4382 3702 4441 Ecclesia

2115 4463 2393 4533 elegerint,
2434 4465 2508 4518 ita
2547 4466 2776 4520 debeant
2810 4469 3196 4539 perpetualitcr
3222 4470 3500 4539 possidere
3535 4481 3704 4543 atque

2118 4552 2394 4618 ordinare,
2446 4553 2528 4609 vel
2559 4556 2722 4609 etiam
2771 4555 2968 4622 facere,
3015 4567 3386 4629 proutcunque
3434 4561 3535 4615 sibi
3580 4578 3704 4632 pro-

2119 4642 2340 4710 pensius
2400 4643 2662 4710 voluerit,
2692 4655 2754 4700 ut
2803 4648 3012 4717 absque
3039 4647 3210 4713 ullius
3250 4649 3448 4717 iniusta
3486 4661 3702 4706 contra-

2121 4732 2356 4787 dictione
2403 4734 2656 4788 ordinent
2701 4742 2863 4806 atque
2893 4737 3196 4806 disponant,
3225 4745 3281 4792 et
3309 4737 3514 4793 faciant
3553 4743 3705 4811 quid-

2122 4822 2248 4889 quid
2287 4822 2503 4877 utilitati
2551 4823 2820 4893 praedictaa
2857 4826 3097 4881 ecclesia:
3147 4841 3443 4895 congruere
3483 4837 3537 4882 et
3576 4845 3704 4884 eon-

2123 4911 2721 4980 venireperspexerint.
2764 4914 2831 4968 Et
2861 4922 2917 4968 ut
2956 4915 3071 4969 hcec
3119 4923 3318 4970 nostrae
3366 4920 3704 4975 auctoritatis

2121 4999 2460 5059 conﬁrmatio
2481 5003 2835 5071 praesentibus
2861 5004 3159 5073 futurisque
3190 5005 3484 5059 ﬁrmiorem
3509 5008 3563 5062 ir.
3589 5024 3712 5063 om-

2123 5087 2279 5142 nibus
2328 5105 2540 5160 semper
2581 5074 2823 5148 obtineat
2859 5095 3119 5164 vigorem,
3171 5094 3419 5148 manibus
3469 5097 3703 5165 propriis

2123 5177 2309 5230 subter
2349 5179 2682 5236 ﬁrmavimus
2716 5190 2770 5236 et
2799 5183 2978 5238 annuli
3013 5185 3182 5239 nostri
3227 5183 3577 5254 impressione
3626 5186 3704 5238 si-

2126 5269 2277 5337 gnari
2299 5269 2579 5338 jussimus.

2126 5583 2378 5637 minerint
2401 5585 2769 5652 imperatores.
2795 5584 3119 5640 cathedralis
3137 5601 3267 5641 vero
3295 5585 3534 5642 ecclesia!
3558 5594 3669 5640 stru

2126 5662 2332 5707 oturam
2363 5656 2576 5722 penitus
2601 5656 2918 5725 completam
2944 5656 3266 5727 signiﬁcent.
