3936 6316
543 379 680 434 ΗΠ

1683 375 2008 433 ιυῡΟΥΙΟΙ
2049 377 2068 432 1
2107 375 2583 434 COGNOMENTO
2626 377 2712 431 ΡΠ

3694 383 3823 435 “£8

607 492 872 550 Omnibus
942 489 1191 545 ﬁdelibus
1236 496 1438 544 sancta
1488 489 1583 544 Dei
1632 488 1889 544 Ecclesia:
1932 499 1988 544 et
2028 505 2124 544 no-
2151 496 2201 554 Α
2228 491 2394 553 sibus,
2437 490 2728 556 farinariis,
2761 494 2998 548 exitibus
3033 505 3086 548 et
3112 497 3471 564 regressibus,
3510 514 3639 552 cum
3679 516 3822 553 man-

541 585 694 646 stris,
735 596 830 636 seu
857 580 1020 635 etiam
1062 579 1173 633 Deo
1203 577 1552 648 dispensante
1598 581 2001 636 successoribus
2029 596 2126 635 no-

539 675 690 741 stris,
742 681 932 729 notum
981 673 1054 728 sit
1101 673 1228 743 quia
1280 673 1605 728 venerabilis
1649 674 1912 730 Alboinus
1957 676 2126 730 abbas

538 766 861 822 monasterii
885 763 944 819 S.
983 763 1221 828 Carileﬁ,
1263 765 1406 834 quod
1429 764 1628 819 dicitur
1662 764 1900 828 Anisola,
1936 765 2002 819 ad
2031 781 2128 821 no-

539 867 709 914 stram
759 856 1027 913 accedens
1074 856 1437 918 clementiam,
1489 857 1758 926 suggessit
1808 865 2124 910 mansuetu-

537 949 651 1004 dini
673 955 892 1012 nostraz,
922 954 982 1000 ut
1009 947 1148 1001 sicut
1175 947 1472 1001 auctoritas
1500 947 1759 1001 canonica
1788 958 1843 1000 et
1865 945 2126 1017 regularis

531 1039 706 1109 jubet,
734 1039 1066 1093 monasterio
1093 1039 1179 1093 cui
1207 1039 1320 1107 ipse
1353 1038 1466 1092 Deo
1504 1047 1726 1093 auctore
1766 1046 1984 1106 praeest,
2028 1053 2128 1106 per

537 1141 784 1186 nostrum
807 1141 1136 1201 praeceptum
1167 1130 1489 1184 conﬁrmare
1520 1138 1576 1185 et
1600 1138 1722 1198 post
1756 1129 1874 1197 ejus
1891 1131 2123 1192 obitum,

537 1220 582 1275 si
611 1221 737 1276 talis
760 1222 1012 1276 inventus
1041 1221 1096 1275 in
1118 1221 1380 1290 praedicto
1417 1221 1748 1275 monasterio
1791 1219 2004 1284 fuisset,
2032 1220 2124 1288 qui

536 1314 833 1368 secundum
879 1313 1121 1383 regulam
1170 1313 1344 1367 sancti
1389 1311 1665 1366 Benedicti
1698 1313 1979 1366 monachis
2016 1312 2126 1366 Deo

536 1404 741 1460 ibidem
779 1402 1147 1469 militantibus
1199 1411 1476 1474 pratesset,
1527 1403 1785 1472 prodesse
1835 1404 2123 1472 potuisset,

534 1494 808 1550 licentiam
835 1495 1102 1551 haberent
1146 1495 1288 1550 inter
1312 1511 1370 1550 se
1398 1495 1627 1564 eligendi
1655 1495 1923 1553 abbatem.
1962 1495 2127 1565 Cujus

536 1584 972 1654 deprecationem
1003 1584 1130 1653 quia
1159 1585 1308 1654 justa
1351 1592 1408 1638 et
1443 1585 1780 1640 rationabilis
1825 1585 1982 1640 nobis
2010 1587 2124 1640 visa

537 1682 645 1740 est,
676 1689 864 1729 aurem
906 1674 1457 1739 accommodavimus,
1489 1682 1544 1727 et
1572 1675 1674 1729 hos
1712 1683 1928 1729 nostros
1957 1675 2127 1743 impe—

537 1763 701 1820 riales
745 1765 927 1834 apices
965 1763 1084 1818 ﬁeri
1128 1764 1414 1835 jussimus,
1463 1779 1562 1834 per
1601 1779 1738 1833 quos
1783 1763 2127 1820 decernimus

2230 581 2386 650 cipiis
2418 582 2615 636 ibidem
2667 585 3152 650 commanentibus,
3199 601 3322 641 cum
3350 587 3496 641 omni
3529 587 3824 658 agnationu

2227 687 2435 738 eorum,
2468 673 2647 727 omnia
2670 682 2724 733 et
2757 688 2823 728 ex
2848 676 3121 742 omnibus,
3152 684 3324 731 totum
3348 687 3406 733 ct
3427 679 3494 732 ad
3520 680 3822 749 integrum,

2228 763 2488 832 quidquid
2531 764 2595 818 ad
2639 764 2812 833 ipsam
2860 767 3043 820 villam
3089 768 3332 836 aspicere
3380 769 3597 823 videtur
3643 787 3657 832 ;
3725 787 3822 824 nec

2228 869 2335 908 non
2378 863 2432 907 et
2456 852 2511 907 in
2541 869 2676 925 pago
2716 854 3047 912 Nivernense
3075 857 3257 912 villam
3293 859 3442 928 cujus
3486 861 3822 915 vocabulum

2227 950 2310 998 est
2361 945 2731 1013 Aptannacus,
2781 962 2904 1001 cum
2960 948 3194 1003 ecclesia
3245 949 3442 1004 ibidem
3473 960 3820 1005 constructa.

2226 1049 2350 1088 cum
2406 1035 2629 1100 mansis,
2689 1035 2954 1100 domibus,
3016 1037 3278 1103 aediﬁciis,
3337 1040 3524 1104 vineis,
3582 1042 3820 1108 campis,

2226 1126 2414 1194 pratis,
2443 1126 2681 1195 pascuis,
2707 1127 2862 1196 aquis
2897 1143 3225 1197 aquarumve
3255 1130 3590 1194 decursibus,
3644 1131 3820 1191 silvis,

2227 1215 2462 1270 exitibus
2513 1224 2567 1270 et
2629 1218 2966 1288 regressibus
2997 1258 3013 1284 ,
3069 1227 3125 1273 et
3183 1235 3307 1274 cum
3366 1222 3660 1290 mancipiis
3725 1223 3822 1276 ibi-

2228 1304 2349 1358 dem
2395 1307 2862 1362 commanentibus
2891 1347 2907 1374 ,
2973 1309 3057 1364 vel
3122 1325 3247 1365 cum
3309 1311 3453 1364 omni
3512 1312 3814 1381 agnatione

2227 1409 2433 1461 eorum,
2479 1399 2658 1452 omnia
2707 1407 2762 1453 et
2810 1415 2877 1454 ex
2926 1402 3193 1467 omnibus,
3245 1411 3731 1472 quantumcunque
3757 1404 3822 1456 ad

2228 1486 2400 1554 ipsam
2435 1487 2616 1540 villam
2642 1489 2885 1557 aspicere
2913 1491 3125 1546 videtur
3149 1510 3164 1545 :
3195 1491 3235 1546 E
3267 1501 3451 1547 contra
3478 1493 3534 1547 in
3563 1509 3821 1563 compen-

2229 1576 2438 1631 satione
2467 1575 2627 1645 bujus
2667 1579 2747 1632 rei
2794 1580 2942 1634 dedit
2968 1591 3302 1638 memoratus
3347 1582 3609 1639 Warinus
3637 1600 3820 1638 comes

2227 1676 2279 1721 et
2309 1683 2448 1722 uxor
2477 1668 2685 1722 Albana
2721 1670 2788 1724 de
2836 1672 2998 1726 rebus
3025 1674 3373 1742 proprietatis
3404 1689 3594 1728 eorum
3644 1676 3819 1729 eidem

2229 1754 2542 1812 Hildebaldo
2595 1758 2845 1829 episcopo
2902 1761 2969 1814 ad
3021 1770 3229 1830 partem
3281 1761 3536 1816 Ecclesiae
3589 1779 3709 1816 sua:
3771 1766 3818 1816 in

536 1862 699 1923 atque
735 1854 988 1924 jubemus
1018 1865 1078 1908 ut
1119 1862 1239 1923 post
1265 1853 1510 1922 prredicti
1542 1853 1753 1907 abbatis
1800 1853 2124 1918 discessum,
2155 1871 2201 1928 Β
2229 1848 2418 1902 eodem
2460 1863 2598 1917 pago
2629 1847 2962 1905 Matescense
3004 1851 3203 1916 villam,
3253 1853 3340 1906 cui
3386 1853 3714 1908 vocabulum
3744 1865 3820 1908 εει

535 1944 580 1997 si
606 1944 728 1998 talis
757 1943 826 1998 ibi
851 1943 922 1998 de
949 1945 1138 1998 eadem
1167 1945 1586 2014 congregatione
1609 1945 1860 1998 inventus
1880 1952 2128 2013 repertus

537 2030 720 2098 fuerit,
751 2034 844 2102 qui
873 2042 1099 2089 caeteros
1127 2033 1423 2087 secundum
1462 2033 1703 2101 regulam
1752 2033 1925 2086 sancti
1955 2032 2129 2086 Bene-

537 2122 668 2177 dicti
713 2138 901 2193 regere
928 2123 1122 2192 possit,
1167 2122 1440 2177 licentiam
1485 2123 1723 2177 habeant
1773 2123 1916 2177 inter
1944 2137 2002 2177 se
2031 2122 2128 2177 eli-

539 2212 701 2282 gendi
731 2212 1003 2278 abbatem,
1038 2213 1272 2281 qualiter
1314 2213 1486 2282 ipsam
1529 2214 2005 2282 congregationem
2030 2228 2129 2282 pro

537 2302 717 2366 nobis,
740 2301 970 2372 conjuge
996 2310 1205 2367 nostra,
1233 2302 1493 2371 proleque
1517 2311 1726 2366 nostra,
1753 2310 1808 2357 et
1837 2304 2130 2358 stabilitate

538 2392 702 2447 totius
730 2393 941 2462 imperii
973 2393 1144 2447 nostri
1171 2393 1415 2447 hilariter
1442 2392 1656 2447 Domini
1699 2393 2128 2448 misericordiam

537 2498 766 2539 exorare
795 2484 1046 2538 delectet.
1092 2485 1160 2538 Et
1204 2493 1263 2538 ut
1307 2486 1447 2538 hanc
1493 2485 1882 2539 auctoritatem
1912 2499 1943 2538 a
1973 2485 2128 2538 nobis

537 2571 738 2626 factam
796 2573 978 2629 verius
1019 2573 1258 2628 credatis
1309 2583 1365 2629 et
1411 2574 1725 2644 diligentius
1768 2575 2126 2640 conservetis,

538 2677 706 2716 manu
752 2663 972 2732 propria
1017 2671 1203 2717 nostra
1247 2665 1434 2718 subter
1464 2664 1820 2729 ﬁrmavimus,
1843 2672 1897 2718 et
1941 2664 2127 2718 annuli

538 2753 714 2807 nostri
746 2753 1106 2822 impressione
1137 2755 1352 2822 signare
1376 2755 1660 2825 jussimus.

609 2842 834 2915 Signum
861 2844 1118 2899 Ludovici
1147 2845 1482 2900 serenissimi
1511 2845 1876 2914 imperatoris.

609 2935 896 2992 Durandus
950 2937 1211 2992 diaconus
1269 2939 1337 2992 ad
1398 2939 1571 2992 vicem
1631 2937 1898 3007 Fridegisi
1974 2952 2128 2992 reco-

537 3027 719 3097 gnovi.

611 3117 743 3170 Data
795 3118 968 3185 pridie
1016 3117 1285 3173 Kalendas
1331 3117 1499 3184 Junii,
1543 3134 1706 3183 anno,
1730 3118 1948 3173 Christo
1996 3133 2124 3187 pro-

2229 1936 2591 2006 Gemuliacus,
2624 1957 2746 1996 cum
2785 1943 3014 1997 ecclesia
3055 1944 3254 1998 ibidem
3309 1954 3646 2010 constructa,
3702 1963 3817 2001 cum

2228 2030 2451 2093 mansis,
2502 2030 2770 2096 domibus,
2825 2033 2984 2098 casis,
3036 2033 3301 2099 aediﬁciis,
3352 2035 3553 2100 vineis,
3591 2039 3814 2105 campis,

2229 2119 2422 2189 pratis,
2450 2120 2618 2186 silvis,
2651 2123 2886 2191 pascuis,
2918 2125 3072 2193 aquis
3115 2139 3448 2193 aquarumve
3477 2127 3814 2190 decursibus,

2231 2213 2524 2276 farinariis,
2556 2215 2791 2268 exitibus
2836 2222 2892 2268 et
2921 2216 3283 2286 regressibus,
3316 2225 3371 2270 et
3404 2219 3697 2286 mancipiis
3726 2219 3817 2272 ibi-

2231 2302 2352 2356 dem
2395 2304 2888 2372 commanentibus,
2920 2319 3044 2358 cum
3093 2307 3240 2360 omni
3289 2309 3580 2376 agnatione
3608 2325 3814 2371 eorum,

2231 2393 2409 2446 omnia
2436 2401 2493 2446 et
2525 2407 2592 2446 ex
2622 2395 2894 2459 omnibus,
2926 2404 3186 2463 quantum
3219 2399 3287 2451 ad
3317 2398 3487 2466 ipsam
3521 2399 3814 2454 Ecclesiam

2231 2481 2477 2549 aspicere
2504 2481 2738 2546 videtur,
2784 2491 2839 2536 et
2871 2498 3058 2538 eorum
3086 2488 3354 2554 possessio
3394 2503 3517 2542 esse
3549 2490 3812 2559 dignosci-

2231 2578 2337 2622 tur.
2394 2570 2462 2624 Et
2500 2571 2554 2624 in
2597 2586 2735 2641 pago
2763 2571 3081 2628 Nivernensi
3111 2575 3292 2629 villam
3317 2575 3470 2645 cujus
3501 2579 3815 2633 vocabulum

2230 2668 2316 2714 est
2337 2659 2702 2730 Calda-Aqua,
2733 2677 2855 2716 cum
2883 2663 3045 2726 casis,
3075 2664 3346 2730 domibus,
3373 2665 3642 2730 aediﬁciis,
3670 2684 3815 2720 man-

2231 2749 2342 2815 sis,
2373 2749 2572 2813 vineis,
2616 2751 2854 2819 campis,
2898 2753 3098 2820 pratis,
3142 2754 3395 2822 pascuis,
3436 2755 3620 2819 siln's,
3669 2758 3815 2825 aquis

2231 2857 2564 2910 aquarumve
2590 2843 2924 2907 decursibus,
2956 2846 3193 2901 exitibus
3221 2855 3278 2901 et
3307 2847 3667 2917 regressibus,
3697 2864 3810 2903 cum

2230 2933 2514 3001 mancipiis
2543 2933 2742 2988 ibidem
2769 2939 3270 3003 commanentibus,
3311 2955 3435 2994 cum
3473 2943 3619 2994 omni
3654 2958 3808 3011 agna-

2230 3027 2376 3080 tione
2406 3041 2616 3090 eorum,
2651 3030 2831 3082 omnia
2861 3037 2917 3082 et
2941 3045 3006 3082 ex
3034 3032 3310 3095 omnibus,
3342 3042 3810 3102 quantumcunque

2231 3115 2432 3170 ibidem
2462 3130 2649 3170 eorum
2678 3117 2955 3186 proprium
2985 3133 3112 3177 esse.
3133 3121 3368 3175 videtur.
3405 3120 3516 3175 Nec
3545 3137 3651 3176 non
3683 3132 3734 3175 et
3762 3126 3811 3176 in

535 3205 689 3274 pitio,
717 3205 785 3258 l2
809 3205 991 3260 domui
1034 3206 1288 3262 Ludovici
1317 3207 1682 3276 imperatoris,
1706 3208 2001 3262 indictione
2027 3215 2130 3260 ter-
2157 3240 2201 3302 ϐ
2234 3206 2428 3260 ducatu
2456 3205 2742 3261 Alvernico
2785 3208 2837 3262 in
2879 3224 3018 3277 pago
3047 3209 3388 3265 Donobrinse
3418 3212 3633 3277 villam,
3669 3213 3811 3280 cujus

540 3297 635 3350 tia.
666 3296 861 3352 Actum
890 3297 1646 3369 Aquisgrano,palatioregio.

1217 3409 1449 3465 CXXVI.

1057 3519 1121 3556 DE
1149 3519 1306 3556 \‘ll.l.A
1335 3517 1618 3557 CLUNIACO.

1150 3591 1321 3662 (Anno
1370 3592 1517 3663 825.)

539 3681 653 3754 [Ex
704 3682 1056 3754 cha_rtularior
1091 3684 1474 3748 Cluniacensi,
1528 3686 1668 3753 apud
1720 3685 1782 3737 D.
1828 3683 2128 3754 Bouq-uct.,

785 3751 1000 3805 Recueil
1023 3753 1112 3805 des
1134 3753 1282 3817 hist,
1308 3762 1439 3806 tom.
1473 3751 1702 3824 Vl,_pag.
1741 3753 1892 3824 546.]

607 3842 664 3895 ln
707 3843 928 3896 nomine
959 3841 1173 3895 Domini
1205 3842 1299 3895 Dei
1345 3851 1400 3897 et
1445 3841 1746 3897 Salvatoris
1788 3843 1959 3897 nostri
2002 3841 2129 3896 Jesu

535 3931 763 3997 Christi,
788 3931 1115 3996 Ludovicus,
1141 3931 1320 3985 divina
1343 3932 1629 3986 ordinante
1652 3933 2010 4002 providentia,
2032 3933 2130 3984 im-

535 4030 754 4091 perator
777 4022 1072 4093 Augustus.

610 4111 667 4167 Si
708 4095 855 4168 enim
879 4128 943 4168 ea
971 4128 1090 4181 quae
1116 4113 1303 4169 ﬁdeles
1336 4112 1550 4182 imperii
1596 4115 1768 4168 nostri
1816 4132 1914 4185 pro
1940 4134 2126 4173 eorum

535 4203 1032 4272 opportunitatibus
1085 4203 1227 4257 inter
1277 4217 1335 4257 se
1393 4207 1868 4272 commutaverint,
1927 4211 2129 4265 nostris

536 4293 925 4350 conﬁrmamus
976 4294 1188 4358 edictis,
1243 4295 1578 4362 imperialem
1628 4310 1951 4353 exercemus
2001 4316 2130 4354 con-

539 4382 905 4447 suetudinem,
933 4390 990 4436 et
1023 4382 1126 4437 hoc
1153 4383 1206 4436 in
1250 4383 1594 4452 postmodum
1642 4384 1766 4453 jure
1815 4387 2128 4444 ﬁrmissimo

537 4487 854 4526 mansurum
891 4486 1010 4527 esse
1055 4471 1321 4526 volumus.
1371 4472 1577 4527 Idcirco
1627 4477 1840 4529 noverit
1887 4479 2127 4532 omnium

540 4563 779 4619 ﬁdelium
837 4573 1168 4631 nostrorum,
1221 4569 1570 4636 praesentium
1623 4570 1831 4625 scilicet
1880 4581 1935 4625 et
1985 4571 2127 4627 futu-

543 4673 749 4723 rorum,
807 4659 1096 4723 industria,
1158 4662 1414 4735 quiavir
1467 4663 1793 4717 venerabilis
1843 4663 2123 4719 Ililduinus

533 4751 706 4804 abbas
746 4759 801 4806 et
843 4753 986 4805 sacri
1021 4753 1206 4822 palatii
1252 4769 1496 4809 summus
1547 4757 1857 4824 capellanus
1892 4759 2123 4811 innotuit

533 4843 809 4897 serenitati
842 4851 1059 4910 nostrae,
1105 4858 1170 4899 eo
1218 4847 1358 4914 quod
1384 4847 1729 4903 Hildebaldus
1775 4848 2123 4905 Matescensis

534 4931 787 4986 Ecclesia:
816 4933 1105 5002 episcopus
1135 4945 1190 4988 et
1234 4936 1322 4988 vir
1369 4936 1578 4991 illustcr
1627 4937 1892 4992 Warinus
1941 4953 2123 4993 comes

533 5023 598 5076 de
626 5024 947 5090 quibusdam
979 5026 1140 5079 rebus
1181 5041 1278 5092 pro
1324 5028 1594 5081 communi
1639 5031 1870 5084 utilitate
1900 5040 1954 5084 et
1977 5046 2123 5084 com-

533 5115 728 5183 pendio
757 5116 1065 5183 nuperrime
1093 5117 1233 5170 inter
1260 5133 1316 5171 se
1338 5121 1815 5174 commutationem
1849 5120 2120 5176 fecissent.

536 5204 693 5256 Dedit
752 5204 917 5273 igitur
976 5207 1269 5274 prmdictus
1323 5207 1668 5264 llildcbaldus
1723 5212 2007 5281 cpiscopus
2058 5227 2124 5265 cx

535 5295 745 5348 ratione
770 5297 1110 5364 episcopatus
1135 5300 1215 5352 sui
1242 5299 1415 5353 eidem
1440 5300 1662 5354 Warino
1684 5303 1866 5355 comiti
1891 5311 1946 5356 et
1966 5303 2123 5358 uxori

534 5398 645 5437 sua:
671 5384 909 5450 Albana:
958 5387 1025 5440 ad
1062 5402 1250 5443 eorum
1293 5392 1570 5460 proprium
1619 5394 2010 5460 perpetualiter
2055 5396 2120 5449 ad

536 5473 868 5543 habendum,
905 5479 956 5531 in
989 5480 1177 5534 eodem
1206 5497 1344 5551 pago
1370 5481 1705 5536 Matescense
1732 5483 1934 5547 villain,
1969 5483 2122 5552 cujus

535 5564 856 5619 vocabulum
901 5576 986 5622 est
1033 5567 1327 5633 Anniacus,
1376 5585 1498 5623 cum
1550 5571 1779 5625 ecclesia
1829 5572 1882 5625 in
1934 5574 2119 5627 eadem

537 5655 686 5720 villa,
717 5667 917 5714 etcum
953 5661 1116 5725 casis,
1142 5662 1411 5724 domibus,
1453 5663 1716 5728 mdiﬁciis,
1756 5663 1947 5728 vineis,
1979 5679 2122 5717 cam-

539 5748 643 5815 pis,
672 5751 864 5817 pratis,
910 5751 1078 5813 Sihis,
1115 5753 1345 5820 pascuis,
1381 5754 1535 5820 aquis
1559 5769 1886 5822 aquarumve
1930 5754 2121 5807 docur-

2234 3296 2554 3351 vocabulum
2581 3305 2664 3352 est
2690 3297 2974 3364 Lituinias,
3005 3315 3128 3353 cum
3157 3300 3324 3364 casis,
3356 3301 3627 3364 domibus,
3658 3303 3812 3355 acditi-

2235 3385 2350 3449 ciis,
2383 3388 2607 3453 mansis,
2639 3388 2840 3452 vineis,
2873 3390 3108 3458 campis,
3141 3391 3346 3460 pratis,
3375 3391 3554 3453 silvis,
3584 3394 3811 3460 pascuis,

2235 3478 2391 3546 aquis
2419 3493 2750 3548 aquarumve
2779 3479 3129 3545 decursibus,
3173 3490 3229 3536 et
3256 3497 3378 3536 cum
3408 3483 3694 3552 mancipiis
3723 3485 3812 3537 ibi-

2235 3569 2354 3622 dem
2384 3571 2880 3634 commanentibus,
2919 3585 3041 3624 cum
3071 3573 3356 3640 agnatione
3385 3585 3604 3637 eorum,
3637 3575 3809 3626 omnia

2233 3665 2287 3710 et
2307 3671 2379 3708 ex
2394 3658 2662 3720 omnibus,
2687 3666 3162 3727 quantumcunque
3189 3674 3378 3714 eorum
3402 3662 3682 3728 proprium
3706 3677 3813 3715 esse

2234 3747 2587 3817 dignoscitur.
2618 3748 2769 3804 Unde
2789 3757 2844 3803 et
2863 3750 2997 3804 duas
3021 3752 3476 3807 commutationes
3494 3753 3614 3821 pari
3640 3763 3812 3806 tenore

2233 3839 2599 3908 conscriptas,
2651 3841 3006 3910 manibusque
3045 3842 3313 3896 bonorum
3345 3843 3629 3896 hominum
3661 3845 3812 3896 robo-

2235 3938 2381 3982 ratas
2414 3944 2471 3982 se
2498 3944 2608 3998 prae
2634 3929 2885 3984 manibus
2915 3931 3114 3985 habere
3144 3930 3424 3999 professus
3451 3941 3566 3995 est;
3601 3934 3695 3987 sed
3725 3951 3812 4002 pro

2234 4021 2441 4088 integra
2483 4018 2741 4073 ﬁrmitate
2781 4019 2938 4090 petiit
2979 4019 3286 4074 celsitudini
3332 4031 3534 4077 nostra:
3581 4033 3638 4076 ut
3684 4026 3814 4094 ipsas

2207 4109 2687 4165 commutationes
2708 4109 2882 4163 denuo
2904 4123 3000 4180 per
3019 4120 3220 4165 nostra:
3240 4113 3677 4168 mansuetudinis
3697 4130 3811 4183 prce

2233 4207 2445 4267 ceptum
2465 4197 2678 4266 plenius
2702 4197 2755 4250 in
2779 4196 2873 4249 Dei
2898 4198 3114 4251 nomine
3138 4199 3462 4253 conﬁrmare
3484 4201 3810 4255 deberemus.

2232 4288 2471 4355 Quorum
2501 4286 2746 4355 petitioni
2776 4287 3042 4356 denegare
3072 4287 3374 4352 noluimus;
3407 4290 3506 4343 sed
3533 4291 3681 4345 sicut
3710 4294 3811 4344 uni—

2234 4379 2434 4445 cuique
2465 4376 2704 4430 ﬁdelium
2734 4385 3043 4431 nostrorum
3074 4376 3218 4445 juste
3247 4380 3548 4446 petentium
3568 4421 3584 4444 ,
3623 4381 3694 4438 ita
3727 4399 3813 4434 uns

2236 4472 2343 4525 illis
2372 4471 2727 4532 concessisse,
2771 4479 2934 4539 atque
2971 4471 3024 4524 in
3061 4472 3315 4526 omnibus
3342 4473 3702 4528 conﬁrmasse
3735 4492 3812 4528 co-

2236 4560 2494 4630 gnoscite.
2552 4558 2933 4629 Praecipientes
2983 4575 3114 4630 ergo
3156 4559 3410 4627 jubemus
3463 4572 3523 4616 ut
3566 4565 3812 4633 quidquid

2231 4665 2357 4718 pars
2377 4648 2522 4716 juste
2551 4657 2606 4702 et
2635 4647 3026 4702 rationabiliter
3047 4648 3201 4702 alteri
3228 4650 3458 4703 contulit
3481 4654 3647 4720 parti,
3673 4654 3811 4704 dein-

2231 4754 2357 4807 ceps
2385 4753 2483 4806 per
2511 4738 2651 4791 hanc
2678 4745 2920 4790 nostram
2952 4738 3333 4790 auctoritatem
3357 4735 3483 4804 jure
3510 4740 3810 4794 ﬁrmissimo

2230 4837 2412 4881 teneat
2449 4835 2610 4895 atque
2651 4827 2955 4896 possideat;
2995 4826 3079 4880 vel
3108 4827 3371 4895 quidquid
3411 4829 3612 4883 exinde
3642 4829 3808 4884 facere

2230 4917 2313 4969 vel
2349 4915 2596 4982 judicare
2626 4916 2889 4978 voluerit,
2933 4915 3105 4970 libero
3141 4925 3196 4968 et
3225 4916 3478 4970 omnibus
3506 4917 3808 4986 perfruatur

2231 5013 2456 5067 arbitrio
2489 5013 2718 5066 faciendi
2751 5013 3010 5083 quidquid
3036 5014 3280 5082 elegerit.
3315 5015 3382 5068 Et
3408 5026 3469 5069 ut
3493 5018 3612 5071 haec
3639 5031 3807 5072 aucto-

2230 5105 2362 5156 ritas
2407 5103 2614 5158 ﬁrmior
2650 5104 2936 5168 habeatur,
2981 5112 3036 5158 et
3081 5118 3179 5173 per
3209 5103 3388 5158 futura
3421 5114 3662 5175 tempora
3701 5123 3802 5160 me—

2226 5193 2330 5246 lius
2357 5195 2728 5259 conservetur,
2771 5195 2836 5249 de
2875 5194 3075 5248 annulo
3115 5203 3306 5249 nostro
3333 5195 3526 5250 subtus
3554 5195 3804 5264 jussimus

2227 5281 2472 5352 sigillari.

2299 5389 2585 5444 Durandus
2611 5390 2870 5445 diaconus
2892 5391 2960 5446 ad
2980 5392 3152 5448 vicem
3176 5391 3450 5464 Fridugisi
3479 5395 3794 5463 recognovit.

2297 5478 2429 5532 Data
2465 5495 2524 5533 ιιι
2562 5479 2741 5533 Nonas
2769 5479 2978 5546 Junias,
3010 5497 3172 5548 anno,
3201 5482 3422 5537 Christo
3459 5485 3706 5552 propitio,
3743 5483 3796 5533 li

2226 5569 2438 5638 imperii
2469 5561 2650 5622 domui
2682 5567 2933 5624 Ludovici
2966 5571 3194 5640 piissimi
3222 5571 3487 5641 Augusti,
3525 5572 3792 5624 indictione

2225 5662 2277 5715 5.
2333 5661 2524 5714 Actum
2569 5661 2888 5732 Aquisgrani
2930 5662 3130 5732 palatio
3171 5664 3319 5734 regio
3364 5664 3418 5717 in
3465 5663 3556 5718 Dei
3599 5663 3791 5718 nomine

2229 5751 2476 5807 feliciter.
2508 5753 2696 5804 Amen.
