3936 6386
233 463 365 520 1149

866 569 1118 625 CXXVII.

228 681 472 725 ιυοονιοι
497 681 567 720 ΕΤ
601 678 856 719 ιοτῐιλιιιι
886 677 1029 716 IIPP.
1058 674 1287 716 DONATIO
1320 673 1491 713 FACTA
1527 673 1804 712 RlCBODONl

757 748 949 788 ABBATI
981 746 1305 786 SENONJENSI.

850 823 1024 894 (Anno
1056 822 1208 892 825.)

320 917 340 990 [
365 915 586 980 Mabill.,
615 913 807 969 Annal.
833 912 1027 966 Bened.
1061 953 1074 977 ,
1102 921 1231 965 tom.
1283 909 1324 964 Π
1343 950 1357 974 ,
1389 925 1513 981 pag.
1545 909 1668 963 7'55.
1694 908 1713 980 ]

294 1008 352 1063 In
379 1007 594 1062 nomine
631 1005 845 1061 Domini
889 1003 984 1058 Dei
1026 1012 1080 1058 et
1125 1003 1421 1057 Salvatoris
1461 1002 1632 1056 nostri
1677 1000 1802 1054 Jesu

227 1099 452 1164 Christi,
506 1099 808 1154 Ludovicus
855 1104 911 1150 et
957 1095 1270 1159 Lotharius,
1295 1094 1475 1148 divina
1517 1093 1805 1148 ordinante

224 1191 580 1259 providentia,
610 1191 967 1258 imperatores
986 1187 1237 1257 Augusti.

302 1279 566 1334 Omnibus
594 1279 843 1334 ﬁdelibus
894 1277 1116 1342 nostris,
1141 1275 1498 1346 praesentibus
1519 1274 1724 1328 scilicet
1752 1281 1806 1328 et

224 1365 441 1432 futuris,
470 1376 656 1423 notum
685 1367 802 1421 ﬁeri
833 1366 1099 1430 volumus,
1129 1365 1254 1434 quia
1281 1365 1648 1419 concessimus
1686 1365 1804 1417 cui-

223 1460 348 1516 dam
395 1460 537 1514 ﬁdeli
581 1469 770 1515 nostro
818 1456 1116 1512 Riebodoni
1160 1455 1340 1509 abbati
1382 1455 1435 1508 in
1487 1453 1807 1509 beneﬁcium

222 1551 468 1606 cellulam
495 1567 615 1622 quae
636 1559 720 1605 est
744 1556 1050 1604 conStructa
1081 1547 1134 1601 in
1164 1545 1369 1600 honore
1394 1544 1604 1607 Domini
1637 1544 1806 1598 nostri

221 1642 352 1698 Jesu
385 1643 585 1698 Christi
611 1643 666 1696 in
689 1641 927 1709 Vosago,
964 1639 1016 1692 in
1047 1638 1162 1692 loco
1185 1637 1274 1707 qui
1297 1644 1520 1690 vocatur
1547 1633 1806 1688 Aluwini—

221 1736 395 1799 Mons,
425 1749 586 1803 super
620 1733 839 1786 ﬂuvium
864 1731 1075 1793 Prusia,
1100 1743 1260 1799 quam
1281 1726 1598 1795 jamdudum
1639 1740 1807 1778 avun-

221 1827 379 1882 culus
407 1840 557 1889 suus,
609 1822 904 1877 Wicbodus
948 1820 1184 1881 nomine,
1230 1816 1506 1886 episcopio
1554 1814 1803 1879 Metensi,

1366 454 1754 510 DlPl.0MATA
1793 453 2345 511 ECCLESIASTICA.

1835 571 1886 628 Α
1911 566 1989 621 dit
2013 580 2107 619 rex
2141 563 2417 637 [Leg.res]
2439 578 2504 618 ex
2530 563 2793 620 beneﬁcio
2817 578 2939 629 suo,
2970 563 3177 619 scilicet
3217 563 3281 619 de
3327 567 3491 622 rebus

3350 454 3486 508 1150

1905 658 2174 726 praedictae
2221 656 2462 712 ecclesiae
2504 655 2676 710 sancti
2725 654 2945 720 Juliani,
2989 670 3208 711 mansos
3250 665 3485 723 centum,

1905 751 2045 803 unde
2067 764 2252 802 eorum
2275 747 2626 803 necessitates
2659 745 2907 802 fulcirent
2927 756 2981 801 et
3000 745 3489 803 substentationem

1905 841 2101 895 habere
2126 841 2444 910 potuissent,
2476 839 2728 894 videlicet
2746 840 3014 911 praadictis
3031 839 3241 894 clericis
3259 840 3311 893 in
3337 824 3489 894 com-

1905 945 2065 984 mune
2093 931 2392 1000 sexaginta,
2418 939 2474 984 et
2502 929 2707 994 abbati,
2755 944 2913 997 quem
2959 929 3060 998 ipsi
3098 932 3302 997 pariter
3330 944 3494 998 super

1906 1037 1962 1079 se
1986 1022 2286 1093 elegerunt,
2311 1037 2528 1076 mansos
2563 1022 2943 1090 quadraginta,
2993 1022 3244 1088 precibus
3295 1022 3493 1090 quibus

1905 1113 2072 1166 valuit
2119 1113 2261 1168 idem
2297 1111 2644 1180 Beringarius
2679 1110 2849 1166 ﬁdelis
2896 1125 3077 1164 comes
3117 1120 3360 1164 nostram
3397 1126 3492 1165 ex-

1904 1201 2078 1256 oravit
2108 1201 2448 1256 clementiam
2468 1210 2526 1254 ut
2548 1217 2644 1270 per
2664 1211 2911 1264 nostrum
2937 1201 3272 1259 auctoritatis
3289 1215 3493 1268 prazce-

1904 1299 2055 1360 ptum
2072 1292 2524 1346 constitueremus
2542 1291 2771 1360 qualiter
2789 1291 3047 1360 praedicta
3071 1299 3287 1346 centum
3304 1307 3492 1346 mansa

1905 1382 2081 1436 nullus
2109 1383 2302 1436 exinde
2333 1382 2644 1436 abstrahere
2678 1392 3050 1452 praasumeret,
3077 1391 3129 1436 et
3158 1391 3217 1436 ut
3246 1384 3492 1438 abbatem

1907 1485 2067 1540 super
2095 1486 2152 1525 se
2185 1471 2427 1526 canonici
2454 1472 2507 1525 in
2547 1473 2818 1542 praedictis
2856 1473 2989 1528 locis
3024 1474 3304 1528 constituti
3352 1474 3494 1528 inter

1907 1574 1964 1614 se
1989 1560 2219 1630 eligendi
2267 1560 2540 1615 licentiam
2581 1561 2865 1626 haberent,
2916 1571 2972 1616 et
3025 1563 3139 1632 ipse
3189 1563 3354 1617 abbas
3409 1563 3491 1617 vel

1907 1651 2253 1722 congregatio
2279 1649 2395 1719 ejus
2426 1652 2525 1705 sub
2551 1651 2747 1706 nullius
2787 1653 2991 1708 ditione
3042 1652 3272 1708 fuissent
3298 1661 3352 1707 et
3392 1668 3488 1708 ne-

1908 1745 2037 1799 mini
2075 1745 2294 1798 cuilibet
2325 1744 2644 1814 obsequium
2687 1760 2785 1814 pro
2833 1747 3103 1814 praedictis
3137 1748 3296 1801 rebus
3331 1746 3491 1801 fecis—

1908 1842 2050 1900 sent,
2082 1835 2184 1888 nisi
2215 1843 2424 1888 tantum
2453 1834 2520 1889 ad
2553 1843 2758 1904 partem
2788 1837 2933 1904 regis
2980 1836 3256 1888 annuatim
3302 1835 3486 1888 cabal-

219 1915 366 1984 (ἰυοά
396 1922 478 1968 θεῖ
515 1913 568 1966 ίη
611 1913 816 1966 honore
868 1909 1040 1963 sane“
1087 1905 1346 2002 Stephani
1393 1904 1805 2002 ΡΓΟἮΨἸΥΓΒ
1833 1910 1880 1968 Β
1909 1933 2018 1986 lum
2053 1949 2218 1987 unum
2245 1947 2364 1986 cum
2394 1941 2547 1988 scuto
2567 1941 2620 1987 et
2643 1932 2825 1987 lancea
2852 1941 3287 2002 praisentassent,
3321 1941 3374 1986 et
3409 1933 3490 1987 in-

219 2011 614 2066 constructum,
630 2015 726 2069 per
747 2005 1046 2063 strumenta
1065 1997 1373 2051 chartarum
1401 1995 1639 2049 tradidit.
1657 1993 1807 2048 Hanc

220 2093 408 2162 itaque
434 2090 676 2144 cellulam
703 2103 824 2143 eum
851 2087 1100 2141 omnibus
1123 2085 1268 2154 justc
1293 2086 1358 2139 ad
1380 2100 1438 2139 se
1481 2084 1804 2154 pertinenti-

218 2182 345 2244 bus,
393 2187 560 2233 totum
604 2185 658 2230 et
708 2176 776 2229 ad
819 2176 1090 2244 integrum
1133 2173 1391 2243 praedicto
1435 2172 1577 2226 ﬁdeli
1625 2180 1808 2225 nostro

218 2255 524 2327 Ricbodoni
566 2268 748 2323 abbati
796 2267 851 2321 in
905 2265 1226 2321 beneﬁcium
1275 2279 1371 2332 per
1424 2265 1566 2317 hanc
1610 2273 1809 2317 nostra

217 2361 563 2417 auctoritatis
588 2358 929 2428 largitionem
947 2354 1315 2416 concedimus,
1339 2367 1403 2410 eo
1426 2353 1632 2406 scilicet
1653 2354 1811 2406 modo

217 2462 280 2507 ut
309 2451 560 2506 omnibus
602 2447 790 2502 diebus
832 2447 955 2500 vitae
1003 2460 1114 2499 suae
1162 2437 1365 2513 absque
1413 2444 1572 2498 ullius
1615 2443 1810 2512 injusta

216 2537 653 2612 contradictione
683 2536 831 2589 illam
865 2534 1047 2603 quieto
1076 2531 1264 2587 ordine
1307 2540 1488 2586 teneat
1510 2540 1670 2602 atque
1694 2547 1815 2602 pos-

216 2630 424 2694 sideat;
456 2636 579 2698 post
606 2627 812 2681 obitum
845 2639 973 2678 vero
995 2625 1132 2694 ejus,
1162 2639 1285 2678 cum
1335 2623 1583 2677 omnibus
1633 2623 1700 2677 ad
1753 2638 1812 2678 se

216 2718 640 2791 pertinentibus,
673 2716 741 2771 ad
763 2717 853 2786 jus
879 2714 1195 2768 monasterii
1232 2712 1531 2776 Senonicze,
1578 2714 1720 2781 quod
1759 2721 1814 2767 et

218 2812 294 2867 ad
355 2810 672 2879 praedictum
751 2807 1081 2878 episcopium
1149 2806 1385 2860 Metense
1442 2807 1694 2875 pertinet,
1746 2808 1812 2861 ad

218 2903 493 2972 integrum
525 2901 698 2956 modis
731 2901 981 2954 omnibus
1007 2906 1329 2952 revertatur.
1360 2897 1427 2950 Et
1454 2907 1515 2951 ut
1545 2899 1659 2951 hazc
1711 2913 1810 2951 no-

219 3004 353 3048 stra:
396 2991 736 3047 auctoritatis
779 2989 994 3060 largitio
1038 2987 1246 3042 ﬁrmior
1286 2989 1572 3055 habeatur,
1614 2998 1668 3044 et
1717 3005 1816 3059 per

219 3085 408 3140 futura
437 3094 675 3153 tempora
703 3081 895 3136 melius
932 3081 1183 3134 credatur
1224 3087 1278 3133 et
1329 3079 1640 3150 diligentius
1681 3098 1814 3136 con-

220 3184 495 3240 servetur,
526 3175 776 3228 manibus
811 3171 1045 3242 propriis
1090 3171 1274 3225 subter
1319 3187 1439 3225 eam
1481 3171 1813 3230 ﬁrmavimus

220 3273 283 3320 et
308 3263 486 3318 annuli
516 3264 687 3319 nostri
714 3262 1068 3331 impressione
1096 3261 1296 3331 signari
1317 3262 1596 3331 jussimus.

301 3351 527 3423 Signum
554 3350 812 3404 Ludovici
839 3348 1171 3403 serenissimi
1199 3348 1560 3416 imperatoris.

300 3441 525 3514 Signum
552 3438 793 3494 Lotharii
821 3437 1195 3509 gloriosissimi
1217 3439 1464 3508 Augusti.
1494 3440 1512 3474 ν

299 3530 679 3586 Hirminmaris
705 3530 949 3584 notarius
967 3529 1033 3583 ad
1049 3528 1220 3582 vicem
1237 3527 1507 3599 Fridugisi
1527 3532 1816 3600 recognovi

223 3633 284 3680 et
309 3621 624 3691 subscripsi.

301 3715 436 3769 Data
459 3728 525 3765 xv
554 3711 672 3764 Kal.
693 3708 956 3772 Januarii,
987 3722 1150 3772 anno,
1179 3707 1395 3762 Christo
1416 3710 1668 3777 propitio,
1694 3711 1761 3763 12
1789 3722 1815 3751 α

227 3806 444 3877 imperii
507 3804 687 3859 domni
769 3801 1023 3856 Ludovici
1091 3807 1146 3853 et
1204 3801 1384 3855 domni
1447 3801 1688 3856 Lotharii
1750 3803 1813 3869 4,

229 3899 421 3954 indict.
447 3897 501 3950 4.
537 3896 730 3951 Actum
760 3889 1086 3965 Aquisgrani
1118 3893 1315 3963 palatio
1347 3894 1494 3964 regio
1523 3895 1575 3948 in
1599 3895 1693 3947 Dei
1716 3909 1815 3948 no-

227 3992 380 4046 mine
409 3990 655 4046 feliciter.

937 4059 1213 4115 CXXVIII.

341 4166 586 4206 LUDOVIC!
611 4165 942 4204 PRECEPTUH
969 4168 1069 4206 PRO
1095 4167 1344 4206 ECCLESIA
1377 4165 1712 4205 BRIVATENSI.

879 4239 1051 4309 (Anno
1090 4239 1236 4310 8‘25.)

397 4332 635 4402 [Baluz.,
669 4330 926 4401 Capitul.,
953 4341 1082 4386 tom.
1121 4331 1185 4394 ll,
1218 4347 1338 4399 pag.
1367 4329 1560 4399 1426.]

305 4421 364 4474 In
386 4421 606 4476 nomine
627 4421 839 4474 Domini
873 4429 926 4474 et
948 4420 1244 4475 Salvatoris
1271 4420 1439 4474 nostri
1455 4419 1580 4473 Jesu
1599 4419 1817 4482 Chri<ti,

230 4513 560 4577 Ludovicus,
592 4511 771 4566 divina
794 4513 1078 4566 ordinante
1111 4511 1472 4581 providentia,
1529 4512 1822 4580 imperator

231 4603 532 4671 Augustus.

309 4692 505 4745 Notum
534 4706 653 4745 esse
684 4690 930 4744 volumus
957 4689 1166 4758 cunctis
1198 4687 1442 4742 ﬁdelibus
1485 4696 1684 4742 sancta:
1724 4689 1818 4743 Dci

233 4783 497 4838 Ecclesiae
522 4792 573 4835 et
595 4781 796 4833 nostris
822 4795 915 4834 seu
947 4781 1131 4843 etiam,
1159 4779 1268 4831 Deo
1301 4777 1665 4847 dispensante,
1704 4793 1832 4832 suc-‘

233 4874 563 4938 cessoribus,
585 4873 707 4941 quia
756 4881 1041 4941 postquam
1087 4871 1402 4924 comitatum
1451 4868 1819 4939 Brivatensem

237 4963 386 5018 ﬁdeli
415 4971 600 5017 nostro
625 4961 949 5029 Berengario
980 4961 1172 5013 illustri
1199 4959 1380 5013 comiti
1429 4959 1817 5025 concessimus,

237 5051 332 5106 ille
359 5050 572 5119 ingenio
598 5064 704 5118 quo
725 5049 893 5101 valuit
923 5049 1207 5115 quamdam
1229 5048 1535 5110 ecclesiam,
1565 5047 1652 5101 ubi
1697 5064 1820 5102 san-

243 5149 365 5194 ctus
407 5139 651 5194 Julianus
705 5146 913 5206 martyr
956 5151 1182 5204 corpore
1225 5137 1534 5204 requiescit,
1580 5152 1698 5206 qum
1739 5146 1823 5191 est

241 5237 554 5283 constructa
604 5228 657 5281 in
687 5229 806 5282 vico
858 5226 1179 5289 Brivatensi,
1230 5241 1336 5278 non
1373 5227 1556 5294 procul
1587 5244 1616 5280 a
1643 5236 1822 5283 castro

244 5317 575 5380 Victoriaco,
601 5331 721 5384 qure
743 5331 772 5368 a
802 5315 1089 5368 Saracenis
1127 5314 1395 5367 destructa
1427 5324 1479 5367 et
1509 5315 1628 5384 igne
1675 5331 1826 5369 com-

242 5409 403 5462 busta
458 5413 591 5467 erat,
644 5405 709 5458 ad
732 5405 1016 5472 pristinum
1063 5410 1261 5456 statum
1296 5402 1530 5468 reduxit,
1560 5405 1689 5457 etin
1737 5420 1826 5458 ea-

245 5495 371 5552 dem
400 5495 628 5550 ecclesia
671 5494 953 5548 constituit
983 5494 1198 5563 triginta
1238 5499 1468 5562 quatuor
1516 5494 1825 5558 canonicos,

245 5588 380 5640 etin
434 5594 609 5640 castro
673 5583 923 5653 przedicto
976 5583 1299 5645 Victoriaco,
1363 5597 1519 5650 quam
1583 5583 1830 5635 similiter

249 5676 620 5738 remdilicavit,
669 5673 874 5742 viginti,
922 5681 980 5724 ut
1013 5673 1166 5740 juxta
1219 5671 1532 5725 canonicum
1583 5673 1826 5726 ordinem

248 5765 482 5818 Domino
509 5765 797 5818 militarent
824 5772 877 5813 et
906 5761 1165 5814 canonice
1192 5762 1453 5824 viverent,
1488 5761 1681 5829 quibus
1729 5760 1824 5812 de-

330 5869 353 5894 ι
382 5857 469 5909 Sic
505 5857 742 5908 aulhirnt.
780 5869 792 5919 ;
828 5850 960 5904 forte
995 5851 1095 5918 leg.
1137 5851 1216 5903 l5.

1841 3251 1887 3313 C

1905 2024 2245 2094 postmodum
2275 2024 2342 2078 ab
2377 2024 2522 2078 omni
2561 2025 2842 2081 exactione
2879 2025 2962 2078 vel
3005 2025 3348 2078 defunCtione
3392 2040 3492 2093 pu-

1907 2117 2044 2171 blica
2068 2126 2157 2170 aut
2181 2116 2389 2184 privata
2421 2116 2686 2169 immunes
2709 2124 2763 2169 et
2789 2115 2943 2169 liberi
2968 2123 3170 2168 essent.
3195 2113 3361 2182 Cujus
3399 2116 3491 2170 de-

1909 2206 2224 2274 precationi,
2253 2206 2377 2274 quia
2398 2204 2542 2271 justa
2572 2213 2626 2258 et
2657 2205 2992 2258 rationabilis
3036 2205 3192 2258 nobis
3227 2205 3341 2258 visa
3386 2213 3492 2271 est,

1910 2314 2095 2352 aurem
2113 2298 2520 2353 accommodare
2536 2298 2750 2366 placuit,
2772 2297 2938 2352 ethos
2955 2308 3166 2352 nostros
3182 2299 3498 2367 imperiosas

1913 2387 2061 2459 [Leg.
2086 2387 2414 2459 imperiales]
2439 2388 2618 2456 apices
2665 2387 2800 2451 ﬁeri,
2837 2403 2936 2457 per
2975 2403 3111 2457 quos
3153 2390 3496 2445 decernimus

1912 2478 2338 2546 atquejubemus
2378 2486 2437 2531 ut
2473 2478 2924 2545 quemadmodum
2966 2478 3255 2546 praedictus
3300 2478 3496 2534 Berin--

1911 2567 2092 2635 garius
2119 2566 2182 2620 de
2207 2566 2588 2636 suprascriptis
2618 2567 2750 2621 locis
2796 2574 2850 2621 et
2880 2567 3074 2632 abbate
3121 2577 3283 2637 atque
3335 2584 3500 2624 cano-

1912 2657 2049 2711 nicis
2093 2655 2176 2710 vel
2221 2656 2383 2711 rebus
2429 2657 2628 2711 ibidem
2671 2656 2960 2720 concessit,
3009 2658 3291 2711 constituit
3338 2666 3500 2727 atque

1912 2747 2312 2815 przeordinavit,
2340 2756 2449 2800 eta
2486 2747 2640 2800 nobis
2686 2746 2998 2800 conﬁrmari
3047 2747 3359 2814 postulavit,
3418 2750 3500 2800 vel

1915 2837 2364 2906 quemadmodum
2391 2838 2637 2906 superius
2662 2838 2865 2892 dictum
2892 2845 2996 2900 est,
3021 2838 3095 2891 ita
3120 2836 3376 2907 deinceps
3405 2853 3502 2891 no-

1916 2930 2046 2984 stris
2098 2928 2399 2999 futurisque
2468 2931 2820 2999 temporibus,
2894 2930 3122 2984 Domino
3186 2929 3500 2995 auxiliante,

1917 3017 2081 3074 ﬁxum
2114 3029 2274 3089 atque
2329 3020 2521 3074 stabile
2573 3027 2907 3088 permaneat.
2950 3019 3054 3074 Sed
3089 3029 3143 3074 et
3189 3021 3292 3074 hoc
3349 3022 3504 3076 nobis

1917 3106 2160 3165 inserere
2181 3109 2401 3178 placuit,
2433 3117 2492 3162 ut
2516 3109 2772 3178 quidquid
2795 3109 2992 3162 abhinc
3021 3107 3259 3161 futurum
3296 3109 3348 3162 in
3374 3123 3499 3177 prae

1918 3198 2076 3252 dictis
2111 3199 2243 3253 locis
2272 3201 2450 3253 divina
2505 3200 2677 3269 pietas
2726 3215 2823 3268 per
2861 3215 2960 3254 nos
3017 3206 3111 3253 aut
3165 3214 3504 3254 successores

1918 3297 2138 3343 nostros
2166 3289 2249 3343 vel
2274 3304 2371 3357 per
2399 3289 2668 3358 quoslibet
2694 3290 2894 3344 liberos
2933 3298 2990 3344 et
3032 3289 3201 3344 Deum
3253 3290 3504 3345 timentes

1916 3378 2164 3433 homines
2183 3379 2434 3450 largitum
2462 3388 2621 3449 atque
2642 3396 2957 3435 concessum
2986 3380 3168 3445 fuerit,
3189 3382 3288 3436 sub
3315 3383 3503 3435 eadem

1918 3468 2244 3534 conditione,
2281 3471 2417 3523 sicut
2463 3471 2710 3539 superius
2750 3472 2950 3525 dictum
2983 3480 3087 3537 est,
3115 3473 3394 3526 consistat.
3437 3474 3504 3527 Et

1919 3564 1980 3610 ut
2019 3557 2158 3611 hanc
2212 3567 2410 3614 nostra:
2459 3561 2801 3615 auctoritatis
2862 3565 3282 3632 praeceptionem
3342 3574 3505 3634 atque

1919 3646 2377 3700 conﬁrmationem
2419 3646 2562 3718 [Leg.
2594 3650 2708 3704 htec
2736 3658 2935 3704 nostra:
2990 3652 3326 3706 auctoritatis
3366 3668 3503 3720 prae-

1918 3735 2094 3803 ceptio
2129 3745 2289 3805 atque
2304 3738 2673 3810 conﬁrmatio]
2691 3755 2788 3808 per
2813 3739 2990 3794 futura
3016 3749 3256 3811 tempora
3281 3742 3503 3796 inviola-

1919 3823 2078 3877 bilem
2106 3834 2265 3894 atque
2295 3827 2665 3881 inconvulsam
2714 3828 2955 3884 obtineat
3008 3830 3339 3896 ﬁrmitatem,
3404 3847 3502 3886 an-

1921 3912 2047 3968 nulo
2068 3926 2254 3969 nostro
2279 3919 2463 3971 subter
2489 3918 2749 3985 jussimus
2780 3921 3022 3989 sigillari.

1993 4008 2126 4063 Data
2178 4012 2350 4066 cessio
2397 4013 2560 4066 istan
2591 4012 2772 4068 Nonas
2813 4013 2980 4078 Junii,
3030 4030 3171 4070 anno
3201 4015 3265 4068 12
3292 4014 3501 4083 imperii

1923 4098 2177 4155 Ludovici
2202 4103 2534 4158 serenissimi
2560 4103 2807 4172 Augusti,
2836 4104 3125 4158 indictione
3155 4106 3207 4159 3.

2595 4212 2829 4267 CXXIX.

2227 4337 2327 4376 PRO
2368 4335 2702 4374 ωοΜετΕῐιιο
2749 4335 2988 4374 CORBELE
3029 4338 3201 4378 NOV'E.

2528 4409 2707 4475 (Anno
2735 4409 2896 4480 825.)

2065 4500 2243 4572 [Apud
2273 4498 2547 4562 Schaten.,
2577 4499 2805 4553 Annales
2829 4500 3082 4565 Paderb.,
3099 4519 3221 4574 pag.
3245 4506 3361 4579 85.]

1847 4594 1901 4652 D
1996 4592 2052 4643 ln
2094 4588 2312 4643 nomine
2343 4588 2555 4641 Domini
2605 4587 2696 4640 Dei
2729 4596 2784 4641 et
2832 4588 3129 4646 Salvatoris
3159 4595 3331 4648 nostri
3371 4594 3500 4653 Jesu

1927 4681 2147 4744 Christi,
2207 4680 2509 4733 Ludovicus
2535 4686 2587 4732 et
2645 4677 2959 4744 Lotharius,
3005 4683 3180 4736 divina
3219 4686 3505 4744 ordinante

1925 4772 2281 4843 providentia,
2308 4771 2661 4840 imperatores
2688 4771 2934 4840 Augusti.

1998 4863 2260 4919 Omnibus
2286 4861 2530 4916 ﬁdelibus
2552 4869 2752 4916 sancte
2783 4861 2877 4917 Dei
2911 4863 3166 4920 Ecclesiae
3192 4878 3245 4922 et
3277 4871 3500 4935 nostris,

1927 4953 2282 5023 praesentibus
2309 4951 2516 5004 scilicet
2553 4959 2606 5004 et
2638 4950 2854 5013 futuris,
2902 4961 3087 5006 notum
3131 4957 3201 5009 sit
3230 4959 3353 5026 quia
3403 4974 3506 5015 nos

1929 5061 2029 5114 pro
2069 5045 2231 5099 divini
2269 5043 2442 5097 cultus
2486 5058 2670 5097 amore
2694 5051 2748 5097 et
2786 5045 2978 5099 animae
3018 5039 3214 5102 nostrae
3263 5052 3502 5106 remedio

1922 5136 2198 5204 quoddam
2235 5133 2640 5197 monasterium,
2688 5133 2829 5203 quod
2875 5133 3097 5190 Corbeia
3144 5148 3386 5204 vocatur,
3443 5140 3498 5194 in

1925 5228 2180 5280 honorem
2221 5225 2362 5278 beati
2410 5224 2666 5293 Stephani
2709 5230 3121 5297 protomartyris
3153 5229 3288 5285 infra
3327 5231 3499 5287 Saxo-

1928 5318 2071 5370 niam
2115 5330 2276 5384 supra
2330 5313 2547 5368 ﬂuvium
2597 5316 2829 5378 Wiscra,
2880 5303 2930 5369 in
2984 5317 3100 5372 loco
3155 5322 3245 5389 qui
3295 5321 3503 5376 dicitur

1930 5405 2152 5468 lluxeri,
2198 5406 2439 5458 construi
2476 5403 2754 5472 jussimus,
2787 5406 2929 5474 quod
2974 5415 3028 5460 et
3048 5409 3166 5462 viro
3195 5411 3494 5466 venerabili

1933 5496 2240 5550 Adalhardo
2292 5494 2710 5548 construendum
2768 5496 3165 5565 regendumque
3220 5501 3500 5555 commisi-

1933 5603 2071 5650 mus,
2101 5587 2190 5655 qui
2222 5595 2342 5639 erat
2367 5587 2528 5640 abbas
2562 5586 2615 5638 in
2647 5586 2814 5639 altero
2854 5587 3142 5655 antiquiori
3173 5592 3508 5646 monasterio

1931 5678 2073 5746 quod
2099 5692 2251 5745 :cque
2276 5676 2499 5730 Corbeia
2535 5684 2776 5740 vocatur,
2808 5691 2835 5729 a
2861 5693 2965 5745 quo
2989 5685 3040 5730 et
3088 5693 3282 5732 novum
3311 5694 3504 5749 supra-

1933 5769 2133 5821 dictum
2170 5767 2553 5821 monasterium
2603 5781 2796 5823 nomen
2829 5776 3034 5822 constat
3078 5781 3196 5822 esse
3224 5769 3509 5825 sortitum.
