3936 6318
476 394 606 451 1151

1608 382 1927 440 LUDOVlCl
1967 383 1985 437 Ι
2025 381 2494 439 COGNOMENTO
2530 384 2614 438 ΡΠ

3610 381 3760 436 “5‘2

473 508 658 575 Itaque
689 519 788 559 nos
818 501 998 558 divina
1045 499 1396 570 inSpiratioiie
1423 498 1758 567 compuncti,
1800 505 1854 550 et
1892 497 2054 551 cozlc-
2082 500 2130 558 Α
2159 496 2369 549 tharius
2408 495 2680 566 Augustus
2737 491 3073 548 invictissimi
3133 493 3338 546 domini
3392 493 3759 562 imperatoris

475 599 574 654 stis
600 596 795 667 patriae
819 608 1006 649 amore
1035 591 1304 656 succensi,
1335 591 1404 646 ob
1446 590 1638 644 animm
1676 599 1873 664 nostra:
1914 589 2054 643 salu-

475 700 604 753 tem,
635 687 1003 744 concessimus
1027 683 1202 739 eidem
1232 682 1563 737 monasterio
1589 682 1853 751 capellam
1891 698 2056 751 quam

475 781 679 836 dudum
714 780 966 834 dominus
1011 792 1075 833 ac
1102 776 1315 847 genitor
1362 782 1547 829 noster
1574 773 1796 829 Carolus
1826 773 2058 842 impera-

479 884 564 929 tor
589 874 643 927 in
665 872 889 928 castello
919 871 1062 939 quod
1083 869 1282 925 dicitur
1306 867 1618 937 Heresburg
1653 866 1903 922 construi
1935 865 2055 934 jus-

477 968 567 1030 sit,
615 981 738 1021 cum
790 964 1044 1020 omnibus
1089 961 1253 1017 rebus
1280 969 1335 1016 et
1379 959 1664 1030 mancipiis
1711 974 1776 1014 ac
1833 959 2058 1014 decimis

477 1054 544 1108 a’d
572 1068 691 1108 eam
733 1051 1149 1123 pertinentibus,
1181 1057 1659 1120 quantumcunque
1703 1048 1952 1104 dominus
1995 1063 2059 1103 ac

479 1145 693 1215 genitor
739 1151 926 1197 noster
967 1141 1144 1196 eidem
1186 1139 1406 1209 capellae
1440 1139 1526 1209 pia
1555 1139 1840 1194 devotione
1877 1146 2060 1193 contu-

477 1234 606 1290 lisse
631 1234 988 1304 dignoscitur,
1021 1246 1145 1287 cum
1169 1231 1318 1286 omni
1369 1229 1681 1306 integritate
1728 1229 1832 1292 sui,
1865 1228 2061 1298 praedi-

477 1332 567 1378 cto
599 1322 931 1377 monasterio
959 1320 1025 1374 ad
1049 1320 1291 1376 subsidia
1313 1319 1702 1372 monachorum
1731 1318 1929 1372 ibidem
1948 1317 2060 1372 Deo

479 1413 880 1476 famulantium,
911 1425 1010 1480 per
1039 1411 1179 1464 hanc
1208 1417 1409 1462 nostrae
1451 1406 1787 1460 auctoritatis
1816 1405 2061 1460 donatio-

477 1521 602 1561 nem
634 1521 663 1559 a
692 1505 780 1560 die
806 1503 1061 1574 presenti
1090 1509 1354 1571 perpetuo
1396 1498 1701 1553 habendum
1749 1506 1909 1566 atque
1938 1511 2060 1566 pos-

481 1593 764 1650 sidendum
781 1594 1175 1656 concessimus,
1205 1598 1258 1646 et
1282 1590 1336 1644 in
1362 1588 1617 1644 ditionem
1643 1587 1761 1656 ejus
1784 1588 2061 1643 transtuli-

478 1699 621 1749 mus,
650 1698 714 1737 eo
736 1681 988 1737 videlicet
1011 1681 1192 1745 modo,
1221 1687 1281 1733 ut
1299 1677 1560 1748 quidquid
1587 1676 1654 1730 ab
1681 1675 1943 1730 hodierna
1972 1676 2061 1730 die

477 1777 544 1831 de
577 1775 832 1844 praedicta
872 1773 1099 1843 capella,
1139 1770 1222 1824 vel
1250 1771 1316 1824 de
1365 1768 1449 1823 his
1478 1782 1597 1836 quae
1635 1767 1701 1821 ad
1737 1782 1856 1822 eam
1897 1768 2063 1837 perti-

2158 587 2413 642 Ludovici
2439 586 2599 642 illius.

2226 678 2454 732 Constat
2479 678 2624 732 enim
2650 677 2782 731 nulli
2811 677 3118 731 mortalium
3140 676 3375 745 propriis
3403 675 3625 730 meritis
3655 673 3759 726 ali-

2156 769 2283 839 quid
2311 768 2436 823 boni
2465 768 2519 822 in
2557 767 2660 822 hac
2685 767 2898 822 misera:
2925 766 3273 821 mortalitatis
3301 764 3760 836 peregrinatione

2157 858 2415 926 consequi
2472 872 2661 928 posse;
2710 857 2807 912 sed
2855 874 2980 912 cum
3026 857 3232 926 liquido
3292 859 3500 912 cunctis
3554 863 3760 927 pateat

2157 949 2338 1002 omnia
2363 963 2544 1002 rerum
2571 947 2952 1017 temporalium
2996 962 3026 1000 a
3058 947 3170 1003 Deo
3204 949 3343 1002 bona
3371 948 3543 1016 gratis
3584 945 3758 1001 nobis

2158 1054 2280 1093 esse
2326 1038 2546 1104 donata,
2594 1039 2815 1109 dignum
2863 1047 2948 1094 est
2993 1049 3054 1093 ut
3099 1039 3176 1094 ita
3210 1039 3296 1109 pie
3334 1039 3758 1108 prudenterque

2158 1139 2464 1185 tractentur
2503 1141 2665 1199 atque
2707 1131 3083 1200 disponantur,
3120 1139 3180 1184 ut
3214 1144 3310 1198 per
3343 1143 3405 1183 ea
3441 1143 3757 1198 perennem

2160 1223 2352 1277 animae
2399 1232 2598 1277 nostra).
2631 1222 2858 1277 salutem
2886 1222 3163 1276 valeamus
3196 1222 3306 1276 Deo
3331 1222 3566 1292 propitio
3613 1235 3758 1274 nan-

2161 1313 2312 1368 cisci.
2346 1313 2511 1384 Igitur
2554 1315 2852 1384 comperiat
2893 1323 3210 1370 cunctorum
3258 1313 3495 1368 fidelium
3538 1321 3758 1367 sancta:

2161 1405 2256 1460 Dei
2280 1405 2556 1469 Ecclesia},
2583 1422 2678 1462 seu
2697 1416 3006 1462 nostrorum
3031 1407 3344 1470 Strenuitas,
3369 1407 3497 1476 quia
3519 1406 3659 1460 dum
3687 1405 3758 1458 ad

2162 1496 2362 1551 domini
2391 1507 2445 1551 et
2486 1499 2746 1568 genitoris
2785 1501 2956 1555 nostri
2995 1500 3250 1556 Ludovici
3279 1500 3620 1555 serenissimi
3672 1508 3757 1552 at-

2162 1604 2265 1658 que
2309 1589 2700 1660 religiosissimi
2739 1593 2967 1663 Augusti
3017 1601 3425 1648 sacrosanctum
3471 1601 3666 1644 votum
3700 1593 3753 1644 in

2165 1679 2537 1736 Montecinisio
2559 1683 2827 1751 quoddam
2858 1695 2882 1724 ι
2917 1684 3185 1753 hospitale
3212 1685 3267 1739 in
3300 1685 3505 1738 honore
3528 1683 3754 1736 Domini

2165 1768 2259 1822 Dei
2289 1784 2352 1823 ac
2377 1769 2675 1847 Salvator'is
2706 1774 2874 1828 nostri
2909 1772 3036 1828 Jesu
3062 1773 3288 1840 Christi,
3319 1790 3414 1829 seu
3448 1783 3505 1828 et
3547 1775 3756 1829 beatis-

478 1875 631 1931 nent,
661 1874 901 1921 rectores
929 1874 984 1919 et
1013 1863 1246 1917 ministri
1277 1876 1436 1930 supra
1473 1861 1758 1914 memorati
1788 1868 2059 1914 monaste-
2090 1838 2137 1896 Β
2166 1857 2315 1912 simae
2339 1875 2553 1930 semper
2575 1863 2799 1932 virginis
2827 1862 3010 1917 Mariae
3035 1864 3101 1918 ad
3135 1866 3548 1934 peregrinorum
3598 1879 3758 1918 rece-

479 1958 543 2011 rii
588 1956 876 2025 disponere
911 1963 1075 2023 atque
1110 1955 1363 2007 ordinare
1418 1967 1516 2019 pro
1545 1951 1778 2004 utilitate
1819 1949 2057 2016 ejusdem

478 2045 795 2106 monasterii
835 2045 918 2098 vel
965 2044 1197 2096 fratrum
1247 2043 1300 2095 in
1338 2057 1403 2096 eo
1435 2042 1740 2110 degentium
1771 2040 2055 2102 voluerint,

479 2136 686 2204 absque
713 2135 876 2189 ullius
900 2135 1098 2205 injusta
1143 2133 1572 2188 contradictione
1615 2131 1868 2184 ordinent
1901 2139 2062 2200 atque

477 2225 790 2294 disponant,
830 2233 886 2280 et
933 2213 1138 2278 faciant
1161 2221 1422 2291 quidquid
1470 2220 1793 2275 utilitatibus
1820 2222 2062 2289 praedicti

476 2317 791 2370 monasterii
815 2331 1120 2385 congruere
1144 2322 1200 2369 et
1238 2313 1530 2369 convenire
1559 2313 1956 2384 perspexerint.
1993 2314 2062 2370 Et

479 2415 537 2460 ut
561 2406 677 2461 hinc
707 2407 1004 2461 auctoritas
1033 2404 1336 2475 largitionis
1367 2413 1564 2458 nostra:
1600 2418 1698 2474 per
1719 2401 2064 2472 futuratem—

477 2513 610 2568 pora
640 2496 1000 2552 inviolabilem
1025 2504 1185 2564 atque
1218 2494 1586 2549 inconvulsam
1617 2494 1859 2550 obtineat
1894 2492 2062 2546 ﬁrmi-

477 2597 664 2651 tatem,
697 2597 751 2642 et
777 2604 807 2641 a
837 2587 1084 2642 lidelibus
1111 2586 1335 2649 nostris,
1366 2593 1477 2638 tam
1515 2583 1872 2654 praesentibus
1897 2599 2059 2653 quam

479 2679 699 2743 futuris,
734 2693 828 2734 seu
857 2678 1021 2732 etiam
1055 2677 1462 2732 successoribus
1489 2677 1710 2740 nostris,
1740 2675 1920 2730 verius
1945 2691 2063 2730 cer-

479 2771 694 2838 tiusque
723 2769 998 2833 credatur,
1044 2784 1163 2822 eam
1198 2767 1446 2821 manibus
1487 2767 1721 2836 propriis
1764 2767 1949 2821 subter
1986 2768 2062 2821 si-

477 2861 784 2929 gnavimus,
813 2868 869 2914 et
899 2857 1084 2912 annuli
1125 2857 1294 2912 nostri
1344 2857 1699 2925 impressione
1727 2857 1927 2928 simari
1951 2856 2063 2924 jus-

473 2951 663 3004 simus.

550 3039 777 3109 Signum
804 3039 1063 3094 Ludovici
1096 3038 1429 3108 serenissimi
1463 3039 1823 3108 imperatoris.

550 3133 774 3204 Signum
799 3132 1040 3186 Lotharii
1066 3131 1438 3202 gloriosissimi
1470 3131 1717 3200 Augusti.

2161 1948 2424 2016 ptionem,
2449 1964 2513 2004 eo
2533 1950 2779 2017 jubente,
2804 1951 2968 2007 fuerit
2988 1963 3379 2019 constructum,
3401 1954 3572 2007 voluit
3599 1963 3752 2007 tanta

2165 2037 2289 2091 illud
2319 2054 2498 2093 rerum
2535 2042 2877 2109 propriarum
2917 2044 3219 2097 substantia
3269 2043 3622 2112 locupletare,
3658 2058 3754 2113 per

2162 2143 2324 2197 quam
2352 2129 2628 2185 sufﬁceret
2649 2132 2876 2187 diurnus
2897 2148 3194 2203 pauperum
3215 2131 3418 2188 Christi
3445 2149 3753 2189 concursus

2166 2217 2401 2272 tolerari.
2449 2218 2554 2274 Sed
2581 2235 2702 2274 cum
2733 2222 2980 2276 eumdem
3021 2222 3198 2278 locum
3224 2223 3412 2277 talium
3443 2239 3628 2278 rerum
3663 2239 3752 2278 co-

2162 2308 2270 2378 pia,
2299 2325 2419 2378 qua:
2467 2319 2650 2365 essent
2695 2313 2809 2382 ipsa
2855 2314 3261 2384 propinquitate
3313 2315 3548 2384 aptiora,
3592 2314 3751 2369 vellet

2165 2399 2460 2464 honorare,
2491 2401 2703 2456 volente
2740 2403 2956 2458 domino
2984 2412 3039 2458 et
3067 2405 3309 2475 genitore
3349 2416 3538 2460 nostro
3573 2406 3748 2460 Ludo-

2165 2485 2286 2540 vico
2313 2485 2701 2556 gloriosissimo
2753 2489 3099 2558 imperatore,
3146 2490 3246 2545 sub
3275 2493 3608 2547 monasterio
3654 2507 3747 2546 no-

2165 2587 2290 2632 stra:
2317 2579 2685 2649 prOprietatis,
2732 2581 2873 2649 quod
2901 2589 3127 2635 vocatur
3169 2580 3523 2646 Novelicium,
3553 2583 3618 2637 de
3647 2599 3744 2636 no.

2170 2677 2284 2722 stro
2314 2669 2641 2737 patrimonio
2669 2669 2866 2738 regalia
2889 2669 3030 2724 facta
3067 2671 3119 2724 in
3145 2670 3429 2741 praefatum
3452 2671 3628 2726 locum
3651 2689 3746 2742 per

2165 2768 2363 2814 nostra:
2393 2761 2733 2815 auctoritatis
2777 2771 3107 2830 praeceptum
3144 2762 3604 2817 conﬁrmavimus.
3637 2763 3740 2818 Sed

2167 2861 2224 2905 ut
2255 2853 2358 2907 hoc
2390 2854 2636 2907 sanctum
2685 2867 2746 2908 ac
2774 2853 3081 2909 venerabile
3128 2857 3537 2920 monasterium,
3571 2857 3622 2910 in
3648 2857 3740 2910 ho-

2167 2958 2300 2998 nore
2347 2944 2644 2998 beatissimi
2676 2944 2936 3014 principis
2978 2945 3341 3014 apostolorum
3378 2946 3522 3000 Petri
3558 2946 3742 3001 funda-

2169 3043 2302 3100 tum,
2336 3035 2536 3089 nullam
2589 3036 2879 3090 missarum
2932 3051 3115 3090 rerum
3155 3045 3431 3107 pateretur
3451 3039 3735 3107 jacturam,

2167 3125 2261 3178 sed
2286 3125 2493 3194 potiore
2515 3125 2878 3195 gratularetur
2901 3122 3075 3195 tllgnze
3091 3129 3608 3197 recompensationis
3628 3145 3742 3184 mu:

549 3224 838 3278 Durandus
865 3223 1124 3278 diaconus
1167 3222 1232 3276 ad
1263 3222 1434 3276 vicem
1473 3221 1739 3291 Fridugisi
1770 3222 2055 3292 recognovi
2088 3193 2131 3254 (ἶ
2169 3229 2318 3279 nere.
2351 3217 2737 3270 monasterium
2770 3217 3060 3285 quoddam.
3093 3219 3237 3287 quod
3265 3220 3502 3289 Appanis
3537 3236 3740 3276 nuncu-

477 3323 530 3370 et
559 3314 708 3369 subs.

548 3405 679 3458 Data
712 3421 786 3458 xu
813 3402 1086 3457 Kalendas
1108 3402 1435 3466 Julii,‘anno,
1468 3401 1683 3456 Christo
1706 3402 1959 3471 propitio,
1993 3401 2059 3454 15

475 3495 686 3564 imperii
747 3493 929 3548 domui
986 3492 1242 3547 Ludovici
1302 3491 1527 3562 piissimi
1596 3490 1856 3560 Augusti,
1923 3491 2060 3544 indi-

473 3587 651 3641 ctione
677 3586 729 3638 4.
754 3585 947 3639 Actum
972 3585 1310 3653 lngilinlieim
1340 3583 1538 3652 palatio
1566 3583 1714 3653 regio
1742 3583 1794 3636 in
1823 3581 1918 3635 Dei
1957 3597 2057 3635 no-

472 3669 636 3730 mine°
649 3662 896 3729 feliciter.
924 3675 1118 3728 Amen.

1155 3762 1367 3818 CXXX.

474 3870 817 3912 ριιινιιεςιυιι
860 3869 1114 3910 ιοτιιλιιιι
1161 3870 1261 3908 PRO
1304 3867 1638 3908 IONASTEMO
1667 3865 2054 3906 NOVALICIENSI.

1093 3943 1265 4012 (Anno
1295 3941 1444 4011 825.)

477 4037 654 4110 [Apud
682 4036 967 4098 Murator.,
1013 4034 1362 4102 Antiquitates
1395 4031 1618 4094 Italicae,
1654 4037 1692 4084 t.
1721 4029 1806 4095 IIl,
1833 4046 1886 4100 p.
1906 4031 2057 4102 577.]

544 4128 601 4181 ln
646 4126 865 4181 nomine
910 4124 1124 4178 Domini
1159 4122 1287 4178 Jesu
1318 4121 1523 4178 Christi
1567 4121 1663 4176 Dei
1700 4123 1910 4188 aeterni,
1956 4123 2060 4177 Lo-

544 4270 568 4297 ι
604 4254 897 4325 Hospitale.
941 4254 1029 4309 Uti
1059 4263 1278 4309 sanctus
1318 4255 1626 4325 Bernairdus
1654 4253 2058 4325 Menthonensis

473 4329 525 4380 in
559 4322 735 4404 Monte
761 4324 909 4378 lovis
933 4325 1099 4404 (nunc
1123 4325 1160 4377 il
1185 4340 1316 4404 grai:
1344 4322 1453 4377 San
1476 4323 1765 4404 Bernardo)
1791 4325 1855 4377 ad
1874 4333 2058 4404 trans-

472 4396 716 4449 euntium
755 4390 1217 4458 commoditatem,
1261 4393 1516 4463 Augustaa
1542 4390 1812 4449 Prtetoriae
1839 4394 2058 4463 circiter

475 4479 677 4518 annum
709 4464 814 4518 980
850 4464 1239 4518 xenodocliium
1281 4461 1389 4516 tant
1419 4463 1591 4533 egeni:
1613 4479 1770 4533 quam
1797 4461 2056 4533 opulentis

2164 3313 2340 3372 patur,
2393 3305 2444 3358 id
2490 3305 2662 3373 ipsum
2696 3306 2749 3358 in
2797 3305 3035 3374 ejusdem
3081 3309 3342 3378 principis
3383 3310 3737 3378 apostolorum

2166 3396 2370 3450 honore
2395 3404 2764 3450 constructum
2790 3407 2840 3450 ct
2881 3397 3084 3466 pr0prii
3129 3397 3507 3464 iurisdictione
3537 3399 3601 3452 ad
3641 3400 3739 3453 hoc

2165 3487 2516 3558 supplendum
2561 3487 2635 3542 ibi
2680 3488 3033 3554 reddidimus,
3080 3490 3486 3545 considerantes
3539 3500 3596 3544 ut
3641 3492 3740 3544 sub

2163 3579 2324 3632 unius
2352 3577 2565 3632 abbatis
2597 3577 2859 3646 regimine
2888 3589 3117 3648 utraque
3159 3580 3491 3634 monasteria
3532 3580 3738 3650 regula-

2163 3670 2296 3723 riter
2326 3670 2436 3724 Deo
2469 3669 2780 3723 militarent.
2827 3669 2921 3724 His
2960 3670 3034 3723 ita
3063 3671 3249 3739 gestis,
3300 3670 3498 3739 placuit
3549 3681 3740 3726 nostra:

2165 3759 2428 3829 imperiali
2463 3759 2796 3814 excellentiae
2847 3760 3101 3829 precibus
3150 3759 3477 3815 venerabilis
3523 3761 3625 3814 viri
3673 3761 3737 3814 ll—

2163 3851 2315 3904 dradi
2344 3852 2538 3904 horum
2569 3850 3022 3904 monasteriorum
3051 3849 3229 3904 Patris
3249 3849 3514 3916 faventes,
3547 3859 3606 3905 ut
3626 3867 3736 3906 nie-

2164 3948 2432 3994 moratum
2469 3940 2880 4005 monasterium,
2908 3942 3062 4010 cujus
3099 3942 3420 3996 vocabulum
3463 3952 3546 3998 est
3575 3944 3739 4014 Appa-

2163 4032 2263 4095 nis,
2305 4033 2474 4101 priori
2513 4032 2846 4086 monasterio
2877 4047 2974 4087 suo
3009 4032 3304 4097 Novelicio,
3341 4050 3463 4089 cum
3494 4037 3737 4089 omnibus

2165 4124 2324 4179 rebus
2364 4132 2528 4192 atque
2566 4122 2900 4192 appendiciis
2941 4123 3068 4188 suis,
3097 4123 3242 4192 juste
3286 4125 3386 4179 sibi
3424 4126 3736 4194 pertinenti-

2161 4272 2266 4310 una
2301 4272 2424 4310 cum
2473 4254 2904 4326 templo_domus
2952 4255 3305 4326 hospitalitati
3361 4271 3535 4317 sacra.
3583 4273 3732 4326 quam

2163 4272 2266 4310 una
2301 4272 2424 4310 cum
2473 4272 2670 4324 tempto
2713 4272 2904 4309 aomus
2954 4272 3050 4309 nos
3091 4272 3305 4310 itantau
3361 4272 3535 4317 sacra.
3583 4273 3732 4326 quam

2163 4326 2434 4397 llospitale
2475 4325 2657 4380 Sancti
2674 4323 2957 4397 Peregrini
2981 4272 3160 4397 adﬁne
3190 4335 3526 4397 nuncupant,
3560 4329 3733 4382 rediti-

2161 4396 2262 4451 bus
2294 4395 2717 4466 tamencunctis
2760 4402 2920 4466 atque
2955 4395 3314 4466 eleemosynis
3342 4395 3408 4450 ei
3457 4397 3731 4466 iniquitate

2162 4475 2468 4535 temporum
2492 4464 2546 4518 in
2587 4465 2815 4535 rectoris
2857 4464 2981 4519 laici
3008 4464 3292 4519 utilitatem
3323 4481 3466 4520 nunc
3502 4464 3733 4521 cedenti-

477 4534 774 4605 [abricnciu
826 4533 898 4605 ita
947 4541 1002 4605 et
1049 4535 1102 4587 in
1127 4535 1271 4605 aliis
1312 4532 1633 4605 huthSmodt
1670 4532 1808 4587 focis
1839 4532 1986 4605 idem
2015 4547 2054 4605 _a
2084 4535 2134 4592 D
2163 4532 2292 4598 bus,—
2313 4549 2417 4605 non
2461 4533 2728 4605 autem_in
2777 4548 3070 4605 pauperum
3113 4535 3456 4599 alimentum,
3483 4537 3674 4605 quibus
3702 4551 3730 4589 a

475 4603 783 4656 Christiana
821 4603 1195 4657 misericordia
1242 4601 1564 4670 praestitum.
1601 4601 1770 4668 Quem
1802 4602 1948 4670 pium
1983 4602 2054 4654 ri-

477 4681 588 4725 tum
630 4671 951 4724 mmulantur
982 4688 1124 4726 nunc
1154 4673 1342 4728 Turcae
1380 4673 1501 4741 ipsi,
1533 4672 1836 4741 hujnsmodi
1867 4671 2055 4741 aedili-

476 4741 559 4795 cia
607 4742 911 4812 excitantes
959 4741 1014 4794 in
1058 4739 1519 4812 peregrinantium
1555 4739 1666 4796 sive
1715 4742 1817 4812 iter
1857 4739 2054 4812 facien-

478 4812 610 4864 tium
643 4811 940 4864 subsidium
966 4849 981 4873 ,
1001 4809 1364 4878 quihus'nulla
1396 4811 1498 4864 alia
1528 4810 1823 4864 diversoria
1854 4809 2050 4863 forent.

475 4881 694 4934 Possem
722 4880 965 4948 exempla
1009 4879 1168 4948 hujus
1206 4881 1342 4934 ritus
1371 4897 1437 4935 ex
1468 4881 1715 4934 universa
1746 4879 1896 4932 Italia
1945 4880 2054 4932 col-

479 4950 660 5019 ligere.
702 4949 808 5002 Sed
845 4949 998 5018 juvat
1044 4952 1096 5004 in
1128 4967 1230 5004 una
1267 4952 1369 5004 hac
1406 4951 1623 5019 regione
1645 4966 1803 5018 quam
1839 4949 2050 5019 incolo,

476 5017 662 5090 eadem
709 5019 1013 5090 ostendere.
1079 5019 1134 5073 ιιι
1194 5037 1322 5090 agro
1376 5017 1675 5073 Mutinensi
1711 5019 1777 5090 ad
1830 5017 2048 5090 ﬂuvium

479 5088 826 5158 Scultennam
859 5088 987 5158 (quo
1013 5087 1303 5143 nomine'is
1336 5090 1508 5142 adhuc
1538 5105 1567 5142 a
1596 5087 1858 5158 montium
1897 5087 2050 5158 habi-

477 5154 762 5228 tatoribus
793 5154 1038 5222 donatur,
1077 5174 1198 5213 cum
1245 5159 1485 5228 planitiei
1527 5157 2048 5228 incoltePanarium

478 5222 765 5295 appellent)
807 5222 1354 5284 sanctusAnselfnus
1389 5227 1748 5282 Nonantulani
1779 5235 2050 5280 monaste-

478 5295 540 5348 rii
570 5295 842 5358 fundator,
881 5297 1194 5364 hospitalem
1231 5299 1448 5352 domum
1486 5299 1584 5352 sub
1616 5297 1832 5353 nomine
1863 5295 2048 5348 Sancti

476 5365 747 5436 Ambrosii
773 5367 1048 5436 excitavit,
1079 5367 1232 5435 cujus
1255 5367 1396 5422 nulla
1423 5383 1564 5420 nunc
1592 5367 1816 5436 vestigia
1860 5379 2050 5432 super-

477 5443 619 5488 sunt.
669 5434 750 5488 Ad
781 5433 998 5489 ﬂuvium
1025 5433 1325 5500 Gabellum,
1377 5452 1519 5490 nunc
1551 5433 1788 5499 Secchin,
1825 5437 1877 5490 in
1919 5449 2049 5502 agro

480 5504 728 5574 [tegiensi
763 5505 1112 5562 emistitutum
1168 5507 1463 5574 antiquitus
1503 5504 1603 5559 fuit
1656 5505 2050 5559 xenodoehium

479 5573 751 5646 llerberia:
798 5589 1054 5646 perquam
1102 5573 1435 5646 opulentum,
1480 5576 1620 5646 quod
1665 5576 1840 5646 adhuc
1867 5574 2048 5646 ‘viget.

480 5643 687 5695 Rursus
710 5641 849 5714 apud
877 5641 973 5714 nos
1000 5648 1084 5699 via
1115 5641 1214 5709 est,
1262 5662 1381 5714 quae
1421 5641 1617 5700 Saiolo
1645 5646 1712 5700 ad
1747 5641 2050 5714 Garl‘agna--

480 5725 700 5785 llgamngc
742 5713 990 5785 Tusciam
1028 5732 1122 5785 per
1171 5712 1544 5785 interpositum
1579 5715 1916 5785 Apenninum
1957 5712 2051 5785 dn-

479 5779 570 5833 Cil.
603 5779 711 5838 Illic
754 5783 803 5835 in
842 5783 968 5854 jugn
999 5779 1043 5838 η’
1064 5786 1284 5842 vrtuslis
1314 5779 1655 5854 'lcmpm'illn's
1683 5782 1914 5838 excitum
1953 5780 2049 5835 fuit

2162 4605 2362 4674 pietate
2376 4603 2610 4674 ﬁdelium
2643 4603 2863 4657 fuerunt
2891 4604 3167 4668 destinati,
3195 4614 3251 4658 et
3271 4605 3446 4658 adhuc
3466 4603 3732 4660 destinan-

2166 4673 2271 4727 tur.
2322 4673 2714 4728 Fraxinorense
2752 4688 2966 4742 quoque
3015 4675 3404 4727 monasterium
3447 4675 3500 4727 in
3546 4676 3728 4730 iisdem

2163 4744 2436 4813 montibus
2475 4745 2716 4800 additum
2757 4742 2856 4796 fuit
2896 4759 2925 4795 a
2959 4742 3214 4797 Matliilde
3244 4759 3436 4813 magna
3463 4746 3729 4800 comitissa

2161 4811 2380 4881 ejusque
2407 4820 2577 4866 matre
2607 4813 2869 4882 Beatrice,
2906 4813 3089 4881 ibique
3126 4828 3226 4882 par
3262 4811 3355 4866 est
3384 4813 3604 4868 credere
3642 4816 3728 4869 ho-

2161 4884 2509 4952 spitalitatem
2558 4883 2610 4936 in
2656 4898 2757 4936 usu
2801 4881 3003 4952 fuisse._
3046 4881 3310 4936 Praeterea
3359 4883 3426 4952 ab
3456 4899 3586 4952 agro
3628 4882 3728 4939 Re-

2160 4950 2329 5024 giensi
2357 4953 2459 5024 alia
2481 4952 2568 5004 via
2592 4959 2675 5024 est
2701 4967 2819 5024 quae
2846 4967 2945 5024 per
2975 4950 3255 5024 Cerretum
3279 4961 3334 5006 et
3357 4950 3721 5024 Ligonchium,

2158 5019 2386 5090 trajecto
2424 5019 2733 5091 Apennino,
2799 5019 2862 5075 in'
2907 5019 3305 5091 Gart'agnanam
3354 5019 3621 5077 descendit
3657 5024 3724 5076 ad

2159 5089 2421 5145 Silanum.
2474 5089 2752 5161 ’Utrinque
2789 5105 2927 5161 pone
2972 5089 3162 5161 jngum
3210 5093 3407 5146 montis
3459 5100 3723 5146 exstructa

2157 5163 2285 5217 olim
2342 5161 2493 5215 fuere
2542 5160 2897 5222 xenodochia,
2930 5160 3126 5228 quibus
3181 5161 3358 5215 adhuc
3406 5171 3489 5216 est
3538 5177 3720 5216 nomen

2155 5230 2496 5298 hospitaletti,
2535 5231 2716 5298 ibique
2742 5229 2991 5301 charitas
3023 5239 3328 5285 exercetur.
3360 5229 3499 5284 Sunt
3533 5241 3586 5284 et
3622 5231 3722 5301 alia

2157 5303 2209 5355 in
2236 5301 2615 5355 Mutinensium
2643 5299 2915 5353 montibus
2949 5299 3066 5370 loca
3093 5315 3214 5370 quae
3253 5315 3360 5354 non
3391 5315 3600 5364 munus,
3629 5300 3717 5354 sed

2156 5385 2348 5440 nomen
2387 5371 2491 5425 line
2543 5371 2796 5434 retinent,
2847 5369 3123 5438 appellata
3161 5385 3352 5440 nempe
3395 5370 3717 5440 hospitaletti.

2155 5439 2686 5511 ltaiBononiensihus
2704 5447 2786 5493 est
2831 5439 2917 5511 via
2947 5454 3067 5507 qua:
3095 5455 3193 5511 per
3215 5439 3554 5511 Apeﬁnninum
3587 5439 3718 5511 ducit

2155 5510 2208 5563 in
2238 5510 2621 5564 Pistoriensem
2657 5524 2867 5577 agrum,
2909 5509 3278 5577 ibique‘etiam
3306 5510 3460 5563 durat
3503 5510 3717 5576 hospita-

2153 5578 2263 5633 lcm'
2297 5579 2632 5640 vocabulum,
2682 5577 2810 5631 illud
2841 5577 3090 5640 fortasse.
3124 5579 3208 5633 cui
3251 5577 3598 5633 celeberrima
3639 5592 3716 5630 co-

2154 5650 2363 5704 initissa
2402 5647 2674 5702 Matlrildis
2720 5646 2914 5703 mul‘os
2955 5647 3149 5702 fundos
3200 5650 3250 5702 in
3281 5647 3699 5717 liencﬁcinm‘pC-

2155 5720 2489 5789 regrinnrum
2523 5718 2761 5774 contulit.
