3936 6320
233 397 371 450 ιεδδ

227 611 392 662 mus;
435 596 579 665 quod
617 606 795 655 et'nos
837 601 910 654 ita
941 599 1133 656 fecisse
1160 605 1399 658 omnium
1447 603 1684 658 ﬁdelium
1715 618 1811 656 no-

230 695 472 759 atrorum
510 698 798 758 cognoscat
826 691 1114 759 sagacitas.
1154 691 1534 762 Praecipientes
1557 706 1684 762 ergo
1704 700 1812 746 sta-

230 778 459 843 tuimus,
509 785 670 848 atque
714 795 810 850 per
853 782 956 836 hoc
997 791 1240 836 nostrum
1271 781 1577 838 Caesareum
1613 797 1812 853 praece-

229 877 387 937 ptum
447 869 832 926 conﬁrmamus
903 872 969 926 ad
1017 871 1350 928 Novalieinm
1402 874 1809 940 monasterium,

229 970 584 1030 rectoresque
613 961 728 1029 ejus
753 964 845 1032 qui
878 963 1078 1018 fuerint
1098 980 1194 1034 per
1221 974 1486 1036 tempora,
1518 966 1570 1019 in
1605 980 1812 1019 recom-

233 1054 554 1120 pensatione
604 1069 763 1123 supra
822 1066 1178 1110 memoratum
1230 1056 1498 1126 hospitale
1545 1057 1646 1110 sub
1689 1053 1812 1122 jure

233 1143 557 1197 monasterii
587 1142 843 1199 Novalicii
884 1153 938 1198 et
961 1155 1144 1200 nostra
1182 1147 1536 1217 pr0prietate,
1560 1144 1812 1198 concedi-

228 1249 360 1290 mus
400 1234 465 1313 ad
495 1236 807 1304 pradictam
850 1239 1229 1293 necessitatem
1259 1236 1644 1291 monasterium
1671 1233 1812 1304 quod

228 1332 462 1379 vocatur
501 1323 778 1395 Appanis,
824 1340 945 1379 cum
990 1325 1242 1380 omnibus
1270 1339 1388 1394 qua:
1430 1324 1497 1377 ad
1544 1322 1674 1376 illud
1713 1323 1814 1376 rite

226 1416 508 1485 pertinere
555 1424 887 1482 noscuntur;
939 1423 998 1470 ut
1029 1417 1221 1471 amodo
1247 1425 1301 1470 et
1328 1415 1578 1484 deinceps
1604 1414 1658 1467 in
1693 1414 1816 1482 jure

228 1505 406 1576 ipsius
431 1508 745 1562 monasterii
782 1522 921 1577 saepe
962 1508 1243 1573 nominati,
1273 1516 1650 1575 rectorumqne
1678 1505 1810 1574 ejus,

227 1604 495 1665 perpetua
534 1596 829 1651 stabilitate
854 1597 907 1649 in
937 1598 1034 1652 Dei
1063 1597 1280 1652 nomine
1310 1603 1547 1660 maneat,
1577 1594 1815 1663 ipsisque

230 1686 335 1740 Dei
367 1685 581 1741 famulis
597 1687 896 1757 utrobique
919 1687 1103 1742 dietim
1139 1687 1462 1756 degentibus
1489 1684 1734 1754 proﬁciat
1762 1684 1813 1736 in

230 1783 607 1845 augmentum,
639 1775 874 1844 qualiter
894 1792 992 1844 pro
1026 1776 1296 1830 communi
1322 1774 1492 1829 salute
1525 1773 1619 1828 Dei
1648 1773 1813 1826 mise-

232 1863 530 1917 ricordiam
551 1862 788 1931 jucundo
823 1865 1005 1918 animo
1029 1863 1242 1917 valeant
1269 1877 1515 1917 exorare.
1543 1862 1610 1917 Ut
1635 1869 1811 1914 autem
1842 1865 1888 1922 B

231 1952 342 2006 hoc
386 1961 585 2006 nostra:
635 1952 1063 2006 conﬁrmationis
1099 1961 1423 2022 praeceptum
1472 1951 1538 2005 ab
1569 1949 1819 2004 omnibus

232 2041 512 2104 credatur,
543 2049 600 2094 et
630 2040 822 2093 melius
845 2055 949 2115 per;
971 2039 1151 2093 futura
1175 2048 1414 2108 tempora
1445 2045 1814 2100 conservetur,

235 2145 404 2184 manu
430 2131 646 2199 propria
674 2139 728 2183 ct
753 2130 935 2184 annuli
959 2132 1130 2186 nostri
1160 2130 1334 2201 sigillo
1367 2131 1553 2184 subter
1579 2127 1707 2182 illud
1729 2128 1818 2182 de-

233 2224 510 2278 crevimus
541 2239 661 2280 esse
687 2225 1056 2278 muniendum.

312 2311 649 2382 Signum.....
684 2313 926 2369 Lotharii
950 2314 1326 2384 gloriosissimi
1349 2313 1598 2385 Augusti.

313 2399 646 2457 Ghuitardus
671 2403 738 2456 ad
767 2403 937 2457 vicem
966 2403 1190 2473 Vitgarii
1221 2404 1434 2471 scripsi.

313 2491 505 2546 Datum
532 2509 620 2546 xvt
669 2493 936 2548 Kalendas
972 2493 1212 2557 Martias,
1241 2509 1406 2558 anno,
1447 2492 1660 2547 Christo
1699 2507 1821 2560 pro-

235 2583 395 2650 pitio,
436 2583 648 2652 imperii
688 2583 887 2636 domini
924 2582 1181 2636 Ludovici
1221 2583 1548 2636 serenissimi
1593 2582 1822 2649 impera-

239 2672 380 2726 toris
424 2672 729 2738 undecimo,
777 2673 928 2743 regni
982 2672 1226 2726 Lotharii
1275 2671 1648 2743 gloriosissimi
1709 2671 1820 2723 Au-

239 2762 385 2830 gusti
447 2800 464 2817 .
521 2800 533 2814 .
580 2801 592 2815 .
636 2801 648 2814 .
695 2801 708 2814 .
752 2801 764 2814 .
811 2800 824 2814 .
868 2801 880 2814 .
927 2800 940 2813 .
987 2801 1000 2813 .
1047 2800 1060 2814 .
1105 2800 1120 2814 .
1165 2801 1178 2813 .
1223 2799 1238 2816 .
1297 2760 1588 2814 indictione
1640 2760 1815 2813 tertia.

239 2851 438 2905 Actum
483 2851 726 2907 Murinco
763 2868 830 2906 ex
855 2851 1054 2922 palatio
1079 2850 1228 2920 regio
1257 2851 1310 2905 in
1344 2850 1436 2904 Dei
1467 2850 1681 2903 nomine
1708 2848 1822 2902 feli-

241 2940 402 2994 citer.
434 2940 622 2995 Amen.

319 3108 346 3165 ον
387 3093 500 3149 Hoc
543 3093 800 3150 Ludovici
849 3094 1204 3165 Piiwdiploma
1253 3095 1493 3165 indicant
1525 3096 1590 3150 ad
1627 3111 1826 3149 annum

1367 402 1759 458 DlPLUMATA
1796 399 2349 457 ECCLESIASTICA.

231 508 356 572 bus,
385 522 482 576 per
508 517 706 563 nostra:
732 512 1070 567 auctoritatis
1102 522 1427 584 praeceptum
1458 515 1806 569 conﬁrmare-
1835 524 1883 580 Α

3350 399 3482 456 “Si

2578 512 2807 566 CXXXI.

2225 618 2324 658 PRO
2364 617 2593 658 VICTORE
2632 619 2868 657 CURIENSI
2907 617 3174 658 EPISCOPO.

2535 693 2705 764 (Anno
2733 693 2879 762 825.)

1916 781 2090 854 [Apud
2140 782 2494 854 Grandidier,
2544 781 2776 854 Histoire
2821 784 2883 854 de
2938 781 3172 854 Strasb.,
3226 793 3357 838 tom.
3409 785 3486 850 ll,

1982 867 2102 921 pag.
2157 853 2287 916 181,
2335 868 2401 907 ex
2450 853 2778 922 autographa
2811 851 3057 906 tabularii
3105 855 3350 909 ecclesia:
3379 855 3483 909 Cu-

1983 923 2180 976 riensis
2204 922 2278 993 8.]

1982 1032 2040 1086 ln
2069 1032 2285 1086 nomine
2313 1031 2524 1086 Domini
2555 1031 2724 1085 nostri
2753 1030 2882 1086 Jesu
2913 1029 3110 1084 Christi
3141 1031 3234 1085 Dei
3272 1035 3480 1098 aeterni,

1914 1122 2237 1187 Ludovicus,
2269 1122 2446 1176 divina
2478 1121 2761 1176 ordinante
2805 1120 3168 1191 providentia,
3194 1122 3489 1191 imperator

1914 1213 2204 1282 Augustus.

1986 1303 2180 1357 Notum
2209 1316 2327 1356 esse
2352 1300 2598 1355 volumus
2627 1300 2870 1354 ﬁdelibus
2892 1309 3091 1354 sanctae
3113 1299 3205 1353 Dei
3232 1299 3489 1355 Ecclesia:

1914 1401 1968 1446 ct
2014 1392 2231 1456 nostris,
2275 1391 2632 1460 prmscntihus
2680 1390 2885 1443 scilicet
2913 1398 2967 1442 et
3008 1387 3220 1453 futuris,
3255 1390 3380 1457 quia
3409 1389 3492 1443 vir

1916 1482 2236 1536 venerabilis
2271 1481 2457 1536 Victor
2492 1488 2692 1535 sancta:
2717 1479 2993 1534 Curiensis
3019 1479 3258 1533 ecclesiae
3290 1479 3492 1548 episco-

1913 1588 2015 1642 pus
2044 1573 2071 1612 δ
2113 1573 2300 1627 adiens
2337 1573 2682 1626 serenitatem
2728 1570 2978 1624 culminis
3017 1569 3218 1632 nostri,
3250 1567 3490 1623 referens

1915 1662 2070 1716 nobis
2109 1677 2138 1714 a
2178 1662 2410 1730 quodam
2449 1661 2647 1715 comite
2679 1668 2864 1713 nostro
2911 1659 3174 1713 Roderico
3213 1669 3234 1695 ε
3293 1657 3492 1711 multas

1915 1750 2283 1806 infestationes
2309 1749 2636 1818 injuriasque
2665 1749 2766 1803 sibi
2793 1763 3010 1817 suaeque
3030 1748 3271 1802 ecclesiae
3293 1747 3491 1801 illatas.

1915 1840 1995 1895 Ad
2044 1856 2206 1910 quam
2257 1839 2687 1910 investigandam
2744 1850 2963 1892 causam
3027 1844 3241 1891 nostros
3305 1835 3492 1891 ﬁdeles

1918 1930 2242 1984 Bernoldum
2264 1929 2626 1984 venerabilem
2655 1928 3136 1996 Strazburgensem
3161 1928 3492 1997 episcopum,

1919 2032 1970 2078 et
1996 2022 2329 2077 Cotafridum
2357 2021 2540 2075 Sancti
2566 2020 2811 2091 Gregorii
2835 2020 3146 2074 monasterii
3171 2020 3418 2075 abbatem
3440 2019 3493 2083 ἀ,

1921 2113 2206 2182 ipsumque
2246 2110 2570 2164 Rodericum
2609 2109 2964 2178 prmdatorem
2985 2150 2997 2172 ,
3040 2124 3142 2164 nec
3172 2124 3278 2162 non
3306 2118 3361 2164 et
3390 2109 3498 2162 Ro-

1921 2203 2159 2256 tharium
2187 2202 2442 2255 comitem
2499 2211 2522 2239 ο
2571 2199 2779 2253 ﬁdelem
2823 2211 3066 2252 nostrum
3110 2197 3245 2251 infra
3281 2199 3499 2269 provin-

1922 2294 2061 2348 ciam
2091 2292 2255 2346 Recia
2291 2291 2308 2330 ί
2341 2299 2700 2360 nuncupatam
2731 2289 3045 2355 direximus,
3072 2297 3134 2343 ut
3162 2289 3341 2344 subtili
3364 2303 3495 2342 exa—

1925 2388 2071 2440 mine
2119 2384 2423 2452 hujusmodi
2476 2382 2707 2452 querelm
2759 2382 3044 2435 veritatem
3093 2381 3232 2435 inter
3275 2378 3504 2450 populos

1925 2477 2272 2531 discuterent.
2305 2473 2406 2540 Qui
2436 2481 2771 2527 revertentes
2787 2472 2927 2542 juris
2957 2472 3042 2525 sui
3063 2472 3306 2525 ecclesia:
3333 2485 3499 2540 quas-

1926 2566 2047 2620 dam
2097 2580 2202 2628 res,
2251 2579 2386 2632 quas
2431 2571 2801 2616 antecessores
2843 2562 3018 2616 nostri
3051 2562 3263 2631 genitor
3289 2569 3496 2623 noster,

1926 2670 2056 2708 avus
2080 2662 2133 2708 et
2162 2664 2373 2716 atavus,
2405 2653 2602 2721 aliique
2640 2653 2807 2705 Deum
2838 2653 3108 2715 timentes,
3137 2665 3236 2721 pro
3264 2649 3502 2704 remedio

1928 2745 2121 2798 animm
2161 2759 2270 2798 suae
2318 2743 2490 2797 eidem
2537 2741 2780 2796 ecclesia:
2831 2749 3252 2805 concesserunt,
3309 2738 3504 2808 injuste

1929 2835 2236 2889 subtractas
2262 2847 2381 2886 esse
2409 2833 2736 2898 indicarunt,
2773 2833 2826 2886 id
2858 2841 2961 2898 est,
2992 2833 3276 2886 ecclesiam
3316 2830 3502 2887 Sancti

1933 2920 2131 2991 Sysinii
2178 2929 2232 2974 et
2272 2929 2477 2974 curtem
2526 2919 2730 2975 Zizeris
2763 2922 2804 2984 ε,
2843 2931 2898 2973 et
2945 2919 3270 2975 Senochium
3317 2919 3503 2973 Sancti

1935 3103 2119 3165 cerpta
2163 3095 2503 3166 diplomatica
2553 3095 2819 3166 Tschudii
2844 3099 3206 3166 manuscripta
3230 3137 3244 3162 ,
3275 3112 3506 3166 quorum

245 3164 354 3221 825
385 3174 532 3239 recte
567 3165 861 3239 referentes
893 3158 1439 3239 _IEgi'diusATschudi,
1484 3167 1537 3220 in
1569 3165 1824 3239 Catalogo
1853 3177 1896 3239 ρ
1929 3158 2319 3239 autograplfum
2360 3174 2607 3239 servatur
2648 3158 2702 3218 in
2751 3158 3508 3239 bibliothecaSa_n¥Gallensis

249 3250 354 3316 ms.
382 3234 1140 3316 episcoporumnCurieBSinnt:
1171 3236 1311 3316 inter
1331 3244 1678 3289 monumenta
1703 3236 1826 3316 1191-

248 3303 819 3375 vetico-‘IugiensiaD.
842 3303 903 3357 L.
933 3305 990 3375 Β.
1017 3306 1081 3359 de
1102 3304 1400 3358 Zurlauben
1427 3321 1553 3359 mss.
1582 3313 1709 3358 tom.
1738 3303 1821 3370 Vl,

252 3389 379 3445 pag.
407 3374 498 3445 58,
537 3373 603 3428 ‘et
644 3375 698 3426 in
724 3373 899 3445 Gallia
932 3373 1175 3438 Comata,
1221 3389 1382 3442 opere
1419 3377 1704 3445 posthumg
1733 3390 1823 3427 an.

253 3390 374 3496 pag.
407 3390 498 3453 an,
547 3390 603 3428 et
644 3390 698 3426 in
728 3390 899 3455 Cauta
932 3390 1175 3438 Comata,
1221 3390 1382 3442 opere
1419 3390 1704 3444 posmqu
1733 3390 1823 3427 an.

253 3445 316 3497 17
358 3443 390 3497 8
413 3458 698 3513 impresso,
723 3443 816 3496 lib.
845 3452 1060 3513 n,part.
1090 3458 1264 3512 t,cap.
1290 3445 1343 3506 5,
1361 3458 1479 3513 pag.
1503 3441 1638 3507 500;
1667 3443 1829 3512 Spre—

253 3459 390 3497 uoa
413 3459 698 3512 tmpresso,
725 3459 816 3496 ιιι).
845 3459 1060 3512 ιι,ρειί.
1090 3459 1264 3512 t,cap.
1290 3459 1343 3506 ο,
1361 3459 1423 3512 pa
1466 3485 1479 3498 .
1503 3459 1638 3507 ouo;
1667 3459 1827 3512 Spre—

251 3514 473 3592 cherus,
527 3515 577 3566 in
624 3512 848 3575 Rbetia,
875 3513 974 3582 slib.
1020 3510 1111 3576 ιιι,
1147 3528 1266 3634 pag.
1301 3513 1398 3577 97;
1429 3459 1742 3576 gucelinus,
1774 3515 1827 3566 in

253 3582 446 3634 ﬁheua
482 3597 634 3634 sacra
669 3590 724 3634 et
745 3581 988 3634 profana.
1030 3597 1153 3634 nan.
1185 3583 1205 3634 1
1253 3583 1314 3634 0:
1341 3582 1603 3634 Cointius.
1635 3582 1824 3634 Annal.

253 3582 446 3635 Rhetia
482 3597 634 3635 sacra
669 3590 724 3634 et
745 3581 988 3651 profana,
1030 3597 1153 3651 pag.
1185 3581 1314 3647 170;
1341 3582 1603 3646 Cointius,
1635 3582 1824 3635 Annal.

251 3651 386 3704 cccl.
414 3651 669 3705 Francor.
691 3659 834 3721 tom.
879 3651 986 3716 Vll,
1017 3668 1136 3721 pag.
1161 3651 1292 3714 762;
1313 3651 1604 3721 Mabillon,
1627 3652 1821 3704 Annal.

252 3721 476 3782 Bened.,
513 3730 640 3774 tom.
685 3719 766 3779 Ill.
793 3737 940 3774 num.
987 3719 1221 3789 8|,pag.
1264 3719 1400 3784 501;
1444 3728 1496 3774 et
1523 3721 1742 3784 Eckart,
1774 3721 1828 3772 in

253 3793 559 3843 Comment.
592 3791 657 3844 de
701 3791 858 3843 rebus
897 3789 1136 3843 Francia:
1174 3791 1394 3852 orient.,
1435 3799 1565 3843 tom.
1603 3790 1666 3853 ll,
1705 3805 1824 3858 pag.

257 3859 380 3913 191.
408 3858 513 3912 Sed
537 3874 723 3913 omnes
754 3859 1059 3928 diplomatis
1091 3867 1298 3911 tantum
1326 3859 1585 3928 dederunt
1613 3860 1828 3928 brevem

253 3937 580 3982 extractum.
629 3927 920 3996 Integrum,
964 3929 1057 3982 sed
1099 3942 1202 3981 non
1249 3927 1378 3981 satis
1409 3936 1733 3990 correctum,
1764 3927 1830 3996 aid

256 4012 456 4051 annum
482 3997 585 4051 822
607 3995 771 4050 edidit
792 3997 1172 4065 Scliaapllinus,
1195 3996 1366 4050 Alsat.
1391 3997 1614 4065 diplom.
1629 4005 1764 4065 tom.
1789 3995 1828 4059 l,

257 4082 380 4147 pag.
411 4066 609 4147 68,.ex‘
646 4066 829 4147 codice
872 4064 1238 4147 manuscripto
1277 4064 1568 4147 Christiani
1597 4064 1829 4147 Drstisii,

258 4135 353 4206 qui
383 4137 619 4206 pertinet
657 4136 724 4188 ad
762 4136 1090 4206 Bruckerum
1123 4136 1471 4190 historiarum
1506 4135 1649 4206 apud
1681 4135 1832 4187 Basi-

258 4203 472 4276 leenses
498 4205 875 4276 professorem.
923 4205 1163 4276 Diploma
1187 4206 1594 4276 hicgcorrcctum
1619 4203 1830 4276 damus,

300 4275 423 4329 uale
463 4272 529 4329 ei
565 4275 896 4344 autographo
923 4272 1037 4344 ipso
1077 4273 1449 4344 benevolentia
1473 4272 1835 4344 illustrissimi

300 4293 423 4329 uate
463 4293 529 4329 ex
565 4293 896 4344 aUtograpuo
923 4293 1037 4343 Ipso
1077 4293 1449 4327 Dettcvmenua
1487 4293 1835 4325 utusu'tssum

261 4293 320 4400 ἓ.
357 4345 421 4397 Β.
454 4344 494 4398 l.
527 4344 782 4414 principis
803 4343 1339 4414 episcopi‘Curiensis
1362 4341 1516 4414 nobis
1539 4341 1836 4414 communi:

263 4416 409 4468 cavit
444 4411 770 4467 reverendus
807 4420 862 4465 et
891 4411 1087 4466 nobilis
1125 4411 1298 4467 eidem
1329 4411 1835 4480 episcopo-principi

265 4500 295 4536 a
343 4483 580 4566 consiliis
627 4482 982 4566 dominus‘de
1028 4480 1470 4566 Jost.‘_PnI)licas.
1493 4480 1581 4534 hic
1624 4480 1836 4548 utrique
1861 4507 1915 4566 D

1085 4566 1354 4601 unatmus.

266 4553 495 4623 prmstiti
527 4550 773 4605 beneficii
796 4559 973 4620 grates
1000 4549 1354 4604 refundimus.
1756 4611 1759 4615 ι

339 4622 368 4662 δ
407 4622 482 4675 De
513 4622 726 4675 Victore
752 4621 1032 4688 sequentia
1062 4619 1225 4688 tradit
1248 4617 1601 4688 Sprecherus,
1625 4617 1678 4670 in
1703 4617 1838 4673 Rhe-

269 4693 364 4757 tia,
393 4706 514 4761 pag.
544 4691 634 4744 97.
677 4708 707 4761 ¢_
727 4689 781 4761 ln
807 4686 1114 4761 episcopatu
1143 4686 1411 4761 Curiensi,
1442 4688 1624 4761 Victor
1653 4701 1840 4761 secun—

270 4763 372 4814 dus
394 4757 523 4828 post
560 4757 860 4828 Remigium
889 4757 1067 4818 sedet,
1101 4757 1184 4810 cui
1210 4757 1530 4828 diuturnum
1561 4757 1838 4828 dissidium

254 4831 374 4884 'f‘uit
403 4824 540 4882 'cum
592 4824 854 4880 Rodérico
897 4829 1092 4896 comite
1135 4840 1163 4896 a
1210 4826 1475 4896 Langaro,
1507 4824 1658 4892 cujus
1709 4825 1842 4896 fines

273 4901 419 4954 circa
453 4897 670 4952 Curiam
697 4912 726 4948 a
754 4896 1000 4965 Langaro
1023 4894 1239 4965 flumine
1260 4894 1597 4965 ad'llhenum
1618 4903 1672 4947 et
1697 4894 1843 4950 Cris-

274 4969 737 5040 paltam_mo_ntem
776 4966 856 5040 ab_
881 4964 1106 5040 utraque
1147 4964 1318 5040 Rheni
1360 4964 1472 5032 ripa
1504 4979 1562 5040 se
1600 4965 1840 5040 porrige-

276 5032 426 5093 bant.
477 5036 618 5090 Misit
665 5049 793 5104 ergo
837 5032 1137 5088 Ludovicus
1185 5035 1475 5104 imperator
1522 5032 1844 5087 Bernoldum

275 5108 585 5176 episcopum
630 5101 1107 5176 Argentinensem,
1139 5111 1192 5156 et
1229 5101 1554 5176 Gottfridum
1595 5103 1844 5158 abbatem

278 5171 623 5246 Gregoi'iana:
652 5171 837 5246 Vallis
871 5189 993 5227 cum
1045 5173 1293 5246 R_ugg_er_o
1343 5171 1571 5234 comite,
1604 5187 1845 5246 quorum

279 5241 599 5300 auctoritate
646 5241 844 5296 factum
873 5252 956 5296 est
983 5251 1034 5296 ut
1078 5241 1370 5296 Rodericus
1395 5256 1513 5308 qua:
1541 5241 1845 5309 eripuisset,

282 5315 484 5370 Victori
522 5313 861 5368 restituisset.
903 5312 1018 5378 Qua
1065 5311 1132 5365 de
1179 5325 1238 5365 re
1289 5312 1702 5365 instrumentum
1753 5327 1848 5366 ex-

282 5394 410 5439 stat.
438 5392 542 5437 etc.
582 5403 599 5434 ι

359 5426 715 5507 ἔηῐῖὀῖίὀιῖἰρυε
759 5458 876 5505 erat
904 5464 1083 5505 comes
1123 5448 1349 5519 Langari
1378 5445 1575 5519 (Comte
1609 5449 1679 5500 du
1709 5447 1851 5501 Lan-

360 5533 472 5586 art,
507 5523 686 5576 riviére
716 5538 784 5574 au
809 5537 934 5590 pays
959 5519 1048 5573 de:
1077 5517 1345 5590 Grisoiu),
1385 5517 1536 5586 Cujus
1570 5520 1854 5590 comitatus

330 5606 423 5644 nes
443 5591 702 5646 describit
721 5587 1038 5648 Tschudius.
1060 5590 1112 5642 in
1135 5587 1302 5642 Gallia
1317 5589 1556 5650 Comata,
1583 5603 1703 5657 pag.
1727 5588 1849 5641 500.

289 5661 432 5717 Idem
483 5660 782 5714 Tschndius
827 5659 1142 5712 Rodericum
1185 5660 1434 5712 comitem
1487 5657 1655 5712 [striae
1703 5658 1850 5716 dicit,

295 5731 514 5782 fratrem
538 5728 806 5782 Adelberti
830 5728 1030 5782 Rhetia:
1054 5728 1287 5792 comitis,
1317 5727 1586 5792 filiumque
1610 5725 1853 5779 Hunfridi

296 5800 507 5856 comitis
541 5798 743 5853 Rhetiae
776 5798 1045 5855 Curiensis
1080 5807 1132 5851 et
1160 5797 1357 5853 domini
1387 5797 1569 5850 lstrize.
1614 5797 1740 5850 Vide
1764 5811 1856 5850 ex-

1929 3235 2178 3306 abbatiaa,
2207 3244 2262 3289 et
2304 3236 2668 3306 apographum
2697 3235 2934 3302 possidet
2973 3236 3044 3306 7D.
3076 3236 3134 3290 L.
3162 3235 3222 3290 Β.
3261 3239 3326 3306 de
3367 3237 3502 3292 Zur-

1929 3305 2322 3376 lauben,__tom.
2338 3303 2431 3360 ’Ν
2464 3303 2928 3376 Monumentorum
2968 3305 3506 3376 ﬁelvctico-Tugien-

1934 3376 2096 3427 sium.
2151 3373 2476 3428 Hunfridum
2523 3374 2712 3426 ducem
2769 3388 2930 3441 super
2972 3374 3220 3428 Rhetiam
3267 3373 3510 3430 nominat

1931 3443 2246 3522 Theganus‘,
2286 3444 2427 3522 apud
2472 3443 2827 3522 Bouquetum,
2859 3443 3109 3522 tom_.lVl,
3155 3460 3275 3514 pag.
3323 3445 3509 3522 892_et

1932 3512 2184 3590 comitem
2208 3512 2522 3590 Curierlsem
2552 3512 2910 3590 liginhardus,
2941 3512 3166 3590 ibidem,
3192 3512 3311 3590 pag.
3347 3515 3466 3590 185.

2002 3582 2028 3620 d
2067 3582 2212 3636 ldem
2259 3598 2321 3637 ac
2373 3578 2717 3635 Gothefridus
2746 3579 2912 3634 abbas
2957 3582 3009 3634 in
3049 3578 3315 3638 Chronico
3355 3584 3507 3638 brevi

1933 3651 2158 3704 abbatite
2199 3651 2631 3705 Monasteriensis
2674 3659 3004 3703 memoratus
3048 3651 3113 3704 ad
3155 3667 3354 3706 annum
3382 3653 3505 3716 815,

1932 3734 2038 3788 quo
2073 3721 2130 3790 in
2165 3723 2352 3773 eadem
2400 3719 2614 3790 abbatia
2655 3719 2921 3790 successit
2958 3718 3220 3790 Rachioni
3259 3722 3511 3790 Argenti—

1932 3785 2086 3842 tiensi
2113 3789 2395 3859 episcopo.
2429 3785 2632 3859 (Codex;
2651 3787 3017 3859 diplomaticus
3046 3789 3275 3859 ecclesia:
3303 3785 3504 3859 A'rgen-

1933 3858 2168 3926 tinensis,
2199 3857 2323 3910 tom.
2352 3857 2404 3918 1,
2439 3872 2580 3926 num.
2615 3857 2699 3926 16,
2730 3873 2849 3926 pag.
2876 3858 3023 3925 xxv.)
3051 3858 3106 3910 lu
3137 3857 3509 3925 ejusdem—Go-

1936 3925 2181 3989 thefridi,
2223 3928 2348 3997 sive,
2371 3925 2654 3997 Gotafridi
2675 3925 3166 3997 favorem_exstant
3200 3929 3304 3997 duo
3339 3929 3508 3997 diplo—

1936 4004 2101 4060 mata,
2128 4012 2293 4048 unum
2329 3995 2582 4049 Ludovici
2626 3994 2705 4047 Pii
2730 4010 2816 4047 an.
2842 3993 2968 4059 823,
2994 3997 3222 4048 alterum
3251 3993 3509 4051 Ludo-vici

1936 4073 1989 4118 et
2029 4063 2268 4118 Lotharii
2301 4063 2624 4135 conjunctim
2658 4080 2744 4135 an.
2782 4062 2917 4135 826,
2950 4067 3117 4135 ambo
3155 4068 3506 4135 autographa,

1935 4148 2054 4189 «tua:
2101 4141 2317 4187 exstant
2365 4135 2416 4187 in
2461 4132 2726 4186 tabulario
2782 4133 3009 4186 abbatis:
3048 4132 3506 4189 Monasteriensis.

1978 4202 2057 4266 la,
2094 4204 2514 4288 pwrazterua‘lnios,‘
2543 4203 2825 4288 edidgrpnt
2860 4201 3216 4288 Bouque‘t‘us,
3258 4212 3388 4288 toni.
3420 4205 3509 4267 Vl,

1936 4286 2056 4341 pag.
2091 4268 2193 4324 554
2217 4280 2272 4326 et
2305 4273 2428 4336 551,
2467 4279 2626 4338 atque
2661 4268 3037 4338 Schmpﬁinus,
3065 4272 3236 4326 Alsat.
3265 4273 3510 4342 diplom.,

1941 4350 2070 4394 tom.
2098 4340 2138 4404 l,
2166 4357 2284 4410 pag.
2313 4343 2380 4396 69
2402 4351 2455 4408 et
2479 4343 2562 4396 72.
2589 4342 2806 4409 Legitur
2833 4343 2970 4396 idem
2993 4334 3312 4397 Godefridus
3339 4343 3508 4398 abbas

1942 4411 1996 4464 in
2018 4411 2203 4464 charta
2233 4411 2488 4465 Ludovici
2517 4411 2596 4465 Pii
2620 4426 2706 4464 an.
2735 4410 2831 4465 831
2861 4410 3082 4465 inferius
3107 4411 3333 4464 edenda.

2016 4491 2038 4518 ο
2080 4480 2369 4535 Rotharius
2413 4496 2630 4543 comes,
2685 4481 2776 4548 qui
2822 4482 2875 4534 in
2925 4482 3108 4534 charta
3160 4481 3511 4548 subsequenti

1941 4551 2067 4603 anni
2096 4550 2193 4603 851
2228 4552 2535 4604 nominatur
2564 4549 2874 4615 Retharius,
2907 4549 3048 4604 idem
3069 4549 3280 4603 videtur
3301 4564 3419 4604 esse
3451 4566 3515 4605 ac

1939 4619 2231 4690 Ratharius
2269 4634 2448 4690 comes
2475 4620 2565 4688 qui
2593 4619 2802 4688 Pippini
2832 4619 3133 4690 Aquitaniae
3164 4619 3308 4690 regis
3351 4633 3517 4690 gener

1940 4689 2134 4742 dicitur
2173 4689 2241 4742 ab
2289 4686 2613 4743 Astronomo
2659 4686 3060 4743 auctore’Vitze
3107 4686 3375 4742 Ludovici
3408 4688 3512 4751 Pii,

1942 4758 2079 4826 apud
2114 4757 2486 4838 Douquetum,
2537 4768 2668 4811 tom.
2720 4757 2806 4819 Vl,
2857 4773 2978 4840 pag.
3023 4757 3143 4810 122.
3186 4756 3410 4838 Constat
3445 4773 3511 4811 ex

1941 4827 2206 4906 Chronico
2229 4827 2487 4906 Ademaﬂ
2506 4827 2930 4906 Chabannensm,
2954 4826 3353 4906 quod‘vulg'avtt
3375 4827 3515 4906 Lab-

1943 4897 2093 4958 beus,
2130 4905 2268 4966 tom.
2320 4897 2362 4950 ll
2413 4896 2661 4966 Biblioth.
2705 4910 3026 4966 mss.,7pag.
3059 4895 3193 4966 151,
3236 4895 3513 4950 Raterium

1944 4980 2085 5018 anno
2119 4965 2220 5020 859
2248 4966 2412 5020 fuisse
2435 4967 2501 5019 ab
2527 4965 2846 5032 imperatore
2869 4964 3141 5018 Ludovico
3163 4965 3514 5020 constitutum

1947 5036 2196 5088 comitem
2224 5035 2677 5090 Lemovicensem.

2024 5103 2040 5140 ί
2085 5104 2251 5158 llodie
2279 5104 2324 5157 le
2346 5120 2473 5172 pays
2513 5103 2602 5172 des
2633 5102 2868 5168 Grisons,
2915 5099 3165 5157 aliié'des
3204 5099 3430 5172 Suisses,
3467 5113 3514 5155 et

1948 5176 2163 5242 partagé
2187 5190 2248 5253 en
2275 5171 2401 5252 (rei:
2422 5171 2650 5241 grandes
2673 5174 2885 5243 parties,
2919 5173 3072 5253 qu‘on
3099 5171 3513 5251 nommqligues.

2024 5245 2048 5281 ε
2089 5242 2254 5295 Hodie
2283 5240 2482 5305 Zizers,
2517 5255 2742 5306 magnus
2781 5251 2834 5296 et
2869 5256 3074 5306 primus
3108 5256 3276 5306 pagus
3297 5240 3519 5306 jurtsdi-

2024 5256 2046 5281 δ
2089 5256 2254 5321 rmore
2283 5256 2482 5305 Lucra,
2517 5256 2742 5311 magnus
2781 5256 2834 5296 et
2869 5256 3074 5310 primus
3108 5256 3276 5320 pagus
3297 5256 3517 5306 jurtsm-

1949 5313 2144 5366 ctionts
2169 5311 2325 5380 dicta:
2370 5310 2609 5376 Quatuor
2648 5311 2932 5380 Pagorumi
2958 5310 3030 5380 (la
3075 5309 3388 5380 jundictiqn
3427 5308 3517 5361 des

1955 5381 2150 5445 Quatre
2191 5379 2456 5449 Villages),
2501 5381 2639 5433 situs
2679 5377 2747 5433 in'
2779 5381 2881 5448 liga
2907 5377 3139 5449 caddea,
3175 5378 3287 5449 sive
3324 5377 3518 5449 domus

1955 5451 2070 5515 Dei,
2101 5451 2153 5503 in
2182 5447 2394 5512 Rhetia,
2422 5450 2488 5504 ad
2519 5449 2764 5519 dextram
2804 5447 2973 5519 ripam
2996 5448 3192 5519 Pgheni,
3218 5447 3393 5500 tribus
3414 5447 3521 5519 cir-

1955 5520 2088 5574 citer
2122 5519 2286 5573 leucis
2314 5519 2474 5572 Curia
2501 5518 2726 5572 distans.
2763 5515 2995 5572 Vocatur
3020 5515 3204 5570 Latine
3237 5530 3403 5584 pagus
3428 5515 3520 5568 Ci-

1955 5589 2293 5642 ceronianus.
2349 5587 2706 5642 Consulantur
2759 5587 3127 5656 Sprecherus,
3187 5585 3240 5639 in
3283 5584 3518 5656 Rhetia,

1957 5658 2049 5712 lib.
2077 5674 2153 5721 rx,
2194 5673 2314 5728 pag.
2341 5657 2473 5720 324;
2509 5652 2827 5728 Tschudius',
2857 5655 3052 5728 Gallia;
3079 5654 3314 5728 Comatae
3335 5652 3426 5728 li_b.
3457 5667 3518 5728 ιι,

1958 5737 2097 5797 part.
2126 5744 2162 5790 ι,
2193 5721 2314 5796 cap.
2344 5728 2396 5791 9,
2431 5742 2552 5796 pag.
2578 5727 2698 5788 5H,
2727 5737 2780 5782 ct
2805 5727 2932 5791 Leu,
2961 5723 3325 5779 llelvetisches
3364 5721 3522 5777 Lexi-

1961 5813 2081 5864 con,
2114 5806 2240 5851 tom.
2281 5797 2400 5862 XX,
2425 5812 2546 5868 pag.
2576 5797 2693 5850 122.
