3936 6316
476 341 616 397 415ὕ

1612 327 1931 388 LUDOVICI
1969 329 1989 382 Ι
2028 327 2498 384 COGNOMENTO
2536 325 2620 380 I’ll

3615 321 3742 372 “56

475 454 622 511 I’etri
672 465 720 518 ⁸,
774 467 872 507 nec
907 465 1014 506 non
1058 457 1112 504 et
1155 447 1438 504 ecclesiam
1487 444 1671 499 Sancti
1712 443 2048 508 Columbani,
2082 450 2131 505 Α
2160 450 2541 498 testamentum
2595 439 3022 495 confirmationis
3073 451 3182 490 suae
3240 435 3505 505 quasdem
3561 448 3650 487 res
3695 445 3747 486 et

476 560 598 599 cum
635 543 881 596 omnibus
919 540 1082 595 rebus
1127 547 1183 593 et
1223 535 1504 604 mancipiis
1543 534 1663 602 jure
1703 549 1765 588 ac
1805 533 1951 600 juste
1987 535 2055 587 ad

474 649 595 688 eam
636 631 1050 703 pertinentibus.
1098 629 1250 685 Unde
1299 627 1477 682 omnis
1531 627 1608 680 rei
1662 627 1886 679 veritate
1933 639 2056 692 per-

476 733 677 794 specta,
707 723 907 793 placuit
932 721 1088 776 nobis
1131 728 1190 773 ut
1230 718 1444 773 easdem
1481 732 1567 771 res
1593 717 1767 770 eidem
1809 715 2055 769 Curiensi

475 817 716 872 ccclesize
769 830 892 870 cum
951 813 1098 867 omni
1143 811 1453 881 integritate
1507 809 1677 863 nostri
1731 807 2056 861 auctoritate

474 907 729 977 praecepti
757 905 1198 966 restitueremus;
1241 917 1338 971 per
1361 901 1501 969 quod
1530 899 1776 953 volumus
1803 896 2058 950 firmiter-

474 999 580 1069 que
597 995 850 1065 jubemus
875 1006 933 1050 ut
958 994 1180 1059 nostris,
1219 1009 1312 1048 seu
1342 1005 1715 1047 successorum
1743 998 2057 1044 nostrorum

479 1088 829 1158 temporibus,
856 1087 1053 1142 nullius
1082 1085 1367 1156 potestatis
1397 1101 1630 1154 persona
1661 1084 1736 1137 illi
1779 1083 2058 1154 praelibato

475 1181 729 1251 episcopo
753 1220 767 1245 ,
799 1179 882 1233 vel
929 1180 1009 1233 eis
1048 1178 1140 1246 qui
1182 1185 1301 1248 post
1349 1180 1523 1246 ipsum
1563 1177 1809 1231 eamdem
1857 1175 2060 1230 recturi

477 1268 604 1324 sunt
640 1270 844 1332 sedem,
875 1269 1036 1323 ullam
1065 1270 1131 1323 de
1170 1268 1408 1338 prmfatis
1434 1267 1596 1322 rebus
1635 1265 1835 1321 inferre
1861 1283 2062 1336 prresu-

478 1369 591 1415 mat
626 1359 1071 1416 controversiam.
1130 1360 1196 1414 Et
1217 1360 1357 1429 quod
1397 1359 1618 1428 insuper
1652 1357 1807 1413 nobis
1841 1366 2063 1426 questus

475 1459 557 1506 est
596 1449 686 1518 jus
723 1449 1027 1520 episcopale
1069 1449 1171 1504 sibi
1234 1449 1502 1504 sublatum
1543 1448 1681 1514 fore,
1721 1449 2063 1518 praecipimus

475 1540 727 1595 omnibus
777 1539 832 1594 in
873 1540 1129 1608 parochia
1165 1541 1283 1609 ejus
1311 1539 1766 1604 consistentibus,
1797 1547 1859 1593 ut
1887 1540 2064 1596 nullus

475 1629 780 1700 episcopale
834 1629 1190 1683 ministerium
1229 1630 1352 1694 sibi,
1401 1630 1620 1698 suisque
1656 1631 2063 1685 successoribus

475 1720 843 1791 peragendum
893 1719 1056 1772 ullam
1102 1719 1542 1774 contrarietatem
1581 1728 1674 1773 aut
1715 1719 2066 1789 impedimen-

2157 533 2424 603 mancipia
2457 533 2651 586 ibidem
2681 531 2964 600 delegavit,
2998 545 3206 586 necnon
3239 528 3403 583 libros
3428 536 3484 582 et
3507 529 3746 582 ministe-

2156 625 2236 678 ria
2263 625 2507 680 ecclesiae
2535 623 2848 692 variamque
2877 621 3264 692 supellectilem
3292 622 3508 684 tribuit,
3541 628 3598 674 et
3625 635 3745 674 cum

2156 715 2242 770 his
2276 715 2527 769 omnibus
2565 728 2754 768 eorum
2799 729 2864 768 ac
2911 713 3124 769 caeteris
3171 711 3334 766 rebus
3381 711 3749 770 denominatis

2156 821 2254 875 per
2274 805 2574 859 chartulam
2594 804 2900 859 traditionis
2920 805 3075 858 nobis
3098 804 3164 858 ad
3188 803 3468 874 proprium
3498 804 3746 864 tradidit,

2158 896 2298 950 sicut
2323 896 2376 949 in
2405 896 2518 965 ipsa
2545 896 2836 951 traditione
2861 896 3072 965 plenius
3099 905 3312 950 constat
3340 912 3463 951 esse
3500 907 3746 967 gestum;

2157 984 2318 1038 simul
2361 993 2600 1038 nostram
2632 984 2933 1054 deposcens
2957 985 3328 1047 serenitatem,
3349 995 3407 1039 ut
3435 1001 3578 1056 Opus
3608 987 3750 1055 quod

2160 1075 2275 1143 ipse
2308 1074 2655 1128 devotissime
2705 1075 2774 1128 ad
2824 1084 3067 1129 sanctam
3113 1076 3511 1145 professionem
3561 1077 3753 1130 obser-

2161 1165 2394 1218 vandam
2423 1163 2789 1229 inchoaverat,
2826 1165 3042 1234 Deoque
3085 1176 3332 1231 voverat,
3353 1175 3408 1220 et
3433 1167 3598 1219 nobis
3627 1179 3750 1234 per-

2161 1265 2325 1325 petuo
2354 1255 2423 1309 ad
2449 1255 2753 1309 habendam
2783 1256 3096 1321 tradiderat,
3126 1272 3226 1326 per
3270 1265 3518 1311 nostram
3564 1256 3754 1326 prori-

2164 1347 2401 1402 dentiam
2431 1355 2594 1416 atque
2638 1349 3017 1402 auctoritatem
3049 1349 3118 1402 ad
3152 1349 3255 1404 hoc
3308 1357 3752 1412 conservaretur,

2163 1445 2224 1491 ut
2248 1438 2390 1492 idem
2414 1438 2548 1492 ordo
2571 1437 2762 1492 eodem
2798 1437 2850 1490 in
2883 1437 3001 1493 loco
3030 1455 3128 1508 pro
3153 1447 3337 1494 nostra
3385 1449 3596 1494 :eterna
3640 1455 3754 1492 me-

2163 1529 2335 1583 moria
2380 1538 2539 1598 atque
2563 1528 2904 1598 eleemosyna
2931 1531 3318 1599 perpetualiter
3346 1532 3751 1585 observaretur.

2165 1618 2330 1686 Cujus
2371 1620 2570 1674 donum
2603 1628 2882 1690 gratanter
2908 1621 3252 1690 suscipimus,
3277 1629 3330 1675 et
3356 1623 3477 1690 ejus
3507 1623 3752 1692 petitioni

2165 1708 2400 1763 libenter
2425 1709 2736 1773 annuimus,
2765 1718 2927 1777 atque
2975 1725 3072 1779 per
3111 1711 3249 1764 hanc
3288 1722 3538 1764 nostram
3570 1722 3755 1766 aucto-

477 1819 591 1864 tum
618 1825 778 1878 agere
804 1818 1128 1878 praesumat;
1157 1810 1250 1865 sed
1277 1811 1532 1875 habeant,
1564 1812 1706 1865 sicut
1730 1813 1797 1866 ab
1819 1820 2064 1867 anteces-

2169 1801 2408 1866 ritatem,
2440 1803 2581 1855 sicut
2611 1801 2928 1870 postulavit,
2955 1803 3321 1857 concessimus
3349 1813 3516 1871 atque
3565 1802 3757 1856 conﬁr-

474 1899 689 1954 soribus
718 1899 918 1952 nostris
939 1899 1066 1954 huic
1097 1910 1298 1954 sancta:
1328 1901 1442 1954 sedi
1474 1916 1788 1955 concessum
1817 1912 1919 1966 est,
1945 1903 2062 1971 ple-

476 2009 601 2047 nam
651 1993 937 2048 ministerii
971 1995 1053 2048 sui
1082 2002 1428 2063 potestatem,
1479 1994 1730 2048 videlicet
1759 2008 1919 2062 super
1950 2009 2065 2048 mo-

474 2082 712 2138 nasteria
771 2084 825 2136 in
875 2084 1133 2152 parochia
1202 2099 1297 2137 sua
1347 2083 1739 2147 consistentia,
1789 2092 1844 2136 et
1903 2098 2065 2152 super

475 2171 821 2244 presbyteros
860 2173 1212 2238 ordinandas,
1255 2181 1310 2228 et
1339 2187 1500 2242 super
1540 2172 1828 2237 decimam,
1873 2186 2061 2225 secun-

475 2263 604 2318 dum
649 2263 965 2318 canonicam
998 2262 1298 2330 jussionem
1331 2261 1754 2331 disponendam;
1796 2268 2064 2330 quatenus

473 2341 573 2423 pro
600 2352 838 2406 remedio
867 2352 1060 2406 anima:
1087 2359 1285 2406 nostra:
1316 2352 1436 2405 illos
1459 2367 1579 2405 cum
1605 2352 1755 2405 omni
1789 2351 1935 2404 clero
1963 2366 2061 2404 suo

479 2441 702 2496 liberius
747 2440 964 2495 Domini
1004 2441 1431 2494 misericordiam
1460 2454 1688 2494 exorare
1718 2439 1965 2494 delectet.
1995 2439 2063 2493 Et

479 2538 541 2584 ut
571 2531 687 2584 haec
720 2530 1016 2583 ancteritas
1059 2537 1244 2582 nostra
1271 2529 1595 2583 inviolabilis
1634 2537 1866 2593 maneat,
1899 2543 2061 2582 manu

477 2620 700 2692 propria
742 2622 934 2675 subtus
987 2634 1110 2673 eam
1151 2620 1506 2685 firmavimus,
1559 2620 1851 2688 annulique
1892 2619 2064 2673 nostri

479 2711 837 2781 impressione
863 2709 1086 2780 sigillari
1102 2709 1382 2778 jussimus.

551 2805 776 2877 Signum
805 2803 985 2859 domni
1022 2802 1284 2857 Ludovici
1319 2802 1547 2872 piissimi
1577 2801 1929 2873 imperatoris
1948 2801 2062 2855 Au-

477 2895 642 2966 gusti.

551 2985 683 3038 Data
706 3000 804 3038 vm
835 2983 952 3036 Kal.
989 2981 1240 3053 Augusti,
1271 2998 1414 3036 anno
1446 2980 1531 3047 I2,
1564 2981 1796 3051 propitio
1822 2980 2062 3045 Christo,

480 3073 692 3144 imperii
714 3073 899 3126 domni
925 3072 1180 3126 Ludovici
1204 3071 1548 3140 imperatoris
1567 3070 1796 3141 piissimi
1815 3069 2060 3138 Augusti,

2167 1906 2398 1945 mamus.
2428 1891 2660 1944 Proinde
2685 1900 2873 1945 notum
2904 1906 3023 1946 esse
3048 1892 3295 1946 volumus
3319 1894 3578 1948 omnibus
3608 1894 3757 1948 vobis

2165 1983 2307 2050 quod
2334 1982 2649 2049 prtedictum
2693 1983 3080 2037 monasterium
3125 1998 3248 2036 cum
3295 1984 3556 2038 omnibus
3599 1984 3750 2046 locis.

2164 2069 2324 2131 villis,
2351 2069 2563 2133 insulis,
2594 2070 2921 2138 piscatoriis,
2945 2071 3028 2125 vel
3059 2071 3124 2124 iis
3149 2087 3268 2140 qua:
3295 2073 3364 2125 ad
3394 2073 3575 2142 ipsum
3614 2076 3754 2142 aspi-

2164 2175 2286 2214 cere
2313 2169 2632 2224 cernuntur,
2661 2175 2783 2214 cum
2819 2163 3073 2216 omnibus
3106 2162 3273 2215 etiam
3318 2162 3543 2226 finibus,
3570 2164 3754 2216 termi-

2167 2253 2252 2306 nis
2272 2261 2335 2306 ,et
2371 2251 2688 2320 adjacentiis
2717 2267 2928 2317 eorum,
2962 2267 3084 2305 cum
3130 2253 3420 2321 mancipiis
3453 2267 3522 2306 ac
3547 2255 3755 2308 caeteris

2166 2344 2346 2404 rebus,
2382 2339 2833 2409 quemadmodum
2864 2343 2917 2394 in
2950 2344 3196 2396 chartula
3228 2344 3565 2408 donationis,
3598 2361 3752 2414 quam

2164 2423 2318 2484 nobis
2365 2431 2623 2495 contulit,
2666 2431 2876 2501 plenius
2929 2433 3297 2496 continentur,
3330 2434 3455 2489 ideo
3482 2442 3546 2488 ut
3572 2446 3751 2490 sancta

2163 2526 2428 2595 professio
2456 2527 2652 2581 ibidem
2682 2526 3071 2596 perpetualiter
3103 2527 3156 2581 in
3183 2537 3368 2582 nostra
3410 2529 3752 2600 eleemosyna

2165 2619 2476 2672 conservari
2506 2625 2688 2686 queat,
2715 2617 3063 2672 devotissime
3086 2619 3417 2672 contulimus
3446 2638 3458 2672 :
3492 2629 3554 2672 ut
3582 2621 3751 2673 omnia

2165 2724 2500 2778 quaecunque
2549 2709 2803 2777 prresenti
2853 2717 3097 2777 tempore
3153 2709 3433 2777 possidere
3486 2710 3746 2770 videntur,

2165 2799 2248 2852 vel
2279 2800 2344 2853 ad
2371 2814 2495 2854 eum
2521 2799 2766 2868 aspicere
2791 2797 3145 2868 dignoscitur,
3162 2798 3306 2866 quod
3330 2799 3555 2852 inantea
3582 2799 3751 2852 divino

2167 2889 2423 2943 instinctu
2445 2871 2536 2942 aut
2569 2903 2599 2941 a
2626 2889 2782 2942 nobis
2807 2895 2901 2940 aut
2925 2903 2956 2940 a
2983 2887 3395 2941 successoribus
3429 2889 3653 2952 nostris,
3677 2890 3749 2940 vel

2167 2993 2198 3030 a
2229 2977 2550 3047 quibusdam
2570 2976 2817 3030 fidelibus
2840 2984 3042 3030 sancta:
3062 2976 3156 3029 Dei
3181 2976 3441 3030 Ecclesia:
3467 2977 3577 3030 illis
3599 2977 3746 3031 colla-

2172 3077 2284 3124 tum
2310 3067 2493 3132 fuerit,
2521 3076 2694 3122 totum
2724 3068 2776 3120 in
2803 3082 3084 3122 servorum
3111 3066 3206 3120 Dei
3236 3066 3370 3121 inibi
3404 3069 3637 3121 Domino
3664 3068 3748 3123 mi-

477 3171 668 3233 cpacta
699 3161 769 3216 9.8
799 3160 850 3228 δ,
880 3163 1174 3216 indictione
1209 3162 1262 3215 ’5.
1303 3161 1496 3217 Actum
1522 3161 1816 3216 Strazburc
1847 3162 2066 3216 civitate
2093 3145 2137 3195 υ
2169 3156 2442 3212 litantium
2480 3157 2894 3210 necessitatibus
2927 3154 3339 3220 consulendum,
3363 3165 3422 3208 et
3462 3170 3747 3225 pauperum

479 3252 728 3317 feliciter,
757 3253 810 3305 in
837 3252 931 3306 Dei
960 3253 1196 3312 nomine.
1232 3265 1412 3305 amen.

1140 3341 1397 3395 CXXXII.

872 3447 972 3486 PRO
1011 3446 1670 3486 l0NASTEBﬂ)ANIANENSL

1090 3520 1274 3590 (Anno
1311 3521 1470 3590 826.)

484 3611 661 3686 [Apud
675 3610 900 3675 Mabill.,
921 3609 1058 3662 Ann.
1085 3608 1216 3662 0rd.
1236 3608 1292 3663 S.
1313 3610 1526 3672 Bened.,
1551 3617 1678 3664 tom.
1697 3610 1759 3674 ll,
1777 3626 1898 3681 pag.
1915 3609 2066 3682 724.]

549 3705 606 3759 in
635 3704 852 3757 nomine
884 3702 1096 3757 Domini
1127 3701 1222 3755 Dei
1253 3711 1308 3755 et
1339 3701 1636 3756 Salvatoris
1675 3700 1802 3756 Jesu
1839 3701 2068 3766 Christi,

481 3796 784 3851 Ludovicus
805 3803 861 3849 et
884 3793 1190 3856 Lotbarins,
1207 3794 1385 3846 divina
1414 3792 2064 3861 ordinanteprovidentia,

482 3887 837 3954 imperatores
859 3882 1105 3951 Augusti.

555 3974 612 4029 Si
649 3988 777 4044 erga
805 3973 921 4027 loca
976 3970 1172 4028 divinis
1213 3969 1448 4025 cultibus
1489 3973 1795 4041 mancipata
1845 3982 2070 4042 propter

485 4079 726 4121 amorem
758 4064 873 4128 Dei,
899 4063 1056 4132 eique
1083 4062 1137 4114 in
1164 4061 1366 4114 eisdem
1399 4061 1533 4116 locis
1562 4062 1946 4117 famulantibus
1972 4063 2067 4117 be-

487 4158 677 4214 neﬁcia
719 4165 1022 4228 opportuna
1076 4155 1354 4223 largimur,
1389 4155 1670 4221 praemium
1720 4155 1874 4209 nobis
1929 4156 2070 4224 apud

482 4247 775 4302 Dominum
803 4253 1021 4299 aeternae
1049 4243 1504 4297 remunerationis
1534 4243 1754 4312 rependi
1792 4258 1901 4296 non
1935 4243 2072 4297 difll-

486 4339 682 4393 dimus.
711 4337 916 4391 Idcirco
967 4345 1154 4390 notum
1210 4334 1281 4387 sit
1326 4334 1536 4387 cunctis
1575 4332 1823 4388 fidelibus
1869 4344 2070 4389 sancta:

487 4426 868 4482 Dei-Ecclesiae
892 4433 947 4478 et
977 4425 1178 4479 nostris
1195 4465 1208 4488 ,
1233 4425 1590 4492 przesentibus
1616 4423 1825 4477 scilicet
1847 4431 1900 4476 et
1926 4424 2069 4477 futu-

487 4519 584 4582 ris,
607 4517 840 4586 qualiter
868 4515 1152 4569 Durandus
1181 4517 1347 4577 abbas
1375 4517 1427 4568 in
1460 4514 1814 4582 Septimania,
1847 4515 1900 4568 in
1931 4529 2066 4584 pago

488 4606 738 4662 videlicet
757 4605 1114 4670 Narbonensi,
1145 4605 1200 4658 in
1232 4605 1354 4658 villa
1388 4620 1508 4674 quae
1544 4605 1742 4660 dicitur
1784 4605 2066 4658 Vernodu-

490 4693 1078 4766 brus~(Vernazoubre)
1099 4734 1113 4757 ,
1144 4693 1196 4746 in
1235 4695 1457 4762 proprio
1478 4695 1620 4762 quod
1649 4695 1698 4747 ei
1747 4693 2070 4748 liberalitate

491 4783 872 4839 munificentia:
912 4789 1111 4835 nostras
1155 4781 1521 4846 contulimus,
1566 4782 1956 4838 monasterium
2001 4797 2068 4836 ex

492 4882 678 4928 nostro
704 4883 866 4941 opere
914 4870 969 4924 in
1017 4871 1224 4924 honore
1267 4879 1321 4924 et
1377 4872 1723 4925 veneratione
1771 4871 2068 4926 beatissimi

492 4963 684 5016 Aniani
715 4960 1041 5015 confessoris
1066 4960 1290 5023 Christi,
1319 4961 1370 5012 in
1395 4960 1514 5015 loco
1546 4962 1638 5030 qui
1674 4961 1872 5015 dicitur
1914 4962 2072 5015 Bola-

493 5053 697 5115 tiauus,
726 5049 1024 5112 inchoavit;
1062 5049 1354 5102 monachos
1382 5049 1660 5123 perplures
1685 5049 2068 5118 congregavit;

495 5140 752 5196 abbatem
796 5141 905 5204 eis,
955 5139 1171 5193 nomine
1220 5137 1483 5202 Woicam,
1539 5137 1808 5207 przefecit,
1869 5149 1924 5193 et
1972 5127 2070 5210 per

570 5287 596 5316 ι
633 5273 1040 5329 Xenodochium
1082 5272 1263 5327 Sancti
1302 5273 1444 5326 Petri
1474 5273 1688 5326 videtur
1711 5272 1874 5328 fuisse
1903 5275 2066 5329 situm

497 5348 552 5401 in
579 5344 717 5398 valle
733 5342 948 5401 8.Petri
967 5341 1576 5413 (Sapct-Pelera-Thal),
1609 5343 1674 5413 de
1699 5359 1801 5412 qua
1835 5345 2070 5413 loquitur

498 5416 629 5478 Leu,
672 5413 1037 5483 Ilelvetlsches
1072 5411 1306 5483 Lexicon
1334 5451 1347 5475 ,
1381 5422 1508 5465 tom.
1551 5411 1752 5476 XVIII,
1791 5411 1921 5483 pag.
1942 5414 2066 5468 406.

501 5484 667 5538 Vallis
691 5483 777 5535 illa
805 5491 886 5536 est
911 5482 1200 5542 desertum,
1228 5480 1280 5534 in
1304 5496 1408 5548 quo
1432 5492 1607 5536 tamen
1632 5480 1812 5550 plures
1837 5480 1890 5535 et
1911 5485 2074 5537 varia:

495 5560 628 5607 sunt
658 5552 1018 5605 habitationes
1057 5561 1215 5618 atque
1253 5565 1405 5618 aquae
1441 5552 1745 5606 minerales.
1800 5552 2072 5619 Dependet

501 5638 552 5746 τέ
563 5635 812 5700 suprema
833 5619 1208 5690 jurisdictione
1232 5621 1298 5675 de
1325 5619 1562 5691 Lugnez,
1595 5622 1650 5676 in
1672 5623 1934 5692 superiori
1966 5623 2069 5694 liga

553 5705 709 5744 risea.

553 5705 709 5744 tusea.

2092 4473 2146 4531 D

2171 3265 2354 3305 curam
2393 3250 2709 3319 gerendum,
2735 3255 2952 3318 propter
2975 3247 3215 3300 divinum
3239 3261 3484 3299 amorem
3516 3255 3571 3299 et
3595 3247 3746 3300 hono-

2171 3354 2285 3394 rem
2314 3339 2424 3395 Deo
2443 3339 2733 3393 miserante
2754 3353 2854 3408 pro
2881 3337 3160 3391 ablutione
3183 3344 3536 3406 peccatorum
3559 3347 3744 3390 nostro

2171 3448 2290 3486 rum
2319 3432 2468 3486 omni
2498 3431 2657 3486 cedat
2701 3439 2964 3500 tempore.
3022 3429 3128 3484 Sed
3177 3438 3238 3482 ut
3283 3430 3522 3498 quietius
3564 3431 3747 3484 ibidem

2170 3521 2272 3574 viri
2305 3521 2397 3575 Dei
2429 3523 2656 3575 Domino
2687 3520 2937 3575 famulari
2965 3521 3196 3590 possint,
3220 3528 3276 3573 et
3307 3536 3336 3573 a
3377 3520 3540 3575 malis
3585 3520 3745 3574 homi-

2171 3614 2330 3668 nibus
2359 3629 2448 3668 res
2470 3613 2712 3682 ejusdem
2734 3613 2965 3668 cmnobii
3000 3613 3138 3667 sicut
3167 3613 3273 3665 alia
3306 3613 3391 3666 vel
3416 3621 3616 3666 nostra:
3637 3623 3747 3680 pro-

2168 3705 2415 3772 prietatis
2446 3704 2803 3758 defendamur
2825 3712 2878 3756 et
2905 3703 3045 3756 tueri
3075 3710 3311 3771 queant,
3341 3703 3482 3756 hanc
3515 3711 3744 3755 nostram

2170 3795 2506 3862 imporialem
2539 3795 2916 3849 auctoritatem
2945 3793 3103 3861 hujus
3133 3794 3211 3847 rei
3241 3795 3417 3863 gratia
3453 3793 3574 3848 fieri
3595 3793 3747 3860 jussi-

2170 3901 2308 3948 mus,
2339 3895 2398 3938 ut
2424 3895 2611 3940 omnes
2644 3887 2743 3939 sub
2773 3892 2958 3938 nostra
2990 3885 3154 3938 etiam
3190 3885 3412 3952 speciali
3447 3884 3748 3939 defensione

2171 3983 2224 4029 et
2283 3977 2640 4030 immunitatis
2697 3977 2922 4031 tuitione
2973 3978 3274 4036 consistere
3327 3993 3443 4032 non
3492 3979 3743 4033 dubitent.

2168 4064 2549 4132 Praecipientes
2571 4081 2700 4135 ergo
2721 4065 3468 4136 inhibemusutnullusjudex
3491 4069 3744 4136 publicus,

2169 4155 2252 4208 vel
2282 4154 2505 4223 quilibet
2534 4169 2600 4208 ex
2626 4154 2912 4224 judiciaria
2943 4163 3342 4224 potestate,aut
3360 4158 3616 4224 quaelibet
3641 4173 3746 4211 ma-

2165 4245 2300 4313 joris
2323 4244 2406 4297 vel
2437 4244 2663 4298 minoris
2682 4244 2894 4298 ordinis
2911 4246 3248 4313 persona,ad
3267 4262 3462 4301 causas
3474 4248 3748 4317 judiciario

2171 4347 2322 4386 more
2353 4333 2650 4388 audiendas
2680 4334 2731 4387 in
2764 4336 3023 4389 ecclesias
3071 4345 3165 4388 aut
3205 4337 3322 4391 loca
3360 4337 3458 4392 vel
3481 4339 3636 4393 villas
3663 4356 3745 4393 seu

2172 4423 2406 4508 reliquas
2448 4424 2848 4491 possessiones,
2885 4438 3019 4492 quas
3050 4425 3101 4489 in
3133 4425 3456 4494 quibusdam
3489 4430 3644 4497 pagis
3691 4444 3746 4482 ac

2174 4513 2459 4569 territoriis
2488 4513 2762 4582 pratdictis
2799 4523 2943 4568 tenet
2980 4513 3062 4568 vel
3085 4516 3323 4584 possidet
3347 4521 3744 4581 monasterium,

2173 4603 2434 4670 aliasque,
2465 4617 2599 4671 quas
2631 4603 2885 4672 deinceps
2914 4604 2967 4656 in
2989 4603 3077 4672 jus
3113 4604 3283 4673 ipsius
3310 4606 3484 4659 sancti
3534 4606 3634 4660 loci
3675 4608 3746 4660 di-

2173 4693 2298 4746 vina
2326 4693 2500 4762 pietas
2545 4693 2733 4763 augeri
2769 4693 3018 4759 voluerit,
3050 4683 3258 4764 ingredi
3304 4708 3622 4765 praesumat,
3656 4712 3745 4751 nec

2172 4783 2288 4836 ﬁeri
2343 4783 2541 4837 tributa
2598 4783 2679 4838 vel
2725 4793 2942 4853 paratas
2989 4801 3084 4840 seu
3129 4788 3446 4842 mansiones
3483 4788 3741 4859 accipere,

2175 4877 2288 4929 sive
2333 4875 2604 4930 teloneum
2658 4878 2903 4945 exigere,
2942 4887 3035 4931 aut
3063 4877 3409 4946 fidejussores
3437 4880 3640 4943 tollere,
3669 4883 3744 4935 vel

2175 4965 2422 5018 homines
2445 4965 2890 5034 ipsius-cmnobii,
2915 4976 3023 5020 tam
3062 4969 3326 5038 ingenuos
3353 4985 3515 5039 quam
3545 4987 3740 5037 servos,

2175 5068 2338 5122 super
2383 5062 2584 5108 terram
2623 5055 2791 5124 ipsius
2835 5068 3239 5114 commanentes
3289 5059 3627 5134 distringere,
3647 5078 3743 5117 nec

2177 5145 2312 5200 ullas
2337 5147 2580 5215 publicas
2617 5147 2902 5204 fruitiones
2928 5164 3024 5204 seu
3052 5151 3438 5209 redhibitione:
3471 5154 3552 5209 vel
3597 5153 3741 5208 illici-

2245 5275 2272 5351 ξ)
2315 5274 2392 5327 Εη
2417 5276 2670 5351 antiquus
2692 5276 2744 5351 in
2774 5274 3154 5351 diplomatibus
3187 5281 3349 5350 regiis
3378 5293 3576 5351 epactat
3595 5300 3735 5350 usus,

2176 5345 2292 5413 qui,
2316 5353 2451 5418 teste
2484 5346 2798 5418 doctissimo
2835 5345 2899 5402 ac
2935 5349 3090 5402 nobis
3117 5345 3379 5418 percharo
3406 5345 3596 5407 domno
3629 5345 3740 5408 Cie;

2180 5423 2358 5490 ment,
2382 5414 2438 5467 in
2473 5416 2848 5490 dissertatione
2881 5420 3078 5486 przevia
3104 5414 3168 5472 ad
3201 5420 3335 5474 I’Ar:
3358 5421 3422 5474 de
3451 5423 3642 5490 nériﬁer
3668 5425 3735 5476 les

2181 5484 2343 5556 dates,
2368 5498 2488 5556 pag.
2527 5502 2653 5538 xxxx
2674 5526 2687 5549 ,
2722 5484 2926 5553 primus
2954 5498 3234 5556 comparet
3261 5491 3314 5544 in
3341 5491 3529 5546 litteris
3553 5484 3735 5546 'mona-

2180 5553 2402 5606 chorum
2437 5553 2664 5610 abbatis:
2690 5556 2939 5620 lndensis
2962 5553 3092 5610 anni
3131 5559 3227 5613 821
3270 5561 3337 5614 de
3366 5571 3535 5617 morte
3574 5563 3733 5616 sancti

2181 5621 2453 5699 Benedicti
2475 5623 2803 5699 .Ananiensis
2838 5626 2903 5699 ad
2927 5626 3197 5699 Ardonem
3231 5631 3465 5697 scriptis,
3489 5647 3584 5699 qua
3607 5645 3734 5699 prse-

2181 5691 2354 5747 dictus
2379 5693 2522 5748 Ardo
2546 5695 2677 5748 Vita:
2703 5693 2939 5761 ejusdem
2971 5697 3179 5752 abbatis
3203 5715 3321 5769 cap.
3345 5691 3412 5754 37
3441 5691 3668 5756 ins-eruit»
