3936 6360
159 381 294 435 1157

1295 372 1694 431 DIPLOMATA
1733 370 2290 430 ECCLESIASTICA.

3279 383 3416 441 1158

159 508 240 552 tas
265 495 582 554 occasiones
612 493 888 563 requirere
938 499 1030 546 aut
1069 499 1325 546 exactare
1367 491 1561 546 audeat
1586 508 1598 544 :
1638 489 1730 544 sed
1758 487 1811 548 Α
1836 495 1944 544 tem
1974 489 2260 558 quamdam
2292 489 2357 545 de
2379 490 2575 548 foreste
2595 503 2800 564 nostra,
2832 497 3138 569 contiguam
3167 499 3282 569 ipso
3305 518 3415 557 mo-

154 593 319 645 liceat
368 592 667 640 memorato
715 584 896 640 abbati
942 583 1161 653 suisque
1200 584 1605 661 successoribus
1653 595 1741 636 res

153 676 365 750 praefati
396 674 704 730 monasterii
745 689 867 728 eum
908 673 1159 730 omnibus
1198 673 1303 728 sibi
1347 672 1605 741 subjectis
1642 671 1742 726 sub

152 767 401 823 tuitionis
446 763 1006 836 atqueimmunitatis
1039 772 1243 818 nostrae
1287 763 1619 830 defensione,
1652 776 1738 817 re-

150 868 301 913 mota
329 858 496 912 totius
523 856 825 925 iudiciariae
851 856 1131 924 potestatis
1153 856 1741 926 inquietudine,quieto

150 950 350 1004 ordine
380 949 692 1019 possidere;
747 956 804 1002 et
829 947 1089 1016 quidquid
1121 948 1176 1002 in
1216 962 1284 1002 eo
1333 946 1496 1002 ﬁscus
1543 948 1740 1002 exinde

149 1042 374 1113 exigere
403 1049 614 1111 poterat
643 1047 735 1096 aut
766 1054 1006 1110 sperare,
1035 1047 1244 1095 tantum
1273 1041 1326 1094 in
1359 1040 1590 1095 fratrum
1633 1041 1735 1095 sti-

148 1133 363 1202 pendiis
393 1141 448 1188 et
484 1133 536 1187 in
575 1131 934 1187 luminaribus
974 1132 1213 1202 ejusdem
1261 1131 1506 1186 ecclesias
1559 1132 1738 1187 consi-

150 1224 387 1291 gnandis
415 1232 574 1294 atque
612 1223 940 1294 pauperibus
966 1222 1192 1288 alendis,
1219 1223 1358 1278 sient
1385 1223 1588 1278 dictum
1632 1231 1735 1288 est,

150 1313 333 1389 cedat.
359 1313 752 1370 Constituimus
780 1314 943 1368 etiam
961 1353 976 1377 ,
1009 1321 1069 1369 ut
1095 1314 1525 1383 quandocumque
1555 1315 1734 1370 divina

149 1405 442 1458 vocatione
473 1413 805 1460 memoratus
833 1405 1000 1460 abbas
1030 1404 1113 1458 vel
1136 1419 1486 1460 successores
1514 1405 1629 1475 ejus
1668 1405 1735 1458 ah

152 1491 258 1546 hac
295 1492 414 1548 luce
461 1494 832 1564 migraverint,
874 1493 1146 1548 licentiam
1204 1495 1439 1549 habeant
1487 1495 1735 1549 monachi

151 1583 354 1639 ibidem
380 1585 735 1645 consistentes
757 1586 919 1639 talem
957 1586 1099 1640 inter
1128 1601 1186 1641 se
1212 1601 1309 1657 per
1338 1597 1583 1641 nostrum
1611 1601 1735 1642 suc-

149 1690 540 1746 cessorumque
562 1686 871 1743 nostrorum
896 1693 1217 1733 consensum
1240 1679 1439 1750 eligere
1458 1679 1728 1745 abbatem,

149 1768 246 1836 qui
275 1769 354 1822 eis
381 1769 674 1823 secundum
706 1770 946 1839 regulam
976 1771 1146 1825 sancti
1178 1771 1456 1827 Benedicti
1497 1785 1729 1841 praeesse

1845 580 2097 644 nasterio,
2137 595 2257 649 qua:
2285 582 2351 635 ad
2399 581 2587 636 fiscum
2628 593 2892 651 nostrum,
2949 589 3164 644 nomine
3198 588 3414 646 Colum-

1843 670 2056 725 barium
2087 669 2366 742 (Colmar),
2415 673 2658 740 aspicere
2702 675 2786 729 vel
2812 677 3087 746 pertinere
3107 678 3340 744 videtur,
3366 679 3418 734 in

1842 768 2028 816 nostra
2059 761 2398 832 eleemosyna
2427 763 2598 817 eidem
2620 768 2947 821 monasterio
2978 768 3417 824 concederemus.

1841 851 2004 922 Cujus
2024 853 2274 923 precibus
2301 869 2399 923 pro
2431 856 2700 910 mercedis
2725 864 2923 910 nostra
2945 867 3229 927 augmento
3257 867 3312 913 et
3332 873 3421 913 re-

1839 947 2079 1000 verentia
2116 945 2257 1001 illius
2282 948 2454 1001 sancti
2475 947 2576 1002 loci
2603 948 2760 1003 nobis
2788 950 3137 1018 acquiescere
3160 950 3336 1016 libuit,
3363 961 3424 1006 ct

1841 1038 1906 1092 de
1933 1036 2156 1107 praefata
2195 1036 2397 1092 forests
2435 1047 2618 1093 nostra
2643 1048 2851 1108 partem
2881 1041 3165 1107 quamdam
3186 1056 3280 1109 per
3303 1042 3424 1095 loca

1838 1128 2180 1184 denominata
2204 1135 2365 1198 atque
2391 1128 2748 1183 determinata
2801 1130 2977 1184 eidem
3013 1129 3338 1186 monasterio
3361 1133 3419 1186 in

1839 1228 2023 1274 nostra
2059 1219 2396 1290 eleemosyna
2428 1220 2494 1273 ad
2517 1220 2889 1275 necessitatem
2919 1229 2974 1276 et
2998 1222 3287 1276 utilitatem
3313 1223 3424 1277 fra-

1841 1318 1987 1363 trum
2016 1309 2126 1364 Deo
2159 1308 2292 1363 inibi
2331 1309 2636 1382 degentium
2664 1310 2959 1364 concedere
2987 1311 3220 1380 placuit;
3256 1312 3309 1367 id
3333 1319 3418 1366 est

1834 1415 1932 1469 per
1959 1399 2155 1464 locum,
2179 1398 2270 1453 ubi
2286 1398 2640 1453 Bredembach
2668 1399 2869 1453 rivulus
2895 1401 2946 1453 in
2969 1400 3263 1455 Fachinam
3290 1416 3418 1456 con—

1834 1485 1973 1554 ﬂuit,
2001 1503 2216 1542 sursum
2242 1502 2414 1557 usque
2437 1487 2502 1542 ad
2524 1487 2698 1542 locum
2715 1489 2804 1542 ubi
2830 1489 2946 1557 ipse
2971 1489 3175 1544 rivulus
3197 1505 3416 1559 surgere

1835 1578 2024 1649 incipit
2049 1596 2062 1632 :
2093 1578 2284 1633 deinde
2306 1594 2402 1648 per
2431 1579 2680 1633 semitam
2706 1594 2826 1648 quae
2852 1581 3161 1633 nominatur
3180 1579 3412 1645 lsneida,

1833 1687 2004 1741 usque
2026 1673 2093 1727 ad
2139 1680 2375 1735 montem
2407 1673 2499 1741 qui
2533 1673 2834 1743 appellatur
2875 1673 3286 1745 Swarzt'mberg;
3331 1676 3420 1730 de-

1833 1766 1958 1818 inde
1976 1780 2073 1834 per
2121 1765 2374 1819 eumdem
2401 1766 2637 1820 medium
2672 1777 2912 1821 montem
2941 1781 3110 1835 usque
3158 1767 3225 1822 ad
3260 1767 3418 1837 Lapi-

147 1864 209 1910 et
245 1858 501 1926 prodesse
523 1866 687 1928 queat
721 1877 734 1912 :
765 1837 1036 1928 quatenus
1061 1875 1246 1916 servos
1281 1861 1377 1917 Dei
1405 1837 1603 1918 ibidem
1626 1864 1732 1919 Do-
1761 1837 1806 1896 Β
1835 1853 2261 1924 dem-Magnum,
2297 1854 2387 1924 qui
2411 1855 2558 1924 jacet
2598 1855 2664 1908 ad
2686 1844 2942 1909 radicem.
2963 1855 3183 1920 montis,
3222 1863 3279 1910 et
3296 1857 3420 1912 inde

148 1947 302 2001 mino
329 1947 670 2014 famulantes,
693 1963 793 2020 pro
817 1951 973 2006 nobis
996 1951 1252 2022 proleque
1287 1963 1472 2009 nostra
1523 1969 1587 2010 ac
1628 1963 1735 2010 sta-

147 2035 366 2091 bilitate
393 2037 561 2092 totius
597 2039 807 2108 imperii
849 2042 1022 2095 nostri
1061 2041 1271 2097 Domini
1302 2046 1735 2100 misericordiam

147 2139 384 2180 exorare
411 2127 660 2182 delectet.
695 2129 827 2184 Illud
852 2131 1015 2189 etiam
1043 2147 1140 2202 per
1166 2144 1407 2190 nostram
1443 2139 1738 2192 auctorita—

149 2220 263 2271 tem
290 2217 634 2273 concedimus
663 2229 718 2273 et
744 2219 1146 2288 conﬁrmamus,
1180 2233 1344 2295 atqtle
1368 2235 1585 2282 nostros
1616 2243 1736 2282 suc—

151 2317 404 2359 cessores
430 2321 684 2377 rogamus
702 2316 762 2362 ut
783 2309 890 2364 hoc
920 2315 1308 2372 monasderium
1350 2315 1450 2370 sub
1479 2332 1574 2371 sua
1610 2331 1734 2386 spe-

149 2391 278 2447 ciali
309 2394 535 2450 tuitione
563 2398 853 2464 retineant,
880 2406 936 2454 et
967 2416 1144 2471 neque
1186 2403 1254 2457 ad
1278 2405 1610 2475 episwpum,
1640 2417 1736 2461 ne-

149 2497 260 2552 que
290 2485 356 2538 ad
383 2485 529 2540 aliud
556 2490 945 2544 monasterium
976 2491 1084 2545 ullo
1116 2507 1351 2562 unquam
1380 2505 1622 2564 tempore
1659 2497 1734 2550 ab

150 2574 628 2657 illissubjiciatur,
647 2589 740 2634 aut
767 2581 823 2635 in
851 2581 1174 2637 beneficium
1199 2585 1420 2640 cuilibet
1445 2587 1732 2651 tribuatur,

150 2667 250 2720 sed
277 2666 616 2724 solummodo
645 2669 698 2724 in
724 2669 849 2740 jure
895 2678 951 2727 et
977 2672 1204 2728 tuitione
1233 2674 1444 2728 illorum
1485 2691 1584 2745 pro
1614 2692 1734 2731 om-

151 2758 316 2813 nibus
343 2761 684 2829 temporibus
704 2763 770 2816 ad
793 2763 1153 2820 monasticam
1177 2765 1424 2819 ordinem
1450 2767 1738 2821 observan-

152 2848 284 2902 dum
316 2852 570 2918 persistat
601 2865 615 2904 :
647 2851 832 2922 sicque
856 2853 958 2908 hoc
983 2861 1225 2908 nostrum
1257 2854 1562 2908 donationis
1602 2869 1736 2924 opus

153 2937 506 2993 immobiliter
520 2951 860 3008 conservent,
875 2943 1013 2997 sicut
1035 2951 1192 3012 pacta
1218 2959 1312 2997 sua
1339 2959 1368 2997 a
1391 2944 1503 2999 suis
1523 2959 1736 3000 succeso

152 3029 373 3084 soribus
399 3035 766 3099 conservanda
786 3036 1111 3104 optaverint.
1136 3034 1262 3091 Haec
1291 3051 1420 3091 vero
1441 3037 1736 3092 auctoritas

152 3125 215 3170 ut
247 3118 548 3187 pleniorem
579 3122 633 3176 in
670 3123 764 3176 Dei
806 3125 1028 3181 nomine
1067 3126 1311 3181 obtineat
1337 3127 1595 3196 vigorem,
1627 3143 1736 3181 ma-
1762 3162 1806 3224 Ο

152 3207 315 3263 nibus
370 3211 604 3281 propriis
648 3214 834 3268 subter
881 3215 1230 3282 firmavimus,
1261 3225 1317 3277 et
1350 3218 1530 3274 annuli
1561 3220 1734 3275 nostri

153 3298 515 3367 impressione
545 3302 746 3373 signari
766 3302 1046 3372 jussimus.

230 3386 457 3458 Signum
488 3389 742 3446 Ludovici
777 3392 1396 3464 piissimiimperatoris.

229 3476 454 3548 Signum
476 3479 718 3536 Lotharii
743 3481 1122 3554 gloriosissimi
1148 3484 1404 3554 Augusti.

228 3566 613 3627 Hirminmaris
651 3575 893 3629 notarius
935 3577 1006 3630 ad
1050 3576 1222 3633 vicem
1269 3578 1533 3648 Fridugisi
1583 3594 1736 3634 reco-

157 3662 342 3732 gnovL

227 3752 367 3807 Data
399 3749 620 3806 Kalend.
657 3752 904 3826 Augusti,
935 3769 1097 3821 anno,
1120 3755 1338 3810 Christo
1381 3758 1632 3826 prepitio,
1667 3758 1735 3812 15

155 3843 373 3913 imperii
399 3843 579 3898 domui
604 3844 860 3901 Ludovici
879 3846 1105 3915 piissimi
1128 3845 1376 3916 Augusti,
1392 3857 1446 3901 et
1469 3847 1730 3912 Lotharii,

153 3935 350 3990 indict.
380 3933 435 3986 4.
465 3933 660 3989 Actum
685 3935 961 3992 Carisiaco
993 3938 1193 4008 palatio
1230 3940 1379 4008 regio
1415 3939 1469 3993 in
1499 3940 1593 3995 Dei
1640 3956 1736 3995 no-

154 4025 308 4080 mine
334 4023 580 4079 feliciter.
612 4023 806 4080 Amen.

805 4115 1084 4172 CXXXIII.

527 4221 626 4262 PRO
654 4221 990 4262 IONAS’I‘EBIO
1017 4223 1368 4264 οιιεροιωιςο.

779 4296 951 4367 (Anno
978 4297 1127 4368 8%.)

153 4387 338 4461 [Apud
366 4385 590 4451 MabilL,
615 4385 1056 4461 Annal._Benfd.,
1086 4395 1216 4461 tom.
1247 4387 1310 4461 II2
1345 4403 1466 4461 pag.
1497 4389 1621 4456 724,
1667 4405 1731 4445 ex

582 4456 892 4510 authentico
936 4456 1312 4530 Gregoriano.]

225 4553 286 4606 In
333 4551 548 4606 nomine
589 4549 802 4605 Domini
833 4551 926 4606 Dei
982 4559 1037 4606 et
1065 4551 1360 4610 Salvatoris
1407 4556 1578 4610 nostri
1613 4553 1736 4610 Jesu

153 4641 381 4708 Christi,
407 4639 724 4706 Ludovicus,
752 4638 934 4698 divina
954 4642 1236 4698 ordinante
1255 4645 1613 4712 providentia,
1648 4646 1743 4700 im-

153 4740 377 4804 perator
393 4731 686 4801 Augustus.

231 4821 292 4876 Si
331 4819 669 4895 liberalitatis
695 4829 893 4874 nostra:
913 4836 1134 4876 munere
1158 4822 1224 4876 de
1264 4822 1538 4879 beneficiis
1570 4841 1600 4879 a
1627 4825 1737 4881 Deo

156 4910 370 4971 sanatis
414 4909 590 4975 nobis,
621 4909 753 4963 locis
781 4906 889 4964 Deo
913 4910 1106 4966 dicatis
1147 4912 1355 4982 aliquid.
1388 4913 1734 4979 conferimus,

157 5002 212 5057 Id
236 5002 391 5056 nobis
413 5008 466 5054 et
492 5001 558 5055 ad
581 5000 860 5054 mortalem
875 5001 1044 5054 vitam
1061 4997 1290 5056 feliciter
1314 5003 1736 5075 transigendam,

158 5102 214 5149 et
239 5094 305 5147 ad
327 5099 584 5152 aaternam
610 5092 991 5162 perpetualiter
1027 5079 1369 5150 obtinendam
1401 5096 1739 5165 profuturum

157 5184 364 5253 liquido
402 5182 690 5257 credimus.
768 5181 973 5237 Idcirco
997 5182 1184 5238 nutum
1229 5179 1300 5251 sit
1326 5186 1565 5240 omnium
1611 5184 1740 5242 fide-

160 5268 293 5327 lium
322 5280 633 5327 nostrorum
656 5280 763 5326 tam
786 5272 1132 5342 prtesentium
1161 5266 1319 5344 quam
1350 5268 1405 5329 et
1435 5267 1745 5331 futurorum

159 5365 457 5427 industriae,
508 5364 633 5433 quia
666 5365 749 5418 vir
781 5364 1101 5420 venerabilis
1142 5363 1452 5420 Gotafridus
1479 5367 1645 5422 abbas
1673 5383 1739 5422 ex

159 5453 489 5510 monasterio
523 5453 696 5509 sancti
725 5454 994 5524 Gregorii,
1045 5452 1186 5524 quod
1222 5454 1326 5509 alio
1354 5456 1569 5511 nomine
1603 5455 1742 5513 Con-

162 5543 336 5598 fluens
355 5553 595 5606 vocatur,
630 5543 919 5611 postulavit
944 5559 1060 5609 nos,
1089 5554 1148 5598 ut
1168 5560 1266 5599 nos
1284 5543 1352 5598 ob
1369 5545 1653 5600 utilitatem
1683 5556 1737 5601 et

165 5634 546 5687 necessitatum
574 5630 799 5686 fratrum
821 5632 1017 5687 ibidem
1041 5632 1151 5688 Deo
1192 5632 1587 5701 famulantium,
1615 5651 1739 5704 par-

240 5780 265 5810 ι
309 5767 400 5822 \‘cl
426 5766 714 5834 potiusl3.
774 5765 932 5819 EDIT.

1834 1958 2006 2012 usque
2031 1943 2098 1997 ad
2127 1943 2450 2008 Fachinam;
2494 1950 2970 2014 quantumcunque
2998 1959 3130 1999 vero
3175 1946 3242 1999 de
3285 1959 3420 2014 prae-
3459 1976 3467 1980 -

1836 2035 2110 2090 nominata
2138 2021 2336 2088 foreste
2356 2043 2540 2088 nostra
2570 2034 2710 2088 infra
2725 2034 3065 2090 dinumerata
3091 2045 3146 2088 et
3163 2036 3418 2090 determi-

1835 2134 1962 2180 nata
2004 2125 2120 2179 loca
2162 2124 2528 2189 essevidetur,
2553 2133 2724 2179 totum
2755 2132 2809 2179 et
2831 2126 2900 2180 ad
2926 2125 3196 2195 integrum
3244 2127 3418 2181 eidem

1836 2217 2164 2270 monasterio
2199 2215 2251 2268 in
2276 2223 2461 2269 nostra
2482 2214 2822 2284 eleemosyna
2852 2217 3217 2273 concedimus.
3278 2218 3419 2285 Qua-

1835 2312 2055 2375 propter
2068 2303 2317 2358 volumus
2344 2311 2506 2372 atque
2517 2302 2773 2372 jubemus
2794 2311 2854 2358 ut
2880 2319 2978 2373 per
3004 2305 3144 2360 hanc
3172 2317 3419 2362 nostram

1836 2399 2208 2453 auctoritatem
2235 2437 2252 2463 ,
2291 2412 2389 2466 per
2438 2397 2555 2451 loca
2601 2397 2848 2466 superius
2882 2397 3226 2454 denominata
3249 2440 3264 2466 ,
3308 2408 3418 2455 tam

1835 2490 2037 2544 uestris
2060 2503 2222 2559 quam
2246 2497 2302 2543 et
2327 2489 2524 2544 futuris
2552 2490 2907 2558 temporibus,
2937 2491 3227 2560 prmdictus
3246 2492 3421 2550 Gota-

1835 2577 2005 2634 fridus
2049 2579 2218 2633 abbas
2260 2579 2489 2648 ejusque
2550 2583 2892 2641 successores
2937 2580 3024 2634 vel
3067 2585 3420 2652 congregatio

1837 2671 2003 2740 ipsius
2049 2670 2222 2725 sancti
2266 2669 2368 2723 loci
2406 2670 2859 2739 .prmnominatam
2902 2678 3114 2740 partem
3160 2658 3308 2728 silvae
3350 2674 3417 2729 de

1835 2761 2148 2831 prmscripta
2181 2758 2380 2814 foreste
2407 2767 2591 2814 nostra
2626 2759 2681 2813 in
2707 2767 2888 2814 nostra
2929 2759 3268 2831 eleemosyna
3290 2776 3418 2818 con-
3492 2800 3498 2804 -

1837 2867 2044 2908 cessam
2070 2852 2320 2915 habeant,
2356 2860 2517 2921 atque
2534 2852 2655 2922 jure
2680 2861 2936 2922 perpetuo
2956 2853 3011 2907 in
3026 2842 3227 2911 ditione
3238 2853 3419 2922 ipsius

1835 2943 2149 2998 monasterii
2191 2942 2455 3000 consistat
2483 2960 2496 2994 :
2541 2943 2623 2997 ita.
2667 2943 2933 2996 duntaxat
2959 2928 3186 2998 ut'cum
3215 2943 3420 3012 aliquid

1837 3037 1904 3091 de
1933 3037 2045 3106 ipsa
2092 3031 2176 3091 vel
2204 3035 2258 3089 in
2297 3036 2412 3105 ipsa
2445 3037 2513 3090 ob
2534 3035 2818 3090 utilitatem
2849 3043 2903 3089 et
2923 3034 3226 3105 profectum
3246 3036 3416 3106 ipsius

1838 3130 2156 3184 monasterii
2184 3128 2364 3185 facere
2386 3129 2684 3194 voluerint,
2714 3129 2882 3185 libero
2915 3130 2968 3184 in
3003 3129 3256 3185 omnibus
3293 3145 3421 3200 per-

1837 3216 2089 3273 fruantur
2113 3219 2338 3274 arbitrio
2360 3218 2611 3274 faciendi.
2662 3217 2728 3272 Et
2770 3227 2828 3272 ut
2852 3219 2968 3276 hac
2992 3227 3192 3274 nostra:
3226 3228 3418 3274 aucto—

1835 3307 2015 3363 ritatis
2038 3307 2254 3364 donatio
2281 3317 2438 3377 atque
2463 3307 2803 3362 confirmatio
2831 3307 3039 3364 firmior
3057 3310 3337 3373 habeatur,
3363 3320 3419 3364 et

1838 3408 1946 3453 tam
1981 3399 2180 3454 nostris
2209 3384 2370 3468 quam
2391 3413 2764 3453 successorum
2795 3408 3106 3455 nostrorum
3164 3401 3417 3469 tempori-

1836 3488 1938 3541 bus
1954 3487 2320 3542 inCOnvulsam
2345 3495 2510 3557 atque
2530 3473 2895 3543 inviolabilem
2931 3489 3172 3543 obtineat
3190 3489 3417 3543 firmita-

1840 3587 1965 3644 tem,
2001 3579 2164 3634 manu
2200 3579 2420 3648 propria
2467 3578 2653 3634 subter
2682 3593 2810 3646 eam
2831 3578 3185 3645 ﬁrmavimus,
3237 3589 3293 3635 et
3329 3595 3418 3633 an-

1837 3670 1946 3724 nuli
1970 3670 2139 3727 nostri
2158 3670 2508 3736 impressione
2533 3670 2732 3739 signari
2749 3670 3027 3737 iussimus.

1909 3757 2132 3828 Signum
2155 3758 2408 3835 Ludpviei
2443 3752 2774 3813 serenissimi
2799 3760 3162 3830 imperatoris.

1907 3849 2287 3904 Hirminmaris
2320 3849 2579 3904 diaconus
2630 3850 2698 3904 ad
2718 3851 2892 3904 vicem
2943 3850 3215 3922 Fridugisi
3257 3863 3414 3906 reco-

1838 3938 2016 4006 gnovL

1910 4029 2044 4083 Data
2065 4029 2239 4098 pridie
2260 4028 2382 4085 Idus
2404 4027 2573 4093 Junii,
2603 4043 2764 4094 anno,
2789 4028 3006 4084 Christo
3029 4028 3285 4099 propitio,
3307 4029 3373 4083 £0
3388 4043 3412 4070 ιι

1835 4122 2049 4190 imperii
2073 4121 2256 4175 domni
2278 4120 2533 4175 Ludovici
2560 4120 2788 4189 piissimi
2813 4119 3065 4191 Augusti,
3125 4119 3419 4175 indictione

1837 4214 2031 4282 prima.
2089 4212 2704 4268 ActumFranconofurti
2724 4212 2924 4281 palatio
2951 4213 3100 4283 regio
3121 4212 3177 4266 in
3204 4213 3420 4267 Deono-

1838 4304 1983 4359 mine
2020 4301 2268 4358 feliciter.
2327 4303 2524 4358 Amen.

2483 4390 2765 4446 CXXXIV.

1762 4501 1816 4561 ι)
1842 4498 2169 4538 PREGEPTUI
2212 4497 2458 4537 LUBOYICI
2505 4499 2576 4536 ετ
2618 4496 2874 4536 ιοτιιΑιιιι
2933 4494 3035 4535 PRO
3085 4492 3424 4535 ιοιωετειιιο

2475 4567 2778 4607 PRUIIENBI.

2463 4641 2634 4714 (Anno
2657 4641 2805 4711 826.)

2094 4731 2450 4803 [Ilontheim.,
2493 4731 2633 4786 Hist.
2671 4731 2844 4797 Trev.,
2870 4746 2991 4803 pag.
3023 4729 3171 4802 I75.)

1912 4813 1969 4868 In
1995 4815 2433 4870 nomineDomini
2457 4824 2511 4869 et
2527 4815 2823 4897 Salvatoris
2842 4815 3014 4869 nostri
3031 4811 3162 4869 Jesu
3192 4811 3416 4876 Christi,

1845 4905 2144 4961 Ludovicus
2171 4916 2226 4961 et
2244 4906 2550 4970 Lotharius,
2597 4907 2774 4960 divina
2811 4906 3093 4961 ordinante
3130 4903 3415 4974 providen-

1842 5000 1939 5064 tia,
1972 5001 2323 5067 imperatOres
2354 4998 2597 5067 Augusti.

1912 5079 2112 5142 Notum
2144 5103 2262 5144 esse
2299 5087 2541 5142 volumus
2567 5087 2774 5142 cunctis
2821 5085 3067 5146 fidelibus
3094 5094 3292 5141 sancta:
3324 5084 3419 5138 Dei

1841 5183 2112 5245 Ecclesia,
2156 5191 2210 5237 et
2233 5181 2451 5244 nostris,
2484 5178 2841 5249 prteSentibus
3107 5174 3172 5230 et'
3197 5173 3416 5237 futuris,

1841 5274 1965 5342 quia
1996 5273 2077 5325 vir
2101 5271 2421 5326 venerabilis
2450 5269 2762 5326 Tancradus
2783 5269 2949 5344 abbas
2967 5260 3299 5342 mopaSterii,
3327 5279 3419 5317 cu-

1835 5362 1924 5431 jus
1945 5361 2262 5416 vocabulum
2298 5369 2382 5415 est
2419 5359 2662 5425 Prumia,
2693 5358 2834 5436 quod
2868 5364 2949 5410 est
2972 5355 3207 5434 dicatum
3230 5354 3284 5414 in
3323 5352 3418 5404 ho-

1844 5470 1973 5510 nore
2027 5454 2238 5509 Domini
2277 5463 2331 5508 et
2362 5453 2656 5509 Salvatoris
2685 5449 2856 5506 noStri
2911 5447 3038 5525 Iesu
3086 5445 3316 5509 Christi,
3364 5453 3423 5527 et

1843 5554 2043 5601 sanctae
2080 5545 2260 5600 Mariae
2287 5560 2497 5615 semper
2526 5542 2774 5612 virginis,
2801 5541 2943 5609 quod
2968 5538 3094 5593 olim
3125 5537 3280 5591 bona:
3303 5550 3413 5588 me-

1845 5641 2030 5695 moriae
2069 5654 2198 5694 avus
2224 5649 2405 5695 noster
2429 5637 2686 5706 Pippinus
2730 5633 2998 5704 quondam
3042 5642 3158 5694 rex,
3183 5635 3238 5685 et
3295 5626 3416 5681 avia
