3936 6320
528 344 672 402 “59

1677 329 2002 392 LUDOVICI
2041 329 2062 384 ι
2102 322 2577 383 COGNOMENTO
2616 320 2701 375 Pll

3679 312 3810 364 11ῦῦ

531 473 718 521 nostra
748 460 1004 516 Bertrada
1058 461 1109 512 in
1144 458 1303 511 rebus
1331 451 1675 525 pmprietatis
1703 466 1888 505 eorum
1915 465 1946 502 a
1996 447 2116 501 fun-
2145 446 2194 504 Α
2220 452 2388 507 mant,
2423 451 2515 494 aut
2545 439 2680 492 ullas
2715 436 3123 498 redhibitiones,
3165 442 3257 486 aut
3305 432 3530 485 illicitas
3579 429 3814 483 occasic»

534 554 803 609 damentis
829 560 1271 612 construxerunt,
1311 547 1456 600 misit
1486 545 1641 598 nobis
1679 559 1776 613 per
1821 541 2118 597 monachos

534 664 662 703 suos
684 645 1058 702 auctoritatem
1087 641 1290 697 domini
1321 637 1562 710 pnndicti
1602 636 1811 708 Pippini
1869 633 2027 704 regis,
2064 633 2116 686 in

534 755 640 809 qua
670 736 1051 792 continebatur
1078 734 1364 795 insertum,
1415 729 1644 798 qualiter
1689 727 1829 781 idem
1857 731 2120 779 monaste-

536 831 675 884 rium
707 844 813 884 non
842 828 1013 882 solum
1053 825 1217 879 rebus
1261 821 1648 891 multiplicibus
1675 819 1996 881 ditaverint,
2029 830 2122 869 ve—

535 937 658 974 rum
688 921 853 974 etiam
903 927 959 972 et
1005 917 1135 970 illud
1182 916 1281 970 sub
1325 929 1420 969 sua
1448 913 1694 977 tuitione,
1738 910 2122 978 hteredumque

538 1025 781 1073 suorum,
831 1021 1019 1077 regum
1056 1005 1329 1068 videlicet,
1366 1002 1764 1063 constituerint,
1792 1013 1891 1053 nec
1918 1014 2024 1052 non
2069 1008 2124 1051 et

539 1101 920 1155 auctoritatem
942 1097 1148 1152 domini
1193 1107 1249 1150 et
1275 1094 1536 1165 genitoris
1568 1093 1738 1148 nostri
1761 1090 1941 1146 Caroli
1970 1092 2125 1145 bona:

541 1173 816 1247 memoria:
852 1186 1299 1260 praestantissimi
1349 1184 1715 1253 imperatoris,
1772 1181 1828 1234 in
1874 1196 1980 1250 qua
2009 1187 2127 1232 erat

540 1289 844 1343 exaratum,
878 1278 1110 1347 qualiter
1133 1275 1570 1330 constitutionem
1607 1272 1679 1341 pii
1702 1271 1873 1340 patris
1900 1270 1982 1324 sui
2007 1284 2130 1324 con-

540 1373 854 1427 ﬁrmaverat
883 1381 937 1425 et
964 1369 1343 1430 constituerat,
1395 1372 1457 1419 ut
1491 1365 1547 1418 in
1569 1363 1731 1428 villis,
1774 1361 1857 1415 vel
1883 1362 1935 1414 in
1968 1360 2129 1413 rebus

539 1464 780 1532 prmdicti
809 1459 1119 1515 monasterii
1144 1457 1322 1512 nullus
1345 1455 1513 1526 judex
1533 1453 1780 1524 publicus
1800 1452 2003 1519 absque
2013 1449 2130 1518 ejus

539 1555 798 1623 iussione,
822 1553 908 1607 vel
937 1552 1212 1606 hzeredum
1243 1563 1484 1612 suorum,
1502 1545 1568 1600 ad
1593 1561 1784 1617 causas
1811 1544 2127 1606 audiendas,

544 1655 638 1700 aut
659 1645 808 1699 {reda
829 1644 1067 1713 undique
1085 1640 1369 1711 exigenda,
1427 1653 1529 1692 nec
1563 1636 1905 1704 ﬁdejussores
1934 1635 2131 1689 tollen-

543 1737 663 1798 dos,
704 1751 806 1790 nec
841 1749 1046 1799 scaras,
1082 1732 1166 1786 vel
1205 1730 1649 1793 mansionaticos,
1696 1744 1787 1784 seu
1833 1726 2127 1796 coniectos,

545 1836 656 1880 tam
690 1827 755 1879 de
780 1824 1012 1893 carrigio
1049 1835 1322 1891 quamque
1352 1820 1418 1874 de
1455 1818 1756 1889 parafredis
1781 1819 1998 1888 exigere
2039 1826 2130 1871 aut

545 1923 800 1970 exactare
835 1919 1226 1982 praesumeret:
1271 1911 1364 1965 sed
1401 1910 1663 1979 quidquid
1708 1909 1906 1964 exinde
1935 1909 2002 1962 de
2037 1909 2132 1962 ho-

544 2007 778 2061 minibus
802 2005 1005 2059 francis
1030 2017 1054 2044 α
1092 2017 1361 2072 quamque
1391 2010 1446 2056 et
1467 2002 1867 2068 ecclesiasticis,
1900 2016 1993 2056 seu
2020 2017 2132 2057 ser-

543 2097 835 2157 vientibus,
869 2095 961 2163 qui
979 2091 1119 2147 infra
1150 2107 1328 2163 agros,
1344 2091 1430 2145 vel
1451 2091 1607 2155 ﬁnes,
1632 2106 1726 2145 seu
1752 2106 1916 2161 super
1931 2099 2130 2146 terram

544 2187 787 2257 pra-dicti
819 2184 1136 2240 monasterii
1168 2184 1362 2252 degere
1385 2182 1656 2246 videntur,
1684 2183 1845 2236 fiscus
1866 2191 1960 2237 aut
1986 2181 2134 2237 freda

545 2287 759 2347 poterat
787 2289 1028 2345 sperare,
1062 2290 1128 2328 ex
1161 2273 1276 2343 ejus
1313 2273 1642 2342 indulgentia
1677 2273 1732 2325 in
1780 2272 2136 2327 luminaribus

546 2368 790 2439 praedicti
823 2365 1137 2420 monaSterii
1165 2365 1440 2418 cederent.
1507 2363 1804 2417 Praedictus
1825 2364 1998 2417 etiam
2049 2363 2138 2416 ab—

549 2463 646 2515 has
670 2460 990 2529 deprecatus
1018 2464 1117 2522 est,
1151 2465 1336 2510 ut-non
1371 2454 1542 2510 solum
1584 2453 1667 2507 avi
1700 2463 1754 2508 et
1787 2463 2026 2524 pateram
2048 2468 2138 2508 au-

549 2550 892 2606 ctoritatibus
922 2546 1195 2602 ﬁrmitatis
1223 2546 1451 2617 gratiam
1483 2553 1724 2598 nostram
1753 2543 2140 2614 superaddere-

550 2657 672 2695 mus
700 2639 1102 2703 auctoritatem,
1125 2646 1179 2692 et
1201 2638 1378 2708 ipsum
1419 2637 1806 2691 monasterium
1827 2648 1948 2690 cum
1973 2637 2140 2692 rebus

551 2741 606 2787 et
630 2730 959 2794 hominibus,
988 2743 1108 2797 qua:
1141 2728 1392 2796 praesenti
1425 2737 1666 2796 tempore
1714 2727 1768 2779 in
1813 2726 2142 2796 quibuslibet

549 2821 704 2892 pagis
727 2828 782 2874 et
808 2819 1119 2883 territoriis,
1145 2826 1255 2873 tam
1287 2833 1385 2887 per
1412 2818 1759 2872 traditionem
1785 2818 2026 2886 prmdicti
2049 2819 2142 2872 do-

552 2911 685 2964 mini
706 2909 918 2979 Pippini
945 2910 1109 2980 regis,
1150 2923 1249 2963 ceu
1280 2918 1333 2962 et
1357 2909 1616 2977 genitoris
1644 2909 1835 2971 nostri,
1876 2908 1959 2962 vel
1985 2923 2049 2962 ex
2079 2908 2139 2962 li-

554 3000 841 3054 heralitate
868 2987 1162 3053 liberorum
1185 2997 1489 3062 hominum,
1536 3008 1646 3052 tam
1675 3013 1772 3068 per
1801 2997 2137 3062 traditiones,

555 3089 1023 3152 commutationes,
1057 3087 1414 3149 venditiones,
1448 3096 1540 3140 aut
1576 3103 1642 3141 ex
1669 3087 2028 3157 qualicunque
2068 3088 2144 3142 le-
2171 3125 2214 3185 C

557 3178 663 3248 gali
709 3177 901 3231 ordine
929 3176 1184 3245 praesenti
1238 3185 1478 3245 tempore
1519 3178 1833 3246 praedictum
1866 3187 2016 3234 tenet
2060 3181 2144 3234 vel

554 3269 797 3352 possidet
821 3267 1232 3330 monasterium,
1250 3267 1334 3320 vel
1356 3283 1475 3336 quae
1491 3269 1744 3338 deinceps
1767 3269 1818 3322 in
1841 3268 2147 3341 jureipsius

557 3359 731 3413 sancti
780 3357 882 3411 loci
915 3357 1093 3410 divina
1114 3356 1288 3426 pietas
1314 3355 1500 3427 augeri
1538 3357 1785 3421 voluerit,
1841 3357 1941 3412 sub
1963 3369 2146 3413 nostra

558 3448 784 3502 tuitione
798 3457 958 3515 atque
975 3447 1330 3501 immunitatis
1344 3447 1657 3502 defensione
1670 3449 2144 3503 constitueremus.

557 3535 722 3604 Cujus
765 3537 1016 3605 precibus
1055 3546 1241 3592 aurem
1281 3537 1600 3606 placabilem
1638 3541 2143 3594 accommodamus:

557 3629 660 3683 hos
687 3635 901 3680 nostros
931 3627 1237 3695 imperiales
1261 3627 1443 3696 apices
1464 3627 1579 3682 ﬁeri
1599 3629 1881 3698 jussimus,
1903 3645 2000 3698 per
2013 3644 2150 3699 quos

559 3717 920 3781 decernimus,
959 3726 1120 3785 atque
1142 3717 1414 3786 jubemus,
1451 3727 1509 3771 ut
1534 3718 1795 3786 quidquid
1832 3727 1939 3772 tam
1967 3733 2034 3773 ex
2056 3720 2151 3774 do-

559 3807 778 3863 natione
803 3821 1014 3876 regum,
1046 3806 1132 3859 vel
1153 3807 1442 3860 traditione
1462 3807 1752 3860 liberorum
1783 3808 2060 3861 hominum
2083 3809 2150 3863 ad

560 3898 702 3951 idem
746 3895 1138 3950 monasterium
1177 3895 1384 3964 legibus
1416 3893 1542 3963 jure
1581 3895 1910 3950 cumulatum
1945 3905 2055 3962 est,
2097 3907 2152 3952 et

558 3989 814 4058 praesenti
842 3995 1083 4055 tempore
1135 3986 1381 4058 legaliter
1402 3996 1547 4040 tenet
1583 3987 1662 4041 vel
1699 3989 1937 4056 possidet
1968 4005 2152 4044 mona-

561 4077 808 4139 sterium,
831 4075 916 4130 vel
937 4090 999 4130 ea
1022 4091 1143 4144 qua:
1183 4076 1250 4130 ab
1279 4076 1406 4130 hinc
1433 4077 1486 4130 in
1513 4075 1754 4130 futurum
1783 4077 1980 4131 ibidem
2005 4077 2152 4145 juste

559 4173 615 4218 et
641 4165 884 4234 legaliter
928 4166 1183 4220 traditum
1206 4165 1388 4229 fuerit,
1424 4167 1676 4235 perennis
1707 4167 2040 4235 temporibus
2068 4184 2152 4223 re-

562 4265 742 4308 ctores
767 4254 1007 4323 praedicti
1037 4255 1371 4320 monasterii,
1390 4257 1595 4325 absque
1621 4256 1780 4310 ullius
1802 4255 2002 4325 injusta
2031 4273 2154 4312 con-

561 4344 867 4408 trarietate,
919 4354 1141 4400 teneant
1192 4354 1247 4400 et
1275 4347 1606 4415 possideant.
1663 4348 1887 4419 insuper
1913 4353 2152 4422 praecipi-

2164 1785 2208 1843 Β
2238 1800 2605 1854 concedimus.

2220 549 2316 587 nes
2355 544 2627 600 quaerere;
2679 529 2774 582 sed
2818 528 2974 581 liceat
3001 524 3306 579 rectoribus
3346 522 3598 592 prredicti
3635 535 3814 573 mona-

2219 625 2370 679 sterii
2393 639 2515 678 cum
2538 622 2788 677 omnibus
2817 621 2976 674 rebus
3000 628 3052 673 et
3091 617 3380 686 mancipiis
3420 615 3692 684 prtedicto
3715 629 3819 667 mo-

2219 716 2458 770 nasterio
2489 714 2610 783 jure
2639 711 2907 783 possessis
2933 710 3115 779 quieto
3139 709 3331 763 ordine
3368 709 3555 761 vivere
3579 720 3650 760 ac
3688 705 3818 758 resi-

2221 806 2368 869 dere,
2408 802 2860 874 quemadmodum
2919 800 2972 853 in
3003 799 3245 869 prmdicti
3287 797 3498 866 Pippini
3553 794 3730 864 regis,
3775 804 3820 844 et

2222 897 2426 952 domini
2456 906 2616 965 atque
2643 895 2902 966 genitoris
2930 892 3099 946 nostri
3118 891 3461 953 auctoritate,
3503 887 3594 942 vel
3629 888 3688 940 in
3727 887 3818 939 hac

2223 998 2408 1043 ηοειη
2435 989 2762 1050 continetur,
2792 993 2976 1040 [1081.Υο
2989 997 3470 1053 δυοορεδονυωᾳυε
3498 990 3818 1035 DOSerI'llfll

2226 1079 2455 1134 ﬁdeliter
2483 1094 2676 1149 parcre
2727 1078 2995 1146 imperio;
3041 1075 3274 1144 qualiter
3315 1073 3571 1128 monachi
3625 1071 3702 1124 ibi
3735 1083 3820 1137 per

2227 1170 2600 1225 successiones
2629 1169 2884 1238 degentes
2906 1167 3067 1222 liceat
3097 1157 3278 1234 quiete
3321 1165 3504 1217 vivere
3526 1171 3586 1216 et
3615 1160 3821 1213 miseri-

2229 1264 2466 1318 cordiam
2518 1261 2729 1315 Domini
2757 1275 2855 1329 pro
2885 1259 3039 1313 nobis
3061 1257 3315 1328 proleque
3343 1266 3525 1309 nostra
3560 1254 3822 1308 attentius

2228 1367 2476 1406 exorare.
2540 1349 2809 1419 Quidquid
2861 1349 3024 1404 etiam
3056 1349 3122 1405 de
3162 1349 3322 1402 rebus
3355 1346 3600 1416 praedicti
3636 1359 3820 1399 mona-

2231 1443 2380 1498 sterii
2403 1441 2492 1510 jus
2519 1441 2632 1496 ﬁsci
2659 1441 2877 1512 exigere
2904 1448 3138 1509 poterat,
3169 1447 3340 1494 totum
3370 1454 3467 1492 nos
3498 1452 3602 1506 pro
3624 1445 3820 1489 aeterna

2232 1532 2668 1586 remuneratione
2696 1532 2750 1584 in
2780 1528 3134 1583 luminaribus
3153 1527 3393 1598 praedicti
3424 1525 3748 1580 monasterii
3775 1535 3820 1578 et

2234 1623 2289 1676 in
2318 1621 2569 1674 alimonia
2620 1635 2942 1690 pauperum,
2985 1617 3071 1673 vel
3103 1619 3550 1673 sustentationem
3578 1616 3819 1684 peregri-

2235 1725 2428 1764 norum
2479 1711 2530 1763 in
2585 1718 2773 1764 nostra
2816 1709 3158 1779 eleemosyna
3190 1707 3441 1777 perennis
3488 1704 3820 1773 temporibus

2670 1798 2797 1853 Hmc
2826 1813 2957 1852 vero
2998 1797 3295 1850 auctoritas
3323 1796 3600 1849 ﬁrmitatis
3630 1802 3819 1847 nostra

2236 1898 2297 1943 ut
2321 1903 2415 1957 per
2444 1888 2713 1943 curricula
2738 1903 3006 1942 annorum
3035 1887 3400 1940 inviolabilem
3451 1884 3703 1939 obtineat
3733 1883 3819 1936 ﬁr-

2235 1979 2502 2043 mitatem,
2525 1979 2689 2032 etiam
2719 1976 2966 2031 manibus
2991 1976 3225 2045 propriis
3250 1976 3434 2030 subter
3467 1973 3818 2034 ﬁrmavimus,

2236 2078 2291 2123 et
2319 2069 2505 2122 annuli
2543 2068 2715 2122 nostri
2739 2067 3098 2138 impressione
3119 2066 3319 2135 signari
3341 2064 3634 2132 jussimus.

2310 2160 2532 2230 Signum
2554 2158 2810 2214 Ludovici
2835 2157 3178 2228 imperatoris
3199 2157 3261 2226 τ.
3327 2155 3555 2225 Signum
3583 2155 3822 2207 Lotharii

2239 2249 2612 2318 gloriosissimi
2677 2247 3025 2317 imperatoris
3061 2245 3120 2316 τ’.
3202 2246 3229 2285 δ
3288 2244 3511 2315 Signum
3568 2243 3824 2297 Ludovici

2238 2341 2399 2410 regis.
2471 2339 2888 2409 Megmgmarius
2927 2337 3173 2392 notarius
3223 2337 3292 2391 ad
3335 2339 3510 2390 vicem
3559 2335 3823 2402 Fridugisi

2239 2444 2419 2499 recog.

2309 2521 2442 2574 Data
2469 2521 2700 2589 septimo
2714 2520 2936 2574 Kalend.
2956 2519 3140 2583 Febr.,
3166 2534 3324 2582 anno,
3341 2517 3560 2573 Christo
3576 2516 3823 2586 propitio,

2243 2615 2309 2668 15
2345 2614 2554 2682 imperii
2591 2613 2792 2667 domini
2821 2612 3111 2675 Ludovici,
3152 2622 3207 2666 et
3234 2611 3476 2665 Lotbarii
3505 2608 3559 2672 4,
3598 2608 3827 2662 serenis-

2241 2706 2364 2759 sim.
2405 2703 2661 2774 August.,
2694 2703 2878 2757 indict.
2905 2703 2993 2757 ιγ.
3037 2703 3229 2756 Actum
3263 2701 3590 2772 Aquisgrani
3631 2698 3826 2769 palatio

2241 2796 2428 2864 regio:
2463 2793 2516 2848 in
2548 2794 2642 2849 Dei
2664 2795 2880 2848 nomine
2908 2793 3154 2848 feliciter.
3206 2794 3400 2848 Amen.

2901 2903 3163 2957 CXXXV.

2599 3011 2700 3051 PRO
2740 3011 3078 3050 ιξοςλδτειιιο
3117 3010 3160 3048 S.
3201 3007 3483 3048 IAXENTII.

2863 3085 3035 3156 (Anno
3072 3085 3222 3153 8‘27.)

2251 3175 2434 3250 [Apud
2469 3178 2529 3231 D.
2571 3177 2866 3250 Bouquet._,
2895 3185 3026 3231 tom.
3058 3175 3146 3240 IV,
3176 3175 3382 3250 p._55_0,
3409 3190 3475 3230 ex
3505 3177 3817 3229 chartulam

2763 3246 2923 3314 hujus
2958 3245 3328 3318 monasterii.]

2321 3357 2378 3411 In
2422 3359 2642 3413 nomine
2687 3357 2902 3412 Domini
2951 3357 3044 3411 Dei
3077 3365 3133 3410 et
3167 3354 3469 3411 Salvatoris
3506 3357 3675 3410 nostri
3702 3354 3824 3409 Jesu

2250 3447 2454 3502 Christi
2482 3490 2496 3512 ,
2545 3448 2850 3502 Ludovicus
2884 3456 2939 3502 et
2985 3448 3295 3512 Lotharius,
3327 3446 3509 3501 divina
3553 3448 3826 3501 ordinante

2251 3537 2614 3608 providentia,
2634 3539 2990 3606 imperatores
3018 3537 3264 3607 Augusti.

2323 3627 2503 3681 Multis
2537 3628 2804 3696 siquidem
2836 3629 2889 3681 in
2917 3628 3140 3696 imperio
3164 3627 3390 3681 Domino
3413 3626 3709 3695 opitulante
3741 3642 3832 3679 no-

2251 3725 2364 3770 stro
2392 3718 2667 3786 cognitum
2697 3731 2819 3770 esse
2860 3731 2968 3769 non
3010 3717 3368 3785 ambigimus,
3407 3715 3642 3785 qualiter
3668 3717 3835 3784 quod-

2253 3807 2375 3860 dam
2425 3806 2813 3859 monasterium
2856 3805 2998 3874 quod
3041 3805 3239 3860 dicitur
3267 3804 3325 3859 S.
3360 3804 3638 3867 Maxentii,
3674 3806 3834 3858 situm

2253 3897 2309 3950 in
2342 3897 2617 3951 territorio
2649 3895 3004 3962 Pictaviensi,
3047 3897 3138 3951 ubi
3167 3895 3223 3950 S.
3254 3896 3620 3968 Leodegarius
3649 3912 3834 3967 corpo-

2253 4001 2313 4039 re
2341 3986 2658 4054 requiescit,
2689 4001 2812 4040 cum
2836 3987 3087 4041 omnibus
3116 3987 3278 4041 rebus
3307 3988 3409 4042 sibi
3441 3987 3588 4055 juste
3622 4002 3836 4056 cornipe-

2255 4079 2490 4132 tentibus
2518 4118 2531 4140 ,
2579 4092 2675 4145 per
2718 4077 3040 4131 beneﬁcium
3077 4092 3266 4145 regum
3301 4086 3714 4133 antecessorum
3749 4094 3835 4132 no—

2253 4175 2489 4220 strorum
2538 4167 2592 4219 in
2621 4174 2890 4234 potestate
2915 4168 3174 4220 comitum
3218 4167 3532 4236 aliquandiu
3581 4171 3833 4222 constitu-

2256 4265 2366 4309 tum
2397 4271 2536 4321 esse,
2583 4265 2637 4309 et
2678 4270 2777 4311 nos
2822 4266 3008 4311 nostro
3052 4265 3293 4326 tempore
3336 4257 3634 4324 inspirante
3656 4257 3830 4311 divina

2254 4346 2631 4400 misericordia
2668 4345 2810 4399 idem
2847 4347 3234 4400 monasterium
3259 4388 3273 4412 ,
3298 4363 3422 4402 cum
3455 4349 3691 4416 quadam
3719 4365 3832 4418 por-

564 4450 707 4499 mus,
732 4444 893 4503 atque
915 4451 1014 4505 per
1032 4437 1173 4491 hanc
1199 4445 1442 4492 nostram
1458 4439 1835 4493 auctoritatem
1852 4441 2147 4507 sancimus,
2175 4458 2228 4516 D
2255 4437 2400 4490 tione
2420 4450 2602 4490 rerum
2627 4435 2694 4489 ad
2717 4450 2774 4488 se
2795 4436 3206 4504 pertinentium,
3234 4437 3302 4490 ad
3325 4446 3525 4490 statum
3549 4440 3830 4508 pristinum

563 4536 626 4580 ut
653 4526 833 4581 nullus
863 4524 1030 4595 judex
1070 4526 1335 4595 publicus,
1389 4517 1473 4580 vel
1505 4527 1760 4596 quislibet
1781 4543 1847 4584 ex
1870 4529 2156 4599 judiciaria

563 4623 831 4687 potestate
853 4616 907 4670 in
921 4615 1200 4682 ecclesias,
1218 4626 1317 4670 aut
1337 4617 1474 4682 loca,
1492 4617 1574 4672 vel
1604 4633 1781 4689 agros,
1801 4635 1893 4674 seu
1922 4621 2157 4690 reliquas

566 4705 938 4776 possessiones
959 4707 1200 4776 praedicti
1217 4709 1532 4762 monasterii
1555 4709 1843 4776 adeansas
1868 4707 2155 4776 judiciario

567 4812 720 4853 more
748 4797 1067 4862 audiendas,
1106 4797 1188 4851 vel
1217 4799 1358 4853 sicut
1383 4799 1437 4852 in
1463 4807 1730 4868 praecepto
1767 4800 1969 4854 domini
1997 4811 2052 4856 et
2071 4817 2156 4873 ge-

567 4889 760 4943 nitoris
781 4887 953 4942 nostri
980 4889 1239 4952 continet,
1270 4887 1536 4954 velfreda,
1569 4896 1662 4942 aut
1685 4888 2029 4960 ﬁdejussores
2056 4893 2155 4947 tol-

566 4979 772 5046 lendos,
806 4987 897 5033 aut
925 4994 1129 5046 scaras,
1153 4979 1237 5034 vel
1267 4980 1710 5046 mansionaticos,
1734 4995 1829 5035 seu
1857 4982 2150 5053 conjectos,

569 5079 681 5123 tam
711 5070 784 5124 de
805 5069 1056 5138 carrlgio,
1105 5083 1264 5137 quam
1294 5069 1360 5123 de
1402 5068 1703 5138 parafredis
1740 5069 2036 5141 exigendis,
2064 5081 2156 5126 aut

568 5156 817 5213 homines
845 5155 1014 5226 ipsius
1041 5158 1354 5212 monasterii
1385 5167 1496 5211 tam
1517 5159 1751 5234 francos,
1797 5176 1958 5230 quam
1984 5163 2158 5218 eccle-

568 5249 838 5311 siasticos,
873 5247 955 5302 vel
990 5247 1304 5313 servientes,
1362 5248 1453 5318 qui
1484 5248 1622 5303 infra
1653 5266 1827 5321 agros,
1876 5251 1960 5306 vel
1998 5252 2152 5319 ﬁnes,

570 5357 666 5398 seu
693 5354 853 5410 super
881 5348 1084 5394 terram
1125 5341 1371 5411 praedicti
1402 5342 1718 5409 monasterii,
1747 5352 1988 5408 manent,
2017 5341 2153 5399 ban-

573 5447 704 5488 num
733 5441 822 5486 aut
849 5431 1221 5487 herebannum
1249 5433 1488 5501 exigere,
1534 5441 1627 5486 aut
1661 5442 1916 5488 exactare
1954 5450 2156 5504 prtesn-

648 5580 674 5639 ξ
710 5568 788 5639 De
820 5571 1113 5627 hominibus
1144 5569 1362 5639 francis.
1405 5567 1516 5623 Hoc
1539 5576 1627 5639 est
1655 5567 1809 5639 lai_cis
1835 5566 2038 5639 liberis.

646 5636 677 5678 δ
717 5638 935 5710 Signum
974 5636 1222 5694 Ludorici
1245 5642 1396 5710 regis.
1460 5638 1677 5694 Scilicet
1707 5637 2000 5710 ‘Bavarize,
2033 5652 2151 5710 quae

581 5706 824 5783 magnam
847 5709 1148 5767 Germania:
1176 5706 1380 5781 partem
1412 5711 1511 5764 sub
1552 5724 1610 5762 se
1645 5706 2149 5778 comprehendebat.

2255 4541 2537 4582 revocasse
2559 4567 2572 4589 ,
2623 4534 2678 4580 et
2725 4526 2976 4581 abbatem
3008 4526 3314 4596 regularem
3342 4527 3718 4595 constituisse,
3750 4532 3829 4597 qui

2253 4620 2548 4674 secundum
2589 4619 2824 4690 regulam
2853 4620 3024 4674 sancti
3056 4621 3333 4675 Benedicti
3371 4621 3541 4676 vitam
3573 4624 3827 4678 monasti-

2253 4726 2374 4766 cam
2415 4711 2676 4781 degeret,
2722 4720 2778 4764 et
2822 4711 2922 4764 sub
2969 4710 3170 4764 nullius
3212 4720 3483 4779 potestate
3509 4721 3606 4766 aut
3637 4714 3829 4768 ditione

2253 4801 2576 4856 consisteret
2603 4841 2616 4866 ,
2666 4801 2768 4854 nisi
2795 4802 2895 4854 sub
2923 4812 3108 4856 nostra
3136 4800 3479 4871 ﬁliorumque
3503 4814 3825 4859 nostrorum.

2257 4897 2363 4953 Sed
2379 4896 2505 4966 quia
2528 4896 2835 4964 portionem
2855 4907 3036 4949 rerum
3061 4894 3304 4963 praedicti
3321 4897 3662 4960 monasterii,
3679 4911 3826 4964 quam

2255 4991 2432 5045 adhuc
2457 4997 2670 5045 constat
2697 5002 2820 5042 esse
2844 4989 2900 5042 in
2921 4988 3268 5054 beneﬁcium,
3290 4990 3549 5058 przedicto
3569 5005 3826 5047 monaste

2256 5082 2339 5136 rio
2364 5089 2588 5152 propter
2622 5079 2910 5149 quamdam
2962 5079 3252 5135 utilitatem
3295 5081 3408 5135 sive
3457 5084 3823 5138 necessitatem

2253 5170 2406 5238 regni
2437 5168 2608 5224 nostri
2640 5209 2653 5234 ,
2703 5183 2823 5237 qua:
2849 5166 3008 5223 modo
3037 5168 3317 5234 imminet,
3349 5169 3578 5226 reddere
3605 5187 3823 5242 prasen-

2259 5261 2438 5316 taliter
2465 5260 2773 5330 nequimus,
2803 5259 2923 5314 ideo
2945 5273 3068 5314 eum
3098 5257 3198 5332 [id]
3223 5275 3353 5315 cum
3371 5261 3624 5331 portione
3654 5278 3817 5317 rerum

2258 5368 2394 5422 quas
2421 5367 2564 5407 nunc
2606 5351 2848 5421 possidet
2879 5352 2946 5406 ab
2989 5352 3240 5407 omnibus
3289 5353 3628 5407 saecularium
3661 5362 3714 5407 et
3736 5369 3818 5422 pu-

2257 5444 2520 5498 blicarum
2549 5458 2729 5498 rerum
2759 5442 3218 5513 impeditionibus,
3257 5443 3310 5496 id
3336 5453 3421 5497 est
3447 5443 3515 5497 ab
3542 5443 3820 5513 expeditio

2257 5575 2625 5717 gitlgisotruv”
2694 5575 2852 5645 Corp.
2906 5575 3040 5629 Hist.
3063 5572 3274 5642 Germ,
3318 5573 3532 5633 Period.
3560 5593 3632 5645 tv,
3685 5577 3814 5635 Sect.
