3936 6322
172 376 315 431 1161

1324 348 1715 423 metatum
1758 358 2307 416 ECCLESIASTICA.

3306 364 3436 419 I162

171 501 250 539 ne
278 482 560 540 exercitali
586 489 639 537 et
669 482 861 536 bannis
899 488 1062 551 atque
1086 480 1401 535 heribannis
1434 489 1488 533 et
1511 477 1765 548 operibus
1794 480 1843 538 Α
1867 482 1950 529 est
2001 475 2205 529 Tumba
2250 476 2528 531 Rodiliana
2557 520 2569 542 ,
2630 482 2803 537 casale
2853 484 3067 540 Restani
3090 527 3105 552 ,
3157 494 3213 543 et
3257 494 3437 546 casale

171 575 419 644 publicis
478 575 593 629 sive
642 575 848 644 paratis
903 573 1207 629 absolutum
1257 582 1311 627 et
1363 574 1603 643 quietum
1648 583 1766 624 esse

170 664 513 718 omnimodis
570 664 949 733 praecipimus;
1016 664 1082 718 de
1138 664 1385 734 portione
1420 677 1551 716 vero
1585 675 1765 714 rerum

174 753 436 821 pmdicti
470 752 806 816 monasterii,
836 769 975 821 quas
1002 753 1207 817 adhuc,
1236 753 1378 806 sicut
1406 751 1653 819 superius
1687 748 1767 802 di—

176 852 340 899 ctum
368 852 471 908 est,
500 843 553 897 in
578 850 851 912 potestate
881 843 1219 896 diversorum
1252 843 1529 896 hominum
1556 856 1653 911 per
1677 841 1768 893 be-

181 934 445 991 neﬁcium
489 953 611 993 esse
658 945 911 1003 constat,
956 938 1300 1008 praecipimus
1344 945 1503 1007 atque
1548 951 1643 1005 per
1670 935 1769 987 hos

180 1026 499 1097 imperiales
548 1030 728 1097 apices
772 1036 990 1083 nostras
1034 1028 1309 1081 sancimus
1343 1035 1505 1095 atque
1530 1024 1770 1079 decemi-

182 1134 317 1173 mus
337 1127 417 1184 ut,
453 1134 595 1190 saepe
618 1120 763 1174 dicto
790 1120 1118 1174 monasterio
1144 1118 1200 1172 S.
1240 1117 1493 1171 Matentii
1522 1124 1577 1169 et
1599 1121 1773 1168 recta-

176 1210 346 1265 ribus
389 1210 508 1281 ejus
548 1226 721 1267 nonas
762 1220 816 1267 et
864 1212 1103 1267 decimas
1144 1218 1306 1280 atque
1340 1224 1505 1279 opera
1540 1207 1773 1278 pleniter

184 1298 525 1370 persolvant,
555 1300 725 1355 donec
766 1300 993 1354 Domino
1037 1298 1324 1368 adjuvante
1367 1313 1465 1367 per
1491 1312 1590 1351 nos
1626 1296 1774 1365 ipsos

184 1390 312 1445 sive
335 1406 431 1460 per
454 1389 592 1445 ﬁlios
615 1399 669 1445 et
696 1404 1039 1445 successores
1067 1398 1283 1446 nostros
1314 1389 1628 1461 praedictam
1652 1402 1776 1457 par-

188 1480 398 1537 tionem
431 1497 612 1536 rerum
663 1482 729 1537 ad
782 1489 1141 1536 memoratum
1171 1481 1484 1538 venerabile
1504 1489 1776 1534 monaste-

186 1568 362 1633 rium,
396 1570 462 1623 ad
488 1570 631 1639 quod
659 1585 755 1640 per
781 1568 1051 1640 justitiam
1076 1571 1333 1640 pertinet,
1358 1570 1589 1640 pleniter
1615 1577 1777 1637 atque

187 1666 407 1731 integre
437 1662 585 1715 reddi
613 1662 727 1716 sive
758 1662 969 1715 restitui
996 1662 1276 1716 faciamus.
1329 1662 1397 1715 Et
1428 1669 1488 1714 ut
1512 1662 1627 1714 bsec
1651 1674 1779 1713 con-

192 1750 435 1805 ﬁrmatio
456 1758 639 1805 nostra
656 1766 752 1819 per
768 1751 1038 1805 curricula
1064 1792 1077 1804 .
1113 1792 1127 1805 .
1163 1792 1176 1804 .
1219 1792 1231 1805 .
1264 1792 1277 1804 .
1319 1792 1332 1804 .
1377 1793 1389 1805 .
1416 1760 1508 1805 ant
1538 1760 1774 1820 tempora

188 1839 565 1897 inviolabilem
594 1848 755 1908 atque
784 1840 1411 1895 inconvulsam‘abtineat
1442 1840 1773 1903 ﬁrmitatem,
1805 1830 1851 1887 Β

184 1930 383 1983 annuli
415 1929 586 1983 nostri
623 1930 981 1999 impressione
1004 1933 1191 1985 subter
1212 1933 1411 2002 signari
1428 1931 1707 1998 jussimus.

268 2032 295 2059 ι
326 2020 517 2073 Datum
550 2036 602 2075 vt
642 2021 760 2075 Kal.
788 2020 1058 2087 Octobris,
1088 2038 1250 2087 anno,
1278 2023 1493 2077 Christo
1525 2023 1777 2092 prapitio,

195 2109 267 2163 I5
294 2108 441 2181 [Leg.
478 2110 567 2183 14]
598 2111 808 2180 imperii
842 2112 1045 2165 domini
1077 2111 1333 2167 Ludovici
1365 2113 1706 2181 imperatoris
1729 2121 1784 2165 et

195 2202 443 2256 Lotharii
470 2202 521 2265 6,
563 2202 857 2257 indictione
887 2203 940 2257 5.
995 2202 1191 2257 Actum
1222 2202 1554 2273 Campendio
1583 2203 1782 2274 palatio

197 2292 351 2356 regia
383 2292 437 2345 in
469 2292 563 2346 Dei
588 2293 805 2347 nomine
836 2292 1085 2349 feliciter.
1115 2295 1305 2348 Amen.

845 2384 1129 2439 CXXXVI.

227 2488 552 2529 LOTHARISUS
580 2486 711 2529 AUC.
753 2490 1093 2529 NONASTEIIIO
1130 2489 1516 2531 NONANTULANO
1558 2491 1735 2530 IULTA

774 2560 910 2599 BONA
950 2560 1214 2599 CONFERT.

809 2632 980 2704 (Anno
1032 2633 1181 2706 827.)

250 2720 432 2793 [Apud
462 2721 746 2788 Muratari,
778 2723 958 2794 Antiq.
988 2724 1143 2791 Ital.,
1176 2734 1305 2780 tam.
1336 2725 1398 2791 ll,
1432 2741 1555 2796 pag.
1583 2723 1737 2797 l97.]

276 2811 482 2866 Damno
506 2811 765 2867 Lothario
791 2814 1036 2885 Augusto
1062 2816 1289 2887 paciﬁca
1315 2818 1640 2887 imperatore
1668 2818 1785 2873 Au-

205 2910 395 2971 gusto,
437 2902 785 2958 serenissima
812 2904 1178 2963 Romanorum
1207 2908 1457 2976 patricio,
1498 2924 1529 2961 a
1560 2908 1670 2964 Deo
1696 2925 1787 2965 ca-

203 2998 419 3056 ronato,
474 2993 656 3047 sedem
701 2987 1015 3063 paciﬁcam,
1067 2995 1458 3052 beatitudinem
1508 3005 1783 3055 tenentem

204 3082 527 3145 Romanam,
554 3082 1055 3153 Langobardorum.

1869 564 2217 633 Grummolo,
2269 568 2401 623 silva
2452 568 2785 639 Leguriauo,
2835 578 2966 633 silva
3009 578 3283 651 Agolaria,
3312 600 3439 641 casa

1868 657 2059 723 Lauta,
2106 675 2297 730 campo
2338 661 2609 727 Rovirito,
2657 682 2847 737 campo
2884 672 2947 727 de
2978 672 3182 739 Rusca,
3217 676 3442 747 Campa-

1869 749 2047 816 lengo,
2084 749 2387 817 Bruniana,
2439 754 2629 810 civitas
2674 757 2885 813 Gemini
2921 778 2990 816 na
3013 804 3027 828 ,
3075 780 3193 834 qua:
3216 778 3440 823 vocatur

1867 841 2157 907 Flexiana,
2202 842 2559 911 Quarantole,
2594 847 2893 919 Ureuiana,
2936 855 3315 926 Vermiuitica,
3350 861 3442 915 Ni-

1870 936 2057 999 ratica,
2086 936 2451 1006 Calendatica,
2498 941 2799 1009 Pilliciana,
2851 946 3122 1013 Carniala,
3171 952 3237 1005 ad
3271 955 3441 1021 perti-

1870 1025 2092 1080 nencias
2116 1030 2512 1098 suprascriptas
2548 1047 2633 1085 res
2665 1033 2810 1101 justa
2840 1034 3001 1089 ﬂuvio
3028 1036 3288 1103 Moclena,
3316 1056 3445 1096 con-

1872 1115 2007 1171 ﬁnes
2034 1118 2269 1174 civitatis
2299 1118 2618 1176 Geminiana
2639 1165 2654 1189 ,
2702 1127 2878 1182 casale
2904 1129 3241 1197 Menterioni,
3281 1142 3444 1204 atque

1872 1208 2050 1263 casale
2080 1209 2342 1277 Firmani,
2376 1221 2432 1267 et
2458 1214 2634 1269 casale
2655 1214 2881 1285 Alperti,
2913 1227 2966 1273 et
2988 1222 3165 1277 casale
3194 1224 3446 1281 Tassina-

1874 1302 1976 1367 ria,
2006 1318 2097 1357 seu
2126 1304 2302 1358 casale
2350 1320 2507 1360 omne
2534 1306 2757 1373 Brixili,
2804 1319 2965 1380 atque
3005 1314 3183 1369 casale
3217 1316 3443 1384 Bruxili,

1874 1408 1967 1448 seu
2018 1394 2179 1448 Curla
2204 1435 2217 1459 ,
2275 1404 2328 1449 et
2374 1396 2654 1463 Tumbole,
2706 1409 2869 1469 atque
2902 1401 3072 1457 Fossa
3112 1404 3365 1468 Bruxala.
3392 1418 3446 1463 et

1852 1481 2121 1553 ~Carrigio
2150 1484 2452 1550 Braneuda,
2499 1496 2553 1542 et
2590 1490 2737 1545 Valle
2766 1491 2928 1557 Alba,
2960 1505 3014 1549 et
3042 1498 3219 1552 casale
3250 1499 3435 1555 Fonta-

1878 1573 2050 1637 nellaz,
2084 1584 2138 1627 et
2164 1574 2410 1645 Corrigio
2438 1578 2569 1631 Boni
2593 1620 2606 1641 ,
2654 1596 2746 1634 seu
2776 1584 2956 1638 casale
2985 1585 3159 1652 Acus,
3191 1597 3247 1642 et
3271 1591 3449 1644 casale

1880 1665 2085 1719 Tallala
2128 1684 2141 1720 ε
2192 1676 2246 1721 et
2281 1668 2501 1738 insuper
2539 1671 2641 1724 alia
2684 1672 2914 1727 fundare
2952 1676 3035 1729 vel
3062 1678 3296 1745 casalia,
3327 1696 3450 1736 cum

1880 1755 2130 1810 omnibus
2161 1758 2228 1811 atl
2254 1759 2467 1813 easdem
2500 1763 2659 1817 rebus
2686 1766 3011 1833 generaliter
3037 1768 3117 1822 vel
3147 1772 3451 1838 specialiter

1882 1850 2273 1916 pertinentibus
2300 1851 2383 1905 vel
2416 1850 2781 1919 adjacentibus
2802 1896 2817 1920 ,
2862 1858 2976 1911 sive
3013 1860 3327 1916 tributarias
3369 1864 3451 1917 vel

1881 1939 2182 2005 censurias,
2216 1941 2327 1995 sive
2350 1942 2664 1999 donnicatas
2689 1946 2772 2000 vel
2802 1947 3149 2015 colonicatas,
3179 1953 3454 2008 actoribus

1884 2029 1949 2082 ad
1978 2030 2195 2083 easdem
2237 2070 2251 2084 .
2297 2072 2309 2084 .
2357 2072 2369 2084 .
2416 2072 2428 2086 .
2468 2036 2632 2088 rebus
2669 2037 2995 2105 generaliter
3025 2040 3111 2094 vel
3150 2043 3456 2112 specialiter

1881 2119 2276 2185 pertinentibus
2316 2122 2400 2176 vel
2449 2123 2817 2192 adjacentibus
2846 2128 2899 2182 in
2934 2129 3101 2197 ipsius
3134 2133 3373 2191 conﬁnes
3403 2146 3457 2191 ct

1883 2208 2093 2274 latera,
2149 2220 2311 2279 atque
2349 2214 2415 2266 ad
2464 2217 2831 2287 suprascripta
2877 2218 3105 2276 fundora
3154 2233 3209 2279 et
3256 2227 3454 2281 casalia

1883 2301 2215 2367 pertinentes
2245 2302 2327 2356 vel
2373 2302 2682 2370 adjacentes
2704 2347 2718 2371 ,
2768 2309 2851 2362 vel
2878 2310 2943 2364 da
2975 2311 3090 2382 ipso
3129 2318 3458 2372 monasterio

1882 2390 2196 2445 donnicatas
2237 2392 2320 2446 vel
2353 2394 2675 2451 colonicatas
2706 2398 2759 2450 in
2790 2398 2908 2468 ipso
2940 2406 3230 2460 venerabili
3272 2422 3458 2462 mana-

1883 2479 2051 2533 steria
2082 2481 2191 2533 sint
2236 2482 2515 2554 privilegia
2558 2490 2762 2555 positas
2805 2490 2923 2545 sine
2961 2492 3141 2563 aliqua
3178 2496 3459 2553 obstaculo

1884 2570 1969 2623 vel
2001 2572 2409 2639 apposicionem
2437 2575 2664 2647 alicujus
2693 2583 3102 2638 eontrarietatis
3137 2595 3318 2641 nostra
3349 2589 3460 2659 ple—

1888 2662 2459 2734 nissimalargiciane.
2527 2668 2676 2723 Unde
2724 2679 2783 2725 ut
2830 2688 3161 2745 quacunque
3204 2693 3456 2747 persona,

1886 2767 2005 2821 quae
2056 2762 2241 2809 nostra
2277 2768 2546 2827 prmcepto
2590 2769 2849 2815 statutum
2891 2773 3003 2830 est,
3037 2782 3257 2834 conare,
3290 2770 3461 2823 invio-

1888 2845 2001 2898 lare
2030 2853 2123 2898 aut
2150 2845 2459 2918 infringere,
2488 2852 2592 2905 siat
2618 2868 2676 2907 se
2712 2858 3138 2925 compositurum
3174 2873 3464 2933 cognoscat

1887 2934 2085 2989 mulcta
2114 2952 2245 2992 auro
2271 2940 2455 2994 obriza
2499 2956 2785 2998 mancasos
2838 2954 3075 3001 centum.
3135 2948 3329 3005 Nostra
3362 2952 3465 3005 ita-

1887 3041 1991 3096 que
2016 3037 2217 3083 statuta
2251 3031 2637 3089 inviolabiliter
2665 3037 2954 3094 observare
2982 3042 3340 3110 praecipimus.

1957 3116 2154 3173 Datum
2183 3120 2281 3173 sub
2304 3120 2389 3174 die
2418 3128 2470 3175 et
2497 3138 2677 3178 mense
2691 3124 2954 3196 Augusto,
2974 3130 3240 3185 iudicione
3254 3132 3460 3202 quinta.

278 3174 542 3229 Omnibus
574 3174 782 3244 imperii
812 3176 986 3283 suii
1015 3178 1417 3283 venerabilibus
1444 3178 1585 3283 locis
1617 3180 1780 3283 debe-
1810 3182 1854 3244 C
1961 3208 2254 3264 Lomarius
2280 3174 2883 3283 Αηευεωδξῶῥᾶξιῖᾶ,

202 3280 269 3322 re
312 3276 532 3323 cautum
574 3277 657 3323 est
694 3271 1079 3327 venerabiliter
1123 3274 1397 3343 expositas
1442 3275 1497 3336 in
1538 3277 1793 3332 omnibus

209 3360 420 3428 legibus
445 3400 457 3412 .
480 3400 526 3414 ..
553 3402 563 3413 .
586 3399 598 3412 .
621 3401 633 3413 .
670 3371 997 3437 praeceptum
1037 3365 1091 3418 in
1127 3366 1423 3420 venerabili
1461 3370 1791 3424 monasterio

188 3452 368 3507 nobis
396 3468 494 3522 pro
522 3492 535 3505 .
558 3493 571 3505 .
591 3493 605 3507 .
636 3455 744 3508 tivo
774 3456 1077 3524 expositum
1112 3465 1216 3511 est.
1269 3458 1344 3512 De
1371 3459 1661 3528 aliquantis
1695 3462 1793 3515 ita—

208 3558 317 3613 que
348 3542 508 3596 rebus
534 3558 563 3595 a
593 3546 746 3598 nobis
771 3548 1045 3601 concessis
1080 3556 1134 3601 et
1162 3548 1379 3602 tributis
1410 3550 1460 3603 in
1492 3552 1605 3619 ipso
1631 3567 1791 3605 vene—

206 3634 369 3687 ravili
399 3635 745 3699 monasteria,
797 3636 880 3689 vel
923 3636 989 3690 da
1036 3630 1793 3707 quihuscunque'liominibus

204 3723 296 3778 vel
321 3718 567 3791 persanis
599 3724 832 3778 tributas
867 3725 1004 3790 sint;
1051 3726 1258 3795 aliquas
1287 3742 1374 3781 res
1400 3727 1482 3782 vel
1504 3742 1794 3782 concessas

208 3812 269 3867 in
296 3812 467 3882 ipsam
495 3812 809 3883 religionem
835 3813 919 3868 vel
958 3813 1073 3882 ejus
1110 3800 1434 3885 patrimonio
1470 3826 1631 3887 atque
1666 3833 1794 3887 pos-

209 3905 489 3960 sessiones
530 3904 729 3958 lucrari
779 3905 1015 3959 videtur.
1078 3907 1310 3977 Ideoque
1339 3924 1436 3977 per
1465 3909 1645 3963 omnia
1675 3906 1702 3948 δ
1743 3910 1795 3963 in

210 4002 402 4049 nostra
428 3995 704 4049 territorio
728 3994 1107 4051 Emilianensi
1135 4038 1150 4063 ,
1190 3999 1272 4053 vel
1296 4001 1363 4053 ad
1389 4010 1595 4071 partem
1642 4001 1799 4055 Moti-

209 4100 435 4141 nensem
485 4085 624 4143 intra
671 4086 912 4143 conﬁnes
953 4080 1188 4145 civitatis
1232 4089 1551 4146 Gemiuiana
1578 4132 1592 4156 ,
1639 4094 1798 4147 rebus

210 4177 420 4231 nostris
466 4174 770 4231 danniratis
813 4178 897 4232 vel
937 4178 1279 4253 colonicatis,
1327 4181 1440 4233 sive
1466 4180 1531 4234 de
1560 4182 1795 4250 publica,

212 4265 334 4321 sive
378 4266 445 4320 de
482 4266 695 4335 privato
738 4267 805 4320 ad
840 4275 1083 4322 nostram
1125 4269 1359 4337 regalem
1392 4271 1610 4325 domum
1640 4274 1803 4342 perti-

214 4361 474 4415 nentibus
506 4360 590 4415 vel
636 4358 1025 4427 adjacentibus,
1073 4370 1134 4416 ut
1163 4364 1303 4432 quod
1338 4364 1405 4417 ad
1432 4373 1671 4419 nostram
1705 4367 1801 4421 da-

217 4464 367 4503 mum
408 4448 635 4504 debetur
655 4488 669 4513 ,
722 4448 773 4501 id
802 4449 855 4502 in
898 4450 1087 4504 eadem
1116 4454 1479 4522 suprascripto
1506 4456 1801 4509 venerabili

2520 3325 2830 3383 CXXXVII.

2288 3459 2385 3499 PRO
2425 3460 2762 3501 IONASTERIO
2796 3465 3069 3505 DEBVENSI.

2495 3535 2667 3603 (Anno
2717 3537 2865 3607 827.)

2053 3622 2226 3695 [Apud
2254 3622 2463 3687 Baluz.,
2496 3620 2724 3693 Capitul.
2759 3635 2888 3680 tam.
2918 3628 2957 3691 Ι,
2992 3644 3113 3700 pag.
3147 3631 3293 3704 651.]

1964 3714 2022 3767 In
2074 3716 2292 3770 nomine
2342 3715 2555 3770 Domini
2595 3716 2687 3771 Dei
2718 3726 2773 3772 et
2812 3719 3110 3775 Salvataris
3136 3725 3302 3779 nostri
3340 3723 3465 3781 Jrsu

1894 3809 2116 3867 Christi.

1968 3900 2271 3955 Ludovicus
2305 3911 2359 3956 et
2394 3902 2710 3968 Lotliarius,
2755 3904 2934 3959 divina
2972 3908 3257 3965 ordinante
3292 3914 3471 3980 pravi—

1899 3991 2097 4053 dentia,
2134 3991 2492 4059 imperatores
2515 3993 2761 4063 Augusti.
3324 4042 3325 4045 η

1970 4078 2028 4131 Si
2057 4079 2409 4148 petitionibus
2430 4096 2711 4138 servorum
2739 4086 2833 4140 Dei
2851 4088 3013 4155 justis
3036 4097 3089 4143 et
3121 4090 3473 4148 rationalibus

1899 4170 2064 4223 divini
2115 4170 2290 4225 cultus
2335 4187 2521 4227 amore
2564 4173 2835 4240 favemus,
2877 4180 3094 4247 superni
3122 4183 3360 4239 muneris
3384 4183 3475 4238 da-

1901 4277 2029 4315 num
2075 4262 2230 4315 nobis
2279 4277 2310 4315 a
2341 4262 2569 4317 Domino
2610 4265 2876 4334 impertiri
2911 4270 3206 4325 credimus.
3265 4273 3475 4330 Idcirco

1902 4362 2085 4408 natum
2137 4369 2256 4408 esse
2302 4354 2548 4410 volumus
2595 4358 2803 4412 cunctis
2853 4359 3097 4416 ﬁdelibus
3138 4373 3337 4419 sanctte
3378 4366 3474 4421 Dei

1907 4444 2237 4517 Ecclesiaeet
2263 4447 2497 4511 nostris,
2536 4450 2894 4515 praesentibus
2923 4452 3130 4508 scilicet
3168 4464 3223 4509 et
3252 4456 3471 4521 futuris,

218 4540 552 4595 monasterio
601 4539 878 4604 tribuitur,
929 4540 995 4594 da
1038 4542 1277 4597 conﬁnes
1323 4542 1488 4597 Fossa
1535 4542 1795 4613 Sclarala,
1824 4537 1877 4595 D
1904 4538 2026 4607 quia
2072 4537 2258 4590 adiens
2286 4537 2631 4592 serenitatem
2660 4538 2910 4595 culminis
2938 4545 3107 4597 nostri
3150 4545 3235 4599 vir
3263 4547 3476 4617 religio.

220 4644 318 4683 seu
364 4630 531 4684 Fossa
580 4629 889 4698 Pavignaua
956 4632 1025 4685 ad
1090 4632 1327 4687 conﬁnes
1373 4634 1631 4704 Riparia,
1682 4638 1798 4707 ripa

227 4720 538 4787 Scaltenna,
574 4731 628 4775 et
666 4720 828 4774 fluvio
884 4721 1122 4776 Moclena
1163 4741 1259 4793 per
1287 4740 1457 4794 usque
1491 4725 1652 4780 ﬂuvio
1690 4727 1794 4781 La-

220 4830 309 4870 tna
358 4827 530 4882 usque
580 4813 633 4867 in
690 4812 903 4868 Suleole
956 4830 1053 4883 per
1103 4832 1271 4885 usque
1318 4819 1369 4871 in
1426 4818 1701 4891 Bagnone,
1747 4822 1798 4875 id

296 4960 321 4989 ι
364 4946 560 5021 Simile
579 4954 663 5021 est
685 4956 1015 5021 przeceptum
1058 4948 1271 5019 Pippini
1307 4951 1479 5021 regis,
1513 4952 1696 5005 datum
1725 4968 1810 5007 eo-

223 5018 347 5074 dem
372 5033 513 5071 anno
541 5016 725 5071 Idibus
755 5016 1021 5072 Januarii.

297 5088 325 5127 δ
364 5087 542 5158 Verba
570 5086 659 5158 illa
685 5088 975 5158 diligenter
1001 5090 1372 5143 animadverte
1414 5091 1467 5143 in
1498 5102 1677 5144 nostra
1708 5101 1812 5145 (er-

224 5158 415 5230 ri_toria_
440 5156 838 5230 Emilianens‘i,
882 5158 946 5211 'id
979 5168 1081 5230 gest
1119 5160 1172 5213 in
1221 5160 1499 5228 provincia
1532 5176 1625 5214 seu
1656 5170 1810 5230 parte

225 5226 465 5299 1E_mil_ite
487 5226 553 5279 ad
577 5240 682 5299 nos
694 5235 863 5299 atque
886 5230 953 5281 ad
975 5226 1234 5283 Italicum'
1246 5244 1467 5299 regnum
1496 5226 1803 5299 spectante;

225 5247 465 5281 1151mm}:
487 5247 553 5279 au
577 5247 673 5280 nos
702 5247 863 5297 atque
886 5247 953 5281 au
978 5247 1221 5283 ttaucum
1246 5247 1302 5282 re
1341 5247 1467 5283 num
1496 5247 1803 5299 spectante;

224 5294 304 5369 rel
333 5294 402 5369 ad
424 5304 627 5369 partem
654 5295 1001 5369 Motjnensem
1034 5300 1175 5369 infra
1207 5247 1434 5367 conﬁnes
1462 5301 1684 5353 civitatis
1710 5298 1811 5353 Gc-

224 5366 483 5419 miniana.
518 5364 717 5419 Eadem
744 5364 853 5431 fuit
882 5364 1252 5424 Civitas'Nova
1286 5364 1346 5423 ac
1375 5368 1706 5433 Geminiana,
1732 5372 1808 5424 uti

224 5435 391 5517 etiam
422 5440 635 5517 conSta‘t
660 5449 756 5517 ἐκ.
794 5436 1109 5517 diploma_te_
1132 5439 1385 5517 Ludovici
1419 5439 1497 5493 l’ii
1528 5440 1663 5517 apud
1696 5440 1805 5517 Sil—

226 5504 533 5586 Iingardum
567 5513 621 5558 et
660 5502 984 5590 Ughellium.
1003 5502 1674 5590 intrarepetitur-rienes
1698 5508 1811 5590 Δ(ἰε-

226 5574 485 5637 miniana,
516 5590 632 5643 qua:
664 5586 879 5643 vocatur
916 5577 1094 5631 civitas
1129 5574 1410 5631 Flexiuna.
1444 5578 1501 5633 Si
1530 5579 1602 5631 ita
1634 5580 1803 5631 inter-

230 5646 549 5765 pungendus
569 5651 652 5698 est
674 5642 825 5699 locus
852 5646 984 5711 iste,
1012 5657 1211 5716 prater
1238 5647 1560 5701 Geminium?
1579 5688 1591 5709 ,
1626 5648 1806 5727 appel-

255 5714 488 5765 ationem
519 5729 731 5765 auooue
768 5713 1039 5765 Flen'anm
1074 5732 1134 5765 ea
1160 5718 1351 5765 civitas
1378 5717 1632 5765 detulisse
1663 5717 1804 5765 vidc-

255 5714 488 5769 atianem
519 5729 731 5783 quoque
768 5713 1039 5779 Flexiamﬁ
1074 5732 1134 5771 ea
1160 5718 1351 5772 civitas
1378 5717 1632 5771 detulisse
1662 5713 1804 5772 vidc-

237 5791 342 5835 tur.
388 5783 497 5853 Ego
529 5792 710 5838 tamen
754 5800 866 5840 rem
906 5785 1123 5839 dubiam
1160 5788 1423 5857 relinquo.
1476 5789 1648 5857 Atque
1677 5788 1803 5843 hinc

635 5878 897 5938 PATROL.
938 5877 1093 5937 CIV.

1905 4648 1997 4687 sus
2019 4632 2218 4695 Ilauto,
2265 4632 2433 4686 abbas
2476 4647 2537 4686 et
2581 4636 2912 4690 monasterio
2946 4636 3089 4706 quod
3115 4648 3339 4693 vocatur
3366 4641 3471 4695 Pu-

1876 4725 2077 4787 _teolus
2104 4766 2117 4789 ,
2168 4724 2312 4794 quod
2360 4732 2441 4778 est
2474 4726 2525 4779 in
2557 4726 2732 4780 Dervo
2779 4738 3146 4783 constructum
3186 4732 3239 4785 in
3272 4732 3477 4789 honore

1908 4823 2187 4875 beatorum
2227 4814 2371 4869 Petri
2398 4823 2452 4869 et
2482 4814 2651 4879 Pauli,
2676 4819 2942 4886 suggessit
2965 4822 3361 4875 mansuetudini
3385 4839 3477 4877 na-

1906 4952 2069 5006 etiam
2094 4948 2311 5002 haurire
2338 4946 2565 5000 fortasse
2588 4962 2891 5070 gossumus,
2923 4965 3021 5002 cur
3052 4949 3269 5020 Riparia
3302 4968 3475 5023 (nunc

1911 5022 2123 5070 Rivara.
2151 5018 2276 5070 villa
2320 5018 2371 5070 in
2417 5030 2546 5070 agro
2629 5017 2768 5070 ancti
2807 5017 3021 5070 Felicis)
3048 5034 3111 5070 eo
3139 5022 3355 5070 nomine
3383 5024 3475 5070 dn—

1909 5022 2123 5081 Rivara,
2151 5018 2276 5071 villa
2320 5018 2371 5070 in
2417 5030 2546 5086 agro
2588 5017 2768 5071 Sancti
2807 5017 3021 5086 Felicis)
3048 5017 3355 5078 eonomine
3383 5024 3479 5078 do-

1907 5100 2032 5145 nata
2058 5088 2217 5142 {uenit
2246 5102 2259 5139 :
2292 5101 2481 5158 nempe
2510 5087 2651 5155 quod
2676 5088 2802 5141 olim
2835 5086 2971 5142 foret
2994 5086 3127 5158 Ripa
3161 5089 3473 5157 Scoltenmr,

1908 5179 1938 5216 a
1968 5176 2075 5229 qua
2105 5170 2281 5213 tamen
2310 5155 2642 5229 ﬁuvianunc
2670 5158 2872 5229 aliquot
2894 5155 3089 5229 stadiis
3108 5161 3289 5213 distat.
3353 5155 3481 5216 nam;

1910 5225 2197 5286 annotasse
2241 5225 2505 5297 juvatﬂad
2560 5226 2906 5297 illustrandas
2950 5228 3329 5284 Mutinensium
3367 5247 3477 5295 res,

1912 5303 2021 5356 imo
2073 5307 2127 5355 et
2178 5295 2354 5352 Caroli
2401 5295 2575 5365 Magni
2606 5297 2812 5351 tabulas
2847 5306 3171 5366 postremas,
3204 5299 3257 5354 in
3286 5302 3480 5421 quibus
3518 5368 3523 5373 λ

1913 5371 2072 5421 huius
2098 5368 2318 5421 civitatis
2348 5364 2512 5419 Nova'
2548 5368 2750 5421 mentio
2800 5375 2901 5421 est.
2951 5368 3051 5421 Oui
3084 5368 3203 5421 illas
3240 5368 3289 5421 fa
3316 5371 3358 5421 si
3398 5388 3479 5421 su-

1912 5371 2072 5439 Iiujus
2098 5368 2318 5422 civitatis
2348 5364 2512 5419 Nova‘
2548 5368 2750 5421 mentio
2800 5364 2901 5421 est.
2951 5368 3051 5434 Qui
3084 5368 3203 5439 illas
3240 5364 3358 5423 falsi
3398 5388 3479 5425 su-

1910 5438 2150 5511 spicione
2174 5446 2550 5507 resperserunt
2572 5477 2585 5501 ,
2633 5452 2813 5491 secum
2839 5447 3107 5507 reputent,
3134 5438 3246 5493 ﬁeri
3271 5442 3357 5495 vix
3386 5457 3479 5563 po—

1912 5512 2101 5563 tuisse.
2131 5518 2190 5562 ut
2220 5508 2578 5563 posteriorum
2615 5505 2931 5561 saeculorum
2964 5508 3222 5563 imoostor
3256 5510 3309 5561 in
3354 5510 3386 5562 il
3412 5510 3479 5563 ad

1912 5505 2101 5573 tuisse,
2131 5518 2190 5562 ut
2220 5505 2578 5577 posteriorum
2615 5505 2931 5561 saeculorum
2964 5508 3222 5577 impostor
3256 5510 3323 5577 in,
3354 5505 3480 5563 illud

1916 5575 2291 5635 testamentum
2349 5575 2642 5643 caniiceret
2691 5577 2963 5630 civitatem
3021 5575 3196 5639 illam,
3247 5576 3397 5645 cujus
3450 5596 3483 5635 a

1915 5659 2064 5704 tanta
2110 5658 2349 5717 tempore
2394 5661 2461 5700 ne
2492 5646 2713 5715 vestigia
2740 5647 2955 5714 quidem
2993 5648 3266 5701 ruinarum
3296 5664 3483 5720 super-

1914 5729 2053 5775 sunt.

2973 5869 3046 5931 3'1
