3936 6348
482 343 619 397 “63

481 547 659 602 cultor
697 546 867 601 abbas
917 554 1145 616 praeest.
1185 552 1368 615 aptum
1400 553 1545 601 esset
1579 546 1646 600 ad
1683 548 2076 602 monasterium

483 637 759 710 regulare;
795 635 921 706 quia
944 651 1054 691 non
1085 633 1260 691 solum
1290 635 1432 690 idem
1462 634 1638 702 locus,
1673 636 1762 690 ubi
1792 634 2078 707 praefatum

483 728 878 785 monasterium
907 726 1192 782 fundatum
1231 733 1346 791 est,
1394 740 1583 782 verum
1617 727 1780 781 etiam
1810 735 1866 781 et
1890 742 2079 782 omnes

481 819 814 889 adjacentias
842 833 1113 890 congruas
1143 816 1370 872 haberet
1397 817 1572 871 servis
1600 817 1696 872 Dei
1721 818 2078 874 monasticam

480 915 649 969 vitam
682 913 880 984 degere
908 909 1233 967 volentibus.
1277 909 1413 963 Nam
1448 917 1503 963 et
1533 910 1812 981 privilegia
1841 910 2079 982 qualiter

480 1003 657 1074 ipsum
693 1001 1087 1057 monasterium
1125 1000 1193 1054 ad
1235 998 1600 1054 monasticum
1639 1001 1883 1056 ordinem
1917 1000 2080 1069 perfi-

479 1095 732 1151 ciendum
764 1093 1044 1148 fundatum
1071 1099 1236 1156 esset,
1287 1099 1341 1146 et
1366 1101 1640 1163 pracepta
1677 1093 1880 1162 regalia
1920 1092 2078 1147 nobis

479 1185 737 1249 ostendit,
766 1183 856 1238 ubi
892 1182 1096 1252 liquido
1124 1181 1376 1252 apparuit
1408 1183 1552 1251 quod
1589 1182 1889 1251 antiquitus
1919 1196 2077 1252 regu-

479 1277 596 1333 lare
646 1275 1040 1331 monasterium
1078 1272 1291 1329 fuisset.
1334 1272 1444 1328 Nos
1480 1287 1608 1328 vero
1636 1273 1775 1326 hanc
1813 1286 1929 1325 rem
1959 1269 2078 1326 dili-

479 1369 695 1439 gentius
721 1367 864 1422 scire
895 1366 1140 1422 volentes
1160 1407 1174 1433 ,
1201 1365 1464 1435 jussimus
1502 1363 1864 1420 venerabilem
1897 1364 2074 1418 virum

481 1459 761 1513 llebonem
788 1455 1156 1511 Rhemensem
1189 1456 1659 1526 archiepiscopum
1684 1463 1740 1509 et
1770 1454 1981 1524 aliquos
2006 1470 2074 1509 ex

478 1532 836 1622 suifraganeis
868 1549 982 1604 suis
1016 1548 1083 1603 ad
1119 1547 1441 1618 praedictum
1478 1547 1660 1602 locum
1692 1545 1794 1611 ire,
1847 1554 1902 1601 et
1949 1545 2072 1600 dili-

478 1651 667 1714 genter
694 1641 928 1706 intueri,
967 1657 1073 1695 non
1111 1641 1285 1696 solum
1322 1641 1366 1694 si
1398 1641 1516 1710 ipse
1547 1639 1700 1695 locus
1741 1647 1899 1710 aptus
1927 1649 2074 1695 esset

480 1734 548 1788 ad
583 1733 947 1788 monasticum
995 1731 1242 1786 ordinem
1291 1731 1727 1798 observandum,
1779 1746 1970 1786 verum
2017 1740 2072 1786 et

480 1839 662 1885 utrum
690 1827 876 1884 clerici
902 1829 973 1882 ibi
997 1829 1259 1900 degentes
1285 1827 1587 1882 monastice
1613 1826 1819 1891 vivere,
1845 1841 1915 1880 an
1944 1840 2069 1880 non.
2103 1809 2152 1868 Β

475 1919 558 1975 Illi
601 1934 731 1975 vero
777 1919 978 1973 nostris
1020 1917 1361 1986 jussionibus
1405 1918 1885 1988 obtemperantes,
1934 1917 2077 1972 sicut

475 2009 635 2065 nobis
662 2008 955 2078 prtedictus
981 2006 1134 2063 Ilebo
1163 2008 1610 2078 archiepiscopus
1638 2009 1991 2076 renuntiavit,
2020 2018 2076 2064 et

479 2082 666 2168 aptum
697 2097 878 2153 locum
921 2097 1250 2152 invenerunt
1276 2098 1344 2152 ad
1372 2113 1620 2152 normam
1654 2098 1958 2170 regularem
1990 2115 2080 2154 cu-

474 2188 815 2244 stodiendam
842 2229 856 2254 ,
907 2196 963 2242 et
1004 2187 1231 2243 clericos
1283 2188 1355 2243 ibi
1399 2188 1659 2260 degentes
1688 2197 1880 2260 sponte
1908 2191 2073 2244 vitam

474 2279 836 2334 monasticam
859 2319 873 2344 ,
926 2279 1068 2333 sicut
1115 2279 1220 2333 illis
1246 2278 1480 2348 professi
1513 2288 1674 2345 sunt,
1721 2280 1997 2350 suscipere
2023 2289 2078 2336 et

473 2379 744 2441 perpetuo
786 2371 1081 2425 observare
1129 2369 1285 2425 velle.
1358 2368 1465 2424 Sed
1511 2377 1572 2424 ut
1612 2371 1904 2439 praedictus
1940 2371 2075 2427 ordo

473 2461 817 2523 monasticus
847 2461 903 2514 in
930 2460 1120 2515 eodem
1157 2459 1276 2515 loco
1311 2460 1515 2515 nostris
1547 2468 1603 2515 et
1640 2459 1839 2515 futuris
1867 2468 2076 2532 tempo-

472 2543 626 2607 ribus
674 2552 742 2607 ad
792 2558 1038 2606 nostram
1081 2565 1572 2620 successorumque
1616 2559 1926 2606 nostrorum
1955 2567 2077 2622 per-

472 2653 694 2716 petuam
733 2643 1139 2714 eleemosynam
1177 2643 1338 2714 digne
1375 2644 1781 2709 observaretur,
1805 2651 1861 2699 et
1888 2659 2077 2699 mona-

475 2737 562 2792 chi
589 2751 688 2806 per
719 2744 963 2806 tempora
996 2734 1259 2802 degentes
1297 2733 1595 2788 secundum
1629 2733 1873 2803 regulam
1900 2734 2074 2789 sancti

477 2827 757 2884 Benedicti
794 2827 961 2882 vitam
1009 2826 1303 2896 degerent,
1345 2825 1640 2895 praedictus
1667 2823 1845 2880 Hauto
1881 2825 2072 2892 abbas,

472 2922 729 2994 precibus
756 2920 954 2990 quibus
974 2918 1163 2984 valuit,
1195 2917 1405 2988 rogavit
1427 2924 1489 2971 ut
1513 2906 1757 2972 nostrum
1786 2917 2076 2973 confirma-

473 3014 642 3069 tionis
669 3020 1002 3084 praaceptum
1039 3010 1181 3064 idem
1223 3009 1615 3064 monasterium
1655 3010 1858 3066 habere
1895 3024 2075 3064 mere-

475 3111 648 3168 retur,
695 3101 836 3156 sicut
873 3107 1072 3155 caetera
1111 3099 1441 3154 monasteria
1475 3099 1867 3155 monachorum
1907 3100 1960 3155 in
1991 3115 2074 3154 re-

477 3210 606 3266 gno,
638 3167 750 3248 Deo
775 3191 1032 3264 propitio,
1067 3197 1255 3245 nostro
1285 3190 1489 3246 habere
1524 3199 1843 3246 noscuntur.
1905 3189 2072 3259 Cujus
2101 3167 2144 3229 ί]
2170 3230 2175 3236 .

475 3288 791 3357 petitionem
829 3284 1033 3355 justam
1068 3290 1125 3337 et
1176 3281 1562 3337 rationabilem
1596 3279 1924 3349 iudicantes,
1975 3297 2073 3352 per

477 3376 578 3431 hos
633 3373 943 3443 imperiales
996 3371 1181 3441 apices
1235 3380 1454 3426 nostros
1508 3371 1855 3440 prtecipimus
1911 3379 2073 3440 atque

471 3467 728 3537 jubemus
760 3477 819 3523 ut
847 3468 1047 3523 abhinc
1083 3469 1138 3522 in
1172 3467 1415 3522 tltturum
1447 3467 1763 3536 praedictum
1802 3474 2076 3522 monaste-

479 3560 621 3613 rium
653 3560 754 3615 sub
779 3560 1085 3616 monastico
1115 3559 1306 3614 ordine
1335 3549 1616 3628 persistat,
1642 3567 1696 3613 et
1724 3557 1977 3612 monachi
2000 3556 2073 3611 ibi

478 3651 740 3722 degentes
780 3653 880 3708 sub
927 3652 1114 3724 regula
1154 3650 1330 3708 sancti
1373 3649 1676 3717 Benedicti,
1708 3650 1937 3704 Domino
1969 3650 2070 3705 sibi

481 3740 812 3810 adjuvante,
854 3742 1168 3812 perenniter
1214 3742 1382 3794 vitam
1439 3741 1640 3796 ducant
1693 3740 2070 3794 monasticam.

480 3831 550 3886 Et
573 3829 1016 3900 quandoquidem
1047 3829 1229 3884 divina
1256 3829 1546 3884 vocatione
1585 3827 1878 3898 praedictus
1907 3828 2075 3882 abbas

480 3920 552 3974 ab
596 3921 700 3976 hoc
749 3919 948 3975 saeculo
996 3919 1333 3990 migraverit,
1384 3913 1625 3988 quandiu
1677 3917 1778 3987 ipsi
1823 3917 2074 3971 monachi

481 4012 628 4065 inter
669 4025 728 4065 se
763 4009 927 4064 talem
958 4010 1158 4080 eligere
1198 4009 1476 4078 potuerint
1516 4007 1608 4078 qui
1650 4007 1753 4060 illis
1780 4007 2076 4061 secundum

484 4101 731 4174 regulam
766 4115 1002 4172 praeesse
1042 4111 1098 4157 et
1130 4102 1390 4171 prodesse
1432 4100 1638 4169 possit,
1688 4113 1784 4168 per
1809 4099 1951 4154 hanc
1981 4113 2077 4151 no-

493 4206 666 4252 Stram
713 4197 1100 4251 auctoritatem
1137 4195 1410 4250 licentiam
1448 4195 1687 4248 habeant
1722 4193 1953 4263 eligendi
1983 4192 2078 4246 ab-

485 4293 676 4358 bates,
724 4291 960 4361 qualiter
1005 4289 1283 4347 monachi,
1307 4305 1403 4360 per
1447 4297 1693 4358 tempora
1717 4287 1789 4341 ibi
1819 4287 2076 4356 degentes

485 4397 585 4452 pro
607 4381 785 4446 nobis,
834 4379 1153 4451 coniugibus
1203 4394 1268 4435 ac
1309 4379 1495 4435 liberis
1521 4379 1750 4442 nostris,
1782 4393 1876 4432 seu
1909 4377 2075 4431 totius

1636 339 1961 397 LUDOVICI
2000 340 2019 394 I
2059 335 2530 403 COGNOMEN'I‘O
2569 344 2656 402 PII

482 469 609 512 strue
645 471 710 512 eo
746 454 888 522 quod
929 453 1250 525 praedictum
1297 462 1710 522 monasterium,
1743 457 1834 511 ubi
1861 456 1951 512 ille
1982 457 2078 512 Dei
2108 463 2155 515 A

3643 346 3782 402 “6‘

2811 460 3137 518 CXXXVIII.

2578 591 2678 630 I'RO
2703 588 3041 630 HONASTERIO
3090 585 3370 627 DEBVENSI.

2811 665 2983 737 (Anno
3021 665 3171 737 827.)

2180 755 2458 810 Dirimitur
2490 758 2748 811 contentio
2790 756 3028 812 abbatem
3074 759 3211 812 inter
3251 765 3300 811 et
3343 757 3537 826 ﬁscum
3578 758 3782 827 regiam

2672 831 2736 881 de
2757 827 2890 882 silva
2913 827 3259 882 Attenetensi.

2323 918 2496 992 [Apud
2531 920 2711 985 Mart.,
2747 920 2908 990 ampl.
2933 921 3080 988 coll.,
3105 931 3236 977 tom.
3263 921 3326 987 II,
3349 937 3479 992 pag.
3507 920 3632 994 24.]

2246 1012 2302 1067 In
2332 1015 2547 1068 nomine
2563 1013 2786 1070 Domini
2825 1013 2922 1068 Dei
2969 1021 3025 1067 et
3069 1013 3371 1068 Salvatoris
3413 1013 3595 1068 nostri
3651 1011 3777 1068 Jesu

2177 1105 2416 1170 Christi,
2473 1105 2775 1163 Ludovicus
2819 1115 2874 1162 et
2907 1100 3197 1162 Lotharius
3244 1108 3426 1163 divina
3480 1108 3776 1163 ordinante

2175 1198 2512 1267 providentia
2543 1199 2898 1270 imperatores
2922 1199 3169 1274 Augusti.

2247 1291 2444 1348 Notum
2480 1308 2600 1348 esse
2623 1293 2870 1349 volumus
2889 1293 3130 1350 omnium
3161 1293 3398 1349 fidelium
3429 1307 3769 1355 nostrorum.

2174 1384 2520 1453 praesentium
2566 1384 2773 1440 scilicet
2817 1393 2873 1441 et
2900 1385 3202 1442 futurorum
3233 1427 3248 1452 ,
3296 1388 3616 1458 sagacitati,
3648 1388 3771 1456 quia

2174 1473 2328 1528 Ando
2357 1474 2523 1530 abbas
2550 1476 2863 1530 monasterii
2906 1473 3058 1544 cujus
3086 1476 3406 1532 vocabulum
3451 1487 3539 1531 est
3576 1474 3772 1530 Stabuo

2176 1567 2292 1623 laus
2314 1576 2368 1623 et
2393 1567 2865 1633 Malmundarium,
2893 1569 3158 1624 accedens
3187 1570 3254 1624 ad
3279 1584 3442 1623 aures
3466 1567 3771 1623 clementia

2178 1667 2396 1726 nostrae,
2441 1660 2666 1730 expetiit
2691 1659 2851 1714 nobis
2873 1659 3099 1725 'dieens,
3132 1660 3424 1731 quamdam
3463 1659 3769 1715 contentio-

2179 1768 2302 1827 nem
2331 1753 2472 1808 inter
2517 1769 2577 1808 se
2619 1761 2674 1809 et
2709 1752 2986 1808 Albricum
3013 1761 3252 1808 actorem
3279 1752 3398 1807 fisci
3427 1751 3634 1815 nostri,
3676 1752 3764 1822 qui

2183 1843 2362 1898 Tectis
2391 1851 2750 1913 nuncupatur,
2780 1850 3024 1898 exortam
3047 1857 3187 1909 esse,
3212 1843 3277 1897 de
3306 1844 3544 1911 quadam
3563 1841 3768 1896 scilicet

2180 1933 2312 1988 silva
2341 1948 2461 2002 quae
2487 1934 2540 1987 in
2567 1933 2684 1988 loco
2719 1941 3062 2003 nuncupante
3085 1933 3427 1997 Astanetum,
3463 1932 3611 1987 inter
3637 1933 3766 1987 duos

2181 2026 2382 2081 rivulos
2429 2025 2736 2081 Tailernion
2777 2034 2833 2081 et
2876 2025 3172 2082 Dulnosum
3197 2040 3319 2080 esse
3370 2026 3611 2080 videtur.
3660 2024 3766 2080 Nos

2178 2131 2393 2187 quoque
2435 2115 2595 2184 hujus
2640 2116 3003 2171 contentionis
3046 2124 3102 2171 et
3129 2116 3408 2171 seditionis
3447 2116 3764 2186 qualitatem

2181 2222 2509 2279 cognoscere
2535 2207 2776 2263 volentes
2793 2248 2807 2269 ,
2848 2207 3098 2262 misimus
3127 2208 3262 2263 duos
3287 2223 3352 2262 ex
3391 2207 3644 2263 fidelibus
3671 2223 3764 2263 no-

2179 2301 2308 2352 stris
2343 2298 2620 2353 Jastonem
2665 2297 2916 2353 videlicet
2964 2299 3220 2365 comitem
3259 2297 3445 2367 palatii
3488 2299 3663 2354 nostri
3713 2307 3764 2353 et

2175 2387 2469 2443 Wirnitum
2512 2387 2829 2458 magistrum
2874 2387 3241 2458 parvulorum
3285 2397 3598 2442 nostrorum
3627 2428 3642 2452 ,
3705 2397 3762 2441 ut

2176 2496 2300 2535 eum
2330 2480 2509 2535 locum
2539 2480 2605 2535 de
2631 2495 2738 2548 qua
2773 2478 2929 2548 hujus
2968 2480 3334 2535 contentionis
3384 2481 3615 2535 intentio
3640 2497 3762 2552 age-

2177 2573 2358 2638 batur,
2383 2571 2733 2641 inspicerent,
2759 2579 2812 2626 et
2835 2584 2934 2642 per
2962 2572 3456 2627 circummanentes
3482 2574 3760 2643 utriusque

2174 2663 2346 2732 partis
2384 2662 2463 2716 rei
2492 2662 2778 2716 veritatem
2803 2661 3173 2731 inquirerent,
3213 2663 3306 2732 qui
3333 2664 3541 2718 reversi
3566 2679 3761 2719 renun-

2177 2755 2450 2810 tiaverunt
2499 2754 2656 2809 nobis
2694 2753 2838 2824 quod
2879 2769 3004 2809 cum
3042 2763 3373 2809 memoratus
3410 2755 3564 2809 Ando
3593 2756 3757 2810 abbas

2175 2859 2272 2915 per
2297 2845 2604 2915 priscorum
2631 2860 2819 2916 regum
2857 2844 3194 2899 Francorum
3224 2844 3535 2900 donationis
3558 2860 3757 2915 prece-

2175 2945 2288 3009 pta,
2311 2952 2522 2992 necnon
2544 2945 2599 2993 et
2621 2935 2825 2992 familia
2847 2938 3133 2993 memorati
3163 2937 3278 2993 ﬁsci
3303 2940 3502 3002 nostri,
3525 2954 3588 2993 ac
3613 2949 3757 2993 acto-

2175 3045 2263 3086 res
2306 3030 2544 3100 ejusdem
2586 3039 2808 3103 prOptcr
2832 3032 3111 3102 antiquam
3154 3035 3598 3088 consuetudinem
3633 3050 3755 3088 suas

2177 3124 2607 3193 opportunitates
2632 3133 2686 3180 et
2721 3125 3134 3181 commoditates
3159 3128 3211 3180 in
3239 3128 3429 3182 eadem
3457 3127 3588 3207 silva
3611 3142 3757 3183 com-

2176 3220 2413 3275 muniter
2443 3221 2645 3277 habere
2671 3221 2924 3288 debeant,
2969 3222 3072 3278 has
3111 3230 3291 3276 autem
3323 3223 3757 3292 opportunitates

2173 3322 2227 3368 ct
2257 3314 2690 3380 commoditates,
2715 3322 2937 3383 propter
2959 3314 3332 3368 contentiones
3349 3323 3405 3367 et
3431 3313 3757 3370 discordias.

2174 3425 2241 3464 ne
2276 3409 2472 3466 abhinc
2515 3410 2570 3463 in
2621 3409 2859 3463 futurum
2901 3407 3059 3474 fiant,
3092 3407 3294 3478 placuit
3325 3407 3480 3462 nobis
3523 3409 3575 3461 in
3615 3408 3758 3462 hunc

2175 3501 2393 3557 modum
2422 3499 2786 3555 determinare
2816 3519 2828 3552 :
2861 3501 2914 3555 id
2938 3507 3040 3565 est,
3072 3515 3132 3553 ut
3159 3513 3283 3554 cum
3304 3508 3575 3568 prmcepta
3604 3512 3758 3568 rega-

2174 3593 2265 3658 lia,
2299 3607 2418 3661 qua:
2455 3592 2521 3646 de
2556 3599 2854 3645 memorata
2886 3588 3018 3644 silva
3050 3589 3190 3643 circa
3225 3587 3600 3656 prtescripttln
3646 3601 3760 3640 rno-

2175 3683 2473 3738 nasterium
2511 3697 2542 3734 a
2579 3681 2775 3750 priscis
2807 3679 3142 3734 Francorum
3190 3679 3409 3747 regibus
3456 3675 3601 3730 facta
3646 3675 3760 3730 fue.

2176 3780 2324 3836 runt,
2375 3771 2704 3825 inviolabilia
2766 3777 3141 3838 permaneant,
3192 3783 3317 3823 cum
3360 3777 3591 3836 utraque
3637 3781 3762 3836 pars

2177 3862 2490 3921 monasterii
2519 3847 2849 3916 videlicetet
2872 3859 2987 3916 fisci
3023 3861 3194 3914 nostri
3218 3860 3466 3913 eamdem
3489 3859 3683 3913 silvam
3706 3859 3756 3912 in

2174 3951 2389 4021 pascuis
2415 3950 2728 4006 animalium
2751 3958 2806 4006 et
2832 3965 3119 4019 porcorum
3148 3951 3387 4015 utendis,
3415 3965 3541 4004 cum
3566 3950 3620 4002 in
3648 3965 3759 4003 ma—

2175 4041 2551 4096 teriaminibus
2593 4040 2852 4096 faciendis
2896 4050 2949 4094 et
3000 4041 3391 4108 piscationibus
3443 4039 3758 4095 exercendis

2176 4134 2292 4189 sine
2327 4135 2643 4204 aliquolibet
2674 4134 2898 4189 alterius
2924 4133 3092 4202 partis
3124 4133 3512 4202 impedimento
3537 4134 3756 4187 dimissa

2177 4226 2278 4280 sibi
2322 4226 2551 4281 invicem
2593 4226 2937 4297 pastionatici
2977 4225 3295 4280 solutionem
3333 4226 3676 4293 aequabiliter
3708 4236 3757 4278 et

2176 4316 2534 4371 communiter
2563 4317 2812 4381 habeant,
2839 4326 2892 4371 et
2930 4324 3119 4370 neutra
3148 4328 3276 4385 pars
3309 4315 3622 4370 nullatenus
3655 4329 3758 4370 me-

2177 4416 2443 4461 moratam
2481 4407 2672 4462 silvam
2699 4404 2862 4480 'ultra
2903 4406 3234 4474 exstirpare,
3282 4415 3376 4460 aut
3411 4406 3756 4461 mansioniles

488 4474 640 4546 regni
671 4474 846 4529 nostri
872 4473 1187 4537 stabilitate,
1221 4471 1432 4528 Domini
1460 4470 1890 4526 misericordiam
1923 4471 2073 4524 inde-
2097 4501 2149 4560 Β
2178 4500 2228 4552 in
2259 4513 2321 4553 ea
2347 4497 2525 4553 facere
2551 4475 2860 4569 praesumat.
2885 4498 2952 4552 Et
2981 4506 3039 4552 ut
3063 4470 3165 4552 ioc
3193 4470 3393 4552 nostra,
3420 4499 3755 4552 auctorimi‘

487 4567 732 4620 sinenter
783 4579 1015 4620 exorare
1058 4565 1414 4619 delectentur.
1478 4564 1546 4618 Et
1601 4572 1660 4617 ut
1708 4565 1824 4619 hazc
1872 4571 2073 4617 nostra:

491 4656 831 4712 auctoritatis
870 4655 1162 4728 przeceptio
1207 4669 1271 4710 ac
1302 4653 1641 4709 confirmatio
1670 4669 1766 4723 per
1805 4654 2074 4708 curricula

491 4761 755 4801 annorum
805 4745 1168 4801 inviolabilem
1220 4753 1382 4815 atque
1431 4744 1798 4798 inconvulsam
1835 4743 2076 4798 obtineat

492 4837 827 4902 firmitatem,
859 4850 1026 4891 manu
1051 4835 1269 4906 propria
1300 4835 1487 4889 subter
1523 4833 1858 4888 ﬁrmavimus
1891 4842 1944 4887 et
1980 4848 2060 4886 an~

493 4926 604 4982 nuli
631 4927 804 4983 nostri
829 4925 1185 4997 impressione
1213 4925 1413 4995 signari
1434 4923 1714 4994 jussimus.

564 5017 791 5092 Signum
820 5015 1078 5074 Ludovici
1101 5015 1473 5087 gloriosissimi
1502 5013 1861 5083 imperatoris.

566 5109 793 5185 Signum
818 5108 1059 5166 Lotharii
1086 5107 1419 5163 serenissimi
1448 5105 1674 5177 Augusti

566 5199 1127 5256 Durandusdiaconus
1149 5197 1402 5252 advicem
1430 5194 1709 5265 Fredugisi
1739 5192 2073 5262 recognovit.

567 5293 702 5346 Data
725 5306 763 5346 ιι
794 5290 919 5347 Idus
961 5289 1280 5354 Februarii,
1326 5303 1466 5342 anno
1499 5285 1717 5341 Christo
1753 5284 1985 5354 propitio
2012 5282 2075 5336 l4

495 5382 709 5455 Imperii
738 5383 942 5439 domini
969 5381 1227 5437 Ludovici
1255 5379 1485 5451 piissimi
1515 5377 1774 5447 Augusti,
1803 5384 1856 5430 et
1879 5375 2078 5429 Lotha-

497 5473 563 5526 rii
595 5471 649 5538 5,
680 5470 873 5526 Indict.
897 5469 951 5525 ὅ.
987 5470 1183 5526 Actum
1215 5467 1540 5539 Aquisgrani
1578 5465 1778 5535 palatio
1809 5464 1991 5536 regio,
2022 5462 2075 5516 in

497 5561 593 5617 Del
619 5561 837 5617 nomine
867 5559 1115 5617 feliciter.
1147 5559 1340 5616 Amen.

2174 4591 2540 4661 conscriptum
2578 4607 2763 4646 verum
2795 4591 3049 4645 credatur
3076 4605 3140 4644 ac
3175 4589 3488 4660 diligentius
3534 4605 3752 4644 conser-

2174 4690 2360 4746 vetur,
2397 4682 2580 4736 annuli
2609 4683 2780 4737 nostri
2811 4682 3162 4750 impressione
3187 4684 3375 4735 subter
3403 4694 3531 4734 eum
3559 4681 3754 4751 signari

2166 4771 2448 4841 jussimus.

2245 4867 2354 4936 Ego
2381 4865 2810 4922 Ilerminmarius
2831 4866 3074 4921 notarius
3103 4865 3169 4919 ad
3193 4866 3366 4920 vicem
3405 4865 3659 4920 Friducis
3678 4880 3754 4919 re-

2177 4959 2424 5028 cognovL

2252 5053 2384 5106 Data
2409 5067 2501 5104 vui
2530 5051 2752 5105 Kalend.
2784 5048 2948 5115 Junii,
2978 5049 3194 5106 Christo
3223 5049 3483 5118 propitio,
3503 5063 3649 5102 anno
3665 5049 3751 5103 de-

2183 5152 2324 5206 cimo
2368 5150 2561 5220 quarto
2603 5148 2813 5217 imperii
2843 5147 3024 5202 domni
3051 5144 3310 5200 Ludovici
3343 5151 3398 5199 et
3423 5143 3608 5197 domni
3661 5143 3752 5196 Lo-

2181 5244 2345 5300 tharii
2379 5243 2564 5313 quinto
2591 5240 2819 5311 piissimi
2841 5238 3095 5310 Augusti,
3127 5235 3426 5291 indictione
3455 5233 3509 5289 5.

2251 5335 2446 5390 Actum
2473 5333 2655 5388 Tectis
2678 5346 2703 5374 ιι
2737 5332 2935 5402 palatio
2977 5332 3122 5400 regio
3157 5329 3213 5384 in
3257 5327 3356 5382 Dei
3388 5325 3610 5382 nomine
3645 5323 3751 5380 feli-

2182 5425 2333 5479 citer.
2363 5424 2554 5478 Amen.

576 5777 601 5806 ο
631 5763 798 5832 llujus
820 5762 1004 5833 palatii
1038 5762 1169 5833 regii
1199 5761 1341 5816 nulla
1372 5761 1606 5817 occurrit
1633 5759 1835 5816 mentio
1867 5757 1917 5812 in
1945 5755 2082 5813 libro
2117 5770 2168 5811 tv
2208 5751 2495 5808 Mabillonii
2518 5749 2582 5806 de
2619 5748 2696 5804 Ile
2730 5743 3092 5817 diplomatica.
