3936 6352
202 455 341 511 “65

846 567 1129 623 CXXXIX.

408 673 508 713 Ριιο
533 673 826 715 MICIACENSI
856 676 902 715 S.
936 676 1183 715 IAXllllNl
1210 676 1567 717 NONASTERIO.

699 748 863 819 (Ante
902 766 1101 804 annum
1132 749 1257 806 828.

192 836 300 911 [Ex
332 836 661 895 chartulario
691 826 1028 902 Miciacensi,
1055 840 1194 964 Ἓἳά
1222 838 1282 893 D.
1318 838 1607 909 Bouquet.,
1660 854 1768 895 om.

780 908 867 964 Vl.
906 925 1027 964 nan.
1052 909 1085 963 5
1163 908 1202 964 .l

780 908 867 974 Vl,
904 925 1027 981 pag.
1052 908 1203 982 554.]

267 1033 292 1061 ι
320 1020 377 1075 ln
405 1020 619 1075 nomine
644 1020 855 1074 Domini
878 1019 970 1074 Dei
999 1019 1381 1091 omnipotentis
1401 1028 1457 1075 et
1479 1020 1773 1075 Salvatoris

190 1112 368 1165 nostri
408 1109 533 1165 Jesu
572 1109 806 1176 Christi,
852 1101 1155 1167 Ludovicus
1199 1118 1255 1167 et
1294 1109 1586 1167 Lotharius
1630 1112 1773 1167 ﬁlius

187 1201 313 1270 ejus
341 1204 516 1259 divina
563 1204 851 1259 ordinante
887 1195 1227 1274 providentia
1269 1204 1626 1275 imperatores
1667 1204 1784 1259 Au-

188 1295 355 1365 gusti.
1298 1306 1300 1308 '

266 1385 461 1442 Notum
505 1387 623 1443 ﬁeri
655 1387 904 1443 volumus
939 1387 1206 1459 imprimis
1232 1387 1638 1442 successoribus
1675 1403 1773 1443 no-

188 1478 344 1543 stris,
391 1493 596 1534 necnon
622 1485 677 1534 et
706 1479 955 1533 omnibus
1001 1477 1266 1543 ﬁdelibus,
1320 1477 1445 1546 quia
1484 1478 1774 1548 postulavit

189 1570 621 1641 magnitudinem
648 1578 888 1624 nostram
918 1567 1084 1623 Jonas
1112 1568 1284 1624 ﬂdelis
1305 1576 1491 1624 noster
1528 1568 1773 1625 Aurelia-

188 1662 379 1716 nensis
401 1661 599 1731 praesul
633 1661 923 1735 Ecclesiae,
956 1670 1015 1716 ut
1050 1662 1245 1717 divinae
1277 1662 1553 1717 servitutis
1578 1662 1646 1717 ob
1669 1662 1770 1716 ho-

189 1764 402 1815 norem,
434 1758 487 1805 et
506 1760 724 1819 propter
752 1751 1105 1827 monasticam
1128 1752 1395 1807 veraciter
1415 1752 1771 1823 religioseque

187 1841 532 1895 servandum
554 1843 799 1897 ordinem
825 1883 839 1908 ,
872 1852 1068 1899 nostrae
1109 1845 1446 1900 auctoritatis
1488 1845 1771 1916 privilegio

1344 456 1731 516 DIPLOMATA
1771 455 2321 514 ECCLESIASTICA.

1798 573 1847 630 Α
1874 570 2029 624 nario
2055 569 2335 639 cujusdam
2366 569 2761 635 Dromedamii,
2792 580 2848 627 et
2883 570 3122 626 decurrit
3152 587 3251 642 per
3287 574 3458 644 ripam

3326 462 3465 516 1166‘

1877 656 2060 722 Sancti
2103 659 2291 715 Hilarii
2320 660 2619 730 usquedum
2649 660 2927 730 cujusdam
2957 660 3198 717 Mortosii
3237 664 3454 721 nomine

1875 750 1977 805 vici
2001 750 2308 805 derodendo
2330 747 2464 805 lines
2489 749 2693 820 Ligeris
2714 745 2866 805 alveo
2890 764 2993 803 non
3012 749 3225 806 modico
3248 751 3455 807 invehi-

1877 848 1982 905 tur,
2016 832 2340 895 terminante
2367 840 2599 911 quadam
2625 840 2867 896 conclavi
2895 849 3051 895 terrae
3072 839 3294 897 alterius
3318 842 3449 911 ripa:

1872 930 2115 1001 praedicti
2144 931 2458 986 monasterii
2481 937 2670 986 contra
2694 929 2783 984 ubi
2809 930 2972 985 etiam
2994 929 3208 999 publica
3231 930 3318 985 via
3348 943 3454 997 est,

1874 1025 2016 1081 inter
2043 1040 2205 1094 quam
2234 1034 2287 1080 et
2310 1025 2533 1080 alteram
2558 1032 2762 1080 terram
2793 1023 3036 1092 praedicti
3060 1022 3294 1078 cmnobii
3324 1039 3458 1094 pau-

1872 1117 2039 1172 lulum
2079 1118 2318 1173 extendit
2350 1134 2410 1173 se
2455 1117 2701 1187 quaedam
2736 1115 2939 1171 terrula
2977 1112 3193 1169 Sanctae
3242 1112 3451 1179 Crucis,

1874 1224 2082 1264 necnon
2111 1217 2167 1264 et
2194 1207 2439 1264 ﬂuviolus
2468 1208 2726 1263 Rollenus
2746 1249 2760 1273 ,
2791 1207 2882 1278 qui
2910 1208 2966 1261 in
3004 1206 3196 1262 eodem
3234 1205 3353 1261 loco
3389 1207 3457 1261 ad

1874 1315 2112 1371 praesens
2154 1299 2426 1355 invehitur
2458 1299 2654 1370 Ligeri.
2683 1298 2867 1354 Altera
2896 1312 3025 1353 vero
3053 1297 3169 1367 ripa
3209 1296 3456 1366 prmdicti

1875 1392 2020 1448 ﬂuvii
2043 1392 2272 1463 Ligerici
2298 1406 2511 1461 semper
2530 1391 2768 1460 praedicti
2792 1390 3023 1445 coenobii
3052 1398 3134 1443 est
3149 1389 3454 1459 potestatis,

1873 1484 2118 1554 quamvis
2167 1480 2535 1551 cujuscunque
2585 1488 2731 1535 terra
2777 1479 3005 1535 alterius
3045 1475 3185 1546 juris
3230 1477 3461 1547 desuper

1873 1574 2154 1630 habeatur.
2200 1574 2268 1628 Et
2296 1573 2351 1628 in
2389 1574 2611 1629 civitate
2642 1570 3017 1627 Aurelianensi
3047 1570 3289 1641 possidet
3320 1583 3459 1639 pra:-

1875 1663 2043 1718 l‘atum
2067 1664 2375 1720 caenobium
2405 1663 2725 1719 Miciacense
2753 1662 3072 1727 claustrum,
3092 1661 3234 1730 quod
3259 1659 3459 1716 dicitur

1873 1752 2081 1823 capella
2110 1750 2297 1807 Sancti
2327 1752 2621 1816 Maximini,
2659 1758 2717 1805 et
2747 1759 2890 1805 terra
2922 1749 3092 1819 ipsius
3122 1748 3303 1803 allodii
3342 1748 3456 1801 exit

1873 1850 2034 1897 extra
2066 1857 2302 1896 murum.
2334 1841 2400 1895 Et
2427 1841 2532 1897 alio
2560 1840 2679 1895 loco
2702 1840 2756 1894 in
2780 1840 3000 1895 civitate
3023 1839 3186 1894 habet
3206 1837 3459 1893 allodium

187 1931 655 1987 committeremus
688 1932 765 1985 illi
791 1932 1060 2001 quoddam
1089 1933 1393 1990 ctenobium
1424 1935 1586 2005 regiae
1616 1943 1771 2005 pote-
1802 1931 1849 1991 B
1879 1934 2193 1989 Momberric
2241 1933 2383 1988 inter
2416 1932 2673 1988 Sanctum
2728 1930 3061 2001 Stephanum
3100 1936 3155 1986 et
3200 1928 3457 1985 Sanctam

187 2021 349 2076 statis
370 2061 384 2084 ,
414 2021 745 2075 nominatum
779 2021 1083 2087 Miciacum,
1124 2023 1177 2077 in
1214 2022 1588 2078 Aurelianensi
1637 2024 1775 2078 dim-

189 2112 324 2175 ccsi,
356 2109 632 2165 fundatum
669 2111 723 2165 in
758 2112 962 2168 honore
993 2113 1087 2169 Dei
1116 2122 1168 2169 et
1208 2113 1425 2186 gloriosi
1461 2124 1773 2186 protomar-

191 2203 329 2272 tyris
374 2201 637 2272 Stephani
685 2219 715 2256 a
766 2203 1033 2260 Clodoveo
1079 2206 1255 2276 primo
1304 2204 1774 2261 Christianissimo

191 2295 524 2351 Francorum
558 2311 701 2366 rege,
731 2306 787 2351 et
804 2299 1163 2367 posteriorum
1189 2300 1557 2356 munificentia
1574 2289 1775 2374 ‘regum

190 2386 461 2456 ampliﬁce
496 2386 863 2441 sublimatum.
902 2388 1046 2443 idem
1075 2397 1254 2445 autem
1286 2392 1613 2448 venerabilis
1637 2408 1777 2463 prte-

191 2477 279 2533 sul
340 2475 504 2533 Jonas
556 2476 839 2548 praefatum
896 2478 1271 2536 Miciacensem
1324 2481 1501 2537 locum
1554 2484 1774 2553 speciali

190 2584 380 2623 amore
404 2568 631 2639 diligens
650 2609 665 2633 ,
694 2570 764 2624 ob
788 2570 1040 2625 meritum
1077 2580 1132 2626 et
1162 2575 1521 2629 reverentiam
1547 2576 1777 2631 sanctis-

184 2660 457 2714 ‘simorum
487 2659 708 2714 Patrum
744 2660 1013 2731 Euspicii,
1056 2662 1353 2731 Maximini,
1392 2664 1535 2721 Aviti
1565 2674 1619 2721 et
1645 2667 1777 2723 alio-

194 2764 318 2803 rum
367 2742 763 2819 quamplurium
794 2791 808 2813 ,
863 2752 954 2820 qui
1002 2752 1057 2807 in
1104 2752 1293 2809 eodem
1351 2757 1598 2812 coenobio
1651 2772 1776 2813 cum

195 2842 431 2912 plurium
462 2841 687 2897 fratrum
724 2859 951 2899 numero
974 2845 1073 2900 sub
1101 2848 1400 2903 monastico
1426 2849 1615 2905 ordine
1651 2864 1778 2919 pro-

196 2933 452 2989 babiliter
477 2934 586 2989 Deo
622 2936 825 2991 vixisse
860 2944 915 2990 et
951 2937 1219 3007 placuisse
1258 2935 1603 2997 declarantur
1626 2942 1777 2997 testi-

196 3026 384 3081 monio
416 3027 745 3082 evidentium
773 3028 1157 3085 miraculorum
1178 3072 1192 3097 ,
1233 3046 1339 3086 non
1372 3032 1655 3089 ambitiosa
1685 3049 1775 3090 cu-

197 3114 429 3182 piditate
452 3123 543 3169 aut
578 3114 716 3171 fastu
745 3119 1012 3186 superbiae
1043 3122 1275 3191 expetit,
1306 3122 1400 3177 sed
1433 3131 1488 3177 ut
1516 3124 1778 3195 regularis

198 3205 337 3259 ordo
359 3208 689 3263 monasticus
713 3200 1113 3279 religiosissime
1135 3212 1487 3268 custodiendo
1510 3222 1775 3269 teneatur.

1875 2024 2100 2079 Mariam
2144 2023 2278 2078 Boni
2304 2023 2508 2090 Nuntii,
2539 2032 2596 2078 et
2629 2023 2773 2078 ultra
2802 2021 3021 2077 ﬂuvium
3050 2021 3260 2093 Ligeris
3293 2021 3456 2077 habet

1872 2115 2055 2171 villam
2084 2116 2310 2181 Berarii,
2343 2132 2464 2187 qua:
2493 2116 2691 2171 dicitur
2716 2116 2920 2186 capella
2943 2115 3128 2172 Sancti
3156 2117 3453 2181 Maximini,

1874 2216 1930 2261 et
1980 2206 2289 2261 censiacum
2330 2221 2452 2261 cum
2504 2206 2660 2271 silva,
2709 2215 2765 2261 et
2796 2213 3029 2261 montem
3083 2205 3344 2272 Pastoris,
3404 2215 3460 2260 et

1874 2304 2115 2352 montem
2149 2295 2408 2351 Thebaldi
2434 2336 2449 2363 ,
2481 2304 2535 2351 et
2566 2295 2751 2351 villam
2788 2286 3134 2351 Marmanios.
3167 2295 3235 2349 Et
3264 2296 3320 2350 in
3348 2295 3455 2350 alio

1875 2387 1994 2443 loco
2020 2387 2183 2442 habet
2208 2385 2555 2442 Cambiacum
2580 2386 2784 2451 villam,
2814 2401 2939 2443 cum
2960 2386 3188 2443 ecclesia
3210 2394 3264 2441 et
3283 2388 3458 2442 omni-

1873 2476 1975 2532 bus
1996 2476 2097 2531 sibi
2119 2475 2537 2546 pertinentibus.
2567 2476 2634 2529 Et
2655 2477 2710 2531 in
2743 2475 2849 2531 alio
2875 2476 2994 2532 loco
3022 2476 3203 2530 villam
3230 2491 3350 2546 qua:
3374 2475 3455 2531 di-

1875 2569 2020 2624 citur
2045 2567 2341 2632 Fontanas,
2367 2568 2460 2623 ubi
2488 2574 2571 2622 est
2600 2566 2805 2622 rivulus
2831 2581 3007 2636 aquae,
3030 2574 3083 2622 et
3110 2550 3454 2637 prope‘illam

1875 2660 2040 2715 habet
2066 2659 2249 2714 villam
2280 2673 2398 2728 quae
2431 2658 2629 2714 dicitur
2660 2657 2946 2727 Casellagi.
2972 2657 3028 2712 ln
3059 2657 3341 2713 Secalonia
3379 2656 3456 2729 (la

1878 2750 2127 2825 Sologne)
2150 2767 2293 2808 vero
2332 2752 2573 2823 possidet
2604 2758 2813 2807 curtem
2847 2751 3186 2807 Viennensem
3222 2767 3344 2807 cum
3369 2766 3458 2807 ec-

1879 2845 2063 2909 clesia,
2095 2844 2379 2913 mancipiis
2401 2884 2414 2909 ,
2446 2842 2609 2899 terris
2633 2843 2794 2899 cultis
2823 2849 2878 2897 et
2906 2842 3140 2908 incultis,
3174 2850 3229 2899 et
3263 2843 3455 2898 silvam

1878 2951 1997 3007 quae
2009 2935 2205 2991 dicitur
2226 2936 2557 3001 Tassimata;
2583 2945 2791 2990 curtem
2812 2937 2977 2991 etiam
2997 2925 3454 3000 Liiimiacensem.

1878 3042 2000 3097 quae
2022 3026 2178 3097 vulgo
2204 3027 2405 3082 dicitur
2424 3025 2853 3099 Monsteuranni,
2871 3042 2992 3082 cum
3015 3028 3208 3093 servis,
3232 3027 3385 3084 silvis
3407 3037 3460 3084 et

1880 3118 2000 3173 aliis
2028 3119 2190 3174 rebus
2217 3116 2317 3172 sibi
2354 3116 2761 3185 adjacentibus,
2787 3131 2852 3171 ac
2891 3116 3073 3170 villam
3124 3117 3285 3172 Dardi
3336 3133 3459 3173 cum

1880 3209 2133 3264 omnibus
2177 3207 2278 3262 sibi
2313 3208 2746 3278 pertinentibus,
2790 3223 2854 3264 ac
2896 3208 3077 3264 villam
3106 3224 3226 3279 qua:
3265 3209 3465 3266 dicitur

200 3292 397 3350 Nostra
426 3312 554 3368 ergo
578 3298 752 3367 pietas
785 3273 881 3353 tali
911 3301 1120 3357 ratione
1143 3304 1436 3358 committit
1461 3304 1561 3359 sibi
1586 3303 1779 3374 praefa-
1807 3273 1850 3335 c
1883 3301 2231 3356 Fontenellas
2248 3341 2262 3366 ,
2288 3273 2412 3356 cum
2441 3301 2596 3367 silva,
2624 3301 2797 3357 servis
2818 3310 2871 3356 et
2891 3273 3142 3357 omnibus
3166 3302 3276 3358 sibi
3298 3305 3464 3374 perti-

202 3396 319 3442 tum
357 3387 534 3442 locum
572 3396 625 3443 et
652 3391 1055 3446 successoribus
1078 3390 1217 3461 ejus,
1246 3400 1307 3447 ut
1350 3394 1522 3464 magis
1560 3410 1655 3464 per
1686 3408 1781 3449 eos

200 3480 472 3557 Spirituali
515 3490 570 3537 et
610 3483 891 3552 temporali
940 3493 1202 3555 augeatur
1242 3485 1574 3542 incremento
1620 3504 1783 3559 quam

203 3574 503 3637 minuatur,
534 3578 589 3626 et
625 3587 801 3643 neque
833 3572 998 3627 ullam
1030 3575 1331 3645 tyrannidis
1365 3576 1782 3633 dominationem

207 3680 373 3735 super
404 3664 720 3729 monachos,
763 3661 1042 3728 familiam,
1082 3666 1347 3736 mancipia
1369 3707 1384 3733 ,
1412 3682 1595 3722 servos
1626 3683 1786 3723 exer-

208 3762 403 3818 ceant,
453 3761 508 3807 et
536 3767 711 3823 neque
751 3753 864 3823 ipse
905 3761 995 3806 aut
1032 3754 1224 3823 aliquis
1262 3769 1631 3811 successorum
1668 3757 1787 3828 ejus

210 3859 244 3901 a
269 3843 392 3914 jure
429 3852 483 3898 et
527 3852 793 3913 potestate
838 3842 1044 3913 praefati
1091 3843 1425 3911 Miciacensis
1474 3847 1788 3902 monasterii

210 3936 416 4005 aliquid
465 3950 646 4011 rerum
693 3950 909 3989 suarum
951 3935 1225 3989 mobilium
1270 3936 1353 3990 vel
1403 3937 1785 4004 immobilium,

210 4040 349 4096 quas
395 4040 539 4079 nunc
591 4024 807 4079 Christo
836 4026 1069 4094 prOpitio
1114 4026 1382 4095 possidet,
1412 4027 1495 4081 vel
1530 4028 1584 4082 in
1612 4027 1791 4082 futuro

211 4117 476 4187 acquiret,
510 4124 602 4170 aut
647 4116 701 4169 in
743 4116 959 4170 domino
983 4119 1202 4187 pr0prio
1230 4119 1482 4183 invadat,
1527 4128 1620 4174 aut
1660 4136 1792 4189 quo-

212 4208 485 4280 quomodo
507 4208 775 4276 subripiat
802 4208 888 4262 vel
914 4209 1215 4274 subtrahat,
1244 4216 1336 4263 aut
1378 4208 1537 4262 alicui
1568 4209 1787 4263 tribuat.

213 4298 293 4353 Ad
327 4298 577 4352 notitiam
609 4307 790 4352 autem
831 4298 1131 4353 futurorum
1169 4298 1371 4366 placuit
1402 4299 1556 4354 nobis
1602 4300 1654 4353 in
1690 4300 1793 4355 hoc

213 4389 589 4458 pragmatico,
642 4389 782 4457 quod
830 4389 883 4441 in
935 4388 1224 4457 praesentia
1256 4399 1442 4443 nostra
1488 4389 1602 4458 ipse
1629 4387 1794 4445 Jonas

213 4493 521 4549 episcopus,
567 4494 673 4532 una
730 4494 851 4533 cum
901 4479 1240 4533 conniventia
1271 4480 1671 4549 metropolitani
1711 4481 1791 4535 sui

216 4566 503 4621 llieremize
540 4565 793 4621 dictando
833 4568 1153 4636 composuit,
1200 4575 1253 4621 et
1296 4568 1553 4636 scriptum
1591 4576 1789 4623 nostra:

1818 4620 1870 4678 D

1886 3393 2156 3447 nentibus.
2182 3391 2248 3446 Et
2274 3391 2437 3447 habet
2458 3392 2743 3447 ecclesiam
2769 3390 2957 3447 Sancti
2984 3391 3129 3447 Petri
3155 3394 3208 3447 in
3234 3392 3466 3449 Gaudia-

1887 3497 1970 3546 co,
2002 3490 2057 3535 et
2084 3481 2370 3537 ecclesiam
2405 3480 2591 3537 Sancti
2628 3481 2817 3537 Hilarii
2851 3483 2992 3537 ultra
3030 3482 3356 3555 Ligericum.
3388 3484 3465 3541 Ac

1886 3571 1941 3625 in
1980 3568 2258 3643 Marogilo,
2291 3573 2344 3625 in
2384 3588 2491 3627 uno
2522 3572 2639 3628 loco
2674 3574 2913 3643 possidet
2935 3575 3002 3629 de
3028 3576 3200 3645 pratis
3229 3591 3379 3642 xxiv,
3411 3585 3468 3632 et

1887 3659 1939 3714 in
1976 3660 2081 3715 alio
2118 3660 2266 3723 loco,
2301 3661 2392 3731 qui
2440 3662 2639 3717 dicitur
2687 3662 2769 3717 Ad
2801 3664 3006 3728 Renas,
3048 3666 3101 3719 in
3136 3665 3332 3722 allodio
3359 3668 3470 3721 ari-

1886 3770 2091 3824 pennos
2121 3770 2204 3818 tv;
2255 3762 2309 3808 et
2356 3754 2410 3807 in
2456 3763 2745 3824 prospectu
2769 3754 3076 3810 Aurelianis
3118 3756 3172 3810 in
3220 3756 3339 3812 loco
3373 3759 3466 3828 qui

1889 3845 2088 3900 dicitur
2111 3844 2191 3899 Ad
2217 3844 2441 3899 Portum
2467 3844 2534 3916 (le
2562 3845 2893 3917 Portereau),
2917 3848 3204 3916 aripennos
3225 3849 3291 3905 de
3312 3851 3469 3907 vinea

1888 3949 2006 3988 vm.
2051 3933 2176 3988 lltcc
2220 3933 2519 3989 Clodoveus
2562 3936 2769 4005 primus
2817 3954 2911 3991 rex
2966 3938 3297 3997 Francorum
3347 3943 3468 4000 loco

1892 4022 2197 4079 Miciacensi
2249 4023 2374 4092 jure
2421 4025 2761 4103 haereditario
2809 4027 3047 4081 donavit.
3098 4029 3165 4082 Et
3215 4030 3270 4084 in
3331 4046 3469 4103 pago

1892 4116 2213 4169 Bituricensi
2263 4116 2404 4169 infra
2446 4102 2743 4170 castellum.
2774 4116 2957 4172 Sancti
3012 4118 3260 4174 Gundulﬂ
3308 4102 3471 4178 habet

1892 4215 2098 4261 curtem
2130 4205 2444 4260 Pauliacum
2470 4246 2484 4270 ,
2526 4221 2647 4259 cum
2691 4207 2916 4262 ecclesia
2944 4215 2997 4262 et
3038 4224 3195 4277 aqua
3219 4210 3470 4267 Nostiusa

1894 4311 1958 4349 ac
2001 4295 2251 4349 omnibus
2309 4295 2410 4349 sibi
2461 4295 2875 4366 pertinentibus.
2925 4297 2992 4351 Et
3042 4298 3202 4354 habet
3240 4300 3467 4356 alteram

1894 4397 2101 4444 curtem
2126 4388 2199 4442 ibi
2223 4387 2377 4456 juxta
2407 4388 2722 4458 praadictum
2756 4368 3103 4454 Pauliacum;
3124 4406 3244 4461 qua
3274 4391 3472 4446 dicitur

1894 4478 1975 4532 Ad
2007 4477 2265 4533 Sanctum
2286 4477 2592 4539 Martinum,
2619 4494 2741 4533 cum
2758 4479 2985 4533 ecclesia
3012 4494 3076 4534 ac
3096 4480 3347 4537 omnibus
3368 4482 3471 4536 sibi

1895 4568 2309 4638 pertinentibus.
2327 4567 2450 4622 Haec
2463 4566 2799 4623 Clodomirus
2816 4566 2954 4622 [ilius
2976 4568 3204 4622 senioris
3219 4566 3468 4624 Clodovei

216 4657 551 4712 excellentiae
580 4658 1034 4712 corroborandum
1062 4658 1284 4721 obtulit,
1309 4658 1794 4728 adnotariposses-
1818 4655 1869 4678 ν
1895 4656 2116 4727 praefato
2137 4656 2257 4712 loco
2274 4656 2560 4712 concessit.
2576 4655 2751 4711 Habet
2773 4664 3329 4726 quoquepotestatem
3352 4671 3472 4726 qua:

218 4748 401 4802 siones
441 4755 704 4801 terrarum
749 4763 869 4817 qua:
907 4748 961 4802 in
1006 4749 1292 4817 praeceptis
1338 4764 1524 4819 regum
1556 4750 1798 4803 contine—

218 4837 419 4892 bantur
456 4854 683 4907 quorum
723 4839 1087 4895 muniﬁcentia
1123 4840 1381 4909 praedicto
1427 4840 1546 4897 loco
1589 4842 1797 4914 largitas

219 4935 366 4992 sunt,
390 4942 523 4997 quas
553 4929 963 4997 praesentialiter
992 4930 1083 4984 Dei
1111 4931 1280 5000 gratia
1305 4947 1493 4987 secure
1521 4948 1585 4987 ac
1618 4935 1821 5002 quieter

220 5018 478 5089 possidet.
510 5018 669 5073 Prior
693 5026 776 5073 est
798 5018 996 5074 fundus
1024 5019 1360 5075 Miciacensis
1387 5037 1508 5076 cum
1542 5023 1797 5092 appendi-

222 5110 324 5165 ciis
349 5110 460 5164 suis
484 5150 498 5174 ,
532 5124 596 5164 ac
625 5107 819 5163 ﬂuvius
847 5109 1054 5179 Ligeris
1074 5116 1126 5163 et
1153 5108 1411 5179 Ligerici;
1442 5097 1797 5165 contin'uatim

221 5200 453 5269 pertinet
493 5213 630 5268 aqua
672 5196 914 5267 ejusdem
957 5198 1102 5253 ﬂuvii
1141 5198 1349 5270 Ligeris
1379 5200 1445 5253 ad
1482 5200 1796 5269 prmdictum

224 5291 529 5347 emnobium
556 5306 623 5345 ex
650 5299 876 5360 utraque
903 5291 1039 5361 ripa,
1074 5291 1141 5345 ab
1168 5290 1259 5344 illo
1282 5290 1401 5345 loco
1428 5306 1494 5345 ex
1525 5306 1631 5360 quo
1660 5290 1797 5345 inci-

226 5383 304 5451 pit
347 5390 492 5436 terra
527 5380 765 5449 ejusdem
793 5396 953 5451 supra
1001 5380 1253 5452 capellam
1293 5379 1477 5437 Sancti
1518 5380 1793 5435 Maximini

207 5484 295 5528 .an
312 5474 549 5538 oriente,
589 5472 759 5527 donec
784 5472 1004 5527 finiatur
1024 5480 1135 5527 tota
1169 5472 1426 5526 adversus
1458 5472 1791 5527 occidentem

224 5581 347 5619 cum
373 5562 534 5619 ﬂuvio
564 5564 805 5619 Rolleno.
844 5565 1075 5620 Tantum
1101 5579 1226 5619 vero
1248 5563 1394 5618 ﬂuvii
1420 5564 1647 5634 Ligerici
1671 5579 1793 5633 per-

226 5656 361 5710 tinet
393 5655 459 5710 ad
491 5655 805 5725 praedictum
847 5656 1264 5720 monasterium,
1303 5665 1560 5724 quantum
1589 5656 1676 5709 hic
1706 5656 1795 5709 ad-

227 5754 462 5800 notatur.
497 5746 688 5815 Incipit
730 5748 873 5801 enim
900 5746 1169 5817 possessio
1201 5747 1345 5801 ﬂuvii
1372 5747 1600 5818 Ligerici
1624 5762 1651 5800 a
1674 5745 1798 5799 fari-

1894 4747 2092 4804 dicitur
2112 4746 2339 4810 Vienna,
2366 4762 2490 4801 cum
2515 4746 2742 4802 ecclesia
2768 4755 2821 4801 et
2843 4746 2975 4801 silva
3005 4755 3059 4802 et
3086 4748 3339 4805 omnibus
3365 4748 3469 4805 sibi

1892 4838 2308 4910 pertinentibus,
2326 4839 2380 4894 in
2404 4854 2509 4908 qua
2534 4847 2619 4893 est
2642 4838 3010 4905 collalimilus;
3040 4855 3098 4894 ac
3110 4847 3433 4909 potestatem
3453 4880 3467 4901 .

1894 4944 2014 4998 qua:
2037 4927 2238 4983 dicitur
2258 4927 2396 4984 Villa
2411 4927 2610 4993 Mariae,
2627 4943 2746 4982 cum
2764 4929 3014 4983 omnibus
3035 4929 3134 4984 sibi
3151 4930 3471 4998 pertinenti-

1894 5022 2014 5086 bus,
2038 5036 2103 5076 ac
2129 5020 2319 5075 silvam
2348 5035 2467 5089 quae
2504 5020 2701 5074 dicitur
2727 5018 3013 5083 Torsellis,
3043 5027 3314 5075 tenentem
3341 5019 3472 5073 duas

1891 5112 2094 5184 leugas.
2116 5111 2243 5168 Haec
2264 5111 2534 5167 Clotarius
2555 5126 2649 5166 rex
2674 5112 2932 5182 praedicto
2958 5112 3076 5167 loco
3101 5113 3389 5167 concessit.
3408 5112 3472 5166 ιιι

1904 5200 2108 5277 Belsica
2122 5215 2250 5277 vet;o
2264 5200 2424 5254 habet
2436 5207 2753 5269 potestatem
2768 5198 2996 5253 Ardreni
3012 5199 3156 5269 putei
3172 5198 3445 5269 (Ampuys)
3456 5240 3470 5263 ,

1904 5307 2026 5346 cum
2040 5275 2303 5347 omnibus
2324 5291 2424 5345 sibi
2445 5288 2866 5359 pertinentibus,
2881 5288 3129 5354 Bittiaco,
3157 5288 3473 5345 Montemui-

1903 5382 2084 5446 cheth,
2116 5381 2349 5445 Pirario,
2391 5379 2625 5439 Sancino
2675 5377 3038 5441 Nocumento,
3068 5391 3133 5432 ac
3162 5377 3265 5432 sibi
3302 5377 3475 5433 servis

1900 5473 2319 5543 pertinentibus;
2359 5479 2413 5526 et
2439 5472 2492 5525 in
2522 5486 2659 5541 pago
2685 5468 2987 5538 Stampeusi
3004 5468 3157 5524 villas
3180 5469 3333 5535 duas,
3364 5467 3467 5524 Ca-

1899 5564 2057 5620 scllas
2101 5573 2155 5618 et
2201 5563 2523 5619 Castaneum
2570 5562 2788 5617 Villare.
2838 5562 2944 5617 ista
2995 5575 3089 5616 rex
3134 5558 3470 5630 Chilpericns

1900 5654 2063 5711 dedit.
2124 5653 2204 5709 Ac
2249 5654 2303 5707 in
2350 5652 2662 5708 Belvacensi
2722 5666 2857 5722 pago
2900 5652 3061 5705 habet
3107 5648 3286 5713 villam
3346 5662 3467 5717 qua:

1900 5745 2096 5800 dicitur
2131 5744 2212 5799 Ad
2260 5743 2520 5798 Sanctum
2557 5742 2915 5797 Maximinum
2966 5756 3088 5797 cum
3140 5738 3370 5795 ecclesia
3418 5736 3470 5791 in

296 5865 321 5893 ι
356 5852 573 5908 lnsolita
613 5854 895 5909 invocatio.
949 5853 1095 5908 Multi
1141 5853 1229 5908 alii
1277 5855 1413 5909 ntcvi
1449 5856 1549 5909 hoc
1586 5864 1910 5925 prtcceptum
1944 5862 2251 5926 suspectum
2280 5853 2528 5910 reddunt.
