3936 6350
431 342 569 394 H87

1579 350 1898 405 LLDUVICI
1940 351 1959 403 ι
1998 350 2465 407 (ὶῡΕΝυΜΕΝἰὈ
2505 354 2586 407 PII

3576 360 3704 412 illis

429 462 635 515 honore
676 459 843 529 ipsius
882 462 1079 525 dicata,
1112 478 1231 531 qua:
1260 464 1435 517 vicina
1488 476 1569 518 cst
1606 465 2014 535 Sylvanectensi
2045 468 2094 525 Α
2122 474 2180 517 ιιι
2219 465 2362 517 nulla
2408 482 2465 520 se
2502 468 2787 521 occasione
2828 481 3002 536 neque
3032 469 3314 539 episcopos
3348 485 3523 538 neque
3554 472 3710 538 quili-

429 552 732 622 parochize;
783 562 838 607 et
893 554 948 609 in
997 564 1285 625 prospectu
1334 556 1640 611 Aurelianis
1692 564 2018 627 potestatem

431 641 709 708 Bruerias,
748 659 870 713 quae
905 646 1106 700 dicitur
1130 645 1210 700 Ad
1240 646 1500 720 Sanctum
1529 648 1863 719 Dionysium,
1896 664 2018 703 cum

430 734 657 790 ecclesia
695 733 750 789 in
791 736 962 805 ipsius
998 738 1253 809 martyris
1281 740 1489 796 honore
1523 723 1721 803 dicala,
1757 756 1879 794 cum
1919 742 2020 795 sibi

427 826 844 895 pertinentibus,
876 825 1150 891 Albarias,
1194 826 1526 893 Caventono,
1561 831 1859 892 Asinarias,
1907 846 2022 884 ser-

429 918 531 981 vis,
572 919 752 985 terris,
785 921 983 988 pratis;
1028 929 1083 974 et
1120 920 1175 973 in
1216 920 1320 975 alio
1359 921 1479 977 loco
1511 922 1694 976 villam
1724 920 2017 984 Nemesim,

428 1021 553 1060 cum
581 1022 743 1074 aqua,
778 1009 955 1073 terris,
988 1010 1162 1078 pratis
1196 1016 1251 1063 et
1287 1011 1541 1067 omnibus
1575 1011 1674 1065 sibi
1703 1011 2023 1081 pertinenti—

427 1096 551 1152 hus.
603 1097 731 1154 Hmc
776 1100 1113 1169 Dagobertus
1168 1090 1264 1155 rex
1314 1109 1397 1156 est
1446 1102 1687 1173 largitus.
1754 1101 1819 1154 Et
1866 1100 2019 1169 juxta

429 1190 621 1244 silvam
673 1191 887 1262 longam
943 1193 1105 1248 habet
1160 1193 1342 1248 villam
1388 1210 1509 1265 qum
1569 1194 1768 1247 dicitur
1820 1192 2023 1246 Villare

431 1279 709 1348 Magnum,
756 1298 879 1335 cum
925 1282 1153 1337 ecclesia
1206 1292 1393 1337 sancta
1442 1281 1669 1355 [dicata]
1717 1283 1771 1335 in
1818 1282 2023 1337 honore

430 1374 605 1428 sancti
636 1374 932 1429 Maximini.
972 1376 1052 1432 Ac.
1090 1378 1144 1431 in
1184 1393 1323 1447 pago
1350 1378 1588 1431 Dunensi
1634 1378 1825 1431 cellam
1858 1378 2023 1432 habet

429 1460 483 1513 in
527 1460 649 1515 loco
687 1462 777 1531 qui
820 1463 1022 1518 dicitur
1064 1465 1217 1520 Mons
1246 1466 1463 1520 Letardi
1508 1465 1853 1535 (Mantiitar),
1901 1482 2023 1520 cum

429 1566 571 1621 aqua
609 1552 835 1617 Conida,
868 1555 1217 1621 molendinis,
1248 1557 1403 1620 silva,
1431 1557 1623 1625 pratis,
1657 1556 1819 1609 terris
1864 1556 2024 1611 cultis

427 1650 483 1696 et
520 1642 760 1709 incultis,
800 1646 1017 1713 pascuis
1060 1654 1113 1699 et
1155 1646 1360 1711 vineis,
1406 1646 1693 1715 mancipiis
1737 1654 1790 1699 et
1828 1647 2019 1701 servis.

428 1731 557 1787 ΙΙωο
596 1733 967 1789 Theodoricus
1017 1752 1112 1790 rex
1154 1752 1218 1790 ex
1267 1738 1583 1791 haereditate
1612 1737 1746 1805 Lupi
1792 1738 2019 1808 piissimi

2120 554 2391 625 betrcgize
2429 557 2713 624 potestatis
2744 558 2994 612 minister
3041 560 3094 612 in
3129 560 3500 614 describendis
3524 564 3713 629 pnevi-

2123 645 2419 714 dendisque
2444 649 2725 717 acquisitis
2772 652 3227 721 acquirendisque
3255 653 3498 720 ejusdem
3529 670 3713 708 mons-

2122 735 2269 787 sterii
2310 736 2473 791 rebus
2510 740 2851 807 permisceat.
2895 740 3158 795 Abbatem
3213 758 3345 797 vero
3374 745 3552 799 eidem
3600 761 3714 798 mo-

2123 828 2362 881 nasterio
2405 844 2511 882 non
2566 828 2755 895 alium,
2803 848 2964 901 quam
3009 849 3167 903 quem
3204 833 3423 902 dignum
3475 837 3720 889 moribus

2122 917 2395 969 communi
2419 932 2688 972 consensu
2724 922 3073 990 congregatio
3115 930 3225 976 tota
3256 926 3595 991 poposcerit,
3630 940 3717 977 or-

2123 1006 2295 1059 dinari
2338 1008 2585 1062 volumus
2620 1024 2726 1064 :ac
2748 1010 2938 1063 orandi
2986 1012 3360 1065 tantummodo
3408 1027 3575 1065 causa
3632 1030 3720 1069 ac-

2123 1099 2346 1153 cedendi
2387 1101 2456 1155 ad
2483 1100 2767 1169 praefatum
2808 1102 2983 1155 locum
3015 1103 3269 1171 episcopo
3299 1103 3579 1156 licentiam
3628 1106 3721 1158 da-

2124 1204 2273 1251 mus;
2324 1197 2417 1242 aut
2456 1190 2500 1243 si
2543 1190 2682 1245 forte
2734 1191 2801 1244 ad
2854 1192 3159 1261 peragenda
3209 1208 3366 1245 sacra
3422 1194 3718 1247 missarum

2125 1276 2576 1333 fueritinvitatus
2610 1282 2888 1351 mysteria,
2918 1292 2973 1335 et
2995 1283 3037 1335 si
3070 1282 3299 1336 voluerit
3328 1285 3593 1351 praedicto
3621 1301 3721 1339 eos

2124 1369 2285 1423 nobio
2325 1370 2528 1438 aliquid
2569 1371 2635 1425 de
2663 1372 2936 1441 episcopio
2976 1388 3074 1426 suo
3121 1374 3270 1436 dare,
3316 1384 3505 1427 nostra
3554 1375 3719 1444 regali

2126 1466 2181 1510 et
2206 1474 2300 1511 sua
2333 1460 2610 1527 pontificia
2656 1463 2981 1521 auctoritate
3019 1472 3278 1532 peragat;
3317 1472 3372 1514 at
3398 1464 3445 1515 si
3472 1463 3723 1517 voluntas

2126 1556 2196 1601 et’
2214 1547 2445 1603 facultas
2473 1549 2837 1619 denegaverit,
2889 1551 2955 1605 de
2993 1552 3058 1606 iis
3081 1567 3199 1621 quae
3231 1552 3443 1605 collata:
3474 1563 3603 1605 sunt
3637 1568 3720 1606 re-

2128 1645 2227 1693 bus
2270 1641 2402 1693 nihil
2447 1642 2702 1696 invadere
2746 1652 3059 1712 priesumat.
3120 1643 3293 1697 Porro
3330 1646 3374 1697 si
3427 1645 3723 1714 contigerit

2128 1732 2344 1801 aliquod
2403 1733 2759 1788 infortunium
2820 1735 3186 1805 cujuscunque
3265 1736 3716 1805 perturbationis,

427 1823 585 1878 ducis
627 1826 888 1894 praedicto
933 1827 1051 1881 loco
1097 1828 1342 1882 contulit.
1394 1828 1462 1881 Et
1510 1828 1560 1881 in
1605 1798 1743 1898 pago
1773 1798 2022 1883 Lemovi-
2050 1798 2095 1855 Β
2124 1798 2265 1891 Quod
2292 1822 2360 1877 ab
2394 1824 2647 1893 episcopo
2693 1826 2864 1894 possit
2883 1798 3115 1879 'minime
3169 1798 3416 1889 diﬂiniri,
3488 1825 3573 1879 vel
3615 1798 3723 1895 ipse

428 1913 577 1967 censi
618 1914 784 1968 habet
817 1915 1102 1969 ecclesiam
1138 1932 1258 1985 qum
1280 1917 1482 1971 dicitur
1519 1916 1858 1985 Magniacus,
1898 1932 2023 1973 cum,

428 2005 661 2060 ecclesia
693 2013 748 2059 et
775 2022 936 2075 aqua,
963 2006 1306 2073 molendinis,
1332 2011 1491 2063 terris
1518 2010 1676 2063 cultis
1702 2018 1756 2063 et
1784 2009 2020 2074 incultis,

428 2096 637 2162 vincis,
679 2098 885 2166 pratis,
936 2098 1118 2162 silvis,
1175 2100 1412 2166 pascuis,
1463 2100 1645 2168 parvis
1694 2100 1928 2153 exitibus
1969 2107 2025 2151 et

432 2186 795 2257 regressibus,
824 2188 1019 2252 servis,
1053 2188 1356 2257 mancipiis.
1400 2188 1551 2241 lianc
1580 2198 1786 2242 curtem
1816 2188 2027 2257 genitor

434 2287 621 2333 noster
657 2278 926 2349 gloriosus
954 2281 1229 2350 Augustus
1267 2277 1493 2333 Carolus
1532 2278 1756 2348 Magnus
1795 2280 2026 2347 impera-

436 2379 524 2423 tor
551 2369 783 2424 contulit
810 2368 1120 2423 Miciacensi
1156 2369 1293 2423 loco.
1335 2368 1416 2423 Ac
1448 2369 1499 2421 in
1532 2369 1839 2423 Pictavensi
1870 2370 2027 2423 terri-

432 2459 593 2521 torio,
639 2459 692 2512 in
734 2467 893 2528 portu
931 2458 1204 2524 Vitrariae,
1236 2459 1289 2512 in
1317 2474 1455 2529 pago
1486 2457 1839 2513 Herbadelico
1868 2473 2027 2527 super

435 2548 659 2602 fluvium
689 2548 1027 2615 Tannacum,
1057 2549 1222 2604 habet
1250 2564 1407 2603 areas
1453 2549 1762 2604 Salinarum
1801 2551 1867 2603 ad
1897 2564 2029 2603 one—

435 2641 634 2695 randas
661 2655 845 2702 naves,
876 2642 989 2711 sive
1016 2641 1082 2693 ad
1110 2656 1235 2695 suas
1262 2641 1619 2697 necessitates
1642 2640 2023 2705 excludendas,

434 2742 489 2786 et
528 2733 779 2802 possidet
828 2732 1117 2801 prcediclas
1164 2716 1332 2786 areas
1395 2748 1515 2786 cum
1576 2733 1780 2797 vineis,
1832 2732 2025 2797 terris,

434 2822 631 2892 pratis,
662 2822 902 2893 pascuis,
930 2822 1082 2877 silvis
1111 2831 1165 2876 et
1194 2822 1448 2877 omnibus
1477 2822 1576 2877 sibi
1604 2822 2024 2891 pertinentibus,

437 2928 558 2982 quae
598 2912 999 2967 Garotliolenus
1051 2915 1116 2967 de
1165 2912 1295 2968 ﬁsco
1350 2913 1498 2982 regio
1546 2914 1764 2978 habuit,
1819 2914 2027 2969 scilicet

435 3022 466 3057 a
508 3012 694 3058 nostro
736 3019 836 3058 avo
872 3002 1097 3072 Pippino
1150 3012 1204 3057 et
1248 3004 1357 3058 filio
1399 3004 1516 3072 ejus
1557 3005 1801 3074 genitore
1845 3013 2030 3060 nostro

437 3088 634 3148 Carolo
684 3093 850 3164 regali
906 3093 1277 3147 munificentia
1340 3092 1595 3146 collatum
1650 3101 1733 3147 est
1782 3094 2029 3148 coenobio

440 3182 771 3237 Miciacensi.
803 3182 910 3238 Nos
940 3198 1091 3247 vero,
1133 3198 1201 3236 ne
1242 3182 1526 3237 inferiores
1556 3182 1868 3236 videremur
1892 3197 2030 3250 pra:—

439 3272 599 3327 dictis
630 3273 869 3342 regibus,
901 3272 1165 3327 beneficio
1203 3272 1574 3326 concessimus
1613 3272 1872 3340 praedicto
1910 3271 2029 3327 loco

441 3376 536 3430 per
577 3360 1016 3430 deprecationem
1055 3360 1396 3416 Dructesindi
1440 3362 1651 3415 abbatis
1689 3362 1856 3430 ipsius
1901 3361 2027 3426 loci,

438 3458 494 3504 ct
516 3450 797 3521 privilegio
839 3450 1181 3505 auctoritatis
1213 3458 1415 3504 nostrae
1460 3449 1875 3505 corroboramus
1918 3451 2029 3504 dis-

437 3541 748 3595 cursionem
807 3541 969 3594 trium
1018 3540 1235 3595 navium
1276 3556 1375 3610 per
1415 3542 1625 3595 diversa
1680 3540 1891 3609 imperii
1938 3557 2033 3595 no-

440 3633 539 3686 stri
570 3630 814 3695 ﬂumina,
848 3631 1059 3685 scilicet
1079 3647 1174 3701 per
1190 3632 1447 3702 Ligerim,
1482 3630 1809 3702 Sequanam,
1837 3632 2033 3686 Mater-

442 3737 568 3775 nam
613 3720 985 3793 [Matronam],
1030 3720 1254 3787 Carum,
1288 3722 1613 3791 Vigenmm,
1644 3721 1883 3789 Sartam,
1926 3724 2035 3778 Me-

442 3812 695 3875 (luanam,
725 3810 943 3875 Lidum,
983 3826 1085 3878 pro
1121 3810 1450 3879 quibuslibet
1491 3812 1806 3867 monasterii
1848 3827 2035 3867 neces-

443 3900 717 3967 sitatibus,
746 3906 807 3951 ut
847 3914 1036 3953 secure
1066 3907 1121 3952 et
1162 3899 1327 3952 libere
1370 3899 1448 3953 ire
1490 3915 1553 3953 ac
1595 3900 1773 3955 redire
1800 3901 2035 3964 valeant,

445 4006 513 4045 ac
547 3978 654 4044 non
685 3990 913 4044 reddant
942 3989 1108 4043 ullum
1139 3990 1412 4045 teloneum
1443 3989 1527 4043 vel
1561 3988 1722 4047 ullam
1750 4000 2038 4045 consuetu-

445 4083 627 4135 dinem
664 4081 748 4135 vel
785 4080 1021 4149 aliquam
1072 4080 1493 4135 redhibitionem
1536 4096 1548 4131 :
1591 4088 1646 4134 et
1685 4094 1752 4134 ne
1786 4080 2039 4149 quislibet

446 4181 671 4227 exactor
709 4172 827 4227 ﬁsci
869 4174 935 4225 de
964 4174 1164 4237 carris,
1199 4174 1281 4225 vel
1330 4174 1561 4227 carretis
1610 4173 1695 4228 vel
1731 4175 2036 4244 sagmariis,

446 4266 535 4321 vel
581 4267 647 4321 de
694 4247 1309 4335 quocunque'veliiculo
1354 4265 1469 4318 sive
1514 4278 1613 4332 per
1660 4273 1885 4329 terram,
1926 4266 2041 4319 sive

448 4375 549 4431 per
595 4374 789 4429 aquam
836 4358 979 4411 facto
1008 4398 1021 4422 ,
1090 4357 1175 4411 vel
1223 4356 1288 4411 de
1339 4370 1665 4426 quocunque
1714 4356 2041 4411 commercio

449 4450 757 4521 pertinente
796 4449 862 4505 ad
898 4446 1215 4517 praedictum
1254 4445 1431 4499 locum
1470 4445 1648 4513 exigat
1681 4444 1766 4503 vel
1812 4446 2042 4514 accipiat

452 4541 617 4594 ullam
655 4537 1103 4593 consuetudinem
1142 4551 1155 4588 :
1192 4551 1291 4590 nec
1322 4534 1653 4605 quibuslibet
1698 4536 1931 4603 negotiis
1962 4536 2041 4589 fa-

453 4632 577 4695 ctis,
610 4628 695 4683 vel
736 4628 790 4681 in
828 4627 989 4692 villis,
1026 4626 1207 4689 terris,
1246 4625 1422 4693 aquis,
1452 4624 1602 4678 silvis
1641 4624 1881 4693 przedicti
1926 4641 2042 4679 mo-

456 4720 703 4784 nasterii,
732 4704 1093 4783 undecunque
1122 4723 1363 4785 potestas
1385 4714 1673 4784 iudiciaria
1704 4714 1904 4783 aliquid
1929 4717 2043 4769 exi-

456 4824 584 4880 gere
624 4815 939 4878 praasumat,
983 4802 1221 4873 aliquam
1261 4804 1432 4872 legem
1471 4802 1554 4857 vel
1591 4805 2041 4860 consuetudinem

457 4902 705 4970 accipere
743 4898 827 4953 vel
872 4897 1106 4968 exigere,
1153 4896 1237 4949 vel
1276 4894 1572 4964 quamlibet
1614 4892 1919 4948 molestiam
1962 4896 2043 4949 in-

456 4992 619 5047 ferre.
656 4991 722 5045 Et
748 4990 979 5044 obeuntc
1009 4986 1203 5041 abbate
1236 4984 1546 5038 monasterii
1578 4983 1768 5055 ipsius,
1796 4984 2041 5040 volumus

530 5143 552 5167 υ
596 5124 987 5195 Corrigendum
1015 5130 1182 5195 esset,
1207 5136 1344 5172 anno
1376 5118 1467 5183 25,
1523 5128 1583 5171 ut
1626 5131 1800 5170 annus
1826 5117 2040 5195 imperii

458 5213 584 5252 cum
613 5186 903 5250 indictione
939 5194 1147 5248 decima
1188 5197 1379 5259 quarta
1418 5198 1626 5259 etcum
1658 5202 1801 5239 anno
1826 5186 2040 5259 AChristi

457 5268 563 5323 836
609 5264 942 5319 conveniret.
988 5256 1331 5318 Verum'hoc
1383 5258 1617 5326 diploma
1672 5266 1796 5326 ante
1824 5256 1873 5308 id
1914 5263 2046 5309 tem-

456 5352 578 5408 pus_
597 5337 783 5408 datum
808 5332 1165 5408 evincunt,_l°
1188 5324 1491 5408 inscriptio,
1526 5327 1579 5408 in
1605 5324 2040 5408 quaLudovicus

455 5394 512 5459 i-t
558 5403 846 5459 Lotharius
884 5403 1039 5455 simul
1072 5394 1464 5467 imperatores,
1508 5405 1563 5450 et
1603 5394 1819 5464 quidem
1866 5394 2043 5447 divina

459 5475 747 5543 ordinante,
785 5468 1548 5543 providentiaexprimuntur,
1600 5473 1796 5543 praeter
1835 5478 2040 5519 morem

463 5559 494 5597 ε
553 5542 861 5596 secessione
908 5540 1149 5594 Lotharii
1224 5540 1572 5606 usurpatum;
1627 5540 1682 5587 2°
1721 5548 2042 5606 consensus

461 5612 745 5667 llieremice
794 5610 1179 5685 archiepiscopi
1228 5602 1584 5685 Senoqensis,
1642 5604 1772 5685 qui.
1802 5604 2043 5685 septemc

459 5694 586 5735 ante
626 5696 824 5734 annum
859 5672 1337 5737 856'deee'sscrat;
1390 5677 1461 5727 δυσ
1488 5674 1812 5740 subscriptio
1861 5672 2046 5723 Fridu-

462 5754 560 5822 gini
600 5750 927 5809 cancellarii,
972 5750 1061 5817 qni
1098 5759 1221 5801 ante
1244 5748 1375 5799 duos
1399 5760 1567 5798 annos
1593 5743 1821 5797 obierat.
1847 5742 2045 5808 Quam-

2126 1928 2254 1980 erga
2296 1914 2473 1981 ipsum
2513 1912 2691 1967 locum
2750 1915 2891 1968 male
2932 1930 3097 1985 agens
3138 1914 3331 1986 [agat],
3365 1913 3627 1981 jubemus
3670 1929 3725 1970 ut

2128 2012 2442 2056 nostrorum
2485 2018 2862 2057 successorum
2902 2019 3086 2074 regum
3124 2006 3346 2059 auribus
3391 2005 3721 2067 declaretur,

2130 2099 2193 2144 ut
2222 2092 2389 2158 regali
2428 2086 2632 2159 judicio
2670 2092 2930 2161 quidquid
2962 2093 3313 2161 depravatum
3348 2092 3521 2147 fuerit
3558 2094 3727 2148 corri-

2128 2191 2304 2252 gatur.
2348 2181 2427 2235 Ne
2481 2197 2607 2252 ergo
2656 2190 2845 2250 putent
2899 2184 3159 2251 praesules
3208 2184 3355 2238 sedis
3410 2186 3725 2239 Aureliauis

2126 2280 2348 2341 prepter
2387 2272 2526 2324 hanc
2575 2272 3103 2325 commendationem
3158 2273 3226 2327 ad
3287 2272 3627 2339 adjutorium
3662 2289 3721 2327 ac

2129 2362 2493 2415 defensionem
2526 2362 2862 2417 Miciacensis
2905 2344 3138 2417 cuinobii
3171 2380 3199 2416 a
3236 2364 3397 2417 nobis
3428 2365 3519 2432 pie
3541 2381 3605 2419 ac
3634 2366 3726 2418 mi-

2129 2452 2478 2507 sericorditer
2516 2452 2735 2518 factam,
2794 2469 2955 2522 quam
2997 2452 3139 2507 fideli
3198 2463 3387 2508 nostro
3437 2452 3593 2507 Iona:
3618 2456 3723 2522 epi-

2131 2558 2295 2611 scopo
2330 2545 2744 2609 committimus,
2778 2560 2843 2599 eo
2875 2546 3014 2614 quod
3038 2547 3330 2614 pnesentia
3365 2556 3559 2600 nostra
3576 2547 3724 2616 longe

2131 2640 2339 2686 remota
2389 2634 2459 2687 sit
2490 2636 2558 2688 ab
2582 2634 2687 2689 iliis
2717 2636 2981 2704 partibus,
3027 2652 3114 2689 res
3148 2635 3361 2705 praefati
3406 2639 3723 2691 monasterii

2131 2722 2375 2791 qualibet
2402 2724 2801 2778 machinatione
2824 2724 3084 2791 alienare,
3114 2726 3197 2779 vel
3229 2728 3407 2795 ipsum
3444 2727 3626 2782 locum
3652 2728 3724 2783 in-

2132 2814 2395 2883 quietare,
2450 2815 2751 2884 pratsertim
2799 2830 2920 2868 cum
2971 2824 3025 2868 et
3062 2816 3319 2885 prmfatus
3376 2818 3531 2871 locus
3582 2819 3724 2888 regio

2131 2905 2397 2960 beneﬁcio
2435 2907 2505 2960 sit
2550 2904 2828 2970 fundatus,
2862 2914 2915 2960 et
2954 2922 3043 2960 res
3089 2908 3256 2975 ipsius
3298 2909 3535 2961 emnobii
3581 2908 3722 2977 larga

2133 3011 2321 3063 regum
2348 2996 2713 3050 munificentia
2741 2998 2849 3051 sint
2882 2999 3113 3068 largitze.
3152 2998 3336 3067 Itaque
3385 3014 3723 3068 summopere

2129 3087 2368 3157 jubendo
2401 3087 2646 3141 volumus
2690 3097 2747 3141 ut
2792 3091 3042 3143 monachi
3070 3091 3313 3158 praedicti
3344 3092 3450 3145 loci
3490 3094 3557 3146 ad
3588 3092 3720 3146 divi-

2138 3192 2266 3229 num
2313 3177 2593 3231 servitium
2652 3179 3101 3234 honorificentius
3140 3184 3511 3253 peragendum
3568 3184 3723 3238 rebus

2136 3264 2382 3334 superius
2442 3266 2761 3320 memoratis
2797 3267 2971 3332 dilati,
3036 3270 3361 3337 regulariter
3396 3274 3571 3326 otium
3602 3289 3721 3327 san-

2133 3364 2233 3411 ctae
2273 3359 2474 3427 quietis
2518 3373 2615 3426 per
2673 3360 3004 3429 adjutorium
3045 3362 3282 3432 episcopi
3333 3377 3389 3417 et
3435 3380 3539 3435 per
3588 3364 3721 3418 hanc

2134 3457 2378 3502 nostram
2428 3450 2810 3503 auctoritatem
2866 3450 3066 3519 adepti,
3123 3452 3178 3506 in
3208 3453 3292 3507 his
3338 3454 3394 3507 in
3440 3454 3635 3522 quibus
3670 3470 3724 3510 se

2136 3542 2245 3595 Deo
2274 3542 2650 3603 deviuxerunt,
2680 3542 2861 3595 divina
2887 3541 3111 3610 juvante
3141 3546 3337 3614 gratia,
3380 3545 3725 3599 immobiliter

2134 3640 2505 3703 permaneant.
2562 3633 2625 3686 Et
2663 3649 2762 3702 pro
2807 3636 2912 3689 hoc
2958 3636 3220 3691 beneficio
3259 3653 3289 3690 a
3327 3638 3487 3692 nobis
3531 3640 3724 3707 impar-

2134 3722 2233 3774 tito
2266 3719 2572 3791 flagitamus
2629 3722 2954 3777 omnimodis
2993 3739 3180 3779 servos
3223 3725 3318 3779 Dei
3362 3728 3576 3794 praefati
3626 3728 3721 3780 loci

2139 3815 2456 3879 monachos,
2502 3821 2562 3867 ut
2593 3830 2689 3883 pro
2719 3817 2873 3869 nobis
2899 3825 2953 3870 et
2981 3816 3205 3887 conjuge
3234 3826 3421 3872 nostra
3459 3817 3646 3873 Juditb
3669 3831 3717 3873 et

2139 3904 2308 3973 prole,
2340 3911 2393 3957 et
2432 3903 2725 3958 stabilitate
2764 3906 2975 3974 imperii
3003 3923 3033 3960 a
3085 3907 3195 3962 Deo
3233 3908 3392 3963 nobis
3416 3909 3622 3975 collati,
3656 3920 3724 3964 .et

2140 4011 2237 4073 per
2256 4003 2451 4050 cuncta
2492 3996 2686 4049 smcula
2724 4012 2821 4065 per
2855 4014 3198 4054 successores
3228 4009 3451 4055 DOSU‘OS
3489 4018 3587 4056 sua
3614 4017 3727 4071 gra-

2141 4087 2350 4140 tissima
2373 4087 2574 4156 pietate
2606 4088 2963 4141 conservandi
2995 4104 3207 4157 semper
3235 4092 3596 4161 omnipotenti
3621 4093 3725 4146 Deo

2139 4192 2330 4247 preces
2366 4175 2610 4231 fundant.
2656 4177 2770 4230 Hoc
2808 4186 2987 4232 autem
3017 4188 3370 4248 praeceptum,
3430 4189 3490 4234 ut
3526 4180 3727 4251 plenio-

2144 4283 2258 4321 rem
2292 4268 2345 4320 in
2384 4268 2772 4337 omnipotentis
2806 4267 3008 4323 Christi
3047 4270 3263 4323 nomine
3310 4271 3557 4324 obtineat
3586 4274 3727 4341 vigo.

2144 4371 2278 4419 rem,
2310 4348 2373 4410 et
2404 4373 2433 4409 a
2470 4358 2874 4411 successoribus
2906 4360 3107 4412 nostris
3142 4358 3413 4412 credendo
3446 4374 3725 4414 conserve-

2071 4478 2119 4539 D
2148 4452 2255 4507 tur,
2280 4446 2498 4499 nomine
2520 4453 2709 4498 nostro
2732 4454 3015 4509 eteorum,
3041 4446 3131 4514 qui
3160 4455 3462 4515 praesentes
3485 4448 3723 4509 aderant,

2150 4535 2369 4589 titulare
2406 4534 2694 4597 voluimus,
2750 4542 2801 4586 et
2833 4534 3012 4587 annuli
3044 4536 3213 4588 nostri
3257 4537 3616 4605 impressione
3652 4539 3723 4591 si-

2146 4628 2297 4698 gnari
2322 4627 2604 4698 jussimus.

2217 4722 2407 4774 Datum
2424 4718 2643 4772 xn'Kal.
2674 4718 2876 4783 Martii,
2934 4734 3075 4772 anno
3100 4718 3317 4772 Christo
3346 4722 3581 4788 propitio
3604 4720 3670 4774 2-5
3700 4734 3723 4760 ι

2146 4810 2355 4878 imperii
2402 4808 2601 4861 domini
2663 4808 2919 4861 Ludovici
3000 4808 3227 4874 piissimi
3286 4808 3538 4878 Augusti,
3590 4810 3721 4863 indi-

2151 4900 2329 4955 ctione
2370 4898 2454 4952 M.
2498 4897 2689 4951 Actum
2726 4898 3050 4967 Aquisgrani
3099 4898 3299 4966 palatio
3344 4900 3493 4969 regio
3530 4900 3587 4953 in
3633 4898 3723 4951 Dei

2152 5002 2365 5042 nomine
2383 5026 2397 5041 ο

2143 5122 2224 5174 vis
2252 5121 2352 5174 hoc
2376 5122 2767 5190 pragmaticum
2805 5129 2882 5175 tot
2917 5122 3084 5190 naevis
3116 5120 3441 5190 maculetur,
3496 5120 3723 5175 Mabillo—

2145 5193 2267 5245 nius
2292 5189 2497 5253 tamen,
2536 5191 2629 5244 lib.
2654 5207 2784 5243 xxxi
2812 5190 3005 5243 Annal.
3036 5189 3264 5253 Bened.,
3293 5206 3442 5243 num.
3478 5190 3566 5253 66,
3596 5191 3720 5245 illud

2143 5276 2249 5315 non
2290 5261 2742 5314 contemnendum
2774 5268 2944 5328 putat,
2983 5258 3186 5328 quiaiin
3236 5274 3301 5313 eo
3359 5261 3491 5328 quid
3544 5260 3723 5314 Clodoo

2142 5346 2272 5384 veus
2306 5329 2552 5399 Magnus,
2596 5329 2724 5399 quid
2774 5326 2889 5399 ejus
2939 5329 3033 5399 ﬁlii
3066 5326 3411 5399 Clodomirus
3448 5342 3505 5399 et
3540 5330 3721 5399 Clota-

2143 5400 2275 5463 rius,
2301 5397 2428 5468 quid
2453 5398 2786 5466 Chilpericus
2812 5397 3228 5468 Clotariiililius,
3277 5399 3403 5465 quid
3434 5398 3719 5467 Chilperici

2148 5467 2695 5537 nepos’Dagobertus,
2728 5468 3001 5535 ipsiusque
3030 5467 3314 5537 Dagoberli
3349 5468 3532 5522 itidem
3562 5482 3723 5537 nepos

2150 5536 2515 5593 Tlieoderimis
2566 5538 2779 5601 tertius,
2826 5540 2955 5607 quid
2992 5539 3221 5607 denique
3247 5536 3526 5606 Pippunis,
3563 5536 3721 5590 Caro-

2148 5610 2231 5663 lus
2290 5610 2513 5678 Magnus
2570 5624 2632 5663 ac
2686 5606 2985 5663 Ludovicus
3029 5606 3335 5678 Miciacensi
3395 5607 3718 5661 mcussterio

2151 5677 2496 5739 contulerint,
2537 5679 2847 5749 singillatim
2884 5677 3222 5747 exprimitur.

3864 508 3873 615 ἰ
