3936 6344
242 426 389 483 1169

1383 422 1770 479 DlPLOMATA
1810 422 2360 479 ECCLESIASTICA.

3364 428 3501 483 11Το

312 542 603 596 Durandus
625 539 880 592 diaconus
910 537 976 591 ad
1005 536 1176 590 vicem
1203 534 1468 603 Fridugisi
1513 533 1817 589 cancellarii
1850 540 1898 597 Α
1924 533 2241 587 Waltmasta
2274 542 2299 569 ιι
2341 533 2405 587 ad
2443 547 2635 602 porcos
2670 535 3021 604 saginandum
3066 547 3314 606 septenos
3347 555 3502 593 sexa-

234 632 562 700 recognovit
588 641 636 680 ιι.

956 695 1114 752 CXL.

536 804 635 843 rso
666 803 998 843 IONASTERIO
1042 784 1537 843 sc‘uwnrucaasr.

863 888 1033 956 (Anno
1065 884 1210 955 828.)

233 998 605 1069 Couﬁrmatur
636 1000 970 1069 commutatio
999 996 1252 1049 bonorum
1280 996 1419 1065 facta
1420 996 1581 1069 inter
1604 994 1823 1069 Waldo-

314 1065 433 1124 nem
485 1069 721 1123 abbatem
766 1067 1270 1121 Schwartzacensem
1316 1075 1363 1119 et
1412 1065 1823 1133 Erchengarium

312 1134 552 1193 comitem
580 1136 913 1206 Nordgoviw.

295 1251 402 1321 [Ex
430 1250 650 1319 antiquo
677 1249 1007 1303 chartulario
1037 1248 1267 1304 abbatia:
1297 1246 1669 1300 Andlaviensis
1694 1245 1771 1317 ιη]

311 1338 369 1391 ln
408 1329 623 1392 nomine
663 1338 873 1395 Domini
900 1338 1015 1403 Dei
1057 1346 1111 1391 et
1156 1336 1453 1390 Salvatoris
1498 1335 1666 1388 nostri
1696 1334 1823 1388 Jesu

230 1428 487 1490 Christi,
537 1427 837 1483 Ludovicus
882 1435 937 1480 et
979 1427 1267 1481 Lotharius
1313 1426 1491 1479 divina
1537 1424 1823 1479 ordinante

232 1518 574 1586 providentia
605 1519 956 1587 imperatores
982 1516 1209 1587 Augusti
1241 1527 1288 1569 ο.

317 1606 373 1661 Si
404 1610 545 1661 enim
581 1622 643 1660 ea
677 1623 796 1675 qua:
835 1605 1017 1661 ﬁdeles
1061 1607 1270 1675 imperii
1302 1607 1471 1660 nostri
1501 1622 1600 1675 pro
1635 1620 1823 1660 eorum

232 1697 737 1766 opportunitatibus
794 1697 932 1749 inter
981 1712 1040 1751 se
1079 1704 1565 1761 commutaverunt,
1625 1696 1825 1749 nostris

229 1786 627 1841 conﬁrmamus
652 1786 859 1849 edictis,
890 1785 1218 1855 imperialem
1247 1801 1563 1840 exercemus
1600 1800 1825 1840 consue-

1920 624 2067 692 ginta
2097 624 2260 686 duos;
2294 630 2349 676 et
2383 622 2437 677 in
2470 623 2751 677 Zeinbaim
2788 632 2810 659 ο
2846 624 2910 678 de
2948 625 3103 679 vinea
3143 626 3435 695 aripennos
3476 639 3505 676 ρ

1922 716 2081 779 duos;
2124 724 2177 769 et
2217 717 2270 769 in
2312 713 2559 785 Wangon
2588 725 2612 763 α
2642 715 2913 779 similiter,
2954 726 3007 771 et
3044 719 3306 788 mancipia
3343 730 3363 757 τ
3406 736 3504 773 nu—

1921 818 2071 859 mero
2103 805 2320 874 triginta
2351 813 2614 873 quatuor,
2646 805 2731 859 bis
2769 807 3075 861 nominibus
3106 809 3301 889 :ﬁnno
3321 850 3334 873 ,
3371 808 3505 864 Wil-

1922 892 2080 962 ligart
2105 902 2159 946 et
2186 892 2293 947 ﬁlia
2322 891 2435 960 ejus
2459 893 2762 964 Feginbolt,
2805 896 3066 961 Vuitbert,
3099 896 3270 962 Duno,
3304 899 3507 954 Wana-

1923 982 2043 1047 hilt,
2110 981 2278 1047 Pallo,
2332 983 2579 1052 Trutger,
2640 984 2885 1049 Rabrud,
2943 985 3178 1051 Goltrut,
3235 988 3515 1053 Hildefrit,

1923 1074 2176 1137 Tbeacla,
2210 1074 2460 1138 Waldila,
2492 1076 2780 1147 Meginfrit,
2811 1076 3031 1141 Hicliilt,
3064 1080 3345 1145 Winilind,
3377 1080 3504 1134 Litt-

1925 1165 2088 1229 lliari,
2114 1164 2409 1230 Fridalind,
2433 1165 2730 1231 lrmanhilt,
2754 1167 3027 1235 Liapberi,
3054 1168 3339 1233 Wolfarth,
3367 1169 3506 1225 Wil-

1923 1254 2068 1317 lirat,
2102 1253 2332 1318 Liudolf,
2359 1254 2619 1319 Nortwib,
2647 1271 2769 1309 cum
2801 1255 2925 1309 ﬁliis
2965 1257 3158 1321 tribus,
3192 1257 3505 1329 Waldgard,

1925 1341 2189 1405 Ruadind,
2220 1341 2517 1407 Helinsind,
2542 1343 2849 1397 Antrat.....
2884 1345 2950 1398 Et
2976 1360 3005 1398 e
3031 1354 3218 1399 contra
3263 1346 3315 1400 in
3356 1362 3507 1401 com-

1924 1432 2237 1499 pensatione
2260 1430 2489 1489 istarum
2526 1447 2704 1485 rerum
2736 1434 2882 1488 dedit
2908 1435 3164 1505 praefatus
3193 1436 3386 1492 Waldo
3416 1439 3511 1493 ab-

1924 1519 1991 1573 ba
2016 1520 2082 1574 de
2118 1521 2279 1575 rebus
2317 1522 2599 1575 memorati
2639 1525 2951 1578 monasterii
2991 1535 3289 1581 memorato
3318 1526 3511 1582 Erkin-

1924 1611 2074 1679 gario
2093 1612 2294 1673 comiti,
2322 1627 2384 1666 ac
2404 1612 2654 1680 genitrici
2682 1622 2734 1665 et
2762 1613 3021 1670 fratribus
3050 1618 3188 1687 ejus,
3224 1618 3507 1683 Rotdrudi,

1928 1700 2198 1765 Vuorado,
2232 1702 2497 1757 Bernaldo
2520 1711 2575 1756 et
2601 1702 2877 1759 Bernardo
2901 1721 2998 1775 per
3024 1714 3263 1760 nostram
3288 1709 3389 1762 sibi
3417 1710 3509 1761 da-

1929 1802 2036 1845 tam
2076 1777 2352 1848 licentiam
2390 1794 2448 1873 in
2478 1808 2615 1863 pago
2647 1792 2926 1849 Alsacinse
2953 1796 3006 1849 in
3032 1796 3173 1861 villa,
3212 1797 3296 1851 vel
3326 1798 3509 1852 marka

232 1877 505 1942 tudinem,
537 1885 593 1932 et
622 1878 723 1933 hoc
745 1878 798 1931 in
826 1877 1167 1946 postmodum
1194 1876 1317 1944 jure
1339 1877 1649 1932 ﬁrmissimo
1672 1892 1825 1931 man-
1853 1886 1900 1943 B
1929 1884 2365 1939 Erboldisvillare
2394 1924 2408 1949 ,
2456 1884 2510 1938 in
2551 1884 2669 1939 loco
2715 1886 2807 1954 qui
2846 1885 3146 1955 appellatur
3187 1887 3391 1942 Zinzila
3440 1898 3459 1925 ι
3496 1929 3511 1950 .

234 1983 429 2021 surum
460 1982 578 2022 esse
610 1968 869 2023 volumus.
924 1967 1130 2021 Idcirco
1170 1967 1380 2022 noverit
1415 1968 1655 2024 omnium
1687 1967 1821 2023 ﬁde-

234 2059 373 2113 lium
406 2067 737 2123 nostrorum,
775 2058 1121 2127 praesentium
1159 2057 1367 2113 scilicet
1402 2066 1457 2113 et
1494 2057 1820 2123 futurorum,

236 2150 531 2213 industria,
565 2152 691 2219 quia
722 2151 913 2206 Waldo
943 2150 968 2190 ἀ
1005 2150 1171 2205 abbas
1211 2152 1521 2206 monasterii
1556 2152 1697 2221 quod
1730 2167 1825 2205 vo-

238 2249 398 2294 catur
431 2238 771 2303 Svarzbaha,
814 2256 915 2295 nec
953 2255 1058 2295 non
1098 2248 1153 2294 et
1193 2241 1277 2294 vir
1318 2240 1527 2295 illuster
1565 2241 1826 2309 Erkinga-

241 2331 359 2385 rius
380 2344 580 2394 comes,
614 2345 676 2385 ac
698 2332 926 2400 genitrix
954 2339 1009 2385 et
1031 2330 1227 2393 fratres
1249 2331 1331 2386 sui
1352 2330 1665 2397 Rotdrudis,
1689 2332 1827 2386 νυο-

240 2421 426 2486 radiis,
454 2421 748 2476 Bernaldus
778 2430 831 2476 et
852 2420 1161 2477 Bernardus
1199 2423 1520 2494 accedentes
1564 2424 1631 2477 ad
1670 2438 1828 2477 aures

238 2511 547 2566 clementiae
584 2512 933 2565 innotuerunt
966 2510 1268 2566 celsitudini
1306 2520 1526 2576 nostrae,
1557 2514 1700 2582 quod
1726 2526 1825 2580 pro

242 2601 529 2663 ambarum
580 2602 817 2670 partium
873 2601 1279 2671 opportunitate
1329 2601 1591 2670 quasdam
1642 2616 1729 2655 res
1773 2608 1827 2655 et

242 2692 515 2761 mancipia
563 2693 707 2747 inter
746 2708 802 2747 se
852 2701 1291 2748 commutassent.
1356 2693 1627 2747 Dederunt
1664 2692 1828 2762 igitur

242 2780 599 2852 Erkingarius
634 2797 831 2845 comes,
871 2797 934 2836 ac
963 2782 1195 2853 genitrix
1222 2790 1276 2837 et
1300 2783 1541 2852 germani
1574 2782 1654 2836 sui
1688 2782 1822 2838 Rot-

247 2872 461 2937 drudis,
503 2872 803 2937 Vuoradus,
851 2872 1145 2929 Beroaldus
1181 2882 1236 2928 et
1270 2872 1575 2927 Bernardus
1604 2888 1700 2940 per
1734 2887 1829 2926 no-

245 2971 417 3019 stram
444 2963 544 3019 sibi
572 2964 752 3018 datam
784 2965 1059 3020 licentiam
1098 2965 1349 3019 Waldoni
1392 2965 1571 3019 abbati
1605 2964 1670 3018 ad
1705 2979 1830 3033 par-

246 3065 355 3109 tem
398 3053 604 3125 praefati
651 3056 963 3110 monasterii
1006 3056 1089 3110 sui
1134 3056 1187 3109 in
1223 3055 1348 3109 villa
1384 3055 1769 3110 Creubeslieim
1804 3067 1825 3093 ο

249 3160 470 3200 mansos
499 3160 594 3211 sex
629 3156 683 3200 et
716 3147 954 3216 jornales
976 3156 1215 3217 septem;
1256 3158 1310 3201 et
1348 3148 1403 3201 in
1446 3146 1759 3202 Utilinhaim
1802 3146 1822 3184 ί

1929 1991 2147 2030 mansos
2175 1976 2359 2030 decem
2393 1984 2446 2030 et
2474 1983 2701 2045 septem,
2730 1986 2784 2030 et
2809 1986 2961 2045 prata
2996 1977 3063 2031 ad
3091 1985 3335 2031 carratas
3354 1977 3514 2046 quin-

1929 2066 2204 2135 quaginta,
2229 2069 2286 2119 et’
2311 2066 2376 2119 de
2400 2066 2556 2120 vinea
2586 2066 2873 2134 aripennos
2900 2073 3147 2134 quatuor,
3172 2082 3293 2121 cum
3318 2066 3513 2120 ﬁnibus

1927 2162 1983 2206 et
2004 2154 2248 2207 terminis
2273 2168 2483 2219 eorum,
2515 2164 2569 2209 et
2598 2156 2865 2225 mancipia
2893 2152 3118 2209 numero
3142 2156 3361 2226 triginta
3384 2170 3516 2223 qua-

1929 2251 2052 2296 tuor
2076 2258 2196 2311 quae
2224 2243 2296 2297 ita
2320 2245 2667 2305 nominantur
2695 2262 2707 2297 :
2734 2244 3008 2310 Adelbert,
3038 2244 3241 2309 Watto,
3266 2245 3516 2316 Dliegan-

1930 2332 2061 2395 liolt,
2099 2331 2370 2402 Hildigun,
2404 2332 2739 2400 Werinbold,
2771 2333 3056 2405 Hugibold,
3095 2334 3381 2413 lngilbold,
3412 2335 3512 2391 Ot-

1928 2429 2078 2491 gunt,
2121 2420 2460 2491 Weringunt,
2489 2422 2776 2486 Willibert,
2808 2423 3035 2489 France,
3065 2423 3321 2487 Horslolf,
3346 2424 3521 2479 Ruat-r

1926 2512 2041 2577 ber,
2073 2502 2343 2577 Snelrath,
2377 2510 2605 2577 Hiltrad,
2642 2513 2916 2583 lngilbert,
2943 2514 3250 2585 Engitman,
3281 2514 3513 2575 Niwrat.

1929 2605 2196 2669 Trutlind,
2219 2621 2339 2659 cum
2363 2605 2471 2659 ﬁlio
2492 2619 2611 2669 suo,
2631 2605 2907 2669 Werhild,‘
2922 2605 3195 2669 Ruathild,
3220 2606 3515 2670 Willisind,

1927 2696 2191 2767 Ratgunt,
2219 2696 2526 2765 lngilbricb,
2558 2695 2783 2759 Lonico,
2824 2688 3093 2761 Adalhild,
3125 2695 3339 2760 Libold,
3381 2694 3519 2750 Wil-

1930 2784 2121 2851 liguut,
2170 2784 2298 2837 item
2338 2783 2668 2853 Deganbald,
2713 2772 2961 2854 Lipsind,
2999 2784 3263 2849 Liutsind,
3303 2786 3523 2840 Werin-

1928 2875 2068 2940 bert,
2106 2874 2331 2929 Wacbo.
2380 2874 2529 2930 Unde
2556 2886 2610 2931 et
2641 2876 2775 2930 duas
2800 2877 3247 2931 commutationes
3289 2880 3405 2948 pari
3439 2887 3515 2932 te-

1930 2981 2065 3021 nore
2110 2965 2443 3032 conscriptas
2470 3003 2483 3029 ,
2529 2965 2884 3034 manibusque
2929 2966 3195 3021 bonorum
3236 2966 3533 3021 hominum.

1933 3058 2213 3111 roboratas
2245 3070 2356 3123 prae
2382 3056 2632 3110 manibus
2662 3071 2720 3110 se
2746 3056 2947 3110 habere
2976 3054 3203 3125 professi
3234 3064 3387 3120 sunt;
3418 3056 3512 3110 sed

1931 3162 2029 3217 pro
2053 3147 2260 3215 integra
2282 3145 2535 3199 ﬁrmitate
2564 3146 2835 3214 petierunt
2861 3146 3164 3201 celsitudini
3188 3155 3402 3208 nostra},
3434 3156 3511 3206 ut,

248 3250 473 3290 mansos
502 3244 764 3305 quatuor;
799 3245 853 3291 et
886 3238 1028 3292 inter
1062 3237 1375 3292 Fedinbeim
1406 3239 1451 3301 ε,
1484 3246 1538 3289 et
1570 3235 1828 3304 Lampar-
1858 3225 1901 3285 C
1935 3243 2039 3289 etc.
2090 3234 2332 3303 Reliqua,
2367 3243 2421 3286 ut
2458 3235 2511 3286 in
2547 3234 2829 3303 diplomate
2861 3236 2985 3289 anni
3011 3234 3133 3299 825,
3162 3252 3263 3303 quo
3291 3233 3516 3289 Ludovio

250 3323 415 3381 tlieim
447 3324 499 3390 ιι,
533 3310 961 3380 εῖΤεοὺίυὴθὶω
1005 3328 1051 3391 ί,
1085 3342 1302 3381 mansos
1329 3326 1464 3381 duos
1493 3335 1546 3379 et
1577 3334 1730 3395 prata
1759 3326 1828 3381 ad

247 3413 506 3470 camdas
541 3413 555 3465 i
604 3416 824 3487 triginta
861 3425 1123 3486 quatuor;
1158 3425 1211 3471 et
1247 3417 1314 3471 ad
1348 3412 1763 3471 Mustridisheim
1801 3416 1827 3455 ιι

247 3510 452 3560 sortem
484 3502 502 3542 ι
535 3519 729 3572 unam,
779 3513 833 3560 et
870 3507 938 3560 ad
980 3506 1271 3575 Fregistatt
1308 3517 1347 3543 ιιι
1377 3513 1550 3559 sortes
1596 3506 1729 3559 duas
1778 3513 1833 3559 et

325 3623 351 3652 ι
389 3610 744 3679 Mabillonius,
782 3613 877 3669 lib.
928 3614 962 3667 6
1010 3614 1073 3669 de
1104 3614 1183 3667 Re
1232 3612 1478 3682 diplom.,
1531 3629 1680 3667 num.
1722 3613 1822 3676 780,

252 3690 522 3736 memorat
548 3693 875 3751 prmceptum
916 3683 1173 3737 Ludovici
1198 3692 1251 3736 et
1276 3683 1520 3736 Lotbarii
1549 3699 1646 3751 pro
1676 3698 1826 3737 com-

253 3752 549 3822 mutatione
572 3753 639 3805 ab
662 3753 912 3807 Hilduino
944 3754 1138 3807 abbate
1173 3752 1676 3822 Dionysianofacta
1702 3768 1825 3822 cum

250 3821 483 3890 quodam
512 3820 818 3877 Lantfredo.
851 3822 1133 3890 Adalulfus
1162 3816 1413 3874 diaconus
1444 3816 1731 3890 recognovit
1759 3821 1827 3873 ad

249 3890 411 3960 vicem
439 3888 727 3960 Fridugist'.
762 3892 956 3945 Datum
976 3908 1006 3944 v
1037 3888 1163 3946 Kal.
1202 3890 1385 3942 Martii
1410 3888 1641 3943 anno‘15
1676 3891 1831 3960 impe-

250 3957 527 4030 rii_do_mni
564 3957 838 4023 Ludovici,
864 3970 909 4014 et
945 3961 1179 4015 Lotharii
1210 3960 1262 4023 6,
1293 3960 1481 4030 Actum
1514 3957 1831 4030 Aquisgram'

248 4025 651 4107 pttlttl‘iOngOﬁ,’
671 4030 740 4107 _id
778 4037 881 4107 est,
916 4030 1279 4107 annoChristi
1303 4029 1429 4107 828.

329 4096 356 4134 δ
393 4096 571 4150 Edidit
599 4096 975 4169 Scltwpﬁinns,
1009 4100 1173 4153 Alsat.
1214 4098 1434 4167 diplom.
1466 4106 1594 4152 tom.
1633 4098 1673 4164 l,
1705 4114 1829 4169 pag.

252 4164 343 4227 72,
379 4178 435 4217 se
466 4182 570 4219 non
601 4168 733 4220 satis
759 4164 1018 4221 correcte.

328 4245 349 4272 ο
393 4235 541 4288 Licet
561 4235 848 4291 Lotliarius
874 4237 960 4291 die
985 4238 1047 4291 51
1080 4236 1205 4291 Julii
1235 4238 1337 4292 817
1366 4251 1590 4292 consors
1618 4236 1829 4304 imperii

252 4302 432 4359 factus
460 4304 647 4359 fuisset
674 4309 724 4359 el
751 4306 1096 4359 conﬁrmatus
1130 4308 1152 4358 1
1188 4306 1307 4358 Maii
1334 4308 1429 4360 821
1474 4308 1526 4360 in
1563 4302 1831 4359 conventu

249 4372 685 4443 Noriomagensi,
716 4384 895 4427 tamen
922 4376 973 4427 in
1003 4375 1401 4443 diplomatibus,
1443 4377 1534 4429 ubi
1576 4375 1832 4429 Ludovici

250 4451 311 4513 et
351 4441 591 4513 Letharii
624 4445 854 4513 nomina
899 4441 1167 4497 habentur
1217 4445 1569 4513 coniunctim,
1625 4445 1833 4513 primus

1936 3342 2026 3377 cus
2055 3322 2185 3377 Pius
2211 3323 2484 3391 conﬁrmat
2514 3324 2967 3376 commutationem
2989 3322 3182 3390 factam
3222 3323 3356 3375 inter
3387 3322 3515 3376 Ber-

1938 3414 2152 3468 noldum
2195 3413 2634 3482 Argentinensem,
2661 3422 2710 3464 et
2736 3412 3045 3481 prt'vdictum
3076 3411 3511 3482 Erchcngarium,

1937 3520 2117 3573 supra,
2144 3518 2286 3558 num.
2310 3499 2441 3555 CIX.
2462 3500 2528 3553 Et
2546 3511 2603 3554 ut
2622 3501 2737 3555 haec
2762 3502 3059 3556 auctoritas
3087 3500 3294 3556 ﬁrmior
3323 3502 3523 3557 habea-

1968 3611 2271 3665 entinense.

1968 3629 2271 3665 entinense.

1933 3629 1965 3753 g_
2008 3679 2231 3753 i_Vicus
2268 3680 2499 3753 ignotus,
2535 3680 2760 3753 forsitan
2785 3681 3159 3735 Eckwersliet‘m
3181 3697 3349 3753 prope
3376 3685 3520 3740 Vens

1930 3750 2181 3819 denlieim
2219 3758 2273 3803 et
2301 3750 2722 3819 Lampertheim.

2004 3819 2016 3869 i
2070 3818 2419 3893 C_arr_ada_est
2442 3818 2578 3893 onus
2609 3822 2775 3893 carri,
2810 3829 3248 3893 quantumgarro
3268 3822 3513 3893 vehiipo-

1933 3898 2056 3962 test,
2080 3889 2261 3962 gallis
2282 3889 2563 3962 c_h_arretée_.
2610 3889 2881 3962 Ducange,
2911 3900 3041 3962 tom.
3075 3889 3291 3962 ll,pag.
3318 3889 3441 3962 547'.

2004 3960 2031 3997 ιι
2080 3956 2249 4029 Hodie
2295 3956 2671 4029 Meistersheim
2694 3999 2707 4022 ,
2732 3956 2983 4029 quatuor
3023 3956 3189 4013 leucis
3216 3956 3284 4015 ab
3312 3960 3505 4029 Argei»

1931 4030 2063 4092 tina,
2094 4027 2321 4083 feodunn
2340 4028 2679 4095 episcopatus
2713 4027 3140 4096 Argentinensis,
3186 4029 3254 4083 ad
3298 4027 3411 4084 DD.
3450 4035 3513 4086 (ιν

1931 4098 2243 4166 Landsperg
2278 4097 2569 4163 pertinens.

2006 4166 2021 4203 ι
2069 4164 2199 4237 sors
2220 4164 2344 4218 erat
2370 4166 2632 4237 modulus
2646 4166 2781 4237 agri.
2817 4166 3088 4237 Ducange,
3121 4168 3176 4220 in
3211 4166 3513 4232 Glossario,

1926 4246 2079 4308 tom._
2113 4235 2211 4299 Vl,
2260 4234 2549 4308 pag.‘609.
2602 4234 2952 4308 Signiﬁcabat
2992 4234 3161 4308 etiam
3204 4238 3509 4308 usuagium,

1927 4308 2042 4413 SN:
2063 4302 2768 4427 ἰῗεῗᾱῖέεὲῗῖευῖὲῗῧωὶὲ
2776 4305 3103 4427 .Rllaizizgnu‘tiiwi

2005 4387 2042 4413 ιη
2068 4372 2235 4428 Hodie
2267 4372 2567 4443 Freystmtt,
2611 4381 2759 4443 trans
2787 4372 3058 4440 Rhenum,
3094 4390 3324 4443 magnus
3364 4375 3513 4432 vicus

1927 4445 2204 4522 pertinens
2252 4442 2657 4522 adprincipem
2703 4442 3407 4522 _Hasso-Darmstadiensem
3460 4447 3512 4500 in

250 4511 464 4592 imperii
490 4511 825 4597 ‘b‘otbariani
868 4528 1042 4567 annus
1074 4510 1352 4597 ‘repetitu'r
1380 4514 1467 4597 ‘ab
1519 4510 1659 4568 anno
1692 4514 1827 4595 .822,
1853 4539 1906 4597 Β
1931 4510 2259 4597 βΓίΕΪςΙΟξΠῙὮΔ
2287 4510 2737 4597 Licbtenaviensi.

249 4595 360 4648 quo
394 4581 827 4652 in_Attiniacensi
863 4591 1127 4652 conventu
1156 4581 1340 4638 mense
1366 4584 1607 4652 Augusto
1634 4585 1831 4639 missus

250 4658 335 4721 est
366 4652 419 4704 in
453 4650 618 4704 Italia:
652 4667 893 4720 regnum.
940 4650 1254 4718 Hujusmodi
1284 4650 1575 4721 diplomata
1600 4654 1651 4706 in
1681 4653 1833 4707 Alsa-

255 4720 340 4790 tia
357 4734 462 4773 non
492 4722 838 4790 reperiuntur
862 4729 985 4775 ante
1009 4736 1205 4774 annum
1240 4720 1359 4782 896’,
1395 4731 1451 4776 et
1483 4724 1589 4776 duo
1624 4731 1830 4776 tantum

250 4789 414 4858 hujus
440 4789 653 4861 generis
679 4798 914 4861 exstant,
944 4798 1186 4861 nostrum
1215 4792 1341 4844 anni
1372 4792 1498 4861 828,
1524 4800 1578 4845 et
1602 4792 1830 4846 alterum

252 4859 769 4931 autograpbumﬂan.
804 4859 906 4913 826
940 4874 1037 4927 pro
1070 4859 1397 4931 monasterio
1429 4860 1777 4931 Gregoriano.

324 4927 366 4999 ἀ-
392 4927 621 4999 ldemac
644 4928 818 4999 Wido,
851 4938 967 4982 erat
992 4944 1057 4982 ex
1084 4945 1273 4999 magna
1304 4930 1505 4984 familia
1537 4927 1584 4983 et
1616 4930 1831 4999 quidem

253 4997 525 5068 Ludovico
548 4997 643 5051 Pio
670 4996 859 5061 aﬁinis,
904 5006 962 5051 ut
998 4996 1250 5068 opinatur
1287 5000 1503 5063 Eckart,
1546 5000 1611 5052 de
1633 4996 1832 5055 _Rcbus

254 5066 451 5138 lj‘ranc.
476 5066 685 5121 Orient.
718 5076 845 5121 tom.
886 5068 949 5131 ll,
985 5066 1106 5138 pag.
1152 5068 1277 5133 481,
1324 5070 1415 5137 qui
1454 5070 1650 5123 asserit
1682 5069 1831 5123 illum

257 5136 424 5209 fuisse
452 5145 701 5209 nepotem
736 5138 950 5209 Ernesti
988 5136 1148 5192 idu'cis
1195 5147 1249 5192 et
1288 5136 1647 5209 propinquum
1693 5140 1833 5194 Ada-

255 5206 640 5287 lardincomitils
672 5206 873 5287 palatii.

330 5222 391 5259 ἰιι
424 5222 640 5328 comit?
672 5222 873 5287 palatii.

330 5286 354 5313 ο
396 5274 564 5354 Hodie
644 5279 896 5342 neshetm,
936 5278 1087 5333 vicus
1112 5278 1386 5347 pertinens
1420 5278 1487 5333 ad
1524 5277 1830 5346 episcopum

256 5344 724 5451 Argentinensem.

399 5411 567 5451 “Min
592 5416 724 5451 viruit

399 5411 567 5470 Hodie
592 5416 746 5469 vicus
788 5412 1075 5469 Uteluheim
1115 5416 1229 5471 sive
1267 5416 1579 5476 lttlenheim,
1618 5416 1830 5472 bihorio

255 5481 460 5555 distans
477 5482 811 5555 _Argentina,
852 5485 905 5538 in
942 5501 1047 5555 quo
1090 5487 1304 5541 abbatia
1342 5486 1831 5549 Schwartzacensis

256 5552 452 5625 gaude}
468 5552 591 5625 jure
605 5552 1035 5625 decimarum'et
1051 5564 1385 5625 patronatus.

331 5623 357 5661 ⁸
395 5620 563 5696 Hodie
605 5621 977 5696 Vendenheim,
1016 5620 1226 5696 feodum
1256 5626 1592 5696 episcopatus
1629 5625 1831 5695 Argen-

260 5692 506 5761 tineasis,
531 5693 809 5761 pertinens
833 5695 898 5747 ad
928 5696 1034 5749 DD.
1060 5695 1127 5750 de
1150 5692 1449 5749 Wurinser.

330 5760 355 5831 li
394 5760 561 5817 Hodie
604 5760 1005 5831 Lampcrtlteim,
1052 5764 1268 5818 dimidia
1320 5766 1467 5819 leuca
1515 5781 1543 5818 a
1588 5764 1830 5819 Venden-

261 5829 401 5882 lteim
433 5832 657 5897 distans,
689 5829 962 5899 pertinens
993 5833 1058 5888 ad
1092 5850 1358 5890 summum
1400 5835 1689 5904 capitulum
1724 5836 1825 5888 Ar-

2011 4594 2036 4620 ο
2080 4583 2138 4636 ld
2179 4589 2283 4645 est,
2332 4581 2547 4635 forestte
2587 4568 2721 4653 usus
2761 4582 2829 4635 ad
2871 4582 3193 4653 saginandos
3236 4598 3449 4653 porcos,
3483 4600 3511 4637 a

1934 4668 2065 4707 voce
2090 4661 2241 4713 most,
2272 4666 2409 4721 quae,
2435 4659 2570 4705 teste
2587 4650 2901 4716 Wachtcro,
2926 4650 3184 4707 Glossarii
3200 4650 3327 4721 pag.
3354 4652 3509 4716 1056.

1935 4721 2201 4801 signiﬁcat
2245 4719 2424 4801 glans,
2462 4721 2824 4801 siveusagina.
2876 4722 2993 4801 Yox
3028 4737 3158 4776 vero
3198 4719 3509 4777 Waltmasta

1933 4789 2207 4860 hucusque
2240 4789 2344 4860 fuit
2364 4789 2652 4844 Glossariis
2686 4789 2977 4860 incognita.

2007 4869 2030 4895 ο
2078 4859 2244 4931 Hodie
2282 4858 2585 4931 Zeinheim,
2620 4876 2785 4929 prope
2815 4858 3193 4931 _Wilgotbeim,
3232 4860 3521 4929 pertinens.

1933 4930 1998 4983 ad
2027 4930 2336 4999 episcopum
2369 4928 2835 4999 ArgentinenSem.

2005 5010 2039 5069 pr
2060 4997 2264 5069 'Modus
2284 4997 2427 5068 agri,
2451 4997 2592 5069 unde
2617 4998 2823 5069 Gallica
2846 5011 3183 5069 voxiarpent.
3232 5000 3505 5068 Ducangp.

1932 5070 1987 5122 in
2015 5068 2321 5138 Glossario,
2344 5068 2540 5138 tom._l,
2574 5084 2694 5138 pag.
2728 5067 2829 5121 624
2858 5077 2913 5121 et
2943 5067 3065 5123 692⁷.

2001 5149 2027 5187 q
2072 5136 2242 5190 Hodie
2276 5132 2427 5207 vicus
2452 5132 2709 5207 Warige'n,
2739 5138 3022 5207 antiquum
3064 5135 3294 5193 abbatia:
3330 5137 3517 5192 sancti.

1935 5207 2191 5276 Stephani
2220 5206 2624 5276 patrimonium.

2006 5274 2042 5314 ί
2066 5274 2435 5354 §cbo§ptlinus
2457 5275 2595 5354 male
2617 5274 2746 5354 legit
2771 5275 3001 5354 nroflega
3027 5275 3430 5354 promancipja.

2003 5359 2023 5383 ε
2066 5343 2248 5400 Hodie
2274 5343 2588 5406 Zimweiler,
2628 5343 2780 5400 vicus
2808 5343 3178 5403 Oberbronnio
3210 5343 3509 5398 semileuca

1932 5418 2155 5471 distans.
2201 5413 2383 5467 Primo
2421 5414 2727 5469 nominatus
2767 5414 2867 5472 fuit
2903 5413 3357 5477 Erboldisweiler,
3405 5412 3501 5468 sed

1930 5486 2302 5563 brevinomen
2336 5498 2490 5537 suum
2517 5484 2917 5563 deperdidi_t_,_et
2940 5500 2971 5537 a
3005 5484 3120 5563 rivo
3146 5482 3383 5563 Zinzela,
3412 5482 3504 5563 qui

1933 5556 2082 5608 illum
2137 5552 2324 5612 abluit,
2380 5550 2601 5607 vocatus
2645 5554 2748 5607 fuit
2796 5552 3126 5607 Zinsweiler.
3187 5550 3263 5605 ln‘
3298 5550 3502 5605 Zinzila

1931 5624 2211 5678 Odalricus
2238 5637 2421 5676 comes
2450 5623 2663 5691 scripsit
2685 5638 2825 5677 anno
2852 5622 2953 5677 804
2982 5622 3226 5691 chartam
3250 5620 3501 5691 donatio-

1932 5695 2016 5747 nis
2052 5692 2484 5763 bonorum‘villaz
2510 5688 2793 5747 Heinbaim
2834 5708 2931 5763 pro
2969 5690 3184 5763 abbatia
3208 5689 3499 5763 Afuldensi,

1932 5777 2089 5831 quam
2114 5762 2294 5815 reiulit
2324 5759 2617 5829 S'cliannat,
2651 5763 2700 5816 in
2732 5759 2933 5816 Tradit.
2968 5759 3340 5825 Fuldensibus,
3375 5774 3497 5831 pag.

1932 5832 2015 5885 86.
2044 5848 2189 5885 num.
2225 5831 2339 5885 181.

1932 5835 2015 5896 86,
2044 5848 2189 5885 ηυω.
2225 5835 2339 5885 181.
