3936 6388
1583 368 1906 427 ιυυονιει
1945 365 1968 422 ι
2007 367 2475 426 COGNOMENTO
2516 369 2599 424 ΡΠ

3582 372 3736 426 “7'1

439 495 546 550 tur,
578 486 644 540 de
679 483 876 538 annulo
905 491 1092 538 nostro
1121 484 1305 539 subter
1334 500 1452 538 cam
1481 483 1742 554 iussimus
1773 483 2014 554 sigillari.
2047 486 2094 545 Α
2125 485 2414 554 requiescit
2437 487 2571 556 ipse,
2600 493 2968 541 constructum
2999 485 3052 538 in
3099 486 3358 540 suburbio
3390 487 3568 556 ipsius
3595 489 3742 541 civi-

437 572 820 628 Hirminmaris
841 576 1082 629 notarius
1113 574 1180 628 ad
1215 575 1384 629 vicem
1416 574 1683 645 Fridugisi
1713 575 2018 644 recognovi.

509 661 643 717 Data
674 673 868 734 quarto
896 662 1031 718 Non.
1064 664 1259 729 Martii,
1306 679 1470 729 anno,
1511 663 1726 719 Christo
1765 663 2017 732 propitio,

440 753 505 808 15
545 754 752 825 imperii
804 755 986 810 domni
1031 754 1285 811 Ludovici
1333 765 1395 814 et
1428 756 1666 810 Lotbarii
1713 753 1746 809 6
1793 755 2022 824 piissimi

434 843 688 916 Augusti,
723 846 1014 901 indictione
1045 847 1097 900 6.
1145 846 1338 901 Actum
1367 847 1689 918 Aquisgrani
1714 847 1914 917 palatio
1943 862 2024 902 re-

435 935 524 1004 gio
552 947 601 1002 ι,
628 935 680 990 in
716 935 810 990 Dei
844 937 1059 990 nomine
1096 936 1340 992 feliciter.
1397 937 1587 992 Amen.

1151 1049 1329 1104 CXLI.

506 1153 608 1193 PRO
652 1152 1093 1194 RESTAURATIONE
1139 1155 1403 1194 εεοιεδιιε
1423 1155 1763 1198 S.BENIGNIIN
1815 1155 1948 1194 UBBE

1104 1225 1353 1265 DIVIONIS.

1050 1301 1222 1375 (Anno
1259 1301 1407 1373 ses.)

438 1387 625 1460 iApud
648 1389 878 1455 Mabill.,
910 1391 1046 1445 Ann.
1075 1391 1191 1445 0rd.
1217 1390 1276 1447 S.
1305 1390 1528 1457 Bened.,
1552 1400 1680 1446 toni.
1699 1392 1763 1457 ll,
1787 1408 1839 1462 p.
1859 1388 2014 1467 516.]

505 1483 563 1537 In
599 1483 817 1538 nomine
854 1482 1066 1538 Domini
1111 1483 1205 1538 Dei
1243 1490 1297 1538 et
1346 1483 1645 1537 Salvatoris
1673 1484 1846 1537 nostri
1891 1481 2018 1538 Jesu

433 1575 651 1641 Christi,
677 1575 983 1631 Ludovicus
1004 1577 1184 1630 divina
1216 1577 1499 1632 ordinante
1528 1577 1866 1644 providentia
1917 1577 2019 1630 im-

433 1675 654 1736 perator
691 1666 984 1737 Augustus,
1021 1666 1259 1721 Amadeo
1293 1665 1500 1728 comiti,
1527 1665 1691 1720 Helia:
1716 1674 1772 1720 et
1797 1665 2016 1731 Waldo,

434 1759 740 1813 lsembardo
766 1765 821 1814 et
846 1758 1107 1812 Barberto
1135 1757 1309 1812 vassis
1340 1757 1556 1812 nostris.
1605 1755 1800 1811 Notum
1826 1757 1896 1811 sit
1924 1771 2018 1810 vo-

2129 579 2273 642 tatis,
2299 595 2421 632 cum
2453 579 2703 634 omnibus
2738 579 3066 648 appendiciis
3093 586 3145 634 et
3175 580 3429 634 assentiis
3451 579 3476 618 δ
3499 594 3735 642 eorum,

2123 684 2370 738 quamon
2395 669 2566 724 solum
2616 670 2754 724 idem
2783 669 2994 739 genitor
3027 679 3244 734 noster,
3298 685 3491 724 verum
3553 673 3735 725 etiam

2121 758 2546 828 prmdecessores
2570 761 2684 830 ejus
2736 775 2912 830 rcges,
2943 762 3220 832 ipsamque
3269 763 3454 816 sedem
3483 763 3594 815 sub
3628 777 3734 817 suo

2123 850 2418 904 munimine
2448 859 2502 904 et
2550 851 2864 908 defensione
2892 868 3012 907 cum
3044 853 3253 907 cellulis
3278 852 3378 906 sibi
3409 852 3689 918 subjectis
3717 893 3734 915 .

2123 950 2177 996 et
2205 943 2363 997 rebus
2383 944 2465 997 vel
2497 944 2804 998 hominibus
2835 945 2900 998 ad
2931 961 2988 999 se
3024 943 3424 1014 pertinentibus
3446 944 3534 996 vel
3578 944 3736 1012 aspi-

2123 1033 2389 1088 cientibus
2410 1035 2703 1090 consistere
2719 1033 2992 1097 fecissent,
3017 1044 3070 1090 et
3091 1050 3278 1089 eorum
3304 1033 3735 1087 immnnitatum

2123 1126 2535 1180 auctoritatibus
2568 1127 2635 1181 ab
2675 1127 3047 1196 inquietudine
3094 1125 3395 1194 iudiciaria:
3426 1123 3738 1192 potestatis

2123 1216 2309 1271 eadem
2334 1218 2540 1271 munita
2567 1225 2729 1287 atque
2746 1216 2969 1272 defensa
2991 1216 3177 1271 fuisset
3201 1214 3450 1268 ecclesia.
3479 1212 3596 1267 Sed
3626 1227 3734 1278 pro

2123 1309 2199 1362 rei
2232 1308 2487 1364 firmitate
2523 1311 2816 1380 postulavit
2854 1327 2883 1364 a
2919 1310 3074 1364 nobis
3115 1306 3377 1378 praefatus
3428 1306 3734 1360 Sicharius

2120 1401 2558 1472 archiepiscopus
2582 1411 2661 1467 ut,
2687 1411 2974 1472 parentum
3000 1416 3093 1456 seu
3122 1399 3594 1471 pmdecessorum
3631 1411 3735 1449 n0-

2119 1498 2356 1545 strorum
2386 1507 2570 1564 regum
2592 1508 2796 1548 morem
2820 1501 3125 1562 sequentes,
3159 1489 3473 1559 huiusmodi
3504 1495 3728 1541 nostra:

2121 1583 2476 1640 immunitatis
2501 1595 2831 1656 praeceptum
2858 1585 2928 1641 ob
2957 1599 3197 1639 amorem
3236 1583 3330 1636 Dei
3359 1591 3414 1635 et
3453 1595 3730 1634 reveren-

2120 1675 2250 1728 tiam
2280 1675 2448 1746 ipsius
2485 1677 2658 1731 sancti
2700 1675 2803 1730 loci
2846 1676 2990 1730 circa
3047 1674 3219 1744 ipsam
3249 1671 3545 1726 ecclesiam
3605 1667 3732 1721 ﬁeri

2120 1781 2490 1822 censeremus.
2518 1767 2682 1836 Cuius
2720 1768 2967 1838 petitioni
2997 1766 3233 1820 libenter
3263 1777 3548 1816 assensum
3583 1775 3730 1828 pra.»

432 1851 516 1905 bis
536 1851 662 1919 quia
685 1849 934 1903 volumus
958 1857 1018 1902 ut
1067 1847 1394 1916 adiutorium
1425 1847 1635 1902 faciatis
1684 1845 2019 1916 Herlegaudo

2125 1857 2362 1923 buimus,
2394 1867 2449 1914 et
2475 1859 2579 1914 hoc
2609 1868 2810 1914 nostra:
2837 1857 3178 1912 auctoritatis
3207 1863 3539 1925 przeceptum
3572 1853 3726 1905 circa

431 1940 660 1996 diacono
690 1939 760 1994 ad
805 1940 1212 1994 restaurandam
1242 1947 1298 1994 et
1347 1939 1820 2007 recooperiendam
1848 1936 2022 1990 eccle-

433 2033 570 2086 siam
619 2033 790 2087 sancti
836 2031 1058 2102 Benig’ni
1090 2031 1346 2101 martyris
1371 2028 1595 2095 Christi,
1628 2037 1850 2098 propter
1873 2027 2018 2082 illam

432 2123 639 2178 scilicet
671 2123 937 2178 rationem
960 2163 974 2187 ,
1037 2123 1163 2192 quia
1189 2129 1524 2192 compertum
1581 2107 1736 2175 nobis
1769 2129 1852 2175 est
1875 2118 2021 2189 quod

433 2228 529 2273 vos
571 2213 638 2267 de
669 2211 881 2267 ratione
900 2210 1145 2282 eiusdem
1172 2210 1418 2266 ecclesia:
1442 2209 1704 2264 beneficia
1741 2209 2018 2272 habeatis;

430 2314 488 2356 et
510 2315 702 2366 nonas,
727 2308 784 2356 et
823 2300 1062 2356 decimas
1090 2299 1142 2353 in
1171 2299 1420 2354 omnibus
1451 2299 1580 2353 dare
1606 2297 1818 2353 faciatis
1844 2312 1859 2351 :
1891 2297 2019 2367 quia

428 2391 633 2462 iustum
688 2398 792 2445 est.
851 2388 1146 2458 Propterea
1203 2388 1584 2444 constituimus
1633 2389 1790 2443 vobis
1843 2395 1908 2441 ut
1953 2386 2022 2441 ad

431 2483 848 2538 restaurandam
878 2481 1020 2535 illam
1049 2481 1354 2546 ecclesiam,
1378 2490 1432 2536 et
1461 2481 1899 2551 c00periendam,
1926 2480 2022 2535 ad-

431 2574 686 2646 iutorium
732 2573 1018 2644 prestetis.
1047 2572 1242 2629 Videte
1285 2581 1344 2627 ut
1373 2574 1592 2628 omnino
1619 2572 1910 2643 impleatis,
1943 2579 2023 2626 at-

431 2683 539 2738 que
568 2667 868 2738 expressim
891 2662 1049 2721 'vobis
1077 2665 1466 2720 demandamus
1513 2674 1572 2719 ut
1595 2665 1798 2719 nullam
1828 2663 2024 2717 exinde

433 2756 679 2812 habeatis
707 2755 1110 2826 negligentiam,
1136 2754 1182 2810 si
1210 2755 1440 2825 gratiam
1471 2762 1717 2810 nostram
1744 2753 1908 2808 vultis
1932 2753 2025 2807 ha—

433 2850 581 2904 bere.
596 2848 666 2903 Et
683 2855 744 2902 ut
762 2847 963 2904 certius
975 2847 1315 2919 cognoscatis
1338 2848 1479 2902 hanc
1494 2855 1736 2902 nostram
1762 2859 1881 2900 esse
1899 2842 2020 2913 jus-

434 2937 672 3006 sionem,
697 2938 764 2995 de
791 2937 990 2994 annulo
1013 2947 1201 2994 nostro
1224 2938 1487 3008 iussimus
1518 2935 1763 3008 sigillari.

1145 3049 1348 3106 CXLII.

637 3161 737 3202 PRO
775 3161 1153 3203 BURDIGALENSI
1193 3160 1238 3200 S.
1282 3156 1506 3198 ANDREB
1544 3157 1814 3198 ECCLESIA.

953 3236 1108 3308 (Ante
1141 3252 1339 3289 annum
1376 3232 1525 3304 828.)

434 3327 625 3401 iApud
650 3327 715 3401 D.
742 3327 1032 3401 Bouqu_et.,
1058 3335 1187 3401 tom_.
1209 3325 1314 3401 ἬρΔ
1343 3341 1468 3401 pag.
1500 3325 1622 3389 557,
1643 3342 1745 3401 _e_x_
1769 3325 2023 3401 I_.opesio,

646 3398 849 3452 Eccles.
879 3395 1112 3466 'Metrop.
1146 3395 1451 3466 Burdigal.,
1491 3412 1613 3466 pag.
1643 3395 1802 3466 577.]

505 3491 564 3545 In
601 3490 819 3545 nomine
859 3489 956 3544 Dei
985 3496 1039 3543 et
1078 3487 1377 3542 Salvatoris
1429 3488 1598 3542 nostri
1635 3486 1764 3542 Jesu
1796 3485 2024 3550 Christi,

438 3580 742 3636 Ludovicus
782 3579 962 3640 divina
1006 3577 1290 3632 ordinante
1336 3577 1671 3648 providentia
1733 3577 2027 3646 imperator

439 3675 735 3743 Augustus.

509 3762 565 3817 Si
591 3761 934 3817 liberalitatis
963 3767 1163 3814 nostra:
1222 3773 1444 3813 munere
1489 3757 1624 3812 locis
1675 3758 1786 3812 Deo
1829 3756 2025 3811 dicatis

439 3852 696 3923 quiddam
739 3849 1067 3906 conferimus
1098 3848 1365 3912 beneficii,
1395 3857 1450 3903 et
1479 3848 1834 3902 necessitates
1859 3847 2027 3902 eccle-

441 3942 693 3998 siasticas
719 3942 786 3996 ad
815 3941 1105 4012 petitiones
1132 3939 1475 3994 sacerdotum
1506 3945 1692 3992 nostro
1723 3938 2026 3992 relevamus

436 4034 733 4103 iuvamine,
759 4033 810 4087 id
849 4033 1005 4086 nobis
1025 4039 1080 4086 et
1110 4032 1176 4086 ad
1202 4031 1484 4086 mortalem
1511 4032 1674 4085 vitam
1711 4031 2023 4101 temporali-

440 4134 524 4177 ter
568 4120 989 4193 transigendam,
1017 4129 1072 4175 et
1098 4120 1165 4173 ad
1206 4129 1464 4174 aeternam
1516 4119 1746 4175 feliciter
1782 4120 2028 4175 obtinen-

440 4217 569 4271 dam
589 4213 928 4285 profuturum
960 4211 1164 4279 liquido
1211 4211 1499 4264 credimus.
1550 4209 1774 4264 Noverit
1819 4211 2024 4264 interea

441 4309 708 4379 sagacitas
727 4293 1054 4361 seu'utilitas
1082 4302 1321 4357 omnium
1361 4300 1615 4365 fidelium,
1652 4310 1760 4354 tam
1788 4316 2026 4370 praesen;

442 4401 580 4455 tium
598 4413 760 4468 quam
795 4395 1128 4458 futurorum,
1170 4392 1313 4462 quod
1347 4392 1428 4445 vir
1459 4391 1784 4445 venerabilis
1829 4389 2023 4446 Sicha-

441 4491 556 4544 rius
599 4485 1002 4558 Burdigal‘ensis
1051 4482 1492 4552 archiepiscopus
1547 4475 1732 4545 adiens
1779 4489 2018 4536 nostram

442 4578 812 4648 praesentiam,
851 4574 1047 4630 obtulit
1077 4571 1354 4628 obtutibus
1403 4573 1604 4627 nostris
1631 4572 2023 4626 immunitatem

444 4668 730 4743 d0mini.et
763 4664 1023 4737 genitoris
1050 4663 1220 4718 nostri
1243 4661 1420 4717 Caroli
1463 4663 1618 4717 bona:
1633 4661 1917 4716 memoriae
1939 4676 2028 4716 se~

448 4758 715 4814 renissimi
743 4755 994 4825 Augusti,
1025 4755 1077 4809 in
1107 4769 1212 4824 qua
1263 4753 1642 4809 continebatur
1670 4753 1904 4822 qualiter
1951 4754 2031 4822 ip-

448 4865 565 4906 sam
595 4849 801 4912 sedem,
829 4859 949 4917 qua:
986 4853 1071 4900 est
1117 4845 1172 4899 in
1213 4843 1473 4898 honorem
1521 4841 1579 4897 S.
1607 4842 1836 4897 Andreae
1883 4850 1936 4896 et
1967 4841 2023 4894 S.

445 4940 633 4997 Jacobi
657 4938 1048 5009 apostolorum,
1076 4951 1197 4990 cum
1233 4927 1576 4988 monasteriis
1601 4934 1702 4987 sibi
1734 4934 1989 5003 subiectis
2009 4972 2022 4997 ,

449 5047 568 5102 qua:
607 5030 860 5085 dicuntur
881 5027 1066 5081 Blavia
1095 5066 1109 5090 ,
1157 5025 1298 5095 quod
1336 5031 1420 5079 est
1454 5023 1507 5077 in
1536 5024 1796 5078 honorem
1830 5021 1886 5077 S.
1921 5022 2028 5078 Ro-

450 5124 594 5178 mani
623 5121 1001 5184 constitutum,
1027 5105 1119 5174 ubi
1155 5119 1269 5187 ipse
1298 5124 1516 5172 sanctus
1558 5131 1788 5184 corpore
1817 5115 2028 5184 requie-

450 5214 572 5278 scit,
605 5213 767 5267 situm
816 5211 870 5265 in
901 5209 1090 5266 eodem
1137 5223 1273 5280 pago
1314 5206 1682 5275 Burdigalensi
1736 5221 1897 5274 super
1930 5204 2032 5258 llu-

451 5305 598 5358 vium
625 5299 922 5366 Garonam;
965 5314 1064 5354 nec
1090 5313 1198 5352 non
1224 5304 1284 5353 et
1325 5294 1383 5351 S.
1417 5293 1695 5359 Severini,
1748 5294 1834 5348 ubi
1863 5295 2027 5348 etiam

526 5520 550 5547 ιι
604 5506 786 5560 Mense
824 5502 1123 5559 Februario
1159 5499 1420 5573 annig828_
1457 5513 1486 5551 a
1527 5495 1799 5549 Ludovico
1830 5493 1928 5573 Pio
1976 5501 2029 5548 et

454 5576 710 5649 |_.othario
763 5574 872 5649 filio
924 5581 1244 5649 conventum
1295 5570 1699 5649 habitum'esse
1743 5563 2026 5649 publicum

453 5647 624 5715 Aquis
691 5647 776 5699 ani
807 5653 995 5700 narrat
1016 5643 1370 5696 Astronomus
1407 5639 1459 5692 in
1497 5636 1616 5688 Vita
1648 5633 1894 5689 Ludovici
1927 5633 2025 5696 Pii,

456 5716 594 5774 apud
625 5663 828 5774 gnua”
868 5725 997 5768 tom.
1034 5711 1122 5774 Vl,
1165 5727 1284 5774 pag.
1336 5710 1436 5762 109
1473 5708 1709 5774 (hujusce
1757 5703 2029 5758 voluminis

456 5727 594 5784 apud
634 5727 828 5783 Bouq.,
868 5727 997 5768 tom.
1044 5727 1122 5774 \l,
1165 5727 1284 5780 pag.
1336 5727 1436 5762 IUU
1473 5727 1709 5774 (Itttjusce
1757 5727 2007 5758 l'Utummt

456 5785 733 5855 601.997).
785 5784 983 5839 Ibidem
1029 5795 1262 5852 quoque,
1304 5780 1490 5833 eodem
1537 5791 1676 5829 anno
1723 5785 1774 5829 et
1826 5789 2007 5826 mense

2121 1947 2292 2016 ipsam
2318 1947 2600 2002 ecclesiam
2651 1947 3012 2001 immunitatis
3050 1954 3211 2013 atque
3259 1943 3510 1997 tuitionis
3542 1940 3727 2011 gratia

2119 2049 2219 2104 pro
2241 2034 2404 2088 divini
2453 2035 2631 2089 cultus
2659 2049 2843 2089 amore
2892 2043 2945 2089 et
2984 2034 3176 2088 anima;
3224 2039 3427 2086 nostra:
3477 2030 3728 2084 remedio

2122 2124 2237 2179 ﬁeri
2269 2125 2627 2190 decrevimus,
2651 2141 2748 2196 per
2772 2125 2916 2194 quod
2960 2125 3311 2194 praecipimus
3365 2131 3532 2191 atque
3562 2122 3727 2191 iube-

2121 2231 2242 2271 mus
2269 2223 2328 2270 ut
2356 2215 2532 2270 nullus
2555 2216 2721 2286 iudex
2767 2214 3032 2285 publicus,
3060 2213 3145 2266 vel
3181 2211 3410 2281 quilibet
3460 2226 3528 2264 ex
3578 2209 3722 2279 iudi-

2123 2305 2287 2360 ciaria
2313 2313 2604 2375 potestate,
2631 2313 2720 2358 aut
2767 2305 2946 2359 nullus
2993 2319 3058 2358 ex
3090 2303 3340 2358 ﬁdelibus
3371 2301 3578 2356 nostris
3611 2311 3720 2354 tam

2121 2400 2478 2468 prtesentibus
2503 2414 2664 2470 quam
2700 2397 2914 2460 futuris,
2943 2398 2997 2452 in
3024 2397 3284 2454 ecclesias
3310 2403 3406 2449 aut
3430 2409 3596 2465 agros
3626 2408 3719 2447 seu

2123 2490 2362 2562 reliquas
2412 2491 2813 2560 possessiones,
2875 2506 3012 2561 quas
3058 2489 3322 2543 modemo
3373 2495 3621 2555 tempore
3665 2486 3717 2538 in

2123 2581 2452 2652 quibuslibet
2475 2582 2628 2653 pagis
2661 2582 2746 2636 vel
2793 2581 3082 2636 territoriis
3131 2580 3277 2633 intra
3321 2578 3588 2632 ditionem
3619 2576 3717 2628 im-

2122 2672 2258 2743 perii
2287 2673 2456 2727 nostri
2487 2673 2631 2741 iuste
2661 2682 2715 2727 et
2751 2672 2998 2744 legaliter
3026 2679 3328 2725 memorata
3359 2677 3511 2723 tenet
3547 2667 3714 2723 eccle-

2125 2766 2225 2830 sia,
2254 2765 2335 2820 vel
2365 2782 2427 2821 ea
2448 2782 2568 2836 quae
2606 2765 2859 2834 deinceps
2890 2765 2943 2818 in
2972 2765 3097 2834 iure
3141 2763 3312 2832 ipsius
3341 2759 3593 2815 ecclesia:
3638 2759 3713 2812 di-

2125 2857 2251 2911 vina
2279 2855 2454 2924 pietas
2479 2856 2708 2910 voluerit
2737 2855 2940 2923 augeri,
2969 2854 3036 2907 ad
3061 2868 3254 2908 causas
3276 2851 3597 2912 audiendas,
3633 2848 3718 2903 vel

2126 2945 2276 3001 freda
2305 2953 2396 3001 aut
2423 2947 2622 3002 tributa
2659 2946 2941 3016 exigenda,
2969 2953 3063 2999 aut
3104 2944 3416 2998 mansiones
3435 2942 3524 2996 vel
3568 2955 3713 3010 para-

2125 3037 2529 3103 tas-faciendas,
2559 3046 2653 3093 aut
2681 3039 3024 3114 fideiussores
3045 3036 3439 3098 tollendos,aut
3470 3034 3710 3088 homines

2128 3133 2297 3202 ipsius
2325 3131 2586 3196 ecclesiae,
2617 3141 2730 3185 tam
2789 3131 3050 3201 ingenuos
3093 3144 3253 3198 quam
3284 3142 3476 3180 servos
3501 3167 3515 3187 ,
3558 3139 3712 3193 super

2129 3234 2329 3277 terram
2347 3221 2516 3290 ipsius
2535 3230 2940 3276 commanentes
2965 3221 3167 3290 iniuste
3181 3214 3602 3286 distringendos.
3618 3227 3710 3267 nec

2128 3314 2264 3369 ullas
2285 3315 2673 3370 redhibitiones
2702 3323 2796 3368 aut
2821 3313 3036 3368 illicitas
3084 3311 3406 3366 occasiones
3437 3307 3712 3375 requircno

2128 3407 2246 3472 das,
2279 3407 2477 3460 nostris
2506 3421 2605 3460 nec
2637 3405 2831 3460 futuris
2862 3404 3198 3473 temporibus
3238 3400 3446 3470 ingredi
3479 3396 3706 3458 audeat,

2129 3512 2230 3551 nec
2256 3511 2318 3550 ea
2341 3511 2461 3564 qum
2489 3510 2649 3564 supra
2673 3501 2969 3548 memorata
2995 3499 3136 3554 sunt,
3154 3490 3373 3558 exigere
3401 3493 3706 3556 prazsumat.

2130 3585 2235 3640 Sed
2261 3585 2419 3638 liceat
2447 3591 2746 3639 memorato
2793 3581 3012 3652 prmsuli
3063 3589 3119 3635 et
3144 3579 3366 3634 cuilibet
3414 3574 3707 3644 successori

2128 3692 2216 3732 res
2235 3677 2505 3746 prmdicla:
2549 3675 2790 3730 ecclesiae
2819 3689 2941 3728 cum
2990 3671 3198 3728 cellulis
3229 3671 3330 3724 sibi
3373 3667 3634 3734 subiectis
3660 3674 3709 3719 ct

2127 3770 2290 3824 rebus
2319 3766 2402 3820 vel
2434 3766 2741 3821 hominibus
2767 3764 2835 3818 ad
2881 3779 2939 3818 se
2965 3748 3357 3832 aspicientibus
3405 3759 3489 3812 vel
3542 3758 3705 3827 perti-

2127 3859 2397 3922 nentibus,
2424 3859 2523 3912 sub
2551 3855 2906 3911 immanitatis
2929 3862 3127 3908 nostrae
3153 3850 3488 3910 defensione,
3505 3855 3702 3902 remota

2129 3947 2293 4002 totlus
2331 3941 2630 4016 iudiciariae
2673 3945 2956 4016 potestatis
2987 3941 3377 4012 inquietudine,
3411 3940 3597 4007 quieto
3621 3953 3704 3990 or-

2127 4038 2252 4092 dine
2276 4037 2569 4105 possidere,
2600 4045 2655 4090 et
2708 4043 2894 4090 nostro
2943 4033 3174 4088 ﬁdeliter
3200 4044 3396 4098 parere
3446 4028 3699 4097 imperio,

2127 4139 2288 4197 atque
2308 4143 2405 4197 pro
2431 4127 2798 4182 incolumitate
2829 4132 3011 4178 nostra
3036 4132 3089 4176 et
3135 4121 3378 4191 coniugis
3409 4131 3465 4174 et
3508 4118 3667 4187 prolis
3688 4158 3700 4176 .

2128 4235 2222 4274 seu
2248 4218 2410 4272 etiam
2444 4218 2608 4271 totius
2645 4215 2853 4285 imperii
2884 4230 2914 4268 a
2945 4214 3055 4268 Deo
3086 4213 3244 4268 nobis
3273 4211 3480 4273 collati,
3513 4216 3569 4262 et
3596 4208 3701 4278 eius

2127 4307 2543 4362 clementissima
2580 4304 2928 4360 miseratione
2969 4319 3067 4373 per
3118 4302 3444 4355 immensum
3497 4313 3701 4351 conser-

2126 4397 2309 4461 vandi,
2341 4411 2448 4459 una
2477 4409 2598 4448 cum
2628 4393 2772 4448 clero
2810 4401 2863 4447 et
2894 4391 3090 4462 populo
3131 4389 3232 4444 sibi
3281 4386 3529 4454 subiecto
3555 4429 3567 4449 ,
3613 4385 3700 4438 Dei

2051 4519 2103 4577 Ι)
2130 4488 2446 4543 immensam
2473 4485 2814 4542 clementiam
2843 4482 3044 4553 iugiter
3085 4495 3331 4534 exorare.
3364 4479 3432 4532 Et
3455 4477 3698 4547 quidquid

2129 4581 2194 4635 de
2223 4577 2463 4648 prarfatis
2488 4575 2652 4630 rebus
2677 4573 2922 4630 ecclesia:
2963 4570 3055 4639 jus
3085 4569 3200 4623 fisci
3228 4570 3450 4637 exigere
3492 4568 3695 4636 poterit,

2128 4678 2298 4725 totum
2327 4683 2425 4722 nos
2481 4674 2742 4737 perpetua
2787 4662 3188 4718 renuntiatione
3223 4659 3587 4714 concessimus
3618 4671 3698 4712 ec-

2127 4742 2304 4815 clesia:
2345 4757 2454 4822 isti,
2485 4765 2544 4810 ut
2577 4752 2906 4826 perennibus
2937 4749 3271 4820 temporibus
3318 4748 3370 4801 in
3401 4746 3694 4801 alimoniam

2124 4864 2421 4919 pauperum
2445 4856 2498 4902 et
2529 4846 2794 4916 stipendia
2817 4844 3139 4899 clericorum
3172 4841 3373 4895 ibidem
3402 4839 3513 4892 Deo
3545 4839 3696 4891 famu-

2126 4939 2351 4992 lantium
2379 4935 2627 5006 proﬁciat
2649 4937 2703 4989 in
2729 4943 3098 5005 augmentum.
3131 4931 3284 4985 Hanc
3307 4930 3489 4997 itaque
3527 4936 3691 4980 aucto-

2125 5032 2363 5093 ritatem,
2394 5036 2454 5082 ut
2504 5027 2796 5096 pleniorem
2828 5026 2882 5079 in
2906 5026 3002 5079 Dei
3042 5023 3261 5078 nomine
3288 5022 3532 5076 obtineat
3557 5019 3689 5087 vigo-

2125 5134 2262 5184 rem,
2291 5126 2344 5173 et
2375 5133 2403 5169 a
2443 5116 2690 5170 fidelibus
2714 5114 2913 5170 nostris
2962 5113 3272 5183 diligentius
3316 5118 3652 5164 conservetur
3674 5148 3687 5170 ,

2125 5225 2284 5264 manu
2336 5215 2522 5261 nostra
2570 5205 3092 5260 subterﬁrmavimus
3121 5241 3136 5267 ,
3195 5209 3250 5256 et
3296 5199 3479 5253 annuli
3535 5198 3683 5252 nostri

2124 5299 2478 5370 impressione
2505 5297 2709 5368 signari
2733 5295 3014 5365 iussimus.

2134 5495 2346 5573 Martio.
2362 5494 2473 5573 duo
2496 5493 2849 5573 ίιηρεξῑθιοιῖεε
2875 5493 3029 5573 est?!
3054 5479 3684 5573 ?E_F'!‘_'!§.S_E$EP“.E‘1?:‘T

2132 5566 2242 5620 hati
2273 5550 2586 5618 monasterii
2612 5550 3031 5616 Cremifan'ensis
3057 5550 3442 5621 concesserunt
3480 5550 3680 5622 diploma

2134 5637 2316 5691 datum
2348 5650 2402 5687 ιι
2430 5633 2546 5687 Kal.
2579 5631 2795 5701 Aprilis.

2208 5707 2233 5745 ὶ»
2275 5703 2603 5774 chendum,
2627 5692 2940 5769 'adjacentiis
2964 5693 3046 5749 vel
3070 5692 3409 5763 aspicientiis.
