  <div class='ocr_page' id='page_1' title='image "/cluster/home/n/w/nwhite01/storage/ocr_20150623/104/uva.x000827061/594.png"; bbox 0 0 3936 6358; ppageno 0'>
   <div class='ocr_carea' id='block_1_1' title="bbox 205 432 346 490">
    <p class='ocr_par' dir='ltr' id='par_1_1' title="bbox 205 432 346 490">
     <span class='ocr_line' id='line_1_1' title="bbox 205 432 346 490; baseline 0.021 -3"><span class='ocrx_word' id='word_1_1' title='bbox 205 432 346 490; x_wconf 75' lang='grc' dir='ltr'><strong>ιιπ</strong></span> 
     </span>
    </p>
   </div>
   <div class='ocr_carea' id='block_1_2' title="bbox 898 540 1117 596">
    <p class='ocr_par' dir='ltr' id='par_1_2' title="bbox 898 540 1117 596">
     <span class='ocr_line' id='line_1_2' title="bbox 898 540 1117 596; baseline 0 0"><span class='ocrx_word' id='word_1_2' title='bbox 898 540 1117 596; x_wconf 76' lang='lat' dir='ltr'><strong>CXLIII.</strong></span> 
     </span>
    </p>
   </div>
   <div class='ocr_carea' id='block_1_3' title="bbox 552 648 1462 691">
    <p class='ocr_par' dir='ltr' id='par_1_3' title="bbox 552 648 1462 691">
     <span class='ocr_line' id='line_1_3' title="bbox 552 648 1462 691; baseline 0.001 -1"><span class='ocrx_word' id='word_1_3' title='bbox 552 651 648 690; x_wconf 67' lang='grc'><strong>1⁵110</strong></span> <span class='ocrx_word' id='word_1_4' title='bbox 684 651 1018 691; x_wconf 58' lang='grc' dir='ltr'><strong>κουλετειιιο</strong></span> <span class='ocrx_word' id='word_1_5' title='bbox 1051 648 1462 691; x_wconf 70' lang='lat' dir='ltr'><strong>EBEIIFANENSI.</strong></span> 
     </span>
    </p>
   </div>
   <div class='ocr_carea' id='block_1_4' title="bbox 827 723 1182 798">
    <p class='ocr_par' dir='ltr' id='par_1_4' title="bbox 827 723 1182 798">
     <span class='ocr_line' id='line_1_4' title="bbox 827 723 1182 798; baseline 0 -20"><span class='ocrx_word' id='word_1_6' title='bbox 827 726 998 798; x_wconf 79' lang='lat' dir='ltr'><strong>(Anno</strong></span> <span class='ocrx_word' id='word_1_7' title='bbox 1035 723 1182 796; x_wconf 66' lang='lat'><strong>828.)</strong></span> 
     </span>
    </p>
   </div>
   <div class='ocr_carea' id='block_1_5' title="bbox 202 814 1780 890">
    <p class='ocr_par' dir='ltr' id='par_1_5' title="bbox 202 814 1780 890">
     <span class='ocr_line' id='line_1_5' title="bbox 202 814 1780 890; baseline -0.003 -20"><span class='ocrx_word' id='word_1_8' title='bbox 202 816 404 890; x_wconf 75' lang='lat' dir='ltr'><strong>[Apud</strong></span> <span class='ocrx_word' id='word_1_9' title='bbox 475 817 888 889; x_wconf 83' lang='lat' dir='ltr'><strong>Rettempacher</strong></span> <span class='ocrx_word' id='word_1_10' title='bbox 921 858 935 881; x_wconf 92' lang='lat'><strong>,</strong></span> <span class='ocrx_word' id='word_1_11' title='bbox 1013 815 1245 890; x_wconf 45' lang='lat' dir='ltr'><strong>Annales</strong></span> <span class='ocrx_word' id='word_1_12' title='bbox 1320 814 1738 883; x_wconf 78' lang='lat' dir='ltr'><strong>Eremifaneuses</strong></span> <span class='ocrx_word' id='word_1_13' title='bbox 1767 853 1780 879; x_wconf 91' lang='lat'><strong>,</strong></span> 
     </span>
    </p>
   </div>
   <div class='ocr_carea' id='block_1_6' title="bbox 861 885 1140 958">
    <p class='ocr_par' dir='ltr' id='par_1_6' title="bbox 861 885 1140 958">
     <span class='ocr_line' id='line_1_6' title="bbox 861 885 1140 958; baseline 0 -18"><span class='ocrx_word' id='word_1_14' title='bbox 861 903 980 958; x_wconf 90' lang='lat' dir='ltr'><strong>pag.</strong></span> <span class='ocrx_word' id='word_1_15' title='bbox 1013 885 1140 958; x_wconf 73' lang='lat'><strong>50.]</strong></span> 
     </span>
    </p>
   </div>
   <div class='ocr_carea' id='block_1_7' title="bbox 280 993 1783 1056">
    <p class='ocr_par' dir='ltr' id='par_1_7' title="bbox 280 993 1783 1056">
     <span class='ocr_line' id='line_1_7' title="bbox 280 993 1783 1056; baseline -0.005 -1"><span class='ocrx_word' id='word_1_16' title='bbox 280 1001 340 1056; x_wconf 88' lang='lat' dir='ltr'><strong>In</strong></span> <span class='ocrx_word' id='word_1_17' title='bbox 367 1001 580 1056; x_wconf 89' lang='lat' dir='ltr'><strong>nomine</strong></span> <span class='ocrx_word' id='word_1_18' title='bbox 606 1001 816 1055; x_wconf 87' lang='lat' dir='ltr'><strong>Domini</strong></span> <span class='ocrx_word' id='word_1_19' title='bbox 855 999 948 1053; x_wconf 88' lang='lat' dir='ltr'><strong>Dei</strong></span> <span class='ocrx_word' id='word_1_20' title='bbox 999 1005 1053 1052; x_wconf 90' lang='lat' dir='ltr'><strong>et</strong></span> <span class='ocrx_word' id='word_1_21' title='bbox 1080 996 1375 1050; x_wconf 85' lang='lat' dir='ltr'><strong>Salvatoris</strong></span> <span class='ocrx_word' id='word_1_22' title='bbox 1437 996 1606 1050; x_wconf 77' lang='lat' dir='ltr'><strong>nostri</strong></span> <span class='ocrx_word' id='word_1_23' title='bbox 1657 993 1783 1049; x_wconf 84' lang='lat' dir='ltr'><strong>Jesu</strong></span> 
     </span>
    </p>
   </div>
   <div class='ocr_carea' id='block_1_8' title="bbox 203 1087 1786 1156">
    <p class='ocr_par' dir='ltr' id='par_1_8' title="bbox 203 1087 1786 1156">
     <span class='ocr_line' id='line_1_8' title="bbox 203 1087 1786 1156; baseline -0.004 -10"><span class='ocrx_word' id='word_1_24' title='bbox 203 1090 769 1156; x_wconf 82' lang='lat' dir='ltr'><strong>Christi,Ludovicus</strong></span> <span class='ocrx_word' id='word_1_25' title='bbox 819 1097 874 1143; x_wconf 91' lang='lat' dir='ltr'><strong>et</strong></span> <span class='ocrx_word' id='word_1_26' title='bbox 931 1089 1218 1142; x_wconf 89' lang='lat' dir='ltr'><strong>Lotharius</strong></span> <span class='ocrx_word' id='word_1_27' title='bbox 1262 1087 1441 1142; x_wconf 89' lang='lat' dir='ltr'><strong>divina</strong></span> <span class='ocrx_word' id='word_1_28' title='bbox 1503 1087 1786 1141; x_wconf 75' lang='lat' dir='ltr'><strong>ordinante</strong></span> 
     </span>
    </p>
   </div>
   <div class='ocr_carea' id='block_1_9' title="bbox 202 1179 1219 1251">
    <p class='ocr_par' dir='ltr' id='par_1_9' title="bbox 202 1179 1219 1251">
     <span class='ocr_line' id='line_1_9' title="bbox 202 1179 1219 1251; baseline -0.005 -15"><span class='ocrx_word' id='word_1_29' title='bbox 202 1181 549 1251; x_wconf 77' lang='lat' dir='ltr'><strong>providentia</strong></span> <span class='ocrx_word' id='word_1_30' title='bbox 582 1181 932 1249; x_wconf 73' lang='lat' dir='ltr'><strong>imperatores</strong></span> <span class='ocrx_word' id='word_1_31' title='bbox 971 1179 1219 1249; x_wconf 78' lang='lat' dir='ltr'><strong>Augusti.</strong></span> 
     </span>
    </p>
   </div>
   <div class='ocr_carea' id='block_1_10' title="bbox 284 1267 1786 1340">
    <p class='ocr_par' dir='ltr' id='par_1_10' title="bbox 284 1267 1786 1340">
     <span class='ocr_line' id='line_1_10' title="bbox 284 1267 1786 1340; baseline -0.005 -13"><span class='ocrx_word' id='word_1_32' title='bbox 284 1271 344 1327; x_wconf 94' lang='lat' dir='ltr'><strong>Si</strong></span> <span class='ocrx_word' id='word_1_33' title='bbox 387 1287 515 1340; x_wconf 87' lang='lat' dir='ltr'><strong>erga</strong></span> <span class='ocrx_word' id='word_1_34' title='bbox 553 1271 670 1326; x_wconf 89' lang='lat' dir='ltr'><strong>loca</strong></span> <span class='ocrx_word' id='word_1_35' title='bbox 725 1272 904 1326; x_wconf 91' lang='lat' dir='ltr'><strong>divino</strong></span> <span class='ocrx_word' id='word_1_36' title='bbox 954 1269 1116 1325; x_wconf 80' lang='lat' dir='ltr'><strong>cultui</strong></span> <span class='ocrx_word' id='word_1_37' title='bbox 1170 1268 1472 1337; x_wconf 84' lang='lat' dir='ltr'><strong>mancipata</strong></span> <span class='ocrx_word' id='word_1_38' title='bbox 1527 1267 1786 1336; x_wconf 71' lang='lat' dir='ltr'><strong>imperiali</strong></span> 
     </span>
    </p>
   </div>
   <div class='ocr_carea' id='block_1_11' title="bbox 205 1361 1786 1434">
    <p class='ocr_par' dir='ltr' id='par_1_11' title="bbox 205 1361 1786 1434">
     <span class='ocr_line' id='line_1_11' title="bbox 205 1361 1786 1434; baseline -0.003 -16"><span class='ocrx_word' id='word_1_39' title='bbox 205 1376 367 1419; x_wconf 83' lang='lat' dir='ltr'><strong>more</strong></span> <span class='ocrx_word' id='word_1_40' title='bbox 395 1362 651 1419; x_wconf 90' lang='lat' dir='ltr'><strong>beneﬁcia</strong></span> <span class='ocrx_word' id='word_1_41' title='bbox 696 1364 956 1433; x_wconf 79' lang='lat' dir='ltr'><strong>largimur</strong></span> <span class='ocrx_word' id='word_1_42' title='bbox 982 1373 1302 1434; x_wconf 90' lang='lat' dir='ltr'><strong>opportuna,</strong></span> <span class='ocrx_word' id='word_1_43' title='bbox 1343 1362 1395 1415; x_wconf 89' lang='lat' dir='ltr'><strong>id</strong></span> <span class='ocrx_word' id='word_1_44' title='bbox 1422 1362 1578 1416; x_wconf 86' lang='lat' dir='ltr'><strong>nobis</strong></span> <span class='ocrx_word' id='word_1_45' title='bbox 1603 1361 1786 1431; x_wconf 88' lang='lat' dir='ltr'><strong>procul</strong></span> 
     </span>
    </p>
   </div>
   <div class='ocr_carea' id='block_1_12' title="bbox 206 1452 1789 1523">
    <p class='ocr_par' dir='ltr' id='par_1_12' title="bbox 206 1452 1789 1523">
     <span class='ocr_line' id='line_1_12' title="bbox 206 1452 1789 1523; baseline -0.004 -14"><span class='ocrx_word' id='word_1_46' title='bbox 206 1454 375 1509; x_wconf 86' lang='lat' dir='ltr'><strong>dubio</strong></span> <span class='ocrx_word' id='word_1_47' title='bbox 400 1455 466 1510; x_wconf 89' lang='lat' dir='ltr'><strong>ad</strong></span> <span class='ocrx_word' id='word_1_48' title='bbox 501 1454 845 1510; x_wconf 84' lang='lat' dir='ltr'><strong>stabilitatem</strong></span> <span class='ocrx_word' id='word_1_49' title='bbox 889 1453 1100 1523; x_wconf 89' lang='lat' dir='ltr'><strong>imperii</strong></span> <span class='ocrx_word' id='word_1_50' title='bbox 1129 1453 1320 1517; x_wconf 85' lang='lat' dir='ltr'><strong>nostri,</strong></span> <span class='ocrx_word' id='word_1_51' title='bbox 1352 1461 1406 1506; x_wconf 87' lang='lat' dir='ltr'><strong>et</strong></span> <span class='ocrx_word' id='word_1_52' title='bbox 1431 1453 1621 1507; x_wconf 85' lang='lat' dir='ltr'><strong>animae</strong></span> <span class='ocrx_word' id='word_1_53' title='bbox 1649 1452 1789 1506; x_wconf 86' lang='lat' dir='ltr'><strong>salu-</strong></span> 
     </span>
    </p>
   </div>
   <div class='ocr_carea' id='block_1_13' title="bbox 209 1545 1790 1616">
    <p class='ocr_par' dir='ltr' id='par_1_13' title="bbox 209 1545 1790 1616">
     <span class='ocr_line' id='line_1_13' title="bbox 209 1545 1790 1616; baseline -0.003 -16"><span class='ocrx_word' id='word_1_54' title='bbox 209 1553 326 1600; x_wconf 81' lang='lat' dir='ltr'><strong>tent</strong></span> <span class='ocrx_word' id='word_1_55' title='bbox 353 1546 613 1616; x_wconf 84' lang='lat' dir='ltr'><strong>proﬁcere</strong></span> <span class='ocrx_word' id='word_1_56' title='bbox 635 1547 855 1600; x_wconf 90' lang='lat' dir='ltr'><strong>minime</strong></span> <span class='ocrx_word' id='word_1_57' title='bbox 880 1545 1203 1600; x_wconf 85' lang='lat' dir='ltr'><strong>dubitamus.</strong></span> <span class='ocrx_word' id='word_1_58' title='bbox 1234 1545 1399 1613; x_wconf 87' lang='lat' dir='ltr'><strong>Igitur</strong></span> <span class='ocrx_word' id='word_1_59' title='bbox 1442 1554 1622 1598; x_wconf 89' lang='lat' dir='ltr'><strong>notum</strong></span> <span class='ocrx_word' id='word_1_60' title='bbox 1669 1557 1790 1598; x_wconf 88' lang='lat' dir='ltr'><strong>csse</strong></span> 
     </span>
    </p>
   </div>
   <div class='ocr_carea' id='block_1_14' title="bbox 209 1634 1787 1690">
    <p class='ocr_par' dir='ltr' id='par_1_14' title="bbox 209 1634 1787 1690">
     <span class='ocr_line' id='line_1_14' title="bbox 209 1634 1787 1690; baseline -0.001 -2"><span class='ocrx_word' id='word_1_61' title='bbox 209 1635 459 1690; x_wconf 89' lang='lat' dir='ltr'><strong>volumus</strong></span> <span class='ocrx_word' id='word_1_62' title='bbox 488 1635 698 1690; x_wconf 92' lang='lat' dir='ltr'><strong>cunctis</strong></span> <span class='ocrx_word' id='word_1_63' title='bbox 725 1634 970 1689; x_wconf 87' lang='lat' dir='ltr'><strong>ﬁdelibus</strong></span> <span class='ocrx_word' id='word_1_64' title='bbox 1001 1644 1200 1690; x_wconf 67' lang='lat' dir='ltr'><strong>saneta:</strong></span> <span class='ocrx_word' id='word_1_65' title='bbox 1216 1635 1308 1688; x_wconf 91' lang='lat' dir='ltr'><strong>Dei</strong></span> <span class='ocrx_word' id='word_1_66' title='bbox 1334 1635 1586 1689; x_wconf 82' lang='lat' dir='ltr'><strong>Ecclesiae</strong></span> <span class='ocrx_word' id='word_1_67' title='bbox 1615 1642 1670 1688; x_wconf 93' lang='lat' dir='ltr'><strong>et</strong></span> <span class='ocrx_word' id='word_1_68' title='bbox 1695 1649 1787 1687; x_wconf 87' lang='lat' dir='ltr'><strong>no-</strong></span> 
     </span>
    </p>
   </div>
   <div class='ocr_carea' id='block_1_15' title="bbox 211 1723 1790 1796">
    <p class='ocr_par' dir='ltr' id='par_1_15' title="bbox 211 1723 1790 1796">
     <span class='ocr_line' id='line_1_15' title="bbox 211 1723 1790 1796; baseline -0.002 -16"><span class='ocrx_word' id='word_1_69' title='bbox 211 1726 363 1790; x_wconf 80' lang='lat' dir='ltr'><strong>stris,</strong></span> <span class='ocrx_word' id='word_1_70' title='bbox 393 1725 746 1796; x_wconf 73' lang='lat' dir='ltr'><strong>praesentibus</strong></span> <span class='ocrx_word' id='word_1_71' title='bbox 775 1725 978 1780; x_wconf 88' lang='lat' dir='ltr'><strong>scilicet</strong></span> <span class='ocrx_word' id='word_1_72' title='bbox 1002 1733 1055 1779; x_wconf 93' lang='lat' dir='ltr'><strong>et</strong></span> <span class='ocrx_word' id='word_1_73' title='bbox 1107 1723 1321 1786; x_wconf 78' lang='lat' dir='ltr'><strong>futuris,</strong></span> <span class='ocrx_word' id='word_1_74' title='bbox 1356 1724 1480 1793; x_wconf 90' lang='lat' dir='ltr'><strong>quia</strong></span> <span class='ocrx_word' id='word_1_75' title='bbox 1508 1724 1575 1777; x_wconf 86' lang='lat' dir='ltr'><strong>ad</strong></span> <span class='ocrx_word' id='word_1_76' title='bbox 1603 1723 1790 1792; x_wconf 88' lang='lat' dir='ltr'><strong>depre-</strong></span> 
     </span>
    </p>
   </div>
   <div class='ocr_carea' id='block_1_16' title="bbox 210 1814 1790 1886">
    <p class='ocr_par' dir='ltr' id='par_1_16' title="bbox 210 1814 1790 1886">
     <span class='ocr_line' id='line_1_16' title="bbox 210 1814 1790 1886; baseline -0.001 -16"><span class='ocrx_word' id='word_1_77' title='bbox 210 1817 479 1871; x_wconf 89' lang='lat' dir='ltr'><strong>cationem</strong></span> <span class='ocrx_word' id='word_1_78' title='bbox 502 1816 680 1871; x_wconf 85' lang='lat' dir='ltr'><strong>dilecti</strong></span> <span class='ocrx_word' id='word_1_79' title='bbox 708 1815 801 1869; x_wconf 79' lang='lat' dir='ltr'><strong>filii</strong></span> <span class='ocrx_word' id='word_1_80' title='bbox 824 1816 991 1870; x_wconf 90' lang='lat' dir='ltr'><strong>nostri</strong></span> <span class='ocrx_word' id='word_1_81' title='bbox 1028 1814 1283 1869; x_wconf 84' lang='lat' dir='ltr'><strong>Ludovici</strong></span> <span class='ocrx_word' id='word_1_82' title='bbox 1312 1816 1452 1886; x_wconf 88' lang='lat' dir='ltr'><strong>regis</strong></span> <span class='ocrx_word' id='word_1_83' title='bbox 1491 1814 1790 1870; x_wconf 85' lang='lat' dir='ltr'><strong>Waioario-</strong></span> 
     </span>
    </p>
   </div>
   <div class='ocr_carea' id='block_1_17' title="bbox 211 1895 1860 1960">
    <p class='ocr_par' dir='ltr' id='par_1_17' title="bbox 211 1895 1860 1960">
     <span class='ocr_line' id='line_1_17' title="bbox 211 1895 1860 1960; baseline -0.004 0"><span class='ocrx_word' id='word_1_84' title='bbox 211 1921 333 1960; x_wconf 90' lang='lat' dir='ltr'><strong>rum</strong></span> <span class='ocrx_word' id='word_1_85' title='bbox 381 1914 435 1959; x_wconf 93' lang='lat' dir='ltr'><strong>et</strong></span> <span class='ocrx_word' id='word_1_86' title='bbox 460 1903 676 1960; x_wconf 88' lang='lat' dir='ltr'><strong>Geroldi</strong></span> <span class='ocrx_word' id='word_1_87' title='bbox 706 1905 921 1960; x_wconf 75' lang='grc' dir='ltr'><strong>οοηιίιίε</strong></span> <span class='ocrx_word' id='word_1_88' title='bbox 962 1905 1328 1959; x_wconf 90' lang='lat' dir='ltr'><strong>concessimus</strong></span> <span class='ocrx_word' id='word_1_89' title='bbox 1357 1905 1570 1959; x_wconf 87' lang='lat' dir='ltr'><strong>cuidam</strong></span> <span class='ocrx_word' id='word_1_90' title='bbox 1600 1919 1786 1958; x_wconf 90' lang='lat' dir='ltr'><strong>mona-</strong></span> <span class='ocrx_word' id='word_1_91' title='bbox 1813 1895 1860 1953; x_wconf 92' lang='lat' dir='ltr'><strong>B</strong></span> 
     </span>
    </p>
   </div>
   <div class='ocr_carea' id='block_1_18' title="bbox 208 1995 1786 2065">
    <p class='ocr_par' dir='ltr' id='par_1_18' title="bbox 208 1995 1786 2065">
     <span class='ocr_line' id='line_1_18' title="bbox 208 1995 1786 2065; baseline -0.001 -15"><span class='ocrx_word' id='word_1_92' title='bbox 208 1996 381 2051; x_wconf 88' lang='lat' dir='ltr'><strong>sterio</strong></span> <span class='ocrx_word' id='word_1_93' title='bbox 413 2004 615 2062; x_wconf 90' lang='lat' dir='ltr'><strong>nostro,</strong></span> <span class='ocrx_word' id='word_1_94' title='bbox 644 1995 796 2065; x_wconf 89' lang='lat' dir='ltr'><strong>cujus</strong></span> <span class='ocrx_word' id='word_1_95' title='bbox 832 1997 1153 2051; x_wconf 79' lang='lat' dir='ltr'><strong>vocabulum</strong></span> <span class='ocrx_word' id='word_1_96' title='bbox 1180 2004 1262 2051; x_wconf 89' lang='lat' dir='ltr'><strong>est</strong></span> <span class='ocrx_word' id='word_1_97' title='bbox 1291 1997 1595 2058; x_wconf 88' lang='lat' dir='ltr'><strong>Chremisa,</strong></span> <span class='ocrx_word' id='word_1_98' title='bbox 1643 1995 1786 2063; x_wconf 91' lang='lat' dir='ltr'><strong>quod</strong></span> 
     </span>
    </p>
   </div>
   <div class='ocr_carea' id='block_1_19' title="bbox 206 2076 1787 2142">
    <p class='ocr_par' dir='ltr' id='par_1_19' title="bbox 206 2076 1787 2142">
     <span class='ocr_line' id='line_1_19' title="bbox 206 2076 1787 2142; baseline -0.001 -1"><span class='ocrx_word' id='word_1_99' title='bbox 206 2093 293 2141; x_wconf 87' lang='lat' dir='ltr'><strong>est</strong></span> <span class='ocrx_word' id='word_1_100' title='bbox 322 2095 685 2142; x_wconf 88' lang='lat' dir='ltr'><strong>constructum</strong></span> <span class='ocrx_word' id='word_1_101' title='bbox 711 2087 764 2140; x_wconf 90' lang='lat' dir='ltr'><strong>in</strong></span> <span class='ocrx_word' id='word_1_102' title='bbox 793 2088 994 2142; x_wconf 86' lang='lat' dir='ltr'><strong>honore</strong></span> <span class='ocrx_word' id='word_1_103' title='bbox 1018 2100 1073 2142; x_wconf 85' lang='lat' dir='ltr'><strong>et</strong></span> <span class='ocrx_word' id='word_1_104' title='bbox 1118 2076 1464 2142; x_wconf 86' lang='lat' dir='ltr'><strong>veneratione</strong></span> <span class='ocrx_word' id='word_1_105' title='bbox 1493 2086 1706 2140; x_wconf 85' lang='lat' dir='ltr'><strong>Domini</strong></span> <span class='ocrx_word' id='word_1_106' title='bbox 1733 2093 1787 2140; x_wconf 91' lang='lat' dir='ltr'><strong>et</strong></span> 
     </span>
    </p>
   </div>
   <div class='ocr_carea' id='block_1_20' title="bbox 210 2165 1788 2248">
    <p class='ocr_par' dir='ltr' id='par_1_20' title="bbox 210 2165 1788 2248">
     <span class='ocr_line' id='line_1_20' title="bbox 210 2165 1788 2248; baseline 0 -20"><span class='ocrx_word' id='word_1_107' title='bbox 210 2173 508 2229; x_wconf 85' lang='lat' dir='ltr'><strong>Salvatoris</strong></span> <span class='ocrx_word' id='word_1_108' title='bbox 547 2175 716 2229; x_wconf 83' lang='lat' dir='ltr'><strong>nostri</strong></span> <span class='ocrx_word' id='word_1_109' title='bbox 763 2173 888 2230; x_wconf 83' lang='lat' dir='ltr'><strong>Jesu</strong></span> <span class='ocrx_word' id='word_1_110' title='bbox 918 2174 1138 2248; x_wconf 82' lang='lat' dir='ltr'><strong>Christi,</strong></span> <span class='ocrx_word' id='word_1_111' title='bbox 1163 2175 1325 2230; x_wconf 91' lang='lat' dir='ltr'><strong>situm</strong></span> <span class='ocrx_word' id='word_1_112' title='bbox 1367 2177 1422 2229; x_wconf 92' lang='lat' dir='ltr'><strong>in</strong></span> <span class='ocrx_word' id='word_1_113' title='bbox 1454 2190 1588 2246; x_wconf 86' lang='lat' dir='ltr'><strong>pago</strong></span> <span class='ocrx_word' id='word_1_114' title='bbox 1604 2165 1788 2229; x_wconf 75' lang='lat' dir='ltr'><strong>Trun-</strong></span> 
     </span>
    </p>
   </div>
   <div class='ocr_carea' id='block_1_21' title="bbox 209 2265 1788 2339">
    <p class='ocr_par' dir='ltr' id='par_1_21' title="bbox 209 2265 1788 2339">
     <span class='ocr_line' id='line_1_21' title="bbox 209 2265 1788 2339; baseline 0.001 -21"><span class='ocrx_word' id='word_1_115' title='bbox 209 2279 386 2339; x_wconf 75' lang='lat' dir='ltr'><strong>gowe,</strong></span> <span class='ocrx_word' id='word_1_116' title='bbox 412 2265 499 2318; x_wconf 91' lang='lat' dir='ltr'><strong>ubi</strong></span> <span class='ocrx_word' id='word_1_117' title='bbox 525 2267 777 2333; x_wconf 69' lang='lat' dir='ltr'><strong>przesenti</strong></span> <span class='ocrx_word' id='word_1_118' title='bbox 809 2275 1046 2336; x_wconf 85' lang='lat' dir='ltr'><strong>tempore</strong></span> <span class='ocrx_word' id='word_1_119' title='bbox 1067 2268 1152 2320; x_wconf 91' lang='lat' dir='ltr'><strong>vir</strong></span> <span class='ocrx_word' id='word_1_120' title='bbox 1185 2267 1508 2322; x_wconf 87' lang='lat' dir='ltr'><strong>venerabilis</strong></span> <span class='ocrx_word' id='word_1_121' title='bbox 1531 2267 1788 2336; x_wconf 85' lang='lat' dir='ltr'><strong>Sigehar-</strong></span> 
     </span>
    </p>
   </div>
   <div class='ocr_carea' id='block_1_22' title="bbox 207 2355 1790 2429">
    <p class='ocr_par' dir='ltr' id='par_1_22' title="bbox 207 2355 1790 2429">
     <span class='ocr_line' id='line_1_22' title="bbox 207 2355 1790 2429; baseline -0.001 -18"><span class='ocrx_word' id='word_1_122' title='bbox 207 2355 316 2411; x_wconf 88' lang='lat' dir='ltr'><strong>dus</strong></span> <span class='ocrx_word' id='word_1_123' title='bbox 343 2358 510 2412; x_wconf 87' lang='lat' dir='ltr'><strong>abbas</strong></span> <span class='ocrx_word' id='word_1_124' title='bbox 532 2365 745 2427; x_wconf 67' lang='lat' dir='ltr'><strong>prazest,</strong></span> <span class='ocrx_word' id='word_1_125' title='bbox 770 2365 824 2412; x_wconf 93' lang='lat' dir='ltr'><strong>et</strong></span> <span class='ocrx_word' id='word_1_126' title='bbox 856 2359 1136 2413; x_wconf 86' lang='lat' dir='ltr'><strong>monachis</strong></span> <span class='ocrx_word' id='word_1_127' title='bbox 1184 2359 1379 2413; x_wconf 91' lang='lat' dir='ltr'><strong>ibidem</strong></span> <span class='ocrx_word' id='word_1_128' title='bbox 1407 2374 1505 2429; x_wconf 93' lang='lat' dir='ltr'><strong>per</strong></span> <span class='ocrx_word' id='word_1_129' title='bbox 1549 2365 1790 2428; x_wconf 90' lang='lat' dir='ltr'><strong>tempora</strong></span> 
     </span>
    </p>
   </div>
   <div class='ocr_carea' id='block_1_23' title="bbox 213 2448 1789 2519">
    <p class='ocr_par' dir='ltr' id='par_1_23' title="bbox 213 2448 1789 2519">
     <span class='ocr_line' id='line_1_23' title="bbox 213 2448 1789 2519; baseline 0 -16"><span class='ocrx_word' id='word_1_130' title='bbox 213 2448 535 2519; x_wconf 76' lang='lat' dir='ltr'><strong>degentibus</strong></span> <span class='ocrx_word' id='word_1_131' title='bbox 573 2449 839 2517; x_wconf 82' lang='lat' dir='ltr'><strong>quoddam</strong></span> <span class='ocrx_word' id='word_1_132' title='bbox 871 2449 1225 2512; x_wconf 90' lang='lat' dir='ltr'><strong>territorium,</strong></span> <span class='ocrx_word' id='word_1_133' title='bbox 1249 2450 1392 2518; x_wconf 90' lang='lat' dir='ltr'><strong>quod</strong></span> <span class='ocrx_word' id='word_1_134' title='bbox 1439 2458 1524 2504; x_wconf 88' lang='lat' dir='ltr'><strong>est</strong></span> <span class='ocrx_word' id='word_1_135' title='bbox 1571 2449 1624 2502; x_wconf 95' lang='lat' dir='ltr'><strong>in</strong></span> <span class='ocrx_word' id='word_1_136' title='bbox 1655 2463 1789 2518; x_wconf 86' lang='lat' dir='ltr'><strong>pago</strong></span> 
     </span>
    </p>
   </div>
   <div class='ocr_carea' id='block_1_24' title="bbox 213 2535 1791 2607">
    <p class='ocr_par' dir='ltr' id='par_1_24' title="bbox 213 2535 1791 2607">
     <span class='ocr_line' id='line_1_24' title="bbox 213 2535 1791 2607; baseline 0.001 -17"><span class='ocrx_word' id='word_1_137' title='bbox 213 2535 533 2602; x_wconf 89' lang='lat' dir='ltr'><strong>Grunzwiti,</strong></span> <span class='ocrx_word' id='word_1_138' title='bbox 570 2536 725 2605; x_wconf 83' lang='lat' dir='ltr'><strong>juxta</strong></span> <span class='ocrx_word' id='word_1_139' title='bbox 754 2547 989 2592; x_wconf 90' lang='lat' dir='ltr'><strong>montem</strong></span> <span class='ocrx_word' id='word_1_140' title='bbox 1024 2539 1402 2603; x_wconf 90' lang='lat' dir='ltr'><strong>Sumerberch,</strong></span> <span class='ocrx_word' id='word_1_141' title='bbox 1429 2540 1571 2607; x_wconf 90' lang='lat' dir='ltr'><strong>quod</strong></span> <span class='ocrx_word' id='word_1_142' title='bbox 1623 2552 1791 2607; x_wconf 88' lang='lat' dir='ltr'><strong>usque</strong></span> 
     </span>
    </p>
   </div>
   <div class='ocr_carea' id='block_1_25' title="bbox 216 2626 1790 2695">
    <p class='ocr_par' dir='ltr' id='par_1_25' title="bbox 216 2626 1790 2695">
     <span class='ocr_line' id='line_1_25' title="bbox 216 2626 1790 2695; baseline 0.001 -15"><span class='ocrx_word' id='word_1_143' title='bbox 216 2627 376 2681; x_wconf 86' lang='lat' dir='ltr'><strong>modo</strong></span> <span class='ocrx_word' id='word_1_144' title='bbox 420 2628 559 2682; x_wconf 85' lang='lat' dir='ltr'><strong>servi</strong></span> <span class='ocrx_word' id='word_1_145' title='bbox 585 2627 668 2681; x_wconf 91' lang='lat' dir='ltr'><strong>vel</strong></span> <span class='ocrx_word' id='word_1_146' title='bbox 690 2628 854 2681; x_wconf 90' lang='lat' dir='ltr'><strong>sclavi</strong></span> <span class='ocrx_word' id='word_1_147' title='bbox 879 2626 1116 2695; x_wconf 90' lang='lat' dir='ltr'><strong>ejusdem</strong></span> <span class='ocrx_word' id='word_1_148' title='bbox 1141 2628 1450 2684; x_wconf 89' lang='lat' dir='ltr'><strong>monasterii</strong></span> <span class='ocrx_word' id='word_1_149' title='bbox 1475 2629 1540 2681; x_wconf 89' lang='lat' dir='ltr'><strong>ad</strong></span> <span class='ocrx_word' id='word_1_150' title='bbox 1569 2643 1790 2682; x_wconf 87' lang='lat' dir='ltr'><strong>censum</strong></span> 
     </span>
    </p>
   </div>
   <div class='ocr_carea' id='block_1_26' title="bbox 218 2717 1791 2787">
    <p class='ocr_par' dir='ltr' id='par_1_26' title="bbox 218 2717 1791 2787">
     <span class='ocr_line' id='line_1_26' title="bbox 218 2717 1791 2787; baseline 0.002 -17"><span class='ocrx_word' id='word_1_151' title='bbox 218 2723 528 2781; x_wconf 84' lang='lat' dir='ltr'><strong>tenuerunt,</strong></span> <span class='ocrx_word' id='word_1_152' title='bbox 553 2717 639 2786; x_wconf 92' lang='lat' dir='ltr'><strong>qui</strong></span> <span class='ocrx_word' id='word_1_153' title='bbox 670 2718 736 2772; x_wconf 91' lang='lat' dir='ltr'><strong>ad</strong></span> <span class='ocrx_word' id='word_1_154' title='bbox 792 2727 999 2787; x_wconf 92' lang='lat' dir='ltr'><strong>partem</strong></span> <span class='ocrx_word' id='word_1_155' title='bbox 1057 2718 1270 2772; x_wconf 91' lang='lat' dir='ltr'><strong>comitis</strong></span> <span class='ocrx_word' id='word_1_156' title='bbox 1315 2718 1658 2783; x_wconf 87' lang='lat' dir='ltr'><strong>solvebatur;</strong></span> <span class='ocrx_word' id='word_1_157' title='bbox 1698 2719 1791 2773; x_wconf 90' lang='lat' dir='ltr'><strong>ubi</strong></span> 
     </span>
    </p>
   </div>
   <div class='ocr_carea' id='block_1_27' title="bbox 215 2807 1796 2877">
    <p class='ocr_par' dir='ltr' id='par_1_27' title="bbox 215 2807 1796 2877">
     <span class='ocr_line' id='line_1_27' title="bbox 215 2807 1796 2877; baseline 0.001 -16"><span class='ocrx_word' id='word_1_158' title='bbox 215 2807 380 2862; x_wconf 84' lang='lat' dir='ltr'><strong>etiam</strong></span> <span class='ocrx_word' id='word_1_159' title='bbox 419 2807 669 2861; x_wconf 89' lang='lat' dir='ltr'><strong>monachi</strong></span> <span class='ocrx_word' id='word_1_160' title='bbox 703 2808 768 2862; x_wconf 91' lang='lat' dir='ltr'><strong>de</strong></span> <span class='ocrx_word' id='word_1_161' title='bbox 797 2808 1019 2877; x_wconf 65' lang='lat' dir='ltr'><strong>praefato</strong></span> <span class='ocrx_word' id='word_1_162' title='bbox 1045 2809 1376 2864; x_wconf 89' lang='lat' dir='ltr'><strong>monasterio</strong></span> <span class='ocrx_word' id='word_1_163' title='bbox 1410 2808 1692 2864; x_wconf 83' lang='lat' dir='ltr'><strong>ecclesiam</strong></span> <span class='ocrx_word' id='word_1_164' title='bbox 1740 2817 1796 2864; x_wconf 92' lang='lat' dir='ltr'><strong>et</strong></span> 
     </span>
    </p>
   </div>
   <div class='ocr_carea' id='block_1_28' title="bbox 216 2897 1794 2966">
    <p class='ocr_par' dir='ltr' id='par_1_28' title="bbox 216 2897 1794 2966">
     <span class='ocr_line' id='line_1_28' title="bbox 216 2897 1794 2966; baseline 0.001 -14"><span class='ocrx_word' id='word_1_165' title='bbox 216 2897 405 2952; x_wconf 90' lang='lat' dir='ltr'><strong>domos</strong></span> <span class='ocrx_word' id='word_1_166' title='bbox 430 2898 484 2952; x_wconf 86' lang='lat' dir='ltr'><strong>et</strong></span> <span class='ocrx_word' id='word_1_167' title='bbox 505 2907 698 2952; x_wconf 83' lang='lat' dir='ltr'><strong>caetera</strong></span> <span class='ocrx_word' id='word_1_168' title='bbox 741 2897 966 2954; x_wconf 66' lang='lat' dir='ltr'><strong>aedilicia</strong></span> <span class='ocrx_word' id='word_1_169' title='bbox 995 2908 1431 2954; x_wconf 85' lang='lat' dir='ltr'><strong>construxerunt.</strong></span> <span class='ocrx_word' id='word_1_170' title='bbox 1464 2900 1614 2966; x_wconf 86' lang='lat' dir='ltr'><strong>Quod</strong></span> <span class='ocrx_word' id='word_1_171' title='bbox 1639 2899 1794 2954; x_wconf 83' lang='lat' dir='ltr'><strong>terri-</strong></span> 
     </span>
    </p>
   </div>
   <div class='ocr_carea' id='block_1_29' title="bbox 217 2988 1796 3059">
    <p class='ocr_par' dir='ltr' id='par_1_29' title="bbox 217 2988 1796 3059">
     <span class='ocr_line' id='line_1_29' title="bbox 217 2988 1796 3059; baseline 0.002 -18"><span class='ocrx_word' id='word_1_172' title='bbox 217 2988 416 3042; x_wconf 88' lang='lat' dir='ltr'><strong>torium</strong></span> <span class='ocrx_word' id='word_1_173' title='bbox 443 2988 517 3042; x_wconf 88' lang='lat' dir='ltr'><strong>ita</strong></span> <span class='ocrx_word' id='word_1_174' title='bbox 548 2989 864 3043; x_wconf 89' lang='lat' dir='ltr'><strong>terminatur</strong></span> <span class='ocrx_word' id='word_1_175' title='bbox 888 3007 900 3042; x_wconf 91' lang='lat'><strong>:</strong></span> <span class='ocrx_word' id='word_1_176' title='bbox 933 2990 1120 3058; x_wconf 89' lang='lat' dir='ltr'><strong>incipit</strong></span> <span class='ocrx_word' id='word_1_177' title='bbox 1158 2990 1320 3054; x_wconf 91' lang='lat' dir='ltr'><strong>enim,</strong></span> <span class='ocrx_word' id='word_1_178' title='bbox 1346 3003 1411 3043; x_wconf 85' lang='lat' dir='ltr'><strong>ex</strong></span> <span class='ocrx_word' id='word_1_179' title='bbox 1439 2989 1593 3059; x_wconf 80' lang='lat' dir='ltr'><strong>plaga</strong></span> <span class='ocrx_word' id='word_1_180' title='bbox 1618 2989 1796 3044; x_wconf 88' lang='lat' dir='ltr'><strong>orien-</strong></span> 
     </span>
    </p>
   </div>
   <div class='ocr_carea' id='block_1_30' title="bbox 217 3068 1796 3148">
    <p class='ocr_par' dir='ltr' id='par_1_30' title="bbox 217 3068 1796 3148">
     <span class='ocr_line' id='line_1_30' title="bbox 217 3068 1796 3148; baseline 0.004 -18"><span class='ocrx_word' id='word_1_181' title='bbox 217 3076 336 3142; x_wconf 86' lang='lat' dir='ltr'><strong>tali,</strong></span> <span class='ocrx_word' id='word_1_182' title='bbox 361 3092 392 3131; x_wconf 90' lang='lat' dir='ltr'><strong>a</strong></span> <span class='ocrx_word' id='word_1_183' title='bbox 434 3077 812 3148; x_wconf 89' lang='lat' dir='ltr'><strong>Sumerperch,</strong></span> <span class='ocrx_word' id='word_1_184' title='bbox 836 3079 977 3135; x_wconf 90' lang='lat' dir='ltr'><strong>sicut</strong></span> <span class='ocrx_word' id='word_1_185' title='bbox 1013 3081 1163 3135; x_wconf 87' lang='lat' dir='ltr'><strong>missi</strong></span> <span class='ocrx_word' id='word_1_186' title='bbox 1197 3068 1413 3135; x_wconf 80' lang='lat' dir='ltr'><strong>Gereldi</strong></span> <span class='ocrx_word' id='word_1_187' title='bbox 1441 3081 1653 3137; x_wconf 90' lang='lat' dir='ltr'><strong>comitis</strong></span> <span class='ocrx_word' id='word_1_188' title='bbox 1704 3084 1796 3136; x_wconf 80' lang='lat' dir='ltr'><strong>de—</strong></span> 
     </span>
    </p>
   </div>
   <div class='ocr_carea' id='block_1_31' title="bbox 217 3167 1796 3241">
    <p class='ocr_par' dir='ltr' id='par_1_31' title="bbox 217 3167 1796 3241">
     <span class='ocr_line' id='line_1_31' title="bbox 217 3167 1796 3241; baseline 0.003 -20"><span class='ocrx_word' id='word_1_189' title='bbox 217 3167 589 3239; x_wconf 75' lang='lat' dir='ltr'><strong>signaverunt,</strong></span> <span class='ocrx_word' id='word_1_190' title='bbox 614 3185 784 3239; x_wconf 90' lang='lat' dir='ltr'><strong>usque</strong></span> <span class='ocrx_word' id='word_1_191' title='bbox 819 3171 871 3225; x_wconf 89' lang='lat' dir='ltr'><strong>in</strong></span> <span class='ocrx_word' id='word_1_192' title='bbox 894 3172 1177 3237; x_wconf 66' lang='lat' dir='ltr'><strong>Drazisma,</strong></span> <span class='ocrx_word' id='word_1_193' title='bbox 1215 3172 1281 3226; x_wconf 92' lang='lat' dir='ltr'><strong>ad</strong></span> <span class='ocrx_word' id='word_1_194' title='bbox 1314 3172 1488 3226; x_wconf 91' lang='lat' dir='ltr'><strong>locum</strong></span> <span class='ocrx_word' id='word_1_195' title='bbox 1519 3174 1609 3241; x_wconf 92' lang='lat' dir='ltr'><strong>qui</strong></span> <span class='ocrx_word' id='word_1_196' title='bbox 1637 3187 1796 3228; x_wconf 89' lang='lat' dir='ltr'><strong>voca-</strong></span> 
     </span>
    </p>
   </div>
   <div class='ocr_carea' id='block_1_32' title="bbox 218 3241 1865 3333">
    <p class='ocr_par' dir='ltr' id='par_1_32' title="bbox 218 3241 1865 3333">
     <span class='ocr_line' id='line_1_32' title="bbox 218 3241 1865 3333; baseline 0.005 -22"><span class='ocrx_word' id='word_1_197' title='bbox 218 3268 310 3311; x_wconf 88' lang='lat' dir='ltr'><strong>tur</strong></span> <span class='ocrx_word' id='word_1_198' title='bbox 333 3258 576 3329; x_wconf 87' lang='lat' dir='ltr'><strong>Hohoga,</strong></span> <span class='ocrx_word' id='word_1_199' title='bbox 605 3261 1031 3327; x_wconf 34' lang='lat' dir='ltr'><strong>Plaettehinn,‘et</strong></span> <span class='ocrx_word' id='word_1_200' title='bbox 1079 3264 1202 3318; x_wconf 93' lang='lat' dir='ltr'><strong>inde</strong></span> <span class='ocrx_word' id='word_1_201' title='bbox 1256 3279 1469 3318; x_wconf 88' lang='lat' dir='ltr'><strong>sursum</strong></span> <span class='ocrx_word' id='word_1_202' title='bbox 1509 3279 1680 3333; x_wconf 89' lang='lat' dir='ltr'><strong>usque</strong></span> <span class='ocrx_word' id='word_1_203' title='bbox 1727 3264 1794 3318; x_wconf 89' lang='lat' dir='ltr'><strong>ad</strong></span> <span class='ocrx_word' id='word_1_204' title='bbox 1822 3241 1865 3300; x_wconf 60' lang='grc' dir='ltr'><strong>(ἶ</strong></span> 
     </span>
    </p>
   </div>
   <div class='ocr_carea' id='block_1_33' title="bbox 219 3349 1798 3422">
    <p class='ocr_par' dir='ltr' id='par_1_33' title="bbox 219 3349 1798 3422">
     <span class='ocr_line' id='line_1_33' title="bbox 219 3349 1798 3422; baseline 0.003 -19"><span class='ocrx_word' id='word_1_205' title='bbox 219 3349 554 3405; x_wconf 90' lang='lat' dir='ltr'><strong>territorium</strong></span> <span class='ocrx_word' id='word_1_206' title='bbox 622 3353 963 3422; x_wconf 87' lang='lat' dir='ltr'><strong>episcopatus</strong></span> <span class='ocrx_word' id='word_1_207' title='bbox 1023 3353 1357 3409; x_wconf 87' lang='lat' dir='ltr'><strong>Pataviensis</strong></span> <span class='ocrx_word' id='word_1_208' title='bbox 1409 3356 1678 3418; x_wconf 61' lang='lat' dir='ltr'><strong>ecclesia,</strong></span> <span class='ocrx_word' id='word_1_209' title='bbox 1742 3363 1798 3409; x_wconf 86' lang='lat' dir='ltr'><strong>et</strong></span> 
     </span>
    </p>
   </div>
   <div class='ocr_carea' id='block_1_34' title="bbox 218 3440 1791 3513">
    <p class='ocr_par' dir='ltr' id='par_1_34' title="bbox 218 3440 1791 3513">
     <span class='ocr_line' id='line_1_34' title="bbox 218 3440 1791 3513; baseline 0.002 -19"><span class='ocrx_word' id='word_1_210' title='bbox 218 3440 507 3495; x_wconf 85' lang='lat' dir='ltr'><strong>exinde-ad</strong></span> <span class='ocrx_word' id='word_1_211' title='bbox 537 3441 748 3512; x_wconf 84' lang='lat' dir='ltr'><strong>plagam</strong></span> <span class='ocrx_word' id='word_1_212' title='bbox 774 3442 1063 3496; x_wconf 89' lang='lat' dir='ltr'><strong>australem</strong></span> <span class='ocrx_word' id='word_1_213' title='bbox 1088 3459 1259 3513; x_wconf 90' lang='lat' dir='ltr'><strong>usque</strong></span> <span class='ocrx_word' id='word_1_214' title='bbox 1285 3445 1338 3498; x_wconf 92' lang='lat' dir='ltr'><strong>in</strong></span> <span class='ocrx_word' id='word_1_215' title='bbox 1369 3444 1791 3500; x_wconf 83' lang='lat' dir='ltr'><strong>Heribrnnnum.</strong></span> 
     </span>
    </p>
   </div>
   <div class='ocr_carea' id='block_1_35' title="bbox 217 3530 1795 3604">
    <p class='ocr_par' dir='ltr' id='par_1_35' title="bbox 217 3530 1795 3604">
     <span class='ocr_line' id='line_1_35' title="bbox 217 3530 1795 3604; baseline 0.003 -18"><span class='ocrx_word' id='word_1_216' title='bbox 217 3530 423 3586; x_wconf 87' lang='lat' dir='ltr'><strong>Deinde</strong></span> <span class='ocrx_word' id='word_1_217' title='bbox 447 3547 512 3587; x_wconf 81' lang='lat' dir='ltr'><strong>ex</strong></span> <span class='ocrx_word' id='word_1_218' title='bbox 533 3545 686 3602; x_wconf 86' lang='lat' dir='ltr'><strong>parte</strong></span> <span class='ocrx_word' id='word_1_219' title='bbox 712 3534 1030 3593; x_wconf 83' lang='lat' dir='ltr'><strong>occidentali</strong></span> <span class='ocrx_word' id='word_1_220' title='bbox 1063 3551 1232 3604; x_wconf 90' lang='lat' dir='ltr'><strong>usque</strong></span> <span class='ocrx_word' id='word_1_221' title='bbox 1257 3536 1323 3590; x_wconf 86' lang='lat' dir='ltr'><strong>ad</strong></span> <span class='ocrx_word' id='word_1_222' title='bbox 1353 3551 1474 3591; x_wconf 89' lang='lat' dir='ltr'><strong>eum</strong></span> <span class='ocrx_word' id='word_1_223' title='bbox 1501 3536 1677 3590; x_wconf 91' lang='lat' dir='ltr'><strong>locum</strong></span> <span class='ocrx_word' id='word_1_224' title='bbox 1703 3537 1795 3590; x_wconf 91' lang='lat' dir='ltr'><strong>ubi</strong></span> 
     </span>
    </p>
   </div>
   <div class='ocr_carea' id='block_1_36' title="bbox 218 3623 1794 3697">
    <p class='ocr_par' dir='ltr' id='par_1_36' title="bbox 218 3623 1794 3697">
     <span class='ocr_line' id='line_1_36' title="bbox 218 3623 1794 3697; baseline 0.003 -20"><span class='ocrx_word' id='word_1_225' title='bbox 218 3623 505 3692; x_wconf 84' lang='lat' dir='ltr'><strong>Flinspach</strong></span> <span class='ocrx_word' id='word_1_226' title='bbox 528 3625 643 3678; x_wconf 83' lang='lat' dir='ltr'><strong>exit</strong></span> <span class='ocrx_word' id='word_1_227' title='bbox 672 3625 737 3679; x_wconf 92' lang='lat' dir='ltr'><strong>de</strong></span> <span class='ocrx_word' id='word_1_228' title='bbox 768 3625 932 3690; x_wconf 85' lang='lat' dir='ltr'><strong>silva;</strong></span> <span class='ocrx_word' id='word_1_229' title='bbox 966 3641 996 3681; x_wconf 90' lang='lat' dir='ltr'><strong>a</strong></span> <span class='ocrx_word' id='word_1_230' title='bbox 1024 3637 1178 3697; x_wconf 91' lang='lat' dir='ltr'><strong>parte</strong></span> <span class='ocrx_word' id='word_1_231' title='bbox 1203 3627 1488 3697; x_wconf 89' lang='lat' dir='ltr'><strong>aquilonis,</strong></span> <span class='ocrx_word' id='word_1_232' title='bbox 1518 3627 1656 3682; x_wconf 89' lang='lat' dir='ltr'><strong>sicut</strong></span> <span class='ocrx_word' id='word_1_233' title='bbox 1680 3627 1794 3694; x_wconf 83' lang='lat' dir='ltr'><strong>ipsa</strong></span> 
     </span>
    </p>
   </div>
   <div class='ocr_carea' id='block_1_37' title="bbox 217 3714 1792 3788">
    <p class='ocr_par' dir='ltr' id='par_1_37' title="bbox 217 3714 1792 3788">
     <span class='ocr_line' id='line_1_37' title="bbox 217 3714 1792 3788; baseline 0.003 -20"><span class='ocrx_word' id='word_1_234' title='bbox 217 3714 351 3768; x_wconf 83' lang='lat' dir='ltr'><strong>silva</strong></span> <span class='ocrx_word' id='word_1_235' title='bbox 377 3716 551 3785; x_wconf 87' lang='lat' dir='ltr'><strong>pergit</strong></span> <span class='ocrx_word' id='word_1_236' title='bbox 573 3731 743 3785; x_wconf 88' lang='lat' dir='ltr'><strong>usque</strong></span> <span class='ocrx_word' id='word_1_237' title='bbox 769 3719 836 3772; x_wconf 91' lang='lat' dir='ltr'><strong>ad</strong></span> <span class='ocrx_word' id='word_1_238' title='bbox 856 3717 966 3785; x_wconf 84' lang='lat' dir='ltr'><strong>jam</strong></span> <span class='ocrx_word' id='word_1_239' title='bbox 998 3719 1199 3773; x_wconf 90' lang='lat' dir='ltr'><strong>dictum</strong></span> <span class='ocrx_word' id='word_1_240' title='bbox 1234 3726 1470 3773; x_wconf 89' lang='lat' dir='ltr'><strong>montem</strong></span> <span class='ocrx_word' id='word_1_241' title='bbox 1502 3717 1593 3788; x_wconf 89' lang='lat' dir='ltr'><strong>qui</strong></span> <span class='ocrx_word' id='word_1_242' title='bbox 1631 3733 1792 3772; x_wconf 90' lang='lat' dir='ltr'><strong>voca-</strong></span> 
     </span>
    </p>
   </div>
   <div class='ocr_carea' id='block_1_38' title="bbox 219 3803 1792 3877">
    <p class='ocr_par' dir='ltr' id='par_1_38' title="bbox 219 3803 1792 3877">
     <span class='ocr_line' id='line_1_38' title="bbox 219 3803 1792 3877; baseline 0.002 -18"><span class='ocrx_word' id='word_1_243' title='bbox 219 3803 707 3875; x_wconf 84' lang='lat' dir='ltr'><strong>turSumerperch.</strong></span> <span class='ocrx_word' id='word_1_244' title='bbox 728 3807 1082 3863; x_wconf 84' lang='lat' dir='ltr'><strong>Memoratum</strong></span> <span class='ocrx_word' id='word_1_245' title='bbox 1104 3824 1230 3863; x_wconf 90' lang='lat' dir='ltr'><strong>vero</strong></span> <span class='ocrx_word' id='word_1_246' title='bbox 1252 3808 1607 3872; x_wconf 87' lang='lat' dir='ltr'><strong>territorium,</strong></span> <span class='ocrx_word' id='word_1_247' title='bbox 1622 3825 1792 3877; x_wconf 89' lang='lat' dir='ltr'><strong>quan-</strong></span> 
     </span>
    </p>
   </div>
   <div class='ocr_carea' id='block_1_39' title="bbox 216 3895 1795 3967">
    <p class='ocr_par' dir='ltr' id='par_1_39' title="bbox 216 3895 1795 3967">
     <span class='ocr_line' id='line_1_39' title="bbox 216 3895 1795 3967; baseline 0.003 -18"><span class='ocrx_word' id='word_1_248' title='bbox 216 3903 546 3965; x_wconf 91' lang='lat' dir='ltr'><strong>tumcunque</strong></span> <span class='ocrx_word' id='word_1_249' title='bbox 572 3895 708 3950; x_wconf 84' lang='lat' dir='ltr'><strong>infra</strong></span> <span class='ocrx_word' id='word_1_250' title='bbox 739 3898 1159 3967; x_wconf 86' lang='lat' dir='ltr'><strong>suprascriptam</strong></span> <span class='ocrx_word' id='word_1_251' title='bbox 1191 3897 1624 3952; x_wconf 84' lang='lat' dir='ltr'><strong>terminationem</strong></span> <span class='ocrx_word' id='word_1_252' title='bbox 1665 3914 1795 3954; x_wconf 89' lang='lat' dir='ltr'><strong>con-</strong></span> 
     </span>
    </p>
   </div>
   <div class='ocr_carea' id='block_1_40' title="bbox 215 3984 1793 4058">
    <p class='ocr_par' dir='ltr' id='par_1_40' title="bbox 215 3984 1793 4058">
     <span class='ocr_line' id='line_1_40' title="bbox 215 3984 1793 4058; baseline 0.003 -19"><span class='ocrx_word' id='word_1_253' title='bbox 215 3984 382 4050; x_wconf 84' lang='lat' dir='ltr'><strong>sistit,</strong></span> <span class='ocrx_word' id='word_1_254' title='bbox 415 3985 576 4040; x_wconf 89' lang='lat' dir='ltr'><strong>salvis</strong></span> <span class='ocrx_word' id='word_1_255' title='bbox 608 3997 784 4041; x_wconf 85' lang='lat' dir='ltr'><strong>tamen</strong></span> <span class='ocrx_word' id='word_1_256' title='bbox 814 3990 1232 4058; x_wconf 90' lang='lat' dir='ltr'><strong>proprietatibus</strong></span> <span class='ocrx_word' id='word_1_257' title='bbox 1263 3989 1558 4044; x_wconf 90' lang='lat' dir='ltr'><strong>liberorum</strong></span> <span class='ocrx_word' id='word_1_258' title='bbox 1588 3989 1793 4044; x_wconf 87' lang='lat' dir='ltr'><strong>sclavo-</strong></span> 
     </span>
    </p>
   </div>
   <div class='ocr_carea' id='block_1_41' title="bbox 217 4075 1795 4146">
    <p class='ocr_par' dir='ltr' id='par_1_41' title="bbox 217 4075 1795 4146">
     <span class='ocr_line' id='line_1_41' title="bbox 217 4075 1795 4146; baseline 0.005 -21"><span class='ocrx_word' id='word_1_259' title='bbox 217 4088 371 4136; x_wconf 91' lang='lat' dir='ltr'><strong>rum,</strong></span> <span class='ocrx_word' id='word_1_260' title='bbox 422 4075 684 4144; x_wconf 90' lang='lat' dir='ltr'><strong>reliquum</strong></span> <span class='ocrx_word' id='word_1_261' title='bbox 735 4077 993 4146; x_wconf 89' lang='lat' dir='ltr'><strong>quidquid</strong></span> <span class='ocrx_word' id='word_1_262' title='bbox 1036 4078 1174 4132; x_wconf 84' lang='lat' dir='ltr'><strong>infra</strong></span> <span class='ocrx_word' id='word_1_263' title='bbox 1242 4079 1337 4133; x_wconf 90' lang='lat' dir='ltr'><strong>has</strong></span> <span class='ocrx_word' id='word_1_264' title='bbox 1384 4078 1795 4133; x_wconf 87' lang='lat' dir='ltr'><strong>terminationes</strong></span> 
     </span>
    </p>
   </div>
   <div class='ocr_carea' id='block_1_42' title="bbox 215 4167 1792 4240">
    <p class='ocr_par' dir='ltr' id='par_1_42' title="bbox 215 4167 1792 4240">
     <span class='ocr_line' id='line_1_42' title="bbox 215 4167 1792 4240; baseline 0.003 -22"><span class='ocrx_word' id='word_1_265' title='bbox 215 4167 468 4235; x_wconf 65' lang='lat' dir='ltr'><strong>praesenti</strong></span> <span class='ocrx_word' id='word_1_266' title='bbox 495 4174 734 4236; x_wconf 88' lang='lat' dir='ltr'><strong>tempore</strong></span> <span class='ocrx_word' id='word_1_267' title='bbox 783 4170 849 4223; x_wconf 90' lang='lat' dir='ltr'><strong>ad</strong></span> <span class='ocrx_word' id='word_1_268' title='bbox 883 4178 1092 4238; x_wconf 89' lang='lat' dir='ltr'><strong>partem</strong></span> <span class='ocrx_word' id='word_1_269' title='bbox 1157 4170 1413 4225; x_wconf 91' lang='lat' dir='ltr'><strong>comitum</strong></span> <span class='ocrx_word' id='word_1_270' title='bbox 1444 4171 1792 4240; x_wconf 88' lang='lat' dir='ltr'><strong>pertinebat,</strong></span> 
     </span>
    </p>
   </div>
   <div class='ocr_carea' id='block_1_43' title="bbox 211 4256 1794 4330">
    <p class='ocr_par' dir='ltr' id='par_1_43' title="bbox 211 4256 1794 4330">
     <span class='ocr_line' id='line_1_43' title="bbox 211 4256 1794 4330; baseline 0.003 -21"><span class='ocrx_word' id='word_1_271' title='bbox 211 4256 398 4309; x_wconf 88' lang='lat' dir='ltr'><strong>omnia</strong></span> <span class='ocrx_word' id='word_1_272' title='bbox 420 4258 724 4325; x_wconf 89' lang='lat' dir='ltr'><strong>supradicto</strong></span> <span class='ocrx_word' id='word_1_273' title='bbox 746 4262 1075 4315; x_wconf 86' lang='lat' dir='ltr'><strong>monasterio</strong></span> <span class='ocrx_word' id='word_1_274' title='bbox 1090 4260 1397 4330; x_wconf 63' lang='lat' dir='ltr'><strong>Chremysm</strong></span> <span class='ocrx_word' id='word_1_275' title='bbox 1424 4276 1521 4329; x_wconf 91' lang='lat' dir='ltr'><strong>per</strong></span> <span class='ocrx_word' id='word_1_276' title='bbox 1540 4260 1677 4314; x_wconf 90' lang='lat' dir='ltr'><strong>hanc</strong></span> <span class='ocrx_word' id='word_1_277' title='bbox 1699 4275 1794 4314; x_wconf 83' lang='lat' dir='ltr'><strong>no-</strong></span> 
     </span>
    </p>
   </div>
   <div class='ocr_carea' id='block_1_44' title="bbox 213 4349 1794 4419">
    <p class='ocr_par' dir='ltr' id='par_1_44' title="bbox 213 4349 1794 4419">
     <span class='ocr_line' id='line_1_44' title="bbox 213 4349 1794 4419; baseline 0.003 -19"><span class='ocrx_word' id='word_1_278' title='bbox 213 4353 385 4400; x_wconf 82' lang='lat' dir='ltr'><strong>stram</strong></span> <span class='ocrx_word' id='word_1_279' title='bbox 412 4349 787 4404; x_wconf 86' lang='lat' dir='ltr'><strong>auctoritatem</strong></span> <span class='ocrx_word' id='word_1_280' title='bbox 847 4351 1255 4419; x_wconf 67' lang='lat' dir='ltr'><strong>praesentialiter</strong></span> <span class='ocrx_word' id='word_1_281' title='bbox 1288 4350 1549 4404; x_wconf 86' lang='lat' dir='ltr'><strong>tradimus</strong></span> <span class='ocrx_word' id='word_1_282' title='bbox 1571 4391 1585 4413; x_wconf 91' lang='lat'><strong>,</strong></span> <span class='ocrx_word' id='word_1_283' title='bbox 1632 4358 1687 4405; x_wconf 91' lang='lat' dir='ltr'><strong>et</strong></span> <span class='ocrx_word' id='word_1_284' title='bbox 1728 4351 1794 4405; x_wconf 90' lang='lat' dir='ltr'><strong>de</strong></span> 
     </span>
    </p>
   </div>
   <div class='ocr_carea' id='block_1_45' title="bbox 215 4436 1797 4509">
    <p class='ocr_par' dir='ltr' id='par_1_45' title="bbox 215 4436 1797 4509">
     <span class='ocr_line' id='line_1_45' title="bbox 215 4436 1797 4509; baseline 0.004 -20"><span class='ocrx_word' id='word_1_285' title='bbox 215 4445 402 4491; x_wconf 91' lang='lat' dir='ltr'><strong>nostro</strong></span> <span class='ocrx_word' id='word_1_286' title='bbox 442 4436 564 4505; x_wconf 88' lang='lat' dir='ltr'><strong>jure</strong></span> <span class='ocrx_word' id='word_1_287' title='bbox 609 4438 663 4491; x_wconf 92' lang='lat' dir='ltr'><strong>in</strong></span> <span class='ocrx_word' id='word_1_288' title='bbox 692 4437 782 4505; x_wconf 89' lang='lat' dir='ltr'><strong>jus</strong></span> <span class='ocrx_word' id='word_1_289' title='bbox 833 4449 887 4493; x_wconf 86' lang='lat' dir='ltr'><strong>et</strong></span> <span class='ocrx_word' id='word_1_290' title='bbox 921 4439 1339 4495; x_wconf 87' lang='lat' dir='ltr'><strong>dominationem</strong></span> <span class='ocrx_word' id='word_1_291' title='bbox 1378 4440 1494 4509; x_wconf 89' lang='lat' dir='ltr'><strong>ejus</strong></span> <span class='ocrx_word' id='word_1_292' title='bbox 1528 4440 1797 4496; x_wconf 79' lang='lat' dir='ltr'><strong>transfun-</strong></span> 
     </span>
    </p>
   </div>
   <div class='ocr_carea' id='block_1_46' title="bbox 214 4530 1866 4633">
    <p class='ocr_par' dir='ltr' id='par_1_46' title="bbox 214 4530 1866 4633">
     <span class='ocr_line' id='line_1_46' title="bbox 214 4530 1866 4633; baseline 0.004 -49"><span class='ocrx_word' id='word_1_293' title='bbox 214 4530 413 4633; x_wconf 29' lang='lat' dir='ltr'><strong>dicmus,</strong></span> <span class='ocrx_word' id='word_1_294' title='bbox 446 4531 536 4633; x_wconf 40' lang='lat' dir='ltr'><strong>ita.</strong></span> <span class='ocrx_word' id='word_1_295' title='bbox 558 4532 806 4588; x_wconf 85' lang='lat' dir='ltr'><strong>videlicet</strong></span> <span class='ocrx_word' id='word_1_296' title='bbox 841 4541 900 4588; x_wconf 91' lang='lat' dir='ltr'><strong>ut</strong></span> <span class='ocrx_word' id='word_1_297' title='bbox 931 4535 1189 4605; x_wconf 90' lang='lat' dir='ltr'><strong>quidquid</strong></span> <span class='ocrx_word' id='word_1_298' title='bbox 1218 4535 1284 4590; x_wconf 92' lang='lat' dir='ltr'><strong>de</strong></span> <span class='ocrx_word' id='word_1_299' title='bbox 1318 4536 1554 4606; x_wconf 71' lang='lat' dir='ltr'><strong>praefatis</strong></span> <span class='ocrx_word' id='word_1_300' title='bbox 1576 4537 1790 4592; x_wconf 88' lang='lat' dir='ltr'><strong>territo-</strong></span> <span class='ocrx_word' id='word_1_301' title='bbox 1814 4574 1866 4633; x_wconf 83' lang='lat' dir='ltr'><strong>D</strong></span> 
     </span>
    </p>
   </div>
   <div class='ocr_carea' id='block_1_47' title="bbox 216 4620 1789 4696">
    <p class='ocr_par' dir='ltr' id='par_1_47' title="bbox 216 4620 1789 4696">
     <span class='ocr_line' id='line_1_47' title="bbox 216 4620 1789 4696; baseline 0.005 -21"><span class='ocrx_word' id='word_1_302' title='bbox 216 4620 312 4675; x_wconf 90' lang='lat' dir='ltr'><strong>riis</strong></span> <span class='ocrx_word' id='word_1_303' title='bbox 332 4621 401 4675; x_wconf 93' lang='lat' dir='ltr'><strong>ob</strong></span> <span class='ocrx_word' id='word_1_304' title='bbox 423 4621 706 4677; x_wconf 90' lang='lat' dir='ltr'><strong>utilitatem</strong></span> <span class='ocrx_word' id='word_1_305' title='bbox 729 4632 781 4677; x_wconf 89' lang='lat' dir='ltr'><strong>et</strong></span> <span class='ocrx_word' id='word_1_306' title='bbox 815 4625 1114 4696; x_wconf 85' lang='lat' dir='ltr'><strong>profectum</strong></span> <span class='ocrx_word' id='word_1_307' title='bbox 1137 4628 1434 4696; x_wconf 72' lang='lat' dir='ltr'><strong>praescripti</strong></span> <span class='ocrx_word' id='word_1_308' title='bbox 1477 4630 1789 4684; x_wconf 90' lang='lat' dir='ltr'><strong>monasterii</strong></span> 
     </span>
    </p>
   </div>
   <div class='ocr_carea' id='block_1_48' title="bbox 215 4713 1792 4784">
    <p class='ocr_par' dir='ltr' id='par_1_48' title="bbox 215 4713 1792 4784">
     <span class='ocr_line' id='line_1_48' title="bbox 215 4713 1792 4784; baseline 0.007 -19"><span class='ocrx_word' id='word_1_309' title='bbox 215 4720 458 4766; x_wconf 92' lang='lat' dir='ltr'><strong>rectores</strong></span> <span class='ocrx_word' id='word_1_310' title='bbox 487 4720 542 4766; x_wconf 92' lang='lat' dir='ltr'><strong>et</strong></span> <span class='ocrx_word' id='word_1_311' title='bbox 568 4713 799 4768; x_wconf 91' lang='lat' dir='ltr'><strong>ministri</strong></span> <span class='ocrx_word' id='word_1_312' title='bbox 831 4713 948 4783; x_wconf 89' lang='lat' dir='ltr'><strong>ejus</strong></span> <span class='ocrx_word' id='word_1_313' title='bbox 981 4716 1161 4771; x_wconf 76' lang='lat' dir='ltr'><strong>facere</strong></span> <span class='ocrx_word' id='word_1_314' title='bbox 1205 4717 1290 4772; x_wconf 87' lang='lat' dir='ltr'><strong>vel</strong></span> <span class='ocrx_word' id='word_1_315' title='bbox 1333 4715 1577 4784; x_wconf 88' lang='lat' dir='ltr'><strong>judicare</strong></span> <span class='ocrx_word' id='word_1_316' title='bbox 1610 4720 1792 4776; x_wconf 45' lang='lat' dir='ltr'><strong>volatu</strong></span> 
     </span>
    </p>
   </div>
   <div class='ocr_carea' id='block_1_49' title="bbox 215 4801 1790 4876">
    <p class='ocr_par' dir='ltr' id='par_1_49' title="bbox 215 4801 1790 4876">
     <span class='ocr_line' id='line_1_49' title="bbox 215 4801 1790 4876; baseline 0.008 -22"><span class='ocrx_word' id='word_1_317' title='bbox 215 4802 344 4865; x_wconf 89' lang='lat' dir='ltr'><strong>rint,</strong></span> <span class='ocrx_word' id='word_1_318' title='bbox 368 4801 538 4857; x_wconf 90' lang='lat' dir='ltr'><strong>libero</strong></span> <span class='ocrx_word' id='word_1_319' title='bbox 580 4804 632 4857; x_wconf 90' lang='lat' dir='ltr'><strong>in</strong></span> <span class='ocrx_word' id='word_1_320' title='bbox 666 4806 914 4860; x_wconf 90' lang='lat' dir='ltr'><strong>omnibus</strong></span> <span class='ocrx_word' id='word_1_321' title='bbox 969 4808 1244 4876; x_wconf 88' lang='lat' dir='ltr'><strong>potiantur</strong></span> <span class='ocrx_word' id='word_1_322' title='bbox 1295 4808 1518 4864; x_wconf 82' lang='lat' dir='ltr'><strong>arbitrio</strong></span> <span class='ocrx_word' id='word_1_323' title='bbox 1559 4809 1790 4866; x_wconf 85' lang='lat' dir='ltr'><strong>faciendi</strong></span> 
     </span>
    </p>
   </div>
   <div class='ocr_carea' id='block_1_50' title="bbox 215 4892 1792 4963">
    <p class='ocr_par' dir='ltr' id='par_1_50' title="bbox 215 4892 1792 4963">
     <span class='ocr_line' id='line_1_50' title="bbox 215 4892 1792 4963; baseline 0.008 -20"><span class='ocrx_word' id='word_1_324' title='bbox 215 4893 476 4960; x_wconf 77' lang='lat' dir='ltr'><strong>quidquid</strong></span> <span class='ocrx_word' id='word_1_325' title='bbox 526 4892 804 4963; x_wconf 83' lang='lat' dir='ltr'><strong>elegerint.</strong></span> <span class='ocrx_word' id='word_1_326' title='bbox 859 4896 926 4950; x_wconf 89' lang='lat' dir='ltr'><strong>Et</strong></span> <span class='ocrx_word' id='word_1_327' title='bbox 974 4905 1034 4950; x_wconf 92' lang='lat' dir='ltr'><strong>ut</strong></span> <span class='ocrx_word' id='word_1_328' title='bbox 1080 4897 1196 4952; x_wconf 62' lang='lat' dir='ltr'><strong>haec</strong></span> <span class='ocrx_word' id='word_1_329' title='bbox 1244 4901 1537 4956; x_wconf 89' lang='lat' dir='ltr'><strong>auctoritas</strong></span> <span class='ocrx_word' id='word_1_330' title='bbox 1591 4903 1792 4957; x_wconf 90' lang='lat' dir='ltr'><strong>nostris</strong></span> 
     </span>
    </p>
   </div>
   <div class='ocr_carea' id='block_1_51' title="bbox 218 4980 1791 5061">
    <p class='ocr_par' dir='ltr' id='par_1_51' title="bbox 218 4980 1791 5061">
     <span class='ocr_line' id='line_1_51' title="bbox 218 4980 1791 5061; baseline 0.008 -28"><span class='ocrx_word' id='word_1_331' title='bbox 218 4980 520 5052; x_wconf 80' lang='lat' dir='ltr'><strong>futurisque</strong></span> <span class='ocrx_word' id='word_1_332' title='bbox 559 4987 888 5054; x_wconf 89' lang='lat' dir='ltr'><strong>temporibus</strong></span> <span class='ocrx_word' id='word_1_333' title='bbox 914 4987 1142 5042; x_wconf 92' lang='lat' dir='ltr'><strong>Domino</strong></span> <span class='ocrx_word' id='word_1_334' title='bbox 1177 4999 1491 5061; x_wconf 88' lang='lat' dir='ltr'><strong>protegente</strong></span> <span class='ocrx_word' id='word_1_335' title='bbox 1517 4991 1690 5046; x_wconf 88' lang='lat' dir='ltr'><strong>valeat</strong></span> <span class='ocrx_word' id='word_1_336' title='bbox 1709 4993 1791 5046; x_wconf 88' lang='lat' dir='ltr'><strong>in-</strong></span> 
     </span>
    </p>
   </div>
   <div class='ocr_carea' id='block_1_52' title="bbox 217 5073 1793 5149">
    <p class='ocr_par' dir='ltr' id='par_1_52' title="bbox 217 5073 1793 5149">
     <span class='ocr_line' id='line_1_52' title="bbox 217 5073 1793 5149; baseline 0.006 -22"><span class='ocrx_word' id='word_1_337' title='bbox 217 5073 473 5129; x_wconf 89' lang='lat' dir='ltr'><strong>convulsa</strong></span> <span class='ocrx_word' id='word_1_338' title='bbox 504 5091 743 5141; x_wconf 89' lang='lat' dir='ltr'><strong>manere,</strong></span> <span class='ocrx_word' id='word_1_339' title='bbox 789 5078 1036 5134; x_wconf 89' lang='lat' dir='ltr'><strong>manibus</strong></span> <span class='ocrx_word' id='word_1_340' title='bbox 1088 5081 1324 5149; x_wconf 87' lang='lat' dir='ltr'><strong>propriis</strong></span> <span class='ocrx_word' id='word_1_341' title='bbox 1371 5081 1793 5137; x_wconf 85' lang='lat' dir='ltr'><strong>subterﬁrmavi-</strong></span> 
     </span>
    </p>
   </div>
   <div class='ocr_carea' id='block_1_53' title="bbox 221 5167 1784 5243">
    <p class='ocr_par' dir='ltr' id='par_1_53' title="bbox 221 5167 1784 5243">
     <span class='ocr_line' id='line_1_53' title="bbox 221 5167 1784 5243; baseline 0.006 -25"><span class='ocrx_word' id='word_1_342' title='bbox 221 5181 359 5228; x_wconf 90' lang='lat' dir='ltr'><strong>mus,</strong></span> <span class='ocrx_word' id='word_1_343' title='bbox 382 5174 437 5220; x_wconf 93' lang='lat' dir='ltr'><strong>et</strong></span> <span class='ocrx_word' id='word_1_344' title='bbox 455 5167 634 5220; x_wconf 90' lang='lat' dir='ltr'><strong>annuli</strong></span> <span class='ocrx_word' id='word_1_345' title='bbox 671 5169 840 5222; x_wconf 89' lang='lat' dir='ltr'><strong>nostri</strong></span> <span class='ocrx_word' id='word_1_346' title='bbox 885 5170 1236 5239; x_wconf 88' lang='lat' dir='ltr'><strong>impressione</strong></span> <span class='ocrx_word' id='word_1_347' title='bbox 1283 5173 1483 5243; x_wconf 87' lang='lat' dir='ltr'><strong>signari</strong></span> <span class='ocrx_word' id='word_1_348' title='bbox 1508 5172 1784 5241; x_wconf 88' lang='lat' dir='ltr'><strong>jussimus.</strong></span> 
     </span>
    </p>
   </div>
   <div class='ocr_carea' id='block_1_54' title="bbox 292 5257 1540 5332">
    <p class='ocr_par' dir='ltr' id='par_1_54' title="bbox 292 5257 1540 5332">
     <span class='ocr_line' id='line_1_54' title="bbox 292 5257 1540 5332; baseline 0.004 -21"><span class='ocrx_word' id='word_1_349' title='bbox 292 5257 512 5328; x_wconf 85' lang='lat' dir='ltr'><strong>Signum</strong></span> <span class='ocrx_word' id='word_1_350' title='bbox 543 5259 794 5315; x_wconf 88' lang='lat' dir='ltr'><strong>Ludovici</strong></span> <span class='ocrx_word' id='word_1_351' title='bbox 824 5261 1149 5315; x_wconf 89' lang='lat' dir='ltr'><strong>serenissimi</strong></span> <span class='ocrx_word' id='word_1_352' title='bbox 1181 5263 1540 5332; x_wconf 87' lang='lat' dir='ltr'><strong>imperatoris.</strong></span> 
     </span>
    </p>
   </div>
   <div class='ocr_carea' id='block_1_55' title="bbox 292 5348 1790 5421">
    <p class='ocr_par' dir='ltr' id='par_1_55' title="bbox 292 5348 1790 5421">
     <span class='ocr_line' id='line_1_55' title="bbox 292 5348 1790 5421; baseline 0.003 -19"><span class='ocrx_word' id='word_1_353' title='bbox 292 5348 511 5418; x_wconf 90' lang='lat' dir='ltr'><strong>Signum</strong></span> <span class='ocrx_word' id='word_1_354' title='bbox 573 5349 810 5404; x_wconf 88' lang='lat' dir='ltr'><strong>Lotharii</strong></span> <span class='ocrx_word' id='word_1_355' title='bbox 877 5351 1248 5421; x_wconf 88' lang='lat' dir='ltr'><strong>gloriosissimi</strong></span> <span class='ocrx_word' id='word_1_356' title='bbox 1292 5353 1633 5421; x_wconf 88' lang='lat' dir='ltr'><strong>imperatoris</strong></span> <span class='ocrx_word' id='word_1_357' title='bbox 1684 5352 1790 5406; x_wconf 86' lang='lat' dir='ltr'><strong>Au-</strong></span> 
     </span>
    </p>
   </div>
   <div class='ocr_carea' id='block_1_56' title="bbox 220 5439 384 5508">
    <p class='ocr_par' dir='ltr' id='par_1_56' title="bbox 220 5439 384 5508">
     <span class='ocr_line' id='line_1_56' title="bbox 220 5439 384 5508; baseline 0.012 -18"><span class='ocrx_word' id='word_1_358' title='bbox 220 5439 384 5508; x_wconf 85' lang='lat' dir='ltr'><strong>gusti.</strong></span> 
     </span>
    </p>
   </div>
   <div class='ocr_carea' id='block_1_57' title="bbox 295 5593 1789 5738">
    <p class='ocr_par' dir='ltr' id='par_1_57' title="bbox 295 5593 1789 5738">
     <span class='ocr_line' id='line_1_57' title="bbox 297 5593 585 5634; baseline 0 -31"><span class='ocrx_word' id='word_1_359' title='bbox 297 5605 319 5634; x_wconf 56' lang='lat'>.</span> <span class='ocrx_word' id='word_1_360' title='bbox 422 5593 432 5604; x_wconf 90' lang='lat'><strong>.</strong></span> <span class='ocrx_word' id='word_1_361' title='bbox 576 5594 585 5603; x_wconf 94' lang='lat'><strong>.</strong></span> 
     </span>
     <span class='ocr_line' id='line_1_58' title="bbox 295 5593 1789 5738; baseline 0.003 -24"><span class='ocrx_word' id='word_1_362' title='bbox 668 5669 880 5723; x_wconf 87' lang='lat' dir='ltr'><strong>comitis</strong></span> <span class='ocrx_word' id='word_1_363' title='bbox 918 5669 1277 5724; x_wconf 87' lang='lat' dir='ltr'><strong>meminerunt</strong></span> <span class='ocrx_word' id='word_1_364' title='bbox 1304 5666 1586 5738; x_wconf 72' lang='lat' dir='ltr'><strong>Ermoldus</strong></span> <span class='ocrx_word' id='word_1_365' title='bbox 1616 5666 1789 5738; x_wconf 77' lang='lat' dir='ltr'><strong>Nigel-</strong></span> 
     </span>
    </p>
   </div>
   <div class='ocr_carea' id='block_1_58' title="bbox 224 5731 1787 5803">
    <p class='ocr_par' dir='ltr' id='par_1_58' title="bbox 224 5731 1787 5803">
     <span class='ocr_line' id='line_1_59' title="bbox 224 5731 1787 5803; baseline 0.004 -19"><span class='ocrx_word' id='word_1_366' title='bbox 224 5731 305 5785; x_wconf 83' lang='lat' dir='ltr'><strong>lus</strong></span> <span class='ocrx_word' id='word_1_367' title='bbox 334 5732 408 5786; x_wconf 90' lang='lat' dir='ltr'><strong>De</strong></span> <span class='ocrx_word' id='word_1_368' title='bbox 433 5731 564 5786; x_wconf 85' lang='lat' dir='ltr'><strong>Reb.</strong></span> <span class='ocrx_word' id='word_1_369' title='bbox 595 5746 728 5803; x_wconf 82' lang='lat' dir='ltr'><strong>gest.</strong></span> <span class='ocrx_word' id='word_1_370' title='bbox 762 5739 1015 5794; x_wconf 90' lang='lat' dir='ltr'><strong>Ludovici</strong></span> <span class='ocrx_word' id='word_1_371' title='bbox 1057 5738 1155 5800; x_wconf 81' lang='lat' dir='ltr'><strong>Pii,</strong></span> <span class='ocrx_word' id='word_1_372' title='bbox 1186 5752 1323 5790; x_wconf 83' lang='lat' dir='ltr'><strong>vers.</strong></span> <span class='ocrx_word' id='word_1_373' title='bbox 1359 5735 1460 5789; x_wconf 63' lang='grc'><strong>274</strong></span> <span class='ocrx_word' id='word_1_374' title='bbox 1493 5746 1546 5789; x_wconf 89' lang='lat' dir='ltr'><strong>et</strong></span> <span class='ocrx_word' id='word_1_375' title='bbox 1570 5731 1787 5798; x_wconf 47' lang='lat' dir='ltr'><strong>373fac</strong></span> 
     </span>
    </p>
   </div>
   <div class='ocr_carea' id='block_1_59' title="bbox 212 5807 1777 5874">
    <p class='ocr_par' dir='ltr' id='par_1_59' title="bbox 212 5807 1777 5874">
     <span class='ocr_line' id='line_1_60' title="bbox 212 5807 1777 5874; baseline 0.005 -20"><span class='ocrx_word' id='word_1_376' title='bbox 212 5807 574 5858; x_wconf 71' lang='lat' dir='ltr'><strong>Jtstronomus</strong></span> <span class='ocrx_word' id='word_1_377' title='bbox 624 5807 673 5860; x_wconf 91' lang='lat' dir='ltr'><strong>in</strong></span> <span class='ocrx_word' id='word_1_378' title='bbox 722 5809 838 5863; x_wconf 85' lang='lat' dir='ltr'><strong>Vita</strong></span> <span class='ocrx_word' id='word_1_379' title='bbox 886 5808 1138 5863; x_wconf 87' lang='lat' dir='ltr'><strong>Ludovici</strong></span> <span class='ocrx_word' id='word_1_380' title='bbox 1186 5807 1283 5871; x_wconf 88' lang='lat' dir='ltr'><strong>Pii,</strong></span> <span class='ocrx_word' id='word_1_381' title='bbox 1333 5819 1448 5874; x_wconf 81' lang='lat' dir='ltr'><strong>cap.</strong></span> <span class='ocrx_word' id='word_1_382' title='bbox 1500 5807 1562 5861; x_wconf 75' lang='grc'><strong>15</strong></span> <span class='ocrx_word' id='word_1_383' title='bbox 1601 5817 1651 5862; x_wconf 88' lang='lat' dir='ltr'><strong>ct</strong></span> <span class='ocrx_word' id='word_1_384' title='bbox 1703 5808 1777 5872; x_wconf 88' lang='lat' dir='ltr'><strong>l6,</strong></span> 
     </span>
    </p>
   </div>
   <div class='ocr_carea' id='block_1_60' title="bbox 1331 426 2316 484">
    <p class='ocr_par' dir='ltr' id='par_1_60' title="bbox 1331 426 2316 484">
     <span class='ocr_line' id='line_1_61' title="bbox 1331 426 2316 484; baseline -0.001 -3"><span class='ocrx_word' id='word_1_385' title='bbox 1331 427 1731 484; x_wconf 71' lang='lat' dir='ltr'><strong>.DIPLOMATA</strong></span> <span class='ocrx_word' id='word_1_386' title='bbox 1772 426 2316 484; x_wconf 74' lang='lat' dir='ltr'><strong>ECCLESIASTICA.</strong></span> 
     </span>
    </p>
   </div>
   <div class='ocr_carea' id='block_1_61' title="bbox 1786 523 3448 606">
    <p class='ocr_par' dir='ltr' id='par_1_61' title="bbox 1786 523 3448 606">
     <span class='ocr_line' id='line_1_62' title="bbox 1786 523 3448 606; baseline -0.003 -14"><span class='ocrx_word' id='word_1_387' title='bbox 1786 537 1858 606; x_wconf 70' lang='lat' dir='ltr'><strong>lA</strong></span> <span class='ocrx_word' id='word_1_388' title='bbox 1952 537 2235 592; x_wconf 90' lang='lat' dir='ltr'><strong>Durandus</strong></span> <span class='ocrx_word' id='word_1_389' title='bbox 2254 523 2513 592; x_wconf 75' lang='lat' dir='ltr'><strong>diaconus</strong></span> <span class='ocrx_word' id='word_1_390' title='bbox 2540 535 2602 591; x_wconf 85' lang='lat' dir='ltr'><strong>ad</strong></span> <span class='ocrx_word' id='word_1_391' title='bbox 2627 536 2798 590; x_wconf 82' lang='lat' dir='ltr'><strong>vicem</strong></span> <span class='ocrx_word' id='word_1_392' title='bbox 2836 533 3100 604; x_wconf 79' lang='lat' dir='ltr'><strong>Fridugisi</strong></span> <span class='ocrx_word' id='word_1_393' title='bbox 3149 536 3448 606; x_wconf 83' lang='lat' dir='ltr'><strong>rccognmi.</strong></span> 
     </span>
    </p>
   </div>
   <div class='ocr_carea' id='block_1_62' title="bbox 3317 429 3449 484">
    <p class='ocr_par' dir='ltr' id='par_1_62' title="bbox 3317 429 3449 484">
     <span class='ocr_line' id='line_1_63' title="bbox 3317 429 3449 484; baseline 0.023 -3"><span class='ocrx_word' id='word_1_394' title='bbox 3317 429 3449 484; x_wconf 65' lang='grc' dir='ltr'><strong>Ητι</strong></span> 
     </span>
    </p>
   </div>
   <div class='ocr_carea' id='block_1_63' title="bbox 1952 624 3452 696">
    <p class='ocr_par' dir='ltr' id='par_1_63' title="bbox 1952 624 3452 696">
     <span class='ocr_line' id='line_1_64' title="bbox 1952 624 3452 696; baseline -0.003 -13"><span class='ocrx_word' id='word_1_395' title='bbox 1952 629 2143 683; x_wconf 90' lang='lat' dir='ltr'><strong>Datum</strong></span> <span class='ocrx_word' id='word_1_396' title='bbox 2168 643 2221 680; x_wconf 84' lang='lat' dir='ltr'><strong>x1</strong></span> <span class='ocrx_word' id='word_1_397' title='bbox 2246 626 2361 680; x_wconf 86' lang='lat' dir='ltr'><strong>Kal.</strong></span> <span class='ocrx_word' id='word_1_398' title='bbox 2376 625 2566 696; x_wconf 89' lang='lat' dir='ltr'><strong>April.,</strong></span> <span class='ocrx_word' id='word_1_399' title='bbox 2595 640 2734 679; x_wconf 91' lang='lat' dir='ltr'><strong>anno</strong></span> <span class='ocrx_word' id='word_1_400' title='bbox 2756 624 2972 680; x_wconf 88' lang='lat' dir='ltr'><strong>Christo</strong></span> <span class='ocrx_word' id='word_1_401' title='bbox 3003 626 3231 695; x_wconf 90' lang='lat' dir='ltr'><strong>propitio</strong></span> <span class='ocrx_word' id='word_1_402' title='bbox 3264 627 3324 680; x_wconf 87' lang='lat' dir='ltr'><strong>l5</strong></span> <span class='ocrx_word' id='word_1_403' title='bbox 3355 628 3452 679; x_wconf 85' lang='lat' dir='ltr'><strong>im-</strong></span> 
     </span>
    </p>
   </div>
   <div class='ocr_carea' id='block_1_64' title="bbox 1881 715 3457 786">
    <p class='ocr_par' dir='ltr' id='par_1_64' title="bbox 1881 715 3457 786">
     <span class='ocr_line' id='line_1_65' title="bbox 1881 715 3457 786; baseline -0.001 -16"><span class='ocrx_word' id='word_1_404' title='bbox 1881 716 2016 786; x_wconf 88' lang='lat' dir='ltr'><strong>perii</strong></span> <span class='ocrx_word' id='word_1_405' title='bbox 2061 716 2262 771; x_wconf 90' lang='lat' dir='ltr'><strong>domini</strong></span> <span class='ocrx_word' id='word_1_406' title='bbox 2288 715 2546 770; x_wconf 86' lang='lat' dir='ltr'><strong>Ludovici</strong></span> <span class='ocrx_word' id='word_1_407' title='bbox 2602 715 2930 769; x_wconf 90' lang='lat' dir='ltr'><strong>serenissimi</strong></span> <span class='ocrx_word' id='word_1_408' title='bbox 2979 715 3322 785; x_wconf 88' lang='lat' dir='ltr'><strong>imperatoris</strong></span> <span class='ocrx_word' id='word_1_409' title='bbox 3349 754 3364 779; x_wconf 92' lang='lat'><strong>,</strong></span> <span class='ocrx_word' id='word_1_410' title='bbox 3401 723 3457 768; x_wconf 89' lang='lat' dir='ltr'><strong>et</strong></span> 
     </span>
    </p>
   </div>
   <div class='ocr_carea' id='block_1_65' title="bbox 1881 805 3456 878">
    <p class='ocr_par' dir='ltr' id='par_1_65' title="bbox 1881 805 3456 878">
     <span class='ocr_line' id='line_1_66' title="bbox 1881 805 3456 878; baseline 0 -18"><span class='ocrx_word' id='word_1_411' title='bbox 1881 807 2120 862; x_wconf 88' lang='lat' dir='ltr'><strong>Lotharii</strong></span> <span class='ocrx_word' id='word_1_412' title='bbox 2147 806 2203 872; x_wconf 88' lang='lat'><strong>6,</strong></span> <span class='ocrx_word' id='word_1_413' title='bbox 2232 807 2524 862; x_wconf 90' lang='lat' dir='ltr'><strong>indictione</strong></span> <span class='ocrx_word' id='word_1_414' title='bbox 2553 805 2604 860; x_wconf 88' lang='grc'><strong>6.</strong></span> <span class='ocrx_word' id='word_1_415' title='bbox 2632 807 2824 862; x_wconf 79' lang='lat' dir='ltr'><strong>Actum</strong></span> <span class='ocrx_word' id='word_1_416' title='bbox 2848 806 3167 878; x_wconf 82' lang='lat' dir='ltr'><strong>Aquisgrani</strong></span> <span class='ocrx_word' id='word_1_417' title='bbox 3191 847 3204 871; x_wconf 95' lang='lat'><strong>,</strong></span> <span class='ocrx_word' id='word_1_418' title='bbox 3251 806 3456 878; x_wconf 88' lang='lat' dir='ltr'><strong>palatio</strong></span> 
     </span>
    </p>
   </div>
   <div class='ocr_carea' id='block_1_66' title="bbox 1882 895 2996 970">
    <p class='ocr_par' dir='ltr' id='par_1_66' title="bbox 1882 895 2996 970">
     <span class='ocr_line' id='line_1_67' title="bbox 1882 895 2996 970; baseline 0 -19"><span class='ocrx_word' id='word_1_419' title='bbox 1882 899 2050 970; x_wconf 89' lang='lat' dir='ltr'><strong>regio,</strong></span> <span class='ocrx_word' id='word_1_420' title='bbox 2078 898 2132 953; x_wconf 91' lang='lat' dir='ltr'><strong>in</strong></span> <span class='ocrx_word' id='word_1_421' title='bbox 2167 897 2261 953; x_wconf 91' lang='lat' dir='ltr'><strong>Dei</strong></span> <span class='ocrx_word' id='word_1_422' title='bbox 2291 897 2507 953; x_wconf 91' lang='lat' dir='ltr'><strong>nomine</strong></span> <span class='ocrx_word' id='word_1_423' title='bbox 2536 895 2780 952; x_wconf 80' lang='lat' dir='ltr'><strong>feliciter.</strong></span> <span class='ocrx_word' id='word_1_424' title='bbox 2807 897 2996 953; x_wconf 82' lang='lat' dir='ltr'><strong>Amen.</strong></span> 
     </span>
    </p>
   </div>
   <div class='ocr_carea' id='block_1_67' title="bbox 2550 988 2772 1044">
    <p class='ocr_par' dir='ltr' id='par_1_67' title="bbox 2550 988 2772 1044">
     <span class='ocr_line' id='line_1_68' title="bbox 2550 988 2772 1044; baseline -0.009 0"><span class='ocrx_word' id='word_1_425' title='bbox 2550 988 2772 1044; x_wconf 78' lang='lat' dir='ltr'><strong>CXLIV.</strong></span> 
     </span>
    </p>
   </div>
   <div class='ocr_carea' id='block_1_68' title="bbox 2271 1096 3050 1137">
    <p class='ocr_par' dir='ltr' id='par_1_68' title="bbox 2271 1096 3050 1137">
     <span class='ocr_line' id='line_1_69' title="bbox 2271 1096 3050 1137; baseline 0.001 -2"><span class='ocrx_word' id='word_1_426' title='bbox 2271 1098 2369 1136; x_wconf 74' lang='lat' dir='ltr'><strong>PRO</strong></span> <span class='ocrx_word' id='word_1_427' title='bbox 2415 1096 2751 1135; x_wconf 70' lang='lat' dir='ltr'><strong>HONASTERIO</strong></span> <span class='ocrx_word' id='word_1_428' title='bbox 2790 1097 2834 1137; x_wconf 86' lang='lat' dir='ltr'><strong>S.</strong></span> <span class='ocrx_word' id='word_1_429' title='bbox 2877 1099 3050 1137; x_wconf 68' lang='lat' dir='ltr'><strong>GALLI.</strong></span> 
     </span>
    </p>
   </div>
   <div class='ocr_carea' id='block_1_69' title="bbox 2363 1169 2979 1241">
    <p class='ocr_par' dir='ltr' id='par_1_69' title="bbox 2363 1169 2979 1241">
     <span class='ocr_line' id='line_1_70' title="bbox 2363 1169 2979 1241; baseline 0.005 -20"><span class='ocrx_word' id='word_1_430' title='bbox 2363 1170 2536 1241; x_wconf 80' lang='lat' dir='ltr'><strong>(Anno</strong></span> <span class='ocrx_word' id='word_1_431' title='bbox 2565 1169 2692 1234; x_wconf 75' lang='lat'><strong>828,</strong></span> <span class='ocrx_word' id='word_1_432' title='bbox 2727 1170 2794 1224; x_wconf 73' lang='lat' dir='ltr'><strong>I2</strong></span> <span class='ocrx_word' id='word_1_433' title='bbox 2825 1169 2979 1240; x_wconf 82' lang='lat' dir='ltr'><strong>Feb.)</strong></span> 
     </span>
    </p>
   </div>
   <div class='ocr_carea' id='block_1_70' title="bbox 1888 1257 3460 1329">
    <p class='ocr_par' dir='ltr' id='par_1_70' title="bbox 1888 1257 3460 1329">
     <span class='ocr_line' id='line_1_71' title="bbox 1888 1257 3460 1329; baseline 0.003 -18"><span class='ocrx_word' id='word_1_434' title='bbox 1888 1257 2176 1312; x_wconf 77' lang='lat' dir='ltr'><strong>Ludovicus</strong></span> <span class='ocrx_word' id='word_1_435' title='bbox 2210 1258 2332 1313; x_wconf 80' lang='lat' dir='ltr'><strong>Pius</strong></span> <span class='ocrx_word' id='word_1_436' title='bbox 2361 1268 2440 1329; x_wconf 18' lang='lat' dir='ltr'><strong>et;</strong></span> <span class='ocrx_word' id='word_1_437' title='bbox 2454 1257 2736 1313; x_wconf 80' lang='lat' dir='ltr'><strong>Lotlmrius</strong></span> <span class='ocrx_word' id='word_1_438' title='bbox 2778 1261 3112 1328; x_wconf 74' lang='lat' dir='ltr'><strong>imperatores</strong></span> <span class='ocrx_word' id='word_1_439' title='bbox 3148 1263 3460 1329; x_wconf 79' lang='lat' dir='ltr'><strong>conﬁrmant</strong></span> 
     </span>
    </p>
   </div>
   <div class='ocr_carea' id='block_1_71' title="bbox 1955 1327 3456 1468">
    <p class='ocr_par' dir='ltr' id='par_1_71' title="bbox 1955 1327 3456 1468">
     <span class='ocr_line' id='line_1_72' title="bbox 1955 1327 3456 1468; baseline 0.001 -86"><span class='ocrx_word' id='word_1_440' title='bbox 1955 1329 2288 1468; x_wconf 41' lang='lat' dir='ltr'><strong>punctionem</strong></span> <span class='ocrx_word' id='word_1_441' title='bbox 2328 1347 2360 1382; x_wconf 91' lang='lat' dir='ltr'><strong>a</strong></span> <span class='ocrx_word' id='word_1_442' title='bbox 2403 1327 2628 1400; x_wconf 79' lang='lat' dir='ltr'><strong>Pippino</strong></span> <span class='ocrx_word' id='word_1_443' title='bbox 2676 1346 2792 1399; x_wconf 88' lang='lat' dir='ltr'><strong>rege</strong></span> <span class='ocrx_word' id='word_1_444' title='bbox 2837 1327 3149 1384; x_wconf 78' lang='lat' dir='ltr'><strong>monasterio</strong></span> <span class='ocrx_word' id='word_1_445' title='bbox 3208 1327 3267 1386; x_wconf 28' lang='lat' dir='ltr'><strong>S&#39;.</strong></span> <span class='ocrx_word' id='word_1_446' title='bbox 3315 1333 3456 1386; x_wconf 82' lang='lat' dir='ltr'><strong>Galli</strong></span> 
     </span>
     <span class='ocr_line' id='line_1_73' title="bbox 1980 1409 2169 1452; baseline -0.005 0"><span class='ocrx_word' id='word_1_447' title='bbox 1980 1409 2169 1452; x_wconf 86' lang='lat' dir='ltr'><strong>actam.</strong></span> 
     </span>
    </p>
   </div>
   <div class='ocr_carea' id='block_1_72' title="bbox 1959 1486 3460 1560">
    <p class='ocr_par' dir='ltr' id='par_1_72' title="bbox 1959 1486 3460 1560">
     <span class='ocr_line' id='line_1_74' title="bbox 1959 1486 3460 1560; baseline 0.003 -20"><span class='ocrx_word' id='word_1_448' title='bbox 1959 1486 2135 1559; x_wconf 85' lang='lat' dir='ltr'><strong>[Apud</strong></span> <span class='ocrx_word' id='word_1_449' title='bbox 2165 1487 2440 1560; x_wconf 45' lang='lat' dir='ltr'><strong>Neugajt”</strong></span> <span class='ocrx_word' id='word_1_450' title='bbox 2469 1488 2648 1560; x_wconf 56' lang='grc' dir='ltr'><strong>ϐοάᾳ</strong></span> <span class='ocrx_word' id='word_1_451' title='bbox 2677 1488 3063 1560; x_wconf 53' lang='lat' dir='ltr'><strong>dleiuannicus,</strong></span> <span class='ocrx_word' id='word_1_452' title='bbox 3093 1507 3214 1560; x_wconf 89' lang='lat' dir='ltr'><strong>pag.</strong></span> <span class='ocrx_word' id='word_1_453' title='bbox 3249 1490 3364 1554; x_wconf 86' lang='lat' dir='ltr'><strong>I96,</strong></span> <span class='ocrx_word' id='word_1_454' title='bbox 3395 1506 3460 1545; x_wconf 85' lang='lat' dir='ltr'><strong>ex</strong></span> 
     </span>
    </p>
   </div>
   <div class='ocr_carea' id='block_1_73' title="bbox 2165 1557 3179 1632">
    <p class='ocr_par' dir='ltr' id='par_1_73' title="bbox 2165 1557 3179 1632">
     <span class='ocr_line' id='line_1_75' title="bbox 2165 1557 3179 1632; baseline 0.001 -20"><span class='ocrx_word' id='word_1_455' title='bbox 2165 1557 2401 1612; x_wconf 32' lang='lat' dir='ltr'><strong>cod.’Tr.</strong></span> <span class='ocrx_word' id='word_1_456' title='bbox 2433 1574 2576 1612; x_wconf 88' lang='lat' dir='ltr'><strong>mon.</strong></span> <span class='ocrx_word' id='word_1_457' title='bbox 2609 1557 2665 1612; x_wconf 91' lang='lat' dir='ltr'><strong>S.</strong></span> <span class='ocrx_word' id='word_1_458' title='bbox 2690 1557 2849 1623; x_wconf 87' lang='lat' dir='ltr'><strong>Galli,</strong></span> <span class='ocrx_word' id='word_1_459' title='bbox 2880 1574 3000 1629; x_wconf 84' lang='lat' dir='ltr'><strong>pag.</strong></span> <span class='ocrx_word' id='word_1_460' title='bbox 3032 1557 3179 1632; x_wconf 60' lang='lat'><strong>172.]</strong></span> 
     </span>
    </p>
   </div>
   <div class='ocr_carea' id='block_1_74' title="bbox 1960 1648 3462 1708">
    <p class='ocr_par' dir='ltr' id='par_1_74' title="bbox 1960 1648 3462 1708">
     <span class='ocr_line' id='line_1_76' title="bbox 1960 1648 3462 1708; baseline 0.005 -7"><span class='ocrx_word' id='word_1_461' title='bbox 1960 1649 2017 1701; x_wconf 89' lang='lat' dir='ltr'><strong>In</strong></span> <span class='ocrx_word' id='word_1_462' title='bbox 2063 1649 2282 1704; x_wconf 90' lang='lat' dir='ltr'><strong>nomine</strong></span> <span class='ocrx_word' id='word_1_463' title='bbox 2328 1649 2541 1703; x_wconf 90' lang='lat' dir='ltr'><strong>Domini</strong></span> <span class='ocrx_word' id='word_1_464' title='bbox 2578 1649 2670 1703; x_wconf 90' lang='lat' dir='ltr'><strong>Dei</strong></span> <span class='ocrx_word' id='word_1_465' title='bbox 2720 1658 2775 1703; x_wconf 92' lang='lat' dir='ltr'><strong>et</strong></span> <span class='ocrx_word' id='word_1_466' title='bbox 2816 1648 3111 1704; x_wconf 87' lang='lat' dir='ltr'><strong>Salvatoris</strong></span> <span class='ocrx_word' id='word_1_467' title='bbox 3141 1653 3312 1707; x_wconf 90' lang='lat' dir='ltr'><strong>nostri</strong></span> <span class='ocrx_word' id='word_1_468' title='bbox 3339 1652 3462 1708; x_wconf 87' lang='lat' dir='ltr'><strong>Jcsu</strong></span> 
     </span>
    </p>
   </div>
   <div class='ocr_carea' id='block_1_75' title="bbox 1889 1735 3464 1804">
    <p class='ocr_par' dir='ltr' id='par_1_75' title="bbox 1889 1735 3464 1804">
     <span class='ocr_line' id='line_1_77' title="bbox 1889 1735 3464 1804; baseline 0.004 -12"><span class='ocrx_word' id='word_1_469' title='bbox 1889 1735 2115 1804; x_wconf 89' lang='lat' dir='ltr'><strong>Christi,</strong></span> <span class='ocrx_word' id='word_1_470' title='bbox 2168 1739 2471 1794; x_wconf 89' lang='lat' dir='ltr'><strong>Ludovicus</strong></span> <span class='ocrx_word' id='word_1_471' title='bbox 2520 1749 2574 1795; x_wconf 88' lang='lat' dir='ltr'><strong>et</strong></span> <span class='ocrx_word' id='word_1_472' title='bbox 2615 1740 2901 1795; x_wconf 87' lang='lat' dir='ltr'><strong>Lotharius</strong></span> <span class='ocrx_word' id='word_1_473' title='bbox 2951 1743 3128 1796; x_wconf 88' lang='lat' dir='ltr'><strong>divina</strong></span> <span class='ocrx_word' id='word_1_474' title='bbox 3177 1744 3464 1800; x_wconf 84' lang='lat' dir='ltr'><strong>ordinante</strong></span> 
     </span>
    </p>
   </div>
   <div class='ocr_carea' id='block_1_76' title="bbox 1888 1829 2886 1902">
    <p class='ocr_par' dir='ltr' id='par_1_76' title="bbox 1888 1829 2886 1902">
     <span class='ocr_line' id='line_1_78' title="bbox 1888 1829 2886 1902; baseline 0.003 -21"><span class='ocrx_word' id='word_1_475' title='bbox 1888 1829 2224 1897; x_wconf 77' lang='lat' dir='ltr'><strong>providentia</strong></span> <span class='ocrx_word' id='word_1_476' title='bbox 2252 1830 2608 1899; x_wconf 86' lang='lat' dir='ltr'><strong>imperatores</strong></span> <span class='ocrx_word' id='word_1_477' title='bbox 2639 1832 2886 1902; x_wconf 83' lang='lat' dir='ltr'><strong>Augusti.</strong></span> 
     </span>
    </p>
   </div>
   <div class='ocr_carea' id='block_1_77' title="bbox 1959 1916 3460 1992">
    <p class='ocr_par' dir='ltr' id='par_1_77' title="bbox 1959 1916 3460 1992">
     <span class='ocr_line' id='line_1_79' title="bbox 1959 1916 3460 1992; baseline 0.005 -22"><span class='ocrx_word' id='word_1_478' title='bbox 1959 1916 2152 1971; x_wconf 87' lang='lat' dir='ltr'><strong>Notum</strong></span> <span class='ocrx_word' id='word_1_479' title='bbox 2184 1919 2253 1972; x_wconf 90' lang='lat' dir='ltr'><strong>sit</strong></span> <span class='ocrx_word' id='word_1_480' title='bbox 2281 1919 2528 1974; x_wconf 88' lang='lat' dir='ltr'><strong>omnibus</strong></span> <span class='ocrx_word' id='word_1_481' title='bbox 2565 1919 2809 1975; x_wconf 82' lang='lat' dir='ltr'><strong>ﬁdelibus</strong></span> <span class='ocrx_word' id='word_1_482' title='bbox 2849 1925 3067 1985; x_wconf 83' lang='lat' dir='ltr'><strong>nostris,</strong></span> <span class='ocrx_word' id='word_1_483' title='bbox 3105 1924 3460 1992; x_wconf 84' lang='lat' dir='ltr'><strong>praesentibus</strong></span> 
     </span>
    </p>
   </div>
   <div class='ocr_carea' id='block_1_78' title="bbox 1889 2008 3465 2089">
    <p class='ocr_par' dir='ltr' id='par_1_78' title="bbox 1889 2008 3465 2089">
     <span class='ocr_line' id='line_1_80' title="bbox 1889 2008 3465 2089; baseline 0.005 -27"><span class='ocrx_word' id='word_1_484' title='bbox 1889 2008 2095 2063; x_wconf 90' lang='lat' dir='ltr'><strong>scilicet</strong></span> <span class='ocrx_word' id='word_1_485' title='bbox 2118 2017 2171 2062; x_wconf 92' lang='lat' dir='ltr'><strong>et</strong></span> <span class='ocrx_word' id='word_1_486' title='bbox 2198 2008 2414 2074; x_wconf 81' lang='lat' dir='ltr'><strong>futuris,</strong></span> <span class='ocrx_word' id='word_1_487' title='bbox 2442 2011 2564 2079; x_wconf 89' lang='lat' dir='ltr'><strong>quia</strong></span> <span class='ocrx_word' id='word_1_488' title='bbox 2592 2009 2928 2089; x_wconf 84' lang='lat' dir='ltr'><strong>Gauzbertus</strong></span> <span class='ocrx_word' id='word_1_489' title='bbox 2951 2014 3272 2068; x_wconf 84' lang='lat' dir='ltr'><strong>venerabilis</strong></span> <span class='ocrx_word' id='word_1_490' title='bbox 3299 2016 3465 2071; x_wconf 84' lang='lat' dir='ltr'><strong>abbas</strong></span> 
     </span>
    </p>
   </div>
   <div class='ocr_carea' id='block_1_79' title="bbox 1889 2098 3466 2170">
    <p class='ocr_par' dir='ltr' id='par_1_79' title="bbox 1889 2098 3466 2170">
     <span class='ocr_line' id='line_1_81' title="bbox 1889 2098 3466 2170; baseline 0.006 -19"><span class='ocrx_word' id='word_1_491' title='bbox 1889 2112 1954 2152; x_wconf 79' lang='lat' dir='ltr'><strong>ex</strong></span> <span class='ocrx_word' id='word_1_492' title='bbox 1984 2099 2312 2152; x_wconf 86' lang='lat' dir='ltr'><strong>monasterio</strong></span> <span class='ocrx_word' id='word_1_493' title='bbox 2341 2098 2397 2153; x_wconf 92' lang='lat' dir='ltr'><strong>S.</strong></span> <span class='ocrx_word' id='word_1_494' title='bbox 2423 2099 2559 2154; x_wconf 90' lang='lat' dir='ltr'><strong>Galli</strong></span> <span class='ocrx_word' id='word_1_495' title='bbox 2583 2102 2908 2170; x_wconf 89' lang='lat' dir='ltr'><strong>permissum</strong></span> <span class='ocrx_word' id='word_1_496' title='bbox 2937 2119 3091 2158; x_wconf 93' lang='lat' dir='ltr'><strong>suum</strong></span> <span class='ocrx_word' id='word_1_497' title='bbox 3129 2105 3284 2159; x_wconf 85' lang='lat' dir='ltr'><strong>nobis</strong></span> <span class='ocrx_word' id='word_1_498' title='bbox 3311 2107 3466 2161; x_wconf 93' lang='lat' dir='ltr'><strong>inno-</strong></span> 
     </span>
    </p>
   </div>
   <div class='ocr_carea' id='block_1_80' title="bbox 1891 2187 3469 2260">
    <p class='ocr_par' dir='ltr' id='par_1_80' title="bbox 1891 2187 3469 2260">
     <span class='ocr_line' id='line_1_82' title="bbox 1891 2187 3469 2260; baseline 0.004 -20"><span class='ocrx_word' id='word_1_499' title='bbox 1891 2187 2013 2252; x_wconf 89' lang='lat' dir='ltr'><strong>tuit,</strong></span> <span class='ocrx_word' id='word_1_500' title='bbox 2060 2187 2204 2256; x_wconf 93' lang='lat' dir='ltr'><strong>quod</strong></span> <span class='ocrx_word' id='word_1_501' title='bbox 2249 2203 2380 2243; x_wconf 87' lang='lat' dir='ltr'><strong>avus</strong></span> <span class='ocrx_word' id='word_1_502' title='bbox 2432 2197 2616 2244; x_wconf 91' lang='lat' dir='ltr'><strong>noster</strong></span> <span class='ocrx_word' id='word_1_503' title='bbox 2653 2189 2910 2260; x_wconf 83' lang='lat' dir='ltr'><strong>Pippinus</strong></span> <span class='ocrx_word' id='word_1_504' title='bbox 2943 2191 3213 2260; x_wconf 89' lang='lat' dir='ltr'><strong>quondam</strong></span> <span class='ocrx_word' id='word_1_505' title='bbox 3244 2209 3342 2248; x_wconf 80' lang='lat' dir='ltr'><strong>rex</strong></span> <span class='ocrx_word' id='word_1_506' title='bbox 3372 2194 3469 2248; x_wconf 89' lang='lat' dir='ltr'><strong>ali-</strong></span> 
     </span>
    </p>
   </div>
   <div class='ocr_carea' id='block_1_81' title="bbox 1890 2277 3466 2353">
    <p class='ocr_par' dir='ltr' id='par_1_81' title="bbox 1890 2277 3466 2353">
     <span class='ocr_line' id='line_1_83' title="bbox 1890 2277 3466 2353; baseline 0.006 -23"><span class='ocrx_word' id='word_1_507' title='bbox 1890 2293 2028 2345; x_wconf 91' lang='lat' dir='ltr'><strong>quos</strong></span> <span class='ocrx_word' id='word_1_508' title='bbox 2068 2277 2267 2333; x_wconf 89' lang='lat' dir='ltr'><strong>liberos</strong></span> <span class='ocrx_word' id='word_1_509' title='bbox 2311 2279 2562 2336; x_wconf 89' lang='lat' dir='ltr'><strong>homines</strong></span> <span class='ocrx_word' id='word_1_510' title='bbox 2591 2282 2643 2336; x_wconf 92' lang='lat' dir='ltr'><strong>in</strong></span> <span class='ocrx_word' id='word_1_511' title='bbox 2672 2297 2812 2352; x_wconf 87' lang='lat' dir='ltr'><strong>pago</strong></span> <span class='ocrx_word' id='word_1_512' title='bbox 2839 2283 3153 2338; x_wconf 87' lang='lat' dir='ltr'><strong>Brisichava</strong></span> <span class='ocrx_word' id='word_1_513' title='bbox 3182 2295 3207 2323; x_wconf 72' lang='grc' dir='ltr'>ε</span> <span class='ocrx_word' id='word_1_514' title='bbox 3238 2299 3466 2353; x_wconf 90' lang='lat' dir='ltr'><strong>quorum</strong></span> 
     </span>
    </p>
   </div>
   <div class='ocr_carea' id='block_1_82' title="bbox 1891 2367 3467 2438">
    <p class='ocr_par' dir='ltr' id='par_1_82' title="bbox 1891 2367 3467 2438">
     <span class='ocr_line' id='line_1_84' title="bbox 1891 2367 3467 2438; baseline 0.006 -18"><span class='ocrx_word' id='word_1_515' title='bbox 1891 2367 2108 2422; x_wconf 85' lang='lat' dir='ltr'><strong>nomina</strong></span> <span class='ocrx_word' id='word_1_516' title='bbox 2164 2378 2337 2423; x_wconf 89' lang='lat' dir='ltr'><strong>sunt:</strong></span> <span class='ocrx_word' id='word_1_517' title='bbox 2394 2369 2764 2438; x_wconf 85' lang='lat' dir='ltr'><strong>Williharius,</strong></span> <span class='ocrx_word' id='word_1_518' title='bbox 2820 2371 3048 2438; x_wconf 82' lang='lat' dir='ltr'><strong>Putico,</strong></span> <span class='ocrx_word' id='word_1_519' title='bbox 3105 2372 3467 2436; x_wconf 83' lang='lat' dir='ltr'><strong>Gauzbertus.</strong></span> 
     </span>
    </p>
   </div>
   <div class='ocr_carea' id='block_1_83' title="bbox 1891 2455 3466 2540">
    <p class='ocr_par' dir='ltr' id='par_1_83' title="bbox 1891 2455 3466 2540">
     <span class='ocr_line' id='line_1_85' title="bbox 1891 2455 3466 2540; baseline 0.004 -28"><span class='ocrx_word' id='word_1_520' title='bbox 1891 2455 2132 2521; x_wconf 87' lang='lat' dir='ltr'><strong>Otarius,</strong></span> <span class='ocrx_word' id='word_1_521' title='bbox 2160 2457 2404 2524; x_wconf 87' lang='lat' dir='ltr'><strong>Pillinus,</strong></span> <span class='ocrx_word' id='word_1_522' title='bbox 2441 2460 2649 2525; x_wconf 85' lang='lat' dir='ltr'><strong>Haimo,</strong></span> <span class='ocrx_word' id='word_1_523' title='bbox 2697 2461 2911 2527; x_wconf 81' lang='lat' dir='ltr'><strong>Hundo,</strong></span> <span class='ocrx_word' id='word_1_524' title='bbox 2959 2461 3319 2540; x_wconf 78' lang='lat' dir='ltr'><strong>Wolt‘uvinus,</strong></span> <span class='ocrx_word' id='word_1_525' title='bbox 3357 2462 3466 2518; x_wconf 84' lang='lat' dir='ltr'><strong>Mo-</strong></span> 
     </span>
    </p>
   </div>
   <div class='ocr_carea' id='block_1_84' title="bbox 1892 2547 3463 2621">
    <p class='ocr_par' dir='ltr' id='par_1_84' title="bbox 1892 2547 3463 2621">
     <span class='ocr_line' id='line_1_86' title="bbox 1892 2547 3463 2621; baseline 0.005 -22"><span class='ocrx_word' id='word_1_526' title='bbox 1892 2547 2131 2610; x_wconf 89' lang='lat' dir='ltr'><strong>tharius,</strong></span> <span class='ocrx_word' id='word_1_527' title='bbox 2174 2547 2524 2613; x_wconf 89' lang='lat' dir='ltr'><strong>Cbrodarius,</strong></span> <span class='ocrx_word' id='word_1_528' title='bbox 2577 2550 2922 2621; x_wconf 84' lang='lat' dir='ltr'><strong>Gangulﬁ&#39;us,</strong></span> <span class='ocrx_word' id='word_1_529' title='bbox 2975 2552 3188 2621; x_wconf 91' lang='lat' dir='ltr'><strong>Zuppo,</strong></span> <span class='ocrx_word' id='word_1_530' title='bbox 3249 2552 3463 2618; x_wconf 89' lang='lat' dir='ltr'><strong>Gisalo,</strong></span> 
     </span>
    </p>
   </div>
   <div class='ocr_carea' id='block_1_85' title="bbox 1892 2629 3472 2708">
    <p class='ocr_par' dir='ltr' id='par_1_85' title="bbox 1892 2629 3472 2708">
     <span class='ocr_line' id='line_1_87' title="bbox 1892 2629 3472 2708; baseline 0.003 -17"><span class='ocrx_word' id='word_1_531' title='bbox 1892 2629 2320 2701; x_wconf 85' lang='lat' dir='ltr'><strong>Drasamundus,</strong></span> <span class='ocrx_word' id='word_1_532' title='bbox 2370 2636 2754 2705; x_wconf 84' lang='lat' dir='ltr'><strong>Harimundus,</strong></span> <span class='ocrx_word' id='word_1_533' title='bbox 2805 2640 2971 2706; x_wconf 89' lang='lat' dir='ltr'><strong>Otini,</strong></span> <span class='ocrx_word' id='word_1_534' title='bbox 3016 2639 3270 2708; x_wconf 85' lang='lat' dir='ltr'><strong>Grotzeo,</strong></span> <span class='ocrx_word' id='word_1_535' title='bbox 3325 2639 3472 2696; x_wconf 78' lang='lat' dir='ltr'><strong>Swa-</strong></span> 
     </span>
    </p>
   </div>
   <div class='ocr_carea' id='block_1_86' title="bbox 1891 2723 3469 2796">
    <p class='ocr_par' dir='ltr' id='par_1_86' title="bbox 1891 2723 3469 2796">
     <span class='ocr_line' id='line_1_88' title="bbox 1891 2723 3469 2796; baseline 0.002 -16"><span class='ocrx_word' id='word_1_536' title='bbox 1891 2723 2108 2792; x_wconf 77' lang='lat' dir='ltr'><strong>bultl‘us,</strong></span> <span class='ocrx_word' id='word_1_537' title='bbox 2147 2727 2457 2792; x_wconf 87' lang='lat' dir='ltr'><strong>Biritoldus,</strong></span> <span class='ocrx_word' id='word_1_538' title='bbox 2500 2728 2689 2794; x_wconf 80' lang='lat' dir='ltr'><strong>Griﬁ‘o,</strong></span> <span class='ocrx_word' id='word_1_539' title='bbox 2719 2730 3083 2796; x_wconf 83' lang='lat' dir='ltr'><strong>Wolautinus,</strong></span> <span class='ocrx_word' id='word_1_540' title='bbox 3122 2731 3189 2784; x_wconf 91' lang='lat' dir='ltr'><strong>ad</strong></span> <span class='ocrx_word' id='word_1_541' title='bbox 3218 2731 3469 2786; x_wconf 89' lang='lat' dir='ltr'><strong>eumdem</strong></span> 
     </span>
    </p>
   </div>
   <div class='ocr_carea' id='block_1_87' title="bbox 1897 2818 3468 2878">
    <p class='ocr_par' dir='ltr' id='par_1_87' title="bbox 1897 2818 3468 2878">
     <span class='ocr_line' id='line_1_89' title="bbox 1897 2818 3468 2878; baseline 0.004 -8"><span class='ocrx_word' id='word_1_542' title='bbox 1897 2818 2280 2873; x_wconf 87' lang='lat' dir='ltr'><strong>monasterium</strong></span> <span class='ocrx_word' id='word_1_543' title='bbox 2307 2821 2684 2876; x_wconf 81' lang='lat' dir='ltr'><strong>concessisset.</strong></span> <span class='ocrx_word' id='word_1_544' title='bbox 2709 2821 2786 2876; x_wconf 87' lang='lat' dir='ltr'><strong>Eo</strong></span> <span class='ocrx_word' id='word_1_545' title='bbox 2817 2822 3024 2877; x_wconf 86' lang='lat' dir='ltr'><strong>scilicet</strong></span> <span class='ocrx_word' id='word_1_546' title='bbox 3046 2825 3205 2877; x_wconf 91' lang='lat' dir='ltr'><strong>modo</strong></span> <span class='ocrx_word' id='word_1_547' title='bbox 3225 2831 3285 2876; x_wconf 91' lang='lat' dir='ltr'><strong>ut</strong></span> <span class='ocrx_word' id='word_1_548' title='bbox 3303 2822 3468 2878; x_wconf 90' lang='lat' dir='ltr'><strong>iidem</strong></span> 
     </span>
    </p>
   </div>
   <div class='ocr_carea' id='block_1_88' title="bbox 1896 2905 3472 2983">
    <p class='ocr_par' dir='ltr' id='par_1_88' title="bbox 1896 2905 3472 2983">
     <span class='ocr_line' id='line_1_90' title="bbox 1896 2905 3472 2983; baseline 0.004 -24"><span class='ocrx_word' id='word_1_549' title='bbox 1896 2905 2052 2961; x_wconf 88' lang='lat' dir='ltr'><strong>liberi</strong></span> <span class='ocrx_word' id='word_1_550' title='bbox 2103 2909 2368 2975; x_wconf 90' lang='lat' dir='ltr'><strong>homines,</strong></span> <span class='ocrx_word' id='word_1_551' title='bbox 2402 2919 2456 2964; x_wconf 91' lang='lat' dir='ltr'><strong>et</strong></span> <span class='ocrx_word' id='word_1_552' title='bbox 2478 2912 2770 2978; x_wconf 86' lang='lat' dir='ltr'><strong>posteritas</strong></span> <span class='ocrx_word' id='word_1_553' title='bbox 2810 2927 3019 2977; x_wconf 91' lang='lat' dir='ltr'><strong>eorum,</strong></span> <span class='ocrx_word' id='word_1_554' title='bbox 3070 2927 3292 2968; x_wconf 90' lang='lat' dir='ltr'><strong>censum</strong></span> <span class='ocrx_word' id='word_1_555' title='bbox 3330 2913 3472 2983; x_wconf 86' lang='lat' dir='ltr'><strong>quod</strong></span> 
     </span>
    </p>
   </div>
   <div class='ocr_carea' id='block_1_89' title="bbox 1896 2996 3474 3073">
    <p class='ocr_par' dir='ltr' id='par_1_89' title="bbox 1896 2996 3474 3073">
     <span class='ocr_line' id='line_1_91' title="bbox 1896 2996 3474 3073; baseline 0.003 -23"><span class='ocrx_word' id='word_1_556' title='bbox 1896 2996 1963 3050; x_wconf 86' lang='lat' dir='ltr'><strong>ad</strong></span> <span class='ocrx_word' id='word_1_557' title='bbox 1995 2997 2187 3052; x_wconf 78' lang='lat' dir='ltr'><strong>fiscum</strong></span> <span class='ocrx_word' id='word_1_558' title='bbox 2224 2999 2458 3067; x_wconf 89' lang='lat' dir='ltr'><strong>persolvi</strong></span> <span class='ocrx_word' id='word_1_559' title='bbox 2504 3001 2762 3060; x_wconf 86' lang='lat' dir='ltr'><strong>solebant.</strong></span> <span class='ocrx_word' id='word_1_560' title='bbox 2817 3003 2956 3071; x_wconf 90' lang='lat' dir='ltr'><strong>parti</strong></span> <span class='ocrx_word' id='word_1_561' title='bbox 3001 3003 3241 3073; x_wconf 73' lang='lat' dir='ltr'><strong>praedicti</strong></span> <span class='ocrx_word' id='word_1_562' title='bbox 3288 3019 3474 3056; x_wconf 90' lang='lat' dir='ltr'><strong>mona-</strong></span> 
     </span>
    </p>
   </div>
   <div class='ocr_carea' id='block_1_90' title="bbox 1896 3088 3477 3162">
    <p class='ocr_par' dir='ltr' id='par_1_90' title="bbox 1896 3088 3477 3162">
     <span class='ocr_line' id='line_1_92' title="bbox 1896 3088 3477 3162; baseline 0.003 -21"><span class='ocrx_word' id='word_1_563' title='bbox 1896 3088 2047 3142; x_wconf 88' lang='lat' dir='ltr'><strong>sterii</strong></span> <span class='ocrx_word' id='word_1_564' title='bbox 2071 3089 2391 3149; x_wconf 80' lang='lat' dir='ltr'><strong>exhiberem</strong></span> <span class='ocrx_word' id='word_1_565' title='bbox 2415 3098 2575 3160; x_wconf 91' lang='lat' dir='ltr'><strong>atque</strong></span> <span class='ocrx_word' id='word_1_566' title='bbox 2603 3091 2991 3160; x_wconf 89' lang='lat' dir='ltr'><strong>persolverent.</strong></span> <span class='ocrx_word' id='word_1_567' title='bbox 3022 3091 3126 3146; x_wconf 91' lang='lat' dir='ltr'><strong>Sed</strong></span> <span class='ocrx_word' id='word_1_568' title='bbox 3156 3093 3283 3162; x_wconf 91' lang='lat' dir='ltr'><strong>quia</strong></span> <span class='ocrx_word' id='word_1_569' title='bbox 3314 3107 3477 3162; x_wconf 86' lang='lat' dir='ltr'><strong>super</strong></span> 
     </span>
    </p>
   </div>
   <div class='ocr_carea' id='block_1_91' title="bbox 1899 3182 3473 3257">
    <p class='ocr_par' dir='ltr' id='par_1_91' title="bbox 1899 3182 3473 3257">
     <span class='ocr_line' id='line_1_93' title="bbox 1899 3182 3473 3257; baseline 0.004 -23"><span class='ocrx_word' id='word_1_570' title='bbox 1899 3182 2000 3236; x_wconf 92' lang='lat' dir='ltr'><strong>hac</strong></span> <span class='ocrx_word' id='word_1_571' title='bbox 2028 3183 2378 3238; x_wconf 89' lang='lat' dir='ltr'><strong>concessione</strong></span> <span class='ocrx_word' id='word_1_572' title='bbox 2407 3194 2732 3253; x_wconf 63' lang='lat' dir='ltr'><strong>praeceptum</strong></span> <span class='ocrx_word' id='word_1_573' title='bbox 2766 3185 2852 3238; x_wconf 90' lang='lat' dir='ltr'><strong>avi</strong></span> <span class='ocrx_word' id='word_1_574' title='bbox 2883 3186 3051 3239; x_wconf 90' lang='lat' dir='ltr'><strong>nostri</strong></span> <span class='ocrx_word' id='word_1_575' title='bbox 3081 3186 3289 3256; x_wconf 89' lang='lat' dir='ltr'><strong>Pippini</strong></span> <span class='ocrx_word' id='word_1_576' title='bbox 3328 3189 3473 3257; x_wconf 90' lang='lat' dir='ltr'><strong>regis</strong></span> 
     </span>
    </p>
   </div>
   <div class='ocr_carea' id='block_1_92' title="bbox 1899 3271 3472 3340">
    <p class='ocr_par' dir='ltr' id='par_1_92' title="bbox 1899 3271 3472 3340">
     <span class='ocr_line' id='line_1_94' title="bbox 1899 3271 3472 3340; baseline 0.002 -16"><span class='ocrx_word' id='word_1_577' title='bbox 1899 3271 2265 3340; x_wconf 89' lang='lat' dir='ltr'><strong>conscriptum</strong></span> <span class='ocrx_word' id='word_1_578' title='bbox 2291 3287 2397 3326; x_wconf 90' lang='lat' dir='ltr'><strong>non</strong></span> <span class='ocrx_word' id='word_1_579' title='bbox 2425 3272 2715 3336; x_wconf 89' lang='lat' dir='ltr'><strong>habebant,</strong></span> <span class='ocrx_word' id='word_1_580' title='bbox 2757 3271 3020 3340; x_wconf 89' lang='lat' dir='ltr'><strong>jussimus</strong></span> <span class='ocrx_word' id='word_1_581' title='bbox 3061 3273 3341 3330; x_wconf 81' lang='lat' dir='ltr'><strong>Liuihario</strong></span> <span class='ocrx_word' id='word_1_582' title='bbox 3378 3290 3472 3328; x_wconf 88' lang='lat' dir='ltr'><strong>co-</strong></span> 
     </span>
    </p>
   </div>
   <div class='ocr_carea' id='block_1_93' title="bbox 1897 3361 3472 3435">
    <p class='ocr_par' dir='ltr' id='par_1_93' title="bbox 1897 3361 3472 3435">
     <span class='ocr_line' id='line_1_95' title="bbox 1897 3361 3472 3435; baseline 0.003 -21"><span class='ocrx_word' id='word_1_583' title='bbox 1897 3362 2013 3415; x_wconf 87' lang='lat' dir='ltr'><strong>miti</strong></span> <span class='ocrx_word' id='word_1_584' title='bbox 2041 3361 2068 3400; x_wconf 77' lang='lat' dir='ltr'><strong>b</strong></span> <span class='ocrx_word' id='word_1_585' title='bbox 2097 3362 2237 3416; x_wconf 88' lang='lat' dir='ltr'><strong>hanc</strong></span> <span class='ocrx_word' id='word_1_586' title='bbox 2273 3377 2493 3416; x_wconf 92' lang='lat' dir='ltr'><strong>causam</strong></span> <span class='ocrx_word' id='word_1_587' title='bbox 2537 3364 2864 3433; x_wconf 88' lang='lat' dir='ltr'><strong>diligentius,</strong></span> <span class='ocrx_word' id='word_1_588' title='bbox 2909 3364 2951 3418; x_wconf 92' lang='lat' dir='ltr'><strong>si</strong></span> <span class='ocrx_word' id='word_1_589' title='bbox 2991 3364 3064 3417; x_wconf 87' lang='lat' dir='ltr'><strong>ita</strong></span> <span class='ocrx_word' id='word_1_590' title='bbox 3095 3374 3258 3428; x_wconf 82' lang='lat' dir='ltr'><strong>esset,</strong></span> <span class='ocrx_word' id='word_1_591' title='bbox 3294 3366 3472 3435; x_wconf 90' lang='lat' dir='ltr'><strong>inqui-</strong></span> 
     </span>
    </p>
   </div>
   <div class='ocr_carea' id='block_1_94' title="bbox 1898 3450 3474 3520">
    <p class='ocr_par' dir='ltr' id='par_1_94' title="bbox 1898 3450 3474 3520">
     <span class='ocr_line' id='line_1_96' title="bbox 1898 3450 3474 3520; baseline 0.003 -17"><span class='ocrx_word' id='word_1_592' title='bbox 1898 3466 2037 3505; x_wconf 92' lang='lat' dir='ltr'><strong>rere.</strong></span> <span class='ocrx_word' id='word_1_593' title='bbox 2083 3450 2184 3517; x_wconf 87' lang='lat' dir='ltr'><strong>Qui</strong></span> <span class='ocrx_word' id='word_1_594' title='bbox 2224 3450 2379 3520; x_wconf 75' lang='lat' dir='ltr'><strong>juxta</strong></span> <span class='ocrx_word' id='word_1_595' title='bbox 2424 3453 2672 3507; x_wconf 86' lang='lat' dir='ltr'><strong>veritatis</strong></span> <span class='ocrx_word' id='word_1_596' title='bbox 2703 3461 2757 3507; x_wconf 85' lang='lat' dir='ltr'><strong>et</strong></span> <span class='ocrx_word' id='word_1_597' title='bbox 2784 3453 3056 3520; x_wconf 87' lang='lat' dir='ltr'><strong>aequitatis</strong></span> <span class='ocrx_word' id='word_1_598' title='bbox 3080 3455 3325 3508; x_wconf 90' lang='lat' dir='ltr'><strong>ordinem</strong></span> <span class='ocrx_word' id='word_1_599' title='bbox 3354 3454 3474 3507; x_wconf 92' lang='lat' dir='ltr'><strong>dili-</strong></span> 
     </span>
    </p>
   </div>
   <div class='ocr_carea' id='block_1_95' title="bbox 1896 3542 3474 3611">
    <p class='ocr_par' dir='ltr' id='par_1_95' title="bbox 1896 3542 3474 3611">
     <span class='ocr_line' id='line_1_97' title="bbox 1896 3542 3474 3611; baseline 0.004 -19"><span class='ocrx_word' id='word_1_600' title='bbox 1896 3549 2086 3610; x_wconf 85' lang='lat' dir='ltr'><strong>genter</strong></span> <span class='ocrx_word' id='word_1_601' title='bbox 2129 3548 2530 3610; x_wconf 88' lang='lat' dir='ltr'><strong>perscrutatum</strong></span> <span class='ocrx_word' id='word_1_602' title='bbox 2577 3542 2908 3596; x_wconf 88' lang='lat' dir='ltr'><strong>renuntiavit</strong></span> <span class='ocrx_word' id='word_1_603' title='bbox 2954 3543 3127 3607; x_wconf 91' lang='lat' dir='ltr'><strong>nobis,</strong></span> <span class='ocrx_word' id='word_1_604' title='bbox 3173 3544 3298 3611; x_wconf 91' lang='lat' dir='ltr'><strong>quia</strong></span> <span class='ocrx_word' id='word_1_605' title='bbox 3331 3544 3474 3598; x_wconf 85' lang='lat' dir='ltr'><strong>sicut</strong></span> 
     </span>
    </p>
   </div>
   <div class='ocr_carea' id='block_1_96' title="bbox 1896 3630 3470 3703">
    <p class='ocr_par' dir='ltr' id='par_1_96' title="bbox 1896 3630 3470 3703">
     <span class='ocr_line' id='line_1_98' title="bbox 1896 3630 3470 3703; baseline 0.002 -18"><span class='ocrx_word' id='word_1_606' title='bbox 1896 3646 1992 3701; x_wconf 89' lang='lat' dir='ltr'><strong>per</strong></span> <span class='ocrx_word' id='word_1_607' title='bbox 2016 3630 2136 3685; x_wconf 90' lang='lat' dir='ltr'><strong>illos</strong></span> <span class='ocrx_word' id='word_1_608' title='bbox 2154 3645 2415 3700; x_wconf 89' lang='lat' dir='ltr'><strong>pagenses</strong></span> <span class='ocrx_word' id='word_1_609' title='bbox 2444 3641 2499 3686; x_wconf 89' lang='lat' dir='ltr'><strong>et</strong></span> <span class='ocrx_word' id='word_1_610' title='bbox 2531 3647 2752 3688; x_wconf 89' lang='lat' dir='ltr'><strong>veraces</strong></span> <span class='ocrx_word' id='word_1_611' title='bbox 2769 3633 3015 3687; x_wconf 88' lang='lat' dir='ltr'><strong>homines</strong></span> <span class='ocrx_word' id='word_1_612' title='bbox 3035 3648 3132 3703; x_wconf 88' lang='lat' dir='ltr'><strong>per</strong></span> <span class='ocrx_word' id='word_1_613' title='bbox 3157 3648 3438 3689; x_wconf 89' lang='lat' dir='ltr'><strong>sacramen</strong></span> <span class='ocrx_word' id='word_1_614' title='bbox 3455 3665 3470 3675; x_wconf 91' lang='lat'><strong>-</strong></span> 
     </span>
    </p>
   </div>
   <div class='ocr_carea' id='block_1_97' title="bbox 1897 3722 3469 3796">
    <p class='ocr_par' dir='ltr' id='par_1_97' title="bbox 1897 3722 3469 3796">
     <span class='ocr_line' id='line_1_99' title="bbox 1897 3722 3469 3796; baseline 0.004 -22"><span class='ocrx_word' id='word_1_615' title='bbox 1897 3731 2009 3775; x_wconf 90' lang='lat' dir='ltr'><strong>tum</strong></span> <span class='ocrx_word' id='word_1_616' title='bbox 2054 3722 2296 3777; x_wconf 90' lang='lat' dir='ltr'><strong>invenire</strong></span> <span class='ocrx_word' id='word_1_617' title='bbox 2335 3723 2527 3791; x_wconf 89' lang='lat' dir='ltr'><strong>potuit,</strong></span> <span class='ocrx_word' id='word_1_618' title='bbox 2558 3724 2630 3777; x_wconf 89' lang='lat' dir='ltr'><strong>ita</strong></span> <span class='ocrx_word' id='word_1_619' title='bbox 2662 3738 2781 3778; x_wconf 90' lang='lat' dir='ltr'><strong>esse</strong></span> <span class='ocrx_word' id='word_1_620' title='bbox 2813 3739 3021 3788; x_wconf 89' lang='lat' dir='ltr'><strong>verum,</strong></span> <span class='ocrx_word' id='word_1_621' title='bbox 3057 3726 3198 3780; x_wconf 91' lang='lat' dir='ltr'><strong>sicut</strong></span> <span class='ocrx_word' id='word_1_622' title='bbox 3224 3727 3469 3796; x_wconf 89' lang='lat' dir='ltr'><strong>superius</strong></span> 
     </span>
    </p>
   </div>
   <div class='ocr_carea' id='block_1_98' title="bbox 1897 3811 3467 3883">
    <p class='ocr_par' dir='ltr' id='par_1_98' title="bbox 1897 3811 3467 3883">
     <span class='ocr_line' id='line_1_100' title="bbox 1897 3811 3467 3883; baseline 0.004 -18"><span class='ocrx_word' id='word_1_623' title='bbox 1897 3812 2343 3881; x_wconf 82' lang='lat' dir='ltr'><strong>comprehensum</strong></span> <span class='ocrx_word' id='word_1_624' title='bbox 2371 3821 2472 3867; x_wconf 91' lang='lat' dir='ltr'><strong>est.</strong></span> <span class='ocrx_word' id='word_1_625' title='bbox 2507 3811 2845 3883; x_wconf 88' lang='lat' dir='ltr'><strong>Quapropter</strong></span> <span class='ocrx_word' id='word_1_626' title='bbox 2875 3814 2978 3869; x_wconf 90' lang='lat' dir='ltr'><strong>hoc</strong></span> <span class='ocrx_word' id='word_1_627' title='bbox 3007 3823 3204 3870; x_wconf 68' lang='lat' dir='ltr'><strong>nostra:</strong></span> <span class='ocrx_word' id='word_1_628' title='bbox 3233 3819 3467 3871; x_wconf 89' lang='lat' dir='ltr'><strong>auctori-</strong></span> 
     </span>
    </p>
   </div>
   <div class='ocr_carea' id='block_1_99' title="bbox 1896 3905 3474 3977">
    <p class='ocr_par' dir='ltr' id='par_1_99' title="bbox 1896 3905 3474 3977">
     <span class='ocr_line' id='line_1_101' title="bbox 1896 3905 3474 3977; baseline 0.002 -19"><span class='ocrx_word' id='word_1_629' title='bbox 1896 3905 2024 3958; x_wconf 89' lang='lat' dir='ltr'><strong>tatis</strong></span> <span class='ocrx_word' id='word_1_630' title='bbox 2049 3912 2379 3973; x_wconf 78' lang='lat' dir='ltr'><strong>praeceptum</strong></span> <span class='ocrx_word' id='word_1_631' title='bbox 2412 3905 2527 3958; x_wconf 85' lang='lat' dir='ltr'><strong>ﬁeri</strong></span> <span class='ocrx_word' id='word_1_632' title='bbox 2556 3905 2894 3959; x_wconf 89' lang='lat' dir='ltr'><strong>decrevimus</strong></span> <span class='ocrx_word' id='word_1_633' title='bbox 2925 3925 2935 3957; x_wconf 93' lang='lat'>:</span> <span class='ocrx_word' id='word_1_634' title='bbox 2969 3921 3065 3974; x_wconf 92' lang='lat' dir='ltr'><strong>per</strong></span> <span class='ocrx_word' id='word_1_635' title='bbox 3102 3908 3242 3976; x_wconf 91' lang='lat' dir='ltr'><strong>quod</strong></span> <span class='ocrx_word' id='word_1_636' title='bbox 3280 3909 3474 3977; x_wconf 77' lang='lat' dir='ltr'><strong>praeci-</strong></span> 
     </span>
    </p>
   </div>
   <div class='ocr_carea' id='block_1_100' title="bbox 1894 3992 3472 4065">
    <p class='ocr_par' dir='ltr' id='par_1_100' title="bbox 1894 3992 3472 4065">
     <span class='ocr_line' id='line_1_102' title="bbox 1894 3992 3472 4065; baseline 0.003 -18"><span class='ocrx_word' id='word_1_637' title='bbox 1894 3994 2073 4062; x_wconf 92' lang='lat' dir='ltr'><strong>pimus</strong></span> <span class='ocrx_word' id='word_1_638' title='bbox 2100 4004 2262 4062; x_wconf 88' lang='lat' dir='ltr'><strong>atque</strong></span> <span class='ocrx_word' id='word_1_639' title='bbox 2293 3992 2568 4062; x_wconf 90' lang='lat' dir='ltr'><strong>jubemus,</strong></span> <span class='ocrx_word' id='word_1_640' title='bbox 2612 4003 2694 4058; x_wconf 90' lang='lat' dir='ltr'><strong>ut,</strong></span> <span class='ocrx_word' id='word_1_641' title='bbox 2749 3996 2888 4049; x_wconf 90' lang='lat' dir='ltr'><strong>sicut</strong></span> <span class='ocrx_word' id='word_1_642' title='bbox 2936 3997 3181 4065; x_wconf 60' lang='lat' dir='ltr'><strong>praedicti</strong></span> <span class='ocrx_word' id='word_1_643' title='bbox 3226 3998 3472 4052; x_wconf 88' lang='lat' dir='ltr'><strong>homines</strong></span> 
     </span>
    </p>
   </div>
   <div class='ocr_carea' id='block_1_101' title="bbox 1897 4084 3469 4155">
    <p class='ocr_par' dir='ltr' id='par_1_101' title="bbox 1897 4084 3469 4155">
     <span class='ocr_line' id='line_1_103' title="bbox 1897 4084 3469 4155; baseline 0.001 -15"><span class='ocrx_word' id='word_1_644' title='bbox 1897 4085 2114 4155; x_wconf 88' lang='lat' dir='ltr'><strong>ingenui</strong></span> <span class='ocrx_word' id='word_1_645' title='bbox 2145 4085 2275 4139; x_wconf 91' lang='lat' dir='ltr'><strong>illud</strong></span> <span class='ocrx_word' id='word_1_646' title='bbox 2305 4100 2526 4140; x_wconf 90' lang='lat' dir='ltr'><strong>censum</strong></span> <span class='ocrx_word' id='word_1_647' title='bbox 2553 4084 2694 4154; x_wconf 85' lang='lat' dir='ltr'><strong>quod</strong></span> <span class='ocrx_word' id='word_1_648' title='bbox 2725 4086 2881 4140; x_wconf 87' lang='lat' dir='ltr'><strong>annis</strong></span> <span class='ocrx_word' id='word_1_649' title='bbox 2917 4085 3141 4155; x_wconf 86' lang='lat' dir='ltr'><strong>singulis</strong></span> <span class='ocrx_word' id='word_1_650' title='bbox 3176 4086 3307 4140; x_wconf 83' lang='lat' dir='ltr'><strong>ﬁsco</strong></span> <span class='ocrx_word' id='word_1_651' title='bbox 3336 4100 3469 4141; x_wconf 91' lang='lat' dir='ltr'><strong>con-</strong></span> 
     </span>
    </p>
   </div>
   <div class='ocr_carea' id='block_1_102' title="bbox 1894 4160 3476 4245">
    <p class='ocr_par' dir='ltr' id='par_1_102' title="bbox 1894 4160 3476 4245">
     <span class='ocr_line' id='line_1_104' title="bbox 1894 4160 3476 4245; baseline 0.002 -18"><span class='ocrx_word' id='word_1_652' title='bbox 1894 4174 2026 4228; x_wconf 81' lang='lat' dir='ltr'><strong>ferri</strong></span> <span class='ocrx_word' id='word_1_653' title='bbox 2057 4175 2319 4240; x_wconf 89' lang='lat' dir='ltr'><strong>solebant,</strong></span> <span class='ocrx_word' id='word_1_654' title='bbox 2372 4175 2547 4228; x_wconf 88' lang='lat' dir='ltr'><strong>eidem</strong></span> <span class='ocrx_word' id='word_1_655' title='bbox 2601 4160 2928 4228; x_wconf 71' lang='lat' dir='ltr'><strong>monasterio</strong></span> <span class='ocrx_word' id='word_1_656' title='bbox 2980 4175 3153 4229; x_wconf 88' lang='lat' dir='ltr'><strong>sancti</strong></span> <span class='ocrx_word' id='word_1_657' title='bbox 3194 4174 3331 4229; x_wconf 91' lang='lat' dir='ltr'><strong>Galli</strong></span> <span class='ocrx_word' id='word_1_658' title='bbox 3379 4193 3476 4245; x_wconf 90' lang='lat' dir='ltr'><strong>per</strong></span> 
     </span>
    </p>
   </div>
   <div class='ocr_carea' id='block_1_103' title="bbox 1893 4262 3467 4334">
    <p class='ocr_par' dir='ltr' id='par_1_103' title="bbox 1893 4262 3467 4334">
     <span class='ocr_line' id='line_1_105' title="bbox 1893 4262 3467 4334; baseline 0 -16"><span class='ocrx_word' id='word_1_659' title='bbox 1893 4264 2333 4318; x_wconf 88' lang='lat' dir='ltr'><strong>constitutionem</strong></span> <span class='ocrx_word' id='word_1_660' title='bbox 2360 4264 2445 4317; x_wconf 89' lang='lat' dir='ltr'><strong>avi</strong></span> <span class='ocrx_word' id='word_1_661' title='bbox 2478 4263 2649 4318; x_wconf 89' lang='lat' dir='ltr'><strong>nostri</strong></span> <span class='ocrx_word' id='word_1_662' title='bbox 2678 4262 2887 4332; x_wconf 84' lang='lat' dir='ltr'><strong>Pippini</strong></span> <span class='ocrx_word' id='word_1_663' title='bbox 2918 4264 3061 4334; x_wconf 87' lang='lat' dir='ltr'><strong>regis</strong></span> <span class='ocrx_word' id='word_1_664' title='bbox 3086 4265 3467 4328; x_wconf 81' lang='lat' dir='ltr'><strong>cxhibuerunt,</strong></span> 
     </span>
    </p>
   </div>
   <div class='ocr_carea' id='block_1_104' title="bbox 1894 4352 3471 4421">
    <p class='ocr_par' dir='ltr' id='par_1_104' title="bbox 1894 4352 3471 4421">
     <span class='ocr_line' id='line_1_106' title="bbox 1894 4352 3471 4421; baseline -0.001 -15"><span class='ocrx_word' id='word_1_665' title='bbox 1894 4353 1967 4407; x_wconf 90' lang='lat' dir='ltr'><strong>ita</strong></span> <span class='ocrx_word' id='word_1_666' title='bbox 2025 4353 2223 4406; x_wconf 89' lang='lat' dir='ltr'><strong>abhinc</strong></span> <span class='ocrx_word' id='word_1_667' title='bbox 2268 4352 2320 4406; x_wconf 90' lang='lat' dir='ltr'><strong>in</strong></span> <span class='ocrx_word' id='word_1_668' title='bbox 2369 4352 2713 4420; x_wconf 90' lang='lat' dir='ltr'><strong>postmodum</strong></span> <span class='ocrx_word' id='word_1_669' title='bbox 2741 4352 2918 4406; x_wconf 90' lang='lat' dir='ltr'><strong>omnis</strong></span> <span class='ocrx_word' id='word_1_670' title='bbox 2965 4353 3256 4421; x_wconf 87' lang='lat' dir='ltr'><strong>posteritas</strong></span> <span class='ocrx_word' id='word_1_671' title='bbox 3284 4367 3471 4408; x_wconf 90' lang='lat' dir='ltr'><strong>eorum</strong></span> 
     </span>
    </p>
   </div>
   <div class='ocr_carea' id='block_1_105' title="bbox 1893 4440 3469 4514">
    <p class='ocr_par' dir='ltr' id='par_1_105' title="bbox 1893 4440 3469 4514">
     <span class='ocr_line' id='line_1_107' title="bbox 1893 4440 3469 4514; baseline -0.001 -16"><span class='ocrx_word' id='word_1_672' title='bbox 1893 4458 1990 4514; x_wconf 89' lang='lat' dir='ltr'><strong>per</strong></span> <span class='ocrx_word' id='word_1_673' title='bbox 2012 4444 2116 4498; x_wconf 90' lang='lat' dir='ltr'><strong>hoc</strong></span> <span class='ocrx_word' id='word_1_674' title='bbox 2140 4440 2382 4498; x_wconf 88' lang='lat' dir='ltr'><strong>nostrum</strong></span> <span class='ocrx_word' id='word_1_675' title='bbox 2409 4449 2733 4512; x_wconf 63' lang='lat' dir='ltr'><strong>praeceptum</strong></span> <span class='ocrx_word' id='word_1_676' title='bbox 2764 4444 2832 4497; x_wconf 87' lang='lat' dir='ltr'><strong>ad</strong></span> <span class='ocrx_word' id='word_1_677' title='bbox 2857 4457 3017 4510; x_wconf 90' lang='lat' dir='ltr'><strong>supra</strong></span> <span class='ocrx_word' id='word_1_678' title='bbox 3048 4444 3249 4497; x_wconf 90' lang='lat' dir='ltr'><strong>dictum</strong></span> <span class='ocrx_word' id='word_1_679' title='bbox 3281 4458 3469 4498; x_wconf 86' lang='lat' dir='ltr'><strong>mona-</strong></span> 
     </span>
    </p>
   </div>
   <div class='ocr_carea' id='block_1_106' title="bbox 1895 4531 3471 4602">
    <p class='ocr_par' dir='ltr' id='par_1_106' title="bbox 1895 4531 3471 4602">
     <span class='ocr_line' id='line_1_108' title="bbox 1895 4531 3471 4602; baseline -0.002 -13"><span class='ocrx_word' id='word_1_680' title='bbox 1895 4536 2118 4590; x_wconf 88' lang='lat' dir='ltr'><strong>sterium</strong></span> <span class='ocrx_word' id='word_1_681' title='bbox 2142 4535 2240 4588; x_wconf 89' lang='lat' dir='ltr'><strong>sub</strong></span> <span class='ocrx_word' id='word_1_682' title='bbox 2267 4534 2414 4588; x_wconf 91' lang='lat' dir='ltr'><strong>omni</strong></span> <span class='ocrx_word' id='word_1_683' title='bbox 2448 4533 2756 4602; x_wconf 89' lang='lat' dir='ltr'><strong>integritate</strong></span> <span class='ocrx_word' id='word_1_684' title='bbox 2799 4532 3128 4601; x_wconf 91' lang='lat' dir='ltr'><strong>persolvant.</strong></span> <span class='ocrx_word' id='word_1_685' title='bbox 3175 4531 3471 4602; x_wconf 56' lang='lat' dir='ltr'><strong>Nullusque</strong></span> 
     </span>
    </p>
   </div>
   <div class='ocr_carea' id='block_1_107' title="bbox 1895 4623 3461 4689">
    <p class='ocr_par' dir='ltr' id='par_1_107' title="bbox 1895 4623 3461 4689">
     <span class='ocr_line' id='line_1_109' title="bbox 1895 4623 3461 4689; baseline -0.004 -7"><span class='ocrx_word' id='word_1_686' title='bbox 1895 4627 1980 4682; x_wconf 90' lang='lat' dir='ltr'><strong>vel</strong></span> <span class='ocrx_word' id='word_1_687' title='bbox 2024 4642 2054 4680; x_wconf 93' lang='lat' dir='ltr'><strong>a</strong></span> <span class='ocrx_word' id='word_1_688' title='bbox 2103 4626 2406 4688; x_wconf 91' lang='lat' dir='ltr'><strong>comitibus,</strong></span> <span class='ocrx_word' id='word_1_689' title='bbox 2465 4625 2546 4679; x_wconf 85' lang='lat' dir='ltr'><strong>vel</strong></span> <span class='ocrx_word' id='word_1_690' title='bbox 2587 4639 2618 4678; x_wconf 90' lang='lat' dir='ltr'><strong>a</strong></span> <span class='ocrx_word' id='word_1_691' title='bbox 2663 4623 3020 4689; x_wconf 90' lang='lat' dir='ltr'><strong>centenariis,</strong></span> <span class='ocrx_word' id='word_1_692' title='bbox 3069 4623 3153 4678; x_wconf 85' lang='lat' dir='ltr'><strong>vel</strong></span> <span class='ocrx_word' id='word_1_693' title='bbox 3203 4638 3233 4677; x_wconf 90' lang='lat' dir='ltr'><strong>a</strong></span> <span class='ocrx_word' id='word_1_694' title='bbox 3281 4624 3461 4678; x_wconf 90' lang='lat' dir='ltr'><strong>missis</strong></span> 
     </span>
    </p>
   </div>
   <div class='ocr_carea' id='block_1_108' title="bbox 1896 4713 3472 4784">
    <p class='ocr_par' dir='ltr' id='par_1_108' title="bbox 1896 4713 3472 4784">
     <span class='ocr_line' id='line_1_110' title="bbox 1896 4713 3472 4784; baseline -0.003 -12"><span class='ocrx_word' id='word_1_695' title='bbox 1896 4717 2346 4778; x_wconf 90' lang='lat' dir='ltr'><strong>discurrentibus,</strong></span> <span class='ocrx_word' id='word_1_696' title='bbox 2381 4715 2464 4769; x_wconf 90' lang='lat' dir='ltr'><strong>vel</strong></span> <span class='ocrx_word' id='word_1_697' title='bbox 2492 4729 2522 4768; x_wconf 91' lang='lat' dir='ltr'><strong>a</strong></span> <span class='ocrx_word' id='word_1_698' title='bbox 2555 4713 2879 4784; x_wconf 87' lang='lat' dir='ltr'><strong>quibuslibet</strong></span> <span class='ocrx_word' id='word_1_699' title='bbox 2905 4713 3129 4769; x_wconf 90' lang='lat' dir='ltr'><strong>alterius</strong></span> <span class='ocrx_word' id='word_1_700' title='bbox 3155 4713 3360 4768; x_wconf 90' lang='lat' dir='ltr'><strong>ordinis</strong></span> <span class='ocrx_word' id='word_1_701' title='bbox 3392 4713 3472 4767; x_wconf 86' lang='lat' dir='ltr'><strong>in-</strong></span> 
     </span>
    </p>
   </div>
   <div class='ocr_carea' id='block_1_109' title="bbox 1895 4803 3472 4881">
    <p class='ocr_par' dir='ltr' id='par_1_109' title="bbox 1895 4803 3472 4881">
     <span class='ocr_line' id='line_1_111' title="bbox 1895 4803 3472 4881; baseline -0.004 -19"><span class='ocrx_word' id='word_1_702' title='bbox 1895 4807 2241 4878; x_wconf 86' lang='lat' dir='ltr'><strong>quietudines</strong></span> <span class='ocrx_word' id='word_1_703' title='bbox 2271 4815 2365 4860; x_wconf 90' lang='lat' dir='ltr'><strong>aut</strong></span> <span class='ocrx_word' id='word_1_704' title='bbox 2396 4806 2696 4861; x_wconf 90' lang='lat' dir='ltr'><strong>calumnias</strong></span> <span class='ocrx_word' id='word_1_705' title='bbox 2727 4821 2853 4874; x_wconf 91' lang='lat' dir='ltr'><strong>pars</strong></span> <span class='ocrx_word' id='word_1_706' title='bbox 2882 4803 3119 4872; x_wconf 88' lang='lat' dir='ltr'><strong>ejusdem</strong></span> <span class='ocrx_word' id='word_1_707' title='bbox 3153 4805 3472 4881; x_wconf 84' lang='lat' dir='ltr'><strong>monasterii</strong></span> 
     </span>
    </p>
   </div>
   <div class='ocr_carea' id='block_1_110' title="bbox 1892 4893 3470 4965">
    <p class='ocr_par' dir='ltr' id='par_1_110' title="bbox 1892 4893 3470 4965">
     <span class='ocr_line' id='line_1_112' title="bbox 1892 4893 3470 4965; baseline -0.003 -13"><span class='ocrx_word' id='word_1_708' title='bbox 1892 4899 2086 4953; x_wconf 83' lang='lat' dir='ltr'><strong>exinde</strong></span> <span class='ocrx_word' id='word_1_709' title='bbox 2131 4897 2413 4965; x_wconf 85' lang='lat' dir='ltr'><strong>patiatur&#39;:</strong></span> <span class='ocrx_word' id='word_1_710' title='bbox 2444 4897 2539 4951; x_wconf 90' lang='lat' dir='ltr'><strong>sed</strong></span> <span class='ocrx_word' id='word_1_711' title='bbox 2589 4896 2729 4951; x_wconf 90' lang='lat' dir='ltr'><strong>sicut</strong></span> <span class='ocrx_word' id='word_1_712' title='bbox 2771 4896 2838 4950; x_wconf 89' lang='lat' dir='ltr'><strong>ab</strong></span> <span class='ocrx_word' id='word_1_713' title='bbox 2880 4911 2981 4949; x_wconf 89' lang='lat' dir='ltr'><strong>avo</strong></span> <span class='ocrx_word' id='word_1_714' title='bbox 3021 4903 3208 4949; x_wconf 90' lang='lat' dir='ltr'><strong>nostro</strong></span> <span class='ocrx_word' id='word_1_715' title='bbox 3243 4893 3470 4964; x_wconf 88' lang='lat' dir='ltr'><strong>Pippino</strong></span> 
     </span>
    </p>
   </div>
   <div class='ocr_carea' id='block_1_111' title="bbox 1894 4986 3470 5060">
    <p class='ocr_par' dir='ltr' id='par_1_111' title="bbox 1894 4986 3470 5060">
     <span class='ocr_line' id='line_1_113' title="bbox 1894 4986 3470 5060; baseline -0.001 -16"><span class='ocrx_word' id='word_1_716' title='bbox 1894 5005 2020 5060; x_wconf 89' lang='lat' dir='ltr'><strong>rege</strong></span> <span class='ocrx_word' id='word_1_717' title='bbox 2046 5005 2362 5045; x_wconf 90' lang='lat' dir='ltr'><strong>concessum</strong></span> <span class='ocrx_word' id='word_1_718' title='bbox 2387 4997 2487 5055; x_wconf 91' lang='lat' dir='ltr'><strong>est,</strong></span> <span class='ocrx_word' id='word_1_719' title='bbox 2529 4990 2603 5044; x_wconf 90' lang='lat' dir='ltr'><strong>ita</strong></span> <span class='ocrx_word' id='word_1_720' title='bbox 2632 4989 2700 5044; x_wconf 89' lang='lat' dir='ltr'><strong>ab</strong></span> <span class='ocrx_word' id='word_1_721' title='bbox 2725 4989 2974 5043; x_wconf 90' lang='lat' dir='ltr'><strong>omnibus</strong></span> <span class='ocrx_word' id='word_1_722' title='bbox 3001 4986 3245 5043; x_wconf 90' lang='lat' dir='ltr'><strong>ﬁdelibus</strong></span> <span class='ocrx_word' id='word_1_723' title='bbox 3269 4988 3470 5042; x_wconf 88' lang='lat' dir='ltr'><strong>nostris</strong></span> 
     </span>
    </p>
   </div>
   <div class='ocr_carea' id='block_1_112' title="bbox 1893 5076 3469 5150">
    <p class='ocr_par' dir='ltr' id='par_1_112' title="bbox 1893 5076 3469 5150">
     <span class='ocr_line' id='line_1_114' title="bbox 1893 5076 3469 5150; baseline -0.003 -16"><span class='ocrx_word' id='word_1_724' title='bbox 1893 5094 2022 5150; x_wconf 89' lang='lat' dir='ltr'><strong>erga</strong></span> <span class='ocrx_word' id='word_1_725' title='bbox 2050 5080 2338 5148; x_wconf 58' lang='lat' dir='ltr'><strong>praedictos</strong></span> <span class='ocrx_word' id='word_1_726' title='bbox 2367 5079 2630 5142; x_wconf 88' lang='lat' dir='ltr'><strong>homines,</strong></span> <span class='ocrx_word' id='word_1_727' title='bbox 2658 5085 2714 5132; x_wconf 90' lang='lat' dir='ltr'><strong>et</strong></span> <span class='ocrx_word' id='word_1_728' title='bbox 2741 5093 2962 5132; x_wconf 88' lang='lat' dir='ltr'><strong>censum</strong></span> <span class='ocrx_word' id='word_1_729' title='bbox 2991 5077 3082 5147; x_wconf 86' lang='lat' dir='ltr'><strong>qui</strong></span> <span class='ocrx_word' id='word_1_730' title='bbox 3111 5077 3180 5131; x_wconf 93' lang='lat' dir='ltr'><strong>ab</strong></span> <span class='ocrx_word' id='word_1_731' title='bbox 3206 5076 3285 5132; x_wconf 91' lang='lat' dir='ltr'><strong>eis</strong></span> <span class='ocrx_word' id='word_1_732' title='bbox 3314 5078 3469 5131; x_wconf 87' lang='lat' dir='ltr'><strong>debe-</strong></span> 
     </span>
    </p>
   </div>
   <div class='ocr_carea' id='block_1_113' title="bbox 1895 5167 3467 5233">
    <p class='ocr_par' dir='ltr' id='par_1_113' title="bbox 1895 5167 3467 5233">
     <span class='ocr_line' id='line_1_115' title="bbox 1895 5167 3467 5233; baseline -0.003 -9"><span class='ocrx_word' id='word_1_733' title='bbox 1895 5180 2000 5233; x_wconf 91' lang='lat' dir='ltr'><strong>tur,</strong></span> <span class='ocrx_word' id='word_1_734' title='bbox 2036 5169 2421 5224; x_wconf 75' lang='lat' dir='ltr'><strong>inviolabiliter</strong></span> <span class='ocrx_word' id='word_1_735' title='bbox 2445 5176 2816 5223; x_wconf 90' lang='lat' dir='ltr'><strong>conservetur.</strong></span> <span class='ocrx_word' id='word_1_736' title='bbox 2855 5168 2922 5222; x_wconf 84' lang='lat' dir='ltr'><strong>Et</strong></span> <span class='ocrx_word' id='word_1_737' title='bbox 2949 5175 3008 5221; x_wconf 92' lang='lat' dir='ltr'><strong>ut</strong></span> <span class='ocrx_word' id='word_1_738' title='bbox 3032 5168 3148 5223; x_wconf 66' lang='lat' dir='ltr'><strong>haec</strong></span> <span class='ocrx_word' id='word_1_739' title='bbox 3175 5167 3467 5222; x_wconf 82' lang='lat' dir='ltr'><strong>auctoritas</strong></span> 
     </span>
    </p>
   </div>
   <div class='ocr_carea' id='block_1_114' title="bbox 1895 5259 3468 5329">
    <p class='ocr_par' dir='ltr' id='par_1_114' title="bbox 1895 5259 3468 5329">
     <span class='ocr_line' id='line_1_116' title="bbox 1895 5259 3468 5329; baseline -0.002 -15"><span class='ocrx_word' id='word_1_740' title='bbox 1895 5260 2105 5315; x_wconf 81' lang='lat' dir='ltr'><strong>ﬁrmior</strong></span> <span class='ocrx_word' id='word_1_741' title='bbox 2128 5261 2412 5325; x_wconf 90' lang='lat' dir='ltr'><strong>habeatur,</strong></span> <span class='ocrx_word' id='word_1_742' title='bbox 2443 5268 2495 5313; x_wconf 89' lang='lat' dir='ltr'><strong>et</strong></span> <span class='ocrx_word' id='word_1_743' title='bbox 2524 5275 2621 5329; x_wconf 90' lang='lat' dir='ltr'><strong>per</strong></span> <span class='ocrx_word' id='word_1_744' title='bbox 2650 5259 2830 5313; x_wconf 82' lang='lat' dir='ltr'><strong>futura</strong></span> <span class='ocrx_word' id='word_1_745' title='bbox 2859 5267 3096 5328; x_wconf 89' lang='lat' dir='ltr'><strong>tempora</strong></span> <span class='ocrx_word' id='word_1_746' title='bbox 3126 5259 3320 5314; x_wconf 87' lang='lat' dir='ltr'><strong>melius</strong></span> <span class='ocrx_word' id='word_1_747' title='bbox 3343 5273 3468 5313; x_wconf 87' lang='lat' dir='ltr'><strong>con-</strong></span> 
     </span>
    </p>
   </div>
   <div class='ocr_carea' id='block_1_115' title="bbox 1893 5348 3466 5418">
    <p class='ocr_par' dir='ltr' id='par_1_115' title="bbox 1893 5348 3466 5418">
     <span class='ocr_line' id='line_1_117' title="bbox 1893 5348 3466 5418; baseline -0.002 -13"><span class='ocrx_word' id='word_1_748' title='bbox 1893 5360 2170 5415; x_wconf 82' lang='lat' dir='ltr'><strong>servetur,</strong></span> <span class='ocrx_word' id='word_1_749' title='bbox 2225 5349 2422 5405; x_wconf 90' lang='lat' dir='ltr'><strong>annulo</strong></span> <span class='ocrx_word' id='word_1_750' title='bbox 2466 5359 2651 5405; x_wconf 89' lang='lat' dir='ltr'><strong>nostro</strong></span> <span class='ocrx_word' id='word_1_751' title='bbox 2694 5349 2879 5405; x_wconf 88' lang='lat' dir='ltr'><strong>subter</strong></span> <span class='ocrx_word' id='word_1_752' title='bbox 2923 5363 3041 5404; x_wconf 87' lang='lat' dir='ltr'><strong>eam</strong></span> <span class='ocrx_word' id='word_1_753' title='bbox 3085 5348 3349 5418; x_wconf 87' lang='lat' dir='ltr'><strong>jussimus</strong></span> <span class='ocrx_word' id='word_1_754' title='bbox 3391 5349 3466 5402; x_wconf 87' lang='lat' dir='ltr'><strong>si-</strong></span> 
     </span>
    </p>
   </div>
   <div class='ocr_carea' id='block_1_116' title="bbox 1894 5441 2090 5512">
    <p class='ocr_par' dir='ltr' id='par_1_116' title="bbox 1894 5441 2090 5512">
     <span class='ocr_line' id='line_1_118' title="bbox 1894 5441 2090 5512; baseline 0.005 -19"><span class='ocrx_word' id='word_1_755' title='bbox 1894 5441 2090 5512; x_wconf 85' lang='lat' dir='ltr'><strong>gillari.</strong></span> 
     </span>
    </p>
   </div>
   <div class='ocr_carea' id='block_1_117' title="bbox 1889 5590 3462 5741">
    <p class='ocr_par' dir='ltr' id='par_1_117' title="bbox 1889 5590 3462 5741">
     <span class='ocr_line' id='line_1_119' title="bbox 1889 5590 3458 5678; baseline -0.001 -30"><span class='ocrx_word' id='word_1_756' title='bbox 1889 5598 2024 5668; x_wconf 84' lang='lat' dir='ltr'><strong>apud</strong></span> <span class='ocrx_word' id='word_1_757' title='bbox 2052 5597 2333 5678; x_wconf 86' lang='lat' dir='ltr'><strong>&#39;Bouquet.</strong></span> <span class='ocrx_word' id='word_1_758' title='bbox 2389 5595 2510 5677; x_wconf 62' lang='lat' dir='ltr'><strong>Rer.</strong></span> <span class='ocrx_word' id='word_1_759' title='bbox 2553 5592 2692 5677; x_wconf 65' lang='lat' dir='ltr'><strong>Call.</strong></span> <span class='ocrx_word' id='word_1_760' title='bbox 2729 5593 2952 5672; x_wconf 84' lang='lat' dir='ltr'><strong>Script.,</strong></span> <span class='ocrx_word' id='word_1_761' title='bbox 2987 5602 3024 5646; x_wconf 92' lang='lat' dir='ltr'><strong>t.</strong></span> <span class='ocrx_word' id='word_1_762' title='bbox 3053 5590 3142 5674; x_wconf 68' lang='lat' dir='ltr'><strong>VI,</strong></span> <span class='ocrx_word' id='word_1_763' title='bbox 3164 5607 3232 5672; x_wconf 35' lang='grc' dir='ltr'><strong>ρ..</strong></span> <span class='ocrx_word' id='word_1_764' title='bbox 3255 5593 3333 5655; x_wconf 85' lang='lat' dir='ltr'><strong>l8,</strong></span> <span class='ocrx_word' id='word_1_765' title='bbox 3365 5592 3458 5672; x_wconf 66' lang='lat'><strong>‘26,</strong></span> 
     </span>
     <span class='ocr_line' id='line_1_120' title="bbox 1889 5661 3462 5741; baseline -0.003 -23"><span class='ocrx_word' id='word_1_766' title='bbox 1889 5668 1979 5729; x_wconf 83' lang='lat' dir='ltr'><strong>9i,</strong></span> <span class='ocrx_word' id='word_1_767' title='bbox 2006 5668 2077 5741; x_wconf 50' lang='lat'><strong>94:</strong></span> <span class='ocrx_word' id='word_1_768' title='bbox 2104 5665 2750 5741; x_wconf 57' lang='lat' dir='ltr'><strong>(lituusvolumiitis,_eol.</strong></span> <span class='ocrx_word' id='word_1_769' title='bbox 2795 5664 2943 5731; x_wconf 72' lang='lat'><strong>927).</strong></span> <span class='ocrx_word' id='word_1_770' title='bbox 2976 5664 3054 5741; x_wconf 74' lang='lat' dir='ltr'><strong>An</strong></span> <span class='ocrx_word' id='word_1_771' title='bbox 3093 5663 3181 5717; x_wconf 84' lang='lat' dir='ltr'><strong>hic</strong></span> <span class='ocrx_word' id='word_1_772' title='bbox 3223 5661 3360 5715; x_wconf 84' lang='lat' dir='ltr'><strong>idem</strong></span> <span class='ocrx_word' id='word_1_773' title='bbox 3385 5672 3462 5741; x_wconf 70' lang='lat' dir='ltr'><strong>snt</strong></span> 
     </span>
    </p>
   </div>
   <div class='ocr_carea' id='block_1_118' title="bbox 1891 5734 3455 5795">
    <p class='ocr_par' dir='ltr' id='par_1_118' title="bbox 1891 5734 3455 5795">
     <span class='ocr_line' id='line_1_121' title="bbox 1891 5734 3455 5795; baseline 0.001 -7"><span class='ocrx_word' id='word_1_774' title='bbox 1891 5752 2010 5789; x_wconf 76' lang='lat' dir='ltr'><strong>cum</strong></span> <span class='ocrx_word' id='word_1_775' title='bbox 2059 5734 2338 5790; x_wconf 82' lang='lat' dir='ltr'><strong>Lithuario</strong></span> <span class='ocrx_word' id='word_1_776' title='bbox 2380 5736 2575 5789; x_wconf 85' lang='lat' dir='ltr'><strong>comite</strong></span> <span class='ocrx_word' id='word_1_777' title='bbox 2628 5734 2711 5787; x_wconf 88' lang='lat' dir='ltr'><strong>hic</strong></span> <span class='ocrx_word' id='word_1_778' title='bbox 2765 5740 3081 5795; x_wconf 85' lang='lat' dir='ltr'><strong>memorato,</strong></span> <span class='ocrx_word' id='word_1_779' title='bbox 3129 5746 3232 5785; x_wconf 90' lang='lat' dir='ltr'><strong>nou</strong></span> <span class='ocrx_word' id='word_1_780' title='bbox 3281 5734 3455 5789; x_wconf 79' lang='lat' dir='ltr'><strong>ausim</strong></span> 
     </span>
    </p>
   </div>
   <div class='ocr_carea' id='block_1_119' title="bbox 1893 5813 2144 5860">
    <p class='ocr_par' dir='ltr' id='par_1_119' title="bbox 1893 5813 2144 5860">
     <span class='ocr_line' id='line_1_122' title="bbox 1893 5813 2144 5860; baseline -0.008 0"><span class='ocrx_word' id='word_1_781' title='bbox 1893 5813 2144 5860; x_wconf 81' lang='lat' dir='ltr'><strong>statuere.</strong></span> 
     </span>
    </p>
   </div>
  </div>
