3924 6350
453 399 590 453 4175

1582 409 1901 468 LUDOVICI
1934 411 1956 465 Ι
1994 409 2461 467 COGNUMENTO
2503 413 2583 466 l’ll

3596 413 3739 469 Ιίῗσ

520 509 901 565 Ilirminmaris
942 512 1187 575 notarius
1222 514 1290 568 ad
1326 530 1499 571 vncem
1550 518 1820 592 Fridugisi
1874 537 2027 576 reco-
2055 533 2107 592 Α
2131 531 2291 591 atque
2314 521 2565 590 iubemus
2593 524 2885 578 secundum
2912 505 3052 594 quad
3084 524 3137 579 in
3180 525 3328 579 illius
3376 523 3741 578 ordinatione

453 599 611 668 gnovi
635 607 688 654 et
713 601 1027 670 subscripsi.

521 690 656 746 Data
695 691 867 762 pridie
896 691 1018 748 ldus
1047 693 1373 752 Februarias
1418 713 1558 752 anno
1588 698 1806 754 Christo
1841 701 2029 772 propi-

446 783 523 837 tio
578 783 642 836 15
688 784 902 869 imperii
953 786 1134 840 domni
1195 786 1452 842 Ludovici
1507 790 1636 859 imp.
1688 799 1743 844 et
1786 791 2030 846 Lotharii

450 884 604 929 sexto
649 888 700 942 ι,
744 876 1039 932 indictione
1071 878 1122 932 6.
1156 877 1351 933 Actum
1390 880 1714 953 Aquisgrani
1757 883 1784 922 ι)
1829 882 2030 953 palatio

448 966 616 1036 regio,
649 966 703 1020 in
730 966 827 1023 Dei
855 968 1073 1022 nomine
1099 967 1352 1024 feliciter.
1383 969 1577 1023 Amen.

1132 1062 1334 1117 CXLV.

755 1167 853 1206 Ριιο
893 1167 1230 1207 ΙΙΟΝΑΕΤΕΜΟ
1264 1169 1693 1209 ΒᾹΝΟΕΚΜΑΝΕΝΞΙ
1704 1194 1714 1208 .

1046 1243 1221 1315 (Anno
1265 1245 1413 1315 8‘29.)

512 1330 690 1402 [Apud
717 1333 939 1400 Mabill.,
975 1335 1169 1390 Annal.
1205 1336 1325 1459 σέ(έί
1458 1337 1678 1403 Bened.,
1716 1345 1845 1391 tum.
1878 1338 1951 1404 ll,

1077 1420 1201 1476 pag.
1266 1418 1284 1435 υ
1341 1444 1355 1459 .

1077 1420 1201 1479 pag.
1231 1418 1355 1459 521.

508 1494 566 1549 In
595 1498 812 1552 nomine
857 1497 1069 1553 Domini
1115 1498 1210 1552 Dei
1259 1508 1313 1552 et
1359 1499 1658 1553 Salvatoris
1697 1500 1867 1553 nostri
1896 1498 2023 1554 .lesu

438 1587 679 1655 Christi,
724 1590 1031 1646 Ludovicus
1073 1600 1128 1646 et
1170 1591 1460 1645 Lotharius
1506 1592 1687 1645 divina
1735 1592 2023 1645 ordinante

436 1680 776 1750 providentia
808 1683 1166 1753 imperatores
1190 1681 1439 1751 Augusti.

521 1770 578 1824 Si
616 1786 678 1827 ea
706 1786 827 1841 quae
857 1770 1043 1826 fideles
1073 1772 1284 1842 imperii
1319 1772 1489 1825 nostri
1531 1787 1629 1841 pro
1667 1780 1810 1826 statu
1836 1779 1890 1825 et
1915 1771 2021 1824 uti-

2135 612 2461 677 continetur,
2492 621 2551 666 ut
2600 613 2795 668 dentur
2841 615 2921 669 eis
2965 615 3127 675 annis
3181 613 3415 683 singulis
3445 615 3513 669 de
3542 616 3742 669 tritico

2132 716 2269 770 puro
2316 702 2477 756 modii
2529 704 2675 758 mille
2719 706 3096 775 quadringenti
3139 712 3195 759 et
3222 706 3630 776 quadraginta;
3680 716 3742 759 et

2132 790 2185 843 in
2219 791 2618 859 susceptionem
2648 792 2922 862 hospitum
2964 793 3127 847 modii
3170 800 3391 847 centum
3420 794 3738 862 octoginta,

2131 866 2271 950 quod
2296 890 2424 935 sunt
2443 882 2602 936 simul
2626 883 2789 937 modii
2814 883 2961 937 mille
2982 883 3221 937 sexcenti
3248 883 3473 953 viginti;
3501 882 3574 936 de
3600 883 3739 935 vino

2130 973 2295 1026 modii
2322 973 2429 1027 duo
2461 974 2627 1027 millia
2653 990 2666 1040 ;
2698 974 2763 1028 de
2791 974 3058 1044 legumine
3106 974 3271 1028 modii
3302 982 3524 1028 centum
3564 982 3732 1028 octo-

2130 1066 2312 1136 ginta;
2347 1067 2412 1121 de
2436 1082 2596 1121 caseo
2629 1083 2824 1136 pensas
2865 1075 3082 1121 centum
3126 1067 3440 1137 sexaginta;
3487 1068 3560 1122 de
3606 1069 3738 1138 pin-

2130 1155 2360 1225 guedine
2382 1165 2559 1209 autem
2585 1156 2748 1209 modii
2770 1157 2978 1225 viginti,
3004 1166 3095 1210 aut
3116 1158 3267 1226 porci
3295 1159 3731 1228 quinquaginta,

2130 1244 2316 1313 quales
2357 1244 2609 1300 meliores
2652 1247 2885 1301 inveniri
2920 1258 3181 1315 possunt;
3213 1248 3279 1302 de
3317 1248 3517 1319 butyro
3554 1250 3734 1303 modii

2130 1343 2385 1403 quatuor,
2420 1337 2485 1389 de
2511 1336 2668 1391 melle
2708 1338 2936 1390 carrada
2965 1353 3069 1390 una
3105 1354 3171 1393 ex
3210 1339 3407 1392 modiis
3444 1348 3599 1402 octo,
3642 1338 3734 1392 vel

2129 1423 2269 1478 sicut
2292 1439 2355 1478 ex
2385 1439 2549 1477 censu
2576 1425 2642 1478 de
2664 1425 2787 1478 villa
2811 1424 3068 1478 Lucarias
3096 1426 3452 1494 persolvitur;
3484 1437 3540 1480 et
3571 1441 3732 1481 men-

2129 1513 2297 1567 salem
2325 1514 2391 1568 de
2418 1514 2700 1569 duodecim
2736 1515 2879 1570 villis
2922 1515 3080 1570 melle
3106 1525 3161 1570 et
3186 1532 3333 1580 cera,
3385 1518 3440 1571 id
3469 1528 3555 1571 est
3586 1535 3729 1573 uno-

2128 1620 2341 1674 quoque
2364 1620 2546 1660 mense
2576 1608 2813 1660 sextaria
2835 1616 3087 1676 quatuor,
3106 1618 3159 1663 et
3180 1624 3320 1662 cera:
3344 1610 3517 1665 libras
3545 1611 3725 1674 duas;

2128 1695 2193 1749 de
2222 1696 2333 1749 sale
2364 1696 2527 1750 modii
2560 1706 2803 1762 centum;
2839 1698 3072 1751 volatilia
3101 1715 3221 1773 cum
3258 1702 3377 1754 ovis
3406 1701 3477 1755 de
3508 1701 3729 1756 duobus

2127 1783 2299 1850 festis,
2345 1786 2397 1839 id
2431 1796 2513 1840 est
2554 1786 2759 1843 Pascha
2805 1795 2858 1841 et
2901 1786 3105 1841 Natalis
3146 1788 3379 1841 Domini.
3428 1790 3514 1842 Ad
3558 1792 3727 1844 vcsti-

440 1865 592 1918 litate
640 1862 991 1918 ecclesiarum
1028 1877 1091 1916 ac
1134 1877 1415 1916 servorum
1571 1862 1805 1918 ﬁdeliter
1832 1879 1896 1917 ac
1927 1864 2020 1917 dc-
2049 1879 2095 1938 B
2125 1884 2305 1928 menta
2335 1875 2495 1928 etiam
2530 1875 2613 1928 vel
2643 1890 2833 1929 omnes
2870 1890 3057 1929 eorum
3103 1878 3479 1939 ηερεεεῖωιρδ,
3522 1894 3724 1932 secun-

435 1966 561 2012 vote
585 1955 655 2010 ob
675 1954 773 2010 Dei
800 1969 1038 2009 amorem
1064 1955 1118 2008 in
1148 1954 1279 2007 locis
1321 1954 1424 2008 sibi
1461 1955 1770 2008 commissis
1817 1962 2020 2007 statue-

436 2053 583 2109 runt,
612 2045 817 2100 nostris
846 2045 1235 2099 confirmamus
1276 2043 1486 2106 edictis,
1518 2044 1623 2098 hoc
1651 2045 1806 2098 nobis
1834 2043 2021 2112 procul

436 2139 598 2193 dubio
622 2138 689 2192 ad
712 2147 971 2192 aeternam
992 2136 1382 2190 beatitudinem
1404 2144 1457 2189 et
1480 2136 1645 2189 totius
1674 2132 1823 2203 regni
1853 2149 1883 2187 a
1911 2134 2020 2188 Deo

432 2228 589 2283 nobis
614 2226 888 2281 commissi
937 2224 1159 2279 tutelam
1207 2239 1520 2278 mansurum
1569 2238 1691 2277 esse
1723 2222 2019 2286 credimus,

432 2326 487 2371 et
515 2315 898 2371 retributorem
926 2314 1213 2369 Dominum
1248 2315 1299 2368 in
1339 2313 1521 2368 futuro
1550 2314 1753 2368 habere
1789 2312 2019 2367 confidi-

435 2424 575 2463 mus.
615 2408 785 2478 lgitur
814 2410 1002 2461 notum
1040 2406 1112 2459 sit
1141 2405 1391 2459 omnibus
1423 2405 1669 2460 ﬁdelibus
1694 2414 1894 2459 sancta:
1924 2405 2017 2459 Dei

433 2500 691 2555 Ecclesiae
715 2513 779 2552 ac
808 2498 1026 2558 nostris,
1072 2498 1429 2565 praesentibus
1475 2496 1682 2550 scilicet
1710 2504 1763 2548 et
1800 2495 2014 2557 futuris,

432 2593 558 2661 quia
602 2591 686 2644 vir
735 2588 1064 2643 venerabilis
1096 2588 1405 2651 Hilduinus,
1463 2586 1781 2641 monasterii
1833 2584 2019 2639 Sancti

435 2682 707 2738 Vincentii
739 2696 804 2735 ac
834 2680 1019 2743 Sancti
1046 2679 1305 2734 Germani
1334 2680 1521 2745 abbas,
1552 2694 1761 2733 necnon
1793 2688 1847 2734 et
1877 2678 2017 2732 sacri

427 2773 611 2844 palatii
640 2772 814 2827 nostri
846 2770 1332 2839 archieapellanus,
1375 2781 1574 2824 nostrae
1620 2771 1889 2841 suggessit
1926 2786 2016 2825 se—

429 2862 649 2918 renitati
675 2863 819 2932 quod
845 2876 942 2931 pro
974 2861 1066 2915 Dei
1098 2862 1487 2929 omnipotentis
1515 2877 1722 2927 amore,
1750 2871 1805 2917 et
1835 2861 2017 2917 futuro

426 2953 667 3023 ejusdem
702 2950 1139 3022 congregationis
1168 2951 1407 3005 cavendo
1437 2952 1697 3019 periculo,
1741 2968 1806 3007 ne
1838 2952 2015 3021 aliqua

429 3057 804 3097 successorum
826 3056 1049 3096 suorum
1072 3041 1398 3110 negligentia
1423 3049 1513 3094 aut
1536 3042 1802 3110 parcitate
1827 3040 2015 3113 [Forte

431 3133 747 3205 rapacitate]
775 3134 910 3188 ordo
948 3134 999 3186 in
1041 3148 1102 3187 ea
1147 3134 1341 3186 futuris
1368 3134 1701 3203 temporibus
1728 3113 2013 3202 perturba-

2128 1963 2255 2017 dum
2301 1962 2604 2033 regularem
2652 1964 3044 2017 institutionem
3081 1967 3478 2031 procurandas,
3518 1968 3725 2020 consti-

2127 2054 2328 2107 tuimus
2370 2053 2475 2107 illis
2520 2054 2735 2107 easdem
2768 2052 2943 2116 villas,
2975 2069 3111 2123 quas
3144 2055 3255 2123 ipse
3281 2070 3380 2123 per
3408 2072 3569 2110 suam
3600 2072 3724 2110 con-

2125 2143 2424 2197 cessionem
2451 2143 2531 2197 eis
2565 2144 2713 2197 visus
2739 2152 2824 2197 est
2848 2143 3184 2198 condonasse
3214 2164 3227 2197 :
3259 2144 3313 2197 id
3345 2156 3432 2199 est
3458 2146 3724 2201 Antonia-

2124 2246 2245 2285 cum
2286 2230 2538 2301 (Antony)
2582 2247 2705 2285 cum
2751 2232 2867 2301 ipsa
2916 2232 3145 2300 capella,
3194 2233 3279 2286 vel
3326 2236 3601 2304 quidquid
3650 2237 3716 2289 ad

2125 2338 2281 2376 suum
2308 2338 2441 2390 opus
2468 2322 2885 2391 praesentialiter
2923 2322 3129 2385 habuit,
3173 2323 3257 2377 vel
3298 2325 3566 2394 quidquid
3595 2325 3720 2380 inde

2123 2412 2369 2466 homines
2407 2427 2503 2481 per
2541 2413 2815 2481 precarias
2864 2421 3067 2475 tenent,
3096 2412 3182 2466 vel
3204 2414 3471 2482 quidquid
3501 2430 3596 2483 per
3627 2416 3720 2470 be-

2122 2501 2376 2555 neficium
2416 2501 2561 2554 illius
2593 2501 2759 2569 aliqui
2802 2500 2980 2554 adhuc
3022 2500 3243 2566 habent,
3286 2510 3343 2555 et
3388 2502 3503 2555 illic.
3554 2504 3719 2571 perti-

2121 2608 2251 2647 nere
2278 2594 2515 2659 vitletur,
2550 2604 2611 2647 ut
2638 2602 2759 2663 post
2788 2607 2977 2645 eorum
3008 2592 3304 2646 discessum
3332 2592 3401 2645 ad
3429 2609 3588 2649 usum
3616 2594 3717 2648 fra-

2121 2693 2264 2742 trum
2316 2695 2678 2739 revertantur.
2729 2684 3010 2749 Alteram,
3063 2685 3217 2754 cujus
3262 2685 3589 2739 vocabulum
3635 2696 3715 2739 est

2120 2776 2264 2829 Cella
2293 2776 2365 2847 (la
2388 2774 2575 2848 Cella),
2613 2792 2735 2845 qua:
2764 2775 2961 2830 dicitur
3004 2776 3242 2839 Villaris,
3292 2793 3419 2830 eum
3454 2778 3711 2831 omnibus

2120 2866 2453 2934 appendiciis
2479 2867 2610 2930 suis,
2640 2873 2899 2933 quantum
2934 2866 3047 2933 ipse
3077 2868 3329 2935 praesenti
3361 2876 3610 2936 tempore
3646 2869 3708 2921 ad

2119 2971 2274 3009 suum
2311 2970 2444 3025 opus
2484 2954 2590 3009 illic
2631 2955 2833 3017 habuit,
2882 2955 2965 3009 vel
3009 2956 3269 3023 quidquid
3324 2958 3578 3010 homines
3619 2974 3710 3025 per

2117 3048 2364 3116 precaria
2391 3047 2475 3102 vel
2503 3046 2763 3101 beneﬁcia
2794 3047 2936 3101 illius
2967 3056 3176 3111 tenent,
3207 3056 3261 3102 et
3285 3049 3394 3103 illic
3431 3051 3704 3117 pertinere

2118 3138 2350 3191 videtur.
2383 3137 2642 3199 Tertiam,
2692 3151 2811 3205 quae
2851 3145 3079 3191 vocatur
3124 3137 3403 3190 Matriulas
3435 3137 3705 3206 (.llarolles

430 3236 581 3279 retur
606 3226 958 3290 monasticus,
992 3225 1254 3294 stipendia
1281 3239 1467 3278 eorum
1499 3240 1617 3293 quae
1648 3226 1927 3278 annuatim
1957 3225 2010 3278 in
2041 3229 2084 3290 ρ
2115 3228 2230 3297 prés
2263 3225 2615 3295 Illonlereau),
2664 3242 2786 3280 eum
2828 3226 2973 3280 omni
3027 3226 3339 3295 integritate
3378 3242 3497 3280 sua.
3544 3227 3705 3291 Quar-

426 3320 551 3374 cibo
577 3328 631 3373 et
658 3330 787 3388 potu
834 3318 1081 3386 accipere
1112 3317 1396 3381 debebant,
1438 3332 1647 3370 necnon
1673 3323 1728 3369 et
1746 3316 2008 3385 quasdam

427 3411 605 3476 villas,
635 3409 943 3479 specialiter
982 3407 1399 3463 necessitatibus
1441 3406 1655 3460 illorum
1695 3407 2007 3460 deservien-

428 3505 548 3567 das,
582 3502 956 3555 constituisset
1001 3516 1065 3554 ac
1112 3501 1441 3568 deputasset,
1480 3506 1640 3567 atque
1671 3513 1768 3566 per
1799 3498 2009 3550 littera-

427 3609 548 3647 rum
573 3592 770 3648 seriem
794 3601 851 3647 et
870 3591 1174 3661 largitionis
1197 3606 1307 3644 suae
1330 3591 1596 3652 chartam,
1634 3604 1728 3642 sua
1757 3588 2014 3641 aliorum—

429 3699 534 3754 que
582 3685 848 3737 bonorum
895 3681 1173 3737 hominum
1224 3678 1473 3733 manibus
1530 3678 1871 3742 roboratam,
1934 3678 2034 3731 eis.

428 3775 790 3831 concessisset
840 3788 904 3827 ac
948 3772 1249 3842 delegasset
1288 3790 1300 3824 :
1350 3778 1617 3839 quatenus
1660 3769 1805 3822 nulla
1857 3784 2013 3823 occa-

430 3867 605 3928 sibne,
655 3879 756 3918 nec
798 3864 875 3917 rei
916 3861 1143 3931 publica}
1184 3861 1421 3923 servitio,
1470 3860 1758 3929 quisquam
1785 3874 1851 3912 ex
1886 3874 2011 3913 suc-

430 3958 742 4013 cessoribus
773 3957 886 4011 suis
916 3954 1359 4024 impedimentum
1392 3953 1443 4006 in
1476 3951 1657 4005 futuro
1694 3951 1893 4005 inferre
1921 3967 2016 4019 po-

435 4051 645 4113 tuisset,
692 4064 791 4117 pro
833 4063 938 4116 quo
974 4062 1004 4100 a
1046 4046 1130 4099 via
1176 4043 1516 4098 rectitudinis
1555 4051 1610 4096 et
1636 4042 2016 4096 observatione

433 4142 667 4211 regulari
709 4141 970 4195 oberrare
1016 4152 1238 4192 necesse
1279 4146 1422 4189 esset
1450 4153 1462 4188 :
1494 4134 1587 4189 sed
1614 4133 1884 4203 deputatis
1911 4133 2012 4187 sibi

432 4235 594 4289 rebus
621 4242 675 4287 et
709 4231 990 4300 stipendiis
1029 4228 1287 4290 contenti,
1338 4227 1542 4295 absque
1588 4225 1912 4278 necessitate
1962 4232 2017 4277 et

434 4324 633 4393 inopia,
667 4320 965 4392 regularem
1011 4331 1254 4372 normam
1296 4324 1502 4377 tenere,
1531 4323 1587 4367 et
1611 4314 1726 4367 sine
1760 4314 2016 4382 praevari-

426 4398 668 4478 catione,
698 4421 959 4482 quantum
988 4412 1223 4465 humana
1247 4407 1376 4461 sinit
1405 4405 1687 4475 fragilitas,
1715 4404 2015 4459 observare

438 4505 758 4575 quivissent.
790 4501 943 4557 Unde
986 4499 1260 4555 humiliter
1294 4496 1454 4567 petiit
1487 4511 1551 4550 ac
1585 4494 1878 4564 postulavit
1905 4494 2013 4549 cel-

2115 3327 2226 3371 tam
2250 3359 2263 3383 ,

2115 3415 2269 3473 tam,
2327 3406 2482 3474 cujus
2544 3408 2868 3462 vocabulum
2931 3417 3013 3462 est
3059 3407 3393 3478 Novigeutus
3458 3408 3700 3479 (Negant

2339 3332 2458 3386 quae
2507 3327 2734 3372 vocatur
2784 3317 3119 3371 Cati—cantus
3167 3316 3474 3387 (Coc/mut).
3536 3319 3698 3383 Quin-

2116 3495 2415 3568 l'Artaud),
2444 3513 2566 3551 cum
2600 3498 2747 3551 omni
2783 3498 3094 3566 integritate
3127 3514 3242 3551 sua.
3279 3496 3528 3561 Sextum,
3560 3498 3704 3567 cujus

2120 3588 2445 3641 vocabulum
2496 3597 2577 3641 est
2634 3587 2968 3657 Spinogilum
3016 3586 3370 3658 (Espigncul),
3426 3604 3552 3642 cum
3598 3590 3701 3657 ipsa

2120 3679 2349 3747 capella,
2394 3679 2478 3733 vel
2526 3679 2786 3747 quidquid
2835 3680 2959 3732 inde
3002 3679 3068 3732 ad
3114 3695 3270 3732 suum
3320 3695 3459 3749 opus
3504 3680 3701 3733 habuit.

2119 3768 2441 3839 Septimam,
2470 3771 2742 3835 locellum,
2772 3772 2864 3841 qui
2892 3782 3116 3825 meatur
3142 3772 3464 3826 Valedrouis
3494 3772 3703 3842 (Valerio

2118 3860 2251 3925 ton).
2305 3860 2563 3914 Octavam
2591 3901 2605 3924 ,
2657 3877 2777 3930 qua:
2825 3862 3022 3915 dicitur
3067 3861 3366 3931 Agmantus
3408 3862 3703 3933 (Esmant),

2117 3965 2222 4002 una
2271 3966 2394 4004 cum
2444 3952 2560 4018 ipsa
2606 3952 2741 4004 silva
2790 3967 2910 4020 quce
2954 3962 3177 4006 vocatur
3224 3953 3351 4007 Usta
3411 3953 3521 4025 [ΑΙ.
3560 3955 3699 4018 Utta,

2120 4038 2285 4111 Otto].
2340 4040 2449 4094 Has
2495 4054 2625 4109 ergo
2657 4040 2812 4094 villas
2840 4058 2962 4095 cum
2998 4044 3330 4111 appendiciis
3362 4054 3417 4098 et
3450 4046 3702 4100 reditibus

2120 4131 2231 4184 suis
2262 4139 2321 4184 ut
2349 4131 2604 4195 diximus,
2645 4132 2712 4184 ad
2746 4147 2936 4185 omnes
2984 4131 3219 4199 ejusdem
3251 4138 3699 4205 congregationis,

2121 4229 2229 4273 tam
2270 4220 2611 4274 infirmorum
2652 4236 2812 4289 quam
2852 4236 3072 4285 senum,
3116 4225 3474 4277 necessitates
3512 4224 3701 4278 facien-

2119 4313 2239 4376 das,
2272 4320 2326 4367 et
2357 4312 2721 4367 sustentacula
2768 4312 3013 4366 mortalis
3047 4314 3168 4367 vitae
3196 4314 3579 4379 ministranda,
3613 4317 3702 4369 im-

2124 4401 2314 4469 periali
2341 4402 2667 4455 auctoritate
2693 4410 2747 4455 et
2770 4401 3099 4471 indulgentia
3128 4418 3225 4471 per
3250 4403 3353 4457 hoc
3380 4414 3700 4473 praeceptum

2122 4490 2550 4544 confirmationis
2588 4500 2822 4555 nostrae,
2871 4492 3009 4545 sicut
3053 4492 3343 4560 praedictus
3388 4494 3702 4547 venerabilis

437 4596 729 4650 situdinem
755 4600 1018 4656 nostram,
1051 4599 1111 4644 ut
1139 4604 1236 4659 pro
1263 4589 1341 4642 rei
1373 4587 1651 4649 firmitate,
1682 4600 1843 4654 super
1868 4600 2014 4639 eam-
2038 4590 2091 4649 D
2121 4585 2289 4638 abbas
2319 4584 2374 4637 in
2406 4599 2500 4637 sua
2531 4583 2785 4652 praedicta
2809 4584 3219 4647 constitutione,
3247 4583 3426 4637 stabili
3449 4582 3573 4649 jure
3601 4585 3693 4647 eis,

439 4687 562 4741 dem
592 4682 1033 4739 constitutionem
1064 4678 1404 4733 auctoritatis
1439 4684 1764 4746 praeceptum
1793 4682 2014 4737 nostrae,

435 4791 535 4846 pro
563 4775 742 4829 divino
774 4772 972 4826 intuitu
1000 4786 1063 4823 ac
1089 4770 1326 4838 ipsorum
1357 4774 1666 4820 sanctorum
1692 4765 2016 4831 reverentia,

440 4867 910 4935 tierijuberemus,
940 4878 1035 4931 per
1066 4860 1207 4929 quod
1256 4860 1309 4912 in
1343 4865 1500 4911 antea
1530 4856 1737 4911 stabilis
1762 4864 1816 4910 et
1848 4856 2020 4911 invio—

439 4958 545 5010 lata
595 4961 956 5025 permaneret.
989 4949 1097 5004 Nos
1126 4964 1258 5003 vero
1290 4946 1536 5017 petitioni
1570 4945 1731 5009 illius,
1763 4944 1887 5012 quia
1924 4959 2020 4999 ne-

439 5047 675 5102 cessaria
701 5055 753 5100 et
780 5042 1118 5099 rationabilis
1142 5048 1280 5104 erat,
1313 5053 1499 5093 aurem
1525 5037 2017 5120 accommodantes,

439 5148 497 5193 et
519 5154 623 5209 qua
647 5138 923 5193 voluntate
965 5150 1031 5189 ac
1066 5134 1277 5187 ratione
1316 5132 1443 5186 talia
1477 5128 1775 5185 clementiae
1818 5138 2020 5184 nostrre

445 5240 773 5302 suggereret,
824 5229 1111 5300 perspicue
1148 5225 1528 5295 intelligentes,
1578 5221 1743 5275 veluti
1782 5221 2021 5288 postula-

442 5328 631 5386 verat,
681 5321 799 5374 tieri
850 5318 1299 5388 adjudicavimus.
1349 5313 1688 5381 Quapropter
1734 5310 2021 5364 statuimus

518 5468 544 5497 ι
572 5453 790 5523 Imperii
815 5466 1069 5523 coronam
1096 5447 1351 5523 Lotliario
1374 5441 1654 5523 Paschalis
1682 5454 1816 5523 papa
1840 5438 2027 5523 i‘lomae

518 5469 544 5497 ⁸
576 5469 685 5522 Imp
728 5469 790 5507 ιἰι
815 5469 1069 5507 coronam
1096 5469 1351 5503 LOlllul'lU
1377 5469 1654 5497 l'itbcuuua
1682 5469 1816 5520 μιινιξ
1844 5469 2027 5492 "unum

442 5469 718 5595 imposuif
724 5524 843 5595 ipso
869 5520 1148 5595 Paschalis
1174 5519 1261 5573 die
1284 5532 1371 5569 an.
1403 5514 1529 5595 82.},
1557 5520 1694 5595 teste
1715 5508 2028 5595 ‘Egntlta_i-do

446 5577 825 5651 invknnalib'us
875 5591 941 5645 ad
982 5590 1128 5644 hunc
1167 5602 1388 5641 annum.
1430 5582 1513 5657 C_i'.
1556 5579 1749 5657 Ananal.
1775 5577 1935 5657 fulti
1970 5586 2031 5657 et

447 5648 650 5720 Chron.
681 5662 911 5723 Saxum,
958 5660 1094 5728 apud
1137 5660 1422 5728 Bouquet._,
1459 5652 1589 5728 Rer.
1620 5649 1759 5703 Gall.
1801 5648 2024 5726 Script,

450 5744 581 5788 tom.
612 5735 697 5799 VI,
725 5749 847 5803 pag.
882 5720 1005 5803 1'83,
1032 5729 1156 5803 208,
1188 5720 1314 5780 2'20.
1354 5720 1644 5803 Dicendum
1674 5734 1824 5799 ergo,
1853 5720 2026 5803 scrip:

454 5814 625 5859 torem
668 5788 1229 5871 dipl-iuniatisprimum
1265 5811 1460 5850 annum
1495 5789 1732 5842 l.otlt:trii
1769 5790 1817 5840 in
1853 5788 2022 5839 Natali

2120 4675 2469 4729 concedimus
2497 4689 2561 4728 ac
2589 4674 2973 4728 conﬁrmamus
3000 4692 3011 4726 :
3041 4674 3417 4743 praecipientes
3448 4682 3509 4725 ut
3532 4673 3698 4727 nullus

2128 4766 2295 4820 abbas
2324 4780 2423 4834 per
2451 4766 2842 4829 successiones,
2885 4763 3029 4833 quod
3068 4763 3272 4817 salubri
3308 4764 3418 4833 egit
3455 4765 3694 4826 consilio,

2128 4854 2451 4909 subtrahere
2493 4864 2588 4909 aut
2629 4856 2872 4909 minuere
2919 4855 3136 4919 audeat,
3177 4863 3271 4907 aut
3311 4854 3377 4908 ad
3419 4868 3548 4908 suos
3577 4869 3697 4909 usus

2128 4952 2462 5012 retorqueat,
2493 4952 2586 4998 aut
2606 4945 2766 4998 alicui
2790 4945 2843 4997 in
2866 4943 3129 4999 beneﬁcio
3156 4944 3392 4997 tribuat:
3412 4944 3507 4997 sed
3533 4956 3695 5014 neque

2128 5036 2345 5090 servitia
2374 5051 2440 5089 ex
2466 5036 2544 5090 eis
2574 5044 2806 5099 exactet,
2855 5051 3028 5104 neque
3068 5034 3432 5103 paraveredos
3477 5043 3568 5087 aut
3605 5049 3692 5090 ex-

2128 5141 2326 5195 pensas
2369 5127 2436 5180 ad
2484 5127 2756 5195 hospitum
2807 5127 3175 5195 susceptiones
3216 5126 3475 5195 recipiat;
3532 5140 3692 5194 neque

2129 5215 2266 5271 ullas
2308 5216 2365 5269 in
2415 5215 2594 5284 aliqua
2644 5231 2704 5271 re
2751 5217 3061 5270 exactiones
3114 5215 3238 5268 inde
3265 5200 3464 5283 'exigat
3502 5215 3692 5284 absque

2130 5308 2424 5362 inevitabili
2469 5309 2814 5371 necessitate,
2861 5316 3057 5376 prmter
3100 5322 3385 5360 mensuras
3418 5306 3471 5358 in
3507 5305 3693 5375 princic

2129 5438 2341 5492 Domini
2390 5448 2481 5492 aut
2528 5438 2781 5492 Kalendis
2824 5436 3064 5490 Januarii
3112 5438 3429 5508 abrupisse,
3475 5437 3686 5493 alterum

2127 5523 2256 5561 vero
2284 5526 2347 5562 ac
2377 5517 2665 5577 sequentes
2695 5510 2815 5561 inde
2843 5507 3146 5562 inchoasse.

2200 5578 2224 5615 ι)
2262 5579 2647 5647 imperatorem
2690 5580 2787 5631 hoc
2828 5586 3069 5645 tempore
3122 5579 3447 5647 Aquisgrani
3502 5578 3683 5646 egisse,

2127 5647 2281 5701 facile
2329 5649 2599 5716 colligitur
2644 5663 2709 5699 ex
2754 5647 3044 5716 Eginhardi
3095 5649 3310 5701 verbis:
3355 5649 3684 5703 «(lonvctttus

2126 5719 2443 5786 ;\;!:iisgt';tni
2476 5734 2659 5773 tncnsr
2693 5716 2848 5770 Febr.
2887 5716 3059 5770 fartus
3092 5727 3189 5769 (με.
3224 5738 3237 5766 ε
