3924 6340
187 463 328 516 ΗἹἹ

1332 467 1721 524 DlPLOMATA
1765 468 2300 525 ECCLESIASTICA

3321 475 3458 529 H78

179 577 302 646 pali
351 577 576 632 ecclesia
623 579 765 634 beati
812 579 1089 643 Germani,
1132 587 1186 633 et
1233 581 1287 632 in
1328 589 1492 650 ponte
1527 580 1769 634 Parisius
1796 585 1847 642 Α
1873 578 2114 634 ferimus.
2139 579 2216 634 lta
2238 579 2486 634 videlicet
2509 589 2567 632 ut
2592 579 2852 650 quidquid
2878 591 3122 636 rectores
3147 591 3203 637 et
3227 585 3460 638 ministri

182 668 355 739 longo
383 685 414 722 a
445 678 686 740 tempore
727 671 1018 743 dispositas
1049 691 1060 724 :
1093 680 1147 726 et
1185 672 1232 727 si
1275 674 1460 740 augeri
1504 672 1771 741 adjudica-

183 760 358 824 verit,
403 772 456 816 et
501 779 781 818 numerum
827 764 1220 818 monachorum
1267 765 1320 819 in
1361 767 1537 836 majus
1563 765 1768 836 augeri,

186 852 515 922 ampliﬁcari
566 857 793 924 pecunia
835 857 1026 927 majori
1073 857 1347 912 licentiam
1390 858 1605 912 habeat.
1647 857 1774 912 llaec

186 951 395 1006 autem,
432 954 490 998 ιιι
515 955 790 1014 putamus,
841 948 908 1000 ad
953 963 1082 1001 usus
1126 956 1342 1002 centum
1372 948 1774 1017 vigintimona—

186 1033 421 1088 chorum
461 1035 732 1090 sutﬁciunt
759 1055 772 1090 :
801 1037 1137 1093 distrahendi
1168 1048 1349 1092 autem
1381 1047 1474 1092 aut
1496 1038 1774 1092 minuendi

186 1139 308 1186 eas,
361 1141 498 1194 quas
541 1140 639 1194 pro
689 1126 784 1179 Dei
835 1129 1122 1182 statuimus
1175 1144 1377 1192 amore,
1436 1143 1773 1198 nequaquam

189 1226 505 1282 przesumat.
547 1216 652 1270 Sed
679 1218 720 1270 si
754 1217 930 1272 facere
958 1219 1379 1289 pratsumpscrit,
1425 1228 1480 1273 et
1520 1228 1643 1286 post
1669 1218 1778 1271 dis-

190 1321 412 1360 cessum
478 1316 724 1360 nostrum
779 1309 920 1362 hanc
981 1318 1221 1362 nostram
1274 1308 1773 1370 conﬁrmationem,

189 1411 358 1464 quam
390 1413 550 1466 supra
594 1398 722 1451 dicti
764 1399 1085 1452 venerabilis
1116 1399 1215 1451 viri
1245 1398 1480 1452 llilduiui
1516 1397 1777 1452 constitu-

193 1489 402 1541 tionem
454 1487 699 1553 fecimus,
753 1489 955 1542 violare
1002 1489 1267 1553 voluerit,
1298 1489 1524 1560 ,querela
1557 1487 1622 1540 ad
1657 1503 1778 1540 suc-

190 1592 442 1633 cessores
492 1589 730 1641 nostros,
781 1581 870 1648 qui
900 1588 1026 1634 tunc
1058 1581 1312 1649 temporis
1340 1581 1495 1634 nobis
1524 1579 1781 1648 supersti-

193 1686 285 1730 tes
333 1676 534 1729 fuerint
585 1677 901 1741 devenerit,
958 1676 1165 1745 ipsique
1217 1677 1397 1746 agnita
1455 1674 1777 1728 auctoritate

190 1775 386 1821 nostra
415 1775 614 1821 statuta
658 1776 842 1820 nostra
878 1765 1184 1830 defendant,
1219 1775 1274 1819 et
1299 1781 1408 1819 suae
1435 1764 1779 1819 auctoritatis

189 1867 465 1927 praecepto
511 1857 836 1911 conﬁrment
876 1876 888 1909 :
926 1856 1158 1925 qualiter
1207 1855 1404 1910 futuris
1447 1854 1778 1923 temporibus

191 1947 414 2008 fratres,
452 1947 506 1999 in
533 1947 782 2000 coenobio
829 1961 993 2015 supra
1035 1947 1179 2001 dicto
1225 1945 1463 2015 regulam
1505 1945 1646 1998 beati
1678 1944 1777 1996 Be-

189 2039 393 2092 nedicti
421 2046 720 2102 servantes,
765 2039 968 2108 absque
1005 2040 1412 2108 perturbatione
1455 2038 1623 2092 libere
1667 2037 1774 2091 Deo

195 2131 473 2184 deservire
504 2138 721 2197 queant,
758 2129 1021 2198 nobisque
1051 2144 1261 2184 merces
1283 2129 1478 2183 eximie
1506 2129 1558 2181 in
1587 2143 1778 2197 perpe-

193 2234 286 2278 tua
314 2231 755 2292 recompensetur
783 2224 1103 2277 aeternitate.
1138 2223 1204 2275 Et
1234 2231 1291 2276 ut
1316 2223 1431 2276 haec
1457 2221 1774 2284 auctoritas,

188 2330 356 2383 quam
383 2314 452 2368 ob
481 2328 722 2368 amorem
763 2313 857 2367 Dei
899 2322 953 2366 et
998 2314 1190 2366 animae
1237 2321 1434 2366 nostra:
1481 2312 1777 2366 remedium

191 2405 507 2468 statuimus,
550 2403 846 2457 ﬁrmiorem
878 2404 1120 2458 obtineat
1150 2404 1412 2473 vigorem,
1440 2411 1495 2456 et
1523 2403 1777 2471 deinceps

191 2495 510 2550 inoonvulsa
561 2494 737 2548 valeat
788 2495 1101 2562 perdurare,
1157 2509 1350 2547 manus
1403 2500 1600 2547 nostra:
1651 2491 1778 2546 sub-

189 2585 489 2652 scriptione
515 2598 636 2638 eam
668 2585 855 2638 subter
891 2583 1242 2648 ﬁrmavimus,
1278 2596 1330 2637 et
1361 2583 1559 2637 annulo
1591 2590 1775 2636 nostro

190 2673 422 2743 sigillari
447 2672 728 2741 jussimus.

265 2765 401 2820 Data
444 2765 619 2818 idibus
654 2763 918 2828 Januarii,
949 2779 1091 2818 anno
1122 2763 1337 2817 Christo
1364 2763 1598 2832 propitio
1621 2770 1776 2815 sexto

189 2856 408 2911 decimo
432 2857 641 2925 imperii
670 2855 852 2910 domni
882 2855 1138 2910 Ludovici
1168 2853 1498 2908 serenissimi
1523 2851 1775 2922 Augusti,

191 2943 490 2998 indictione
535 2945 782 3013 septima.
817 2943 1012 2998 Actum
1043 2942 1366 3013 Aquisgrani
1398 2940 1596 3011 palatio
1630 2941 1777 3011 regio

190 3033 249 3088 in
277 3033 375 3089 Dei
403 3035 621 3089 nomine
656 3033 903 3088 feliciter.
932 3034 1125 3088 Amen.

880 3123 1104 3178 CXLVI.

593 3230 692 3270 PRO
731 3230 1063 3269 MONASTERIO
1100 3229 1348 3268 FARFENSI
1359 3255 1370 3265 .

815 3306 986 3376 (Anno
1017 3307 1167 3378 829.)

189 3399 383 3468 [Apud
427 3398 752 3461 Cbesuium,
805 3395 1168 3520 Scriptbslger.
1217 3395 1450 3462 Franc.,
1501 3406 1628 3451 tom.
1680 3397 1779 3461 Ill,

843 3482 963 3520 nae.
1103 3486 1143 3520 .;

843 3482 963 3536 pag.
993 3482 1143 3537 005.,-

266 3561 572 3614 Ludovicus
620 3566 674 3611 et
714 3557 1007 3611 Lotharius
1055 3557 1235 3611 divina
1277 3557 1562 3612 ordinante
1605 3555 1783 3624 provi-

191 3653 376 3705 dentia
404 3652 760 3718 imperatores
790 3648 1038 3717 Augusti.

264 3741 399 3796 Cum
431 3739 562 3793 locis
591 3739 772 3791 divino
807 3737 973 3791 cultui
1003 3739 1323 3806 mancipatis
1353 3736 1652 3805 largitionis
1681 3750 1780 3787 no-

191 3841 325 3887 stra:
362 3843 583 3882 munere
611 3827 884 3896 quidpiam
918 3825 1267 3889 conferimus,
1297 3826 1349 3878 id
1378 3825 1532 3877 nobis
1568 3825 1634 3876 ad
1668 3833 1780 3876 sta-

192 3920 460 3976 bilitatem
491 3917 699 3986 imperii
731 3916 918 3977 nostri,
947 3924 1001 3969 et
1024 3915 1090 3968 ad
1114 3924 1331 3969 attenta:
1355 3915 1479 3968 vitze
1501 3915 1781 3983 praemium

191 4009 589 4079 capessendum
619 4006 962 4076 profuturum
993 4006 1196 4074 liquido
1231 4007 1523 4059 credimus.
1551 4005 1782 4060 Proinde

192 4111 388 4156 notum
426 4114 544 4153 esse
585 4099 832 4152 volumus
871 4099 1111 4152 omnium
1158 4097 1391 4152 ﬁdelium
1437 4107 1777 4160 nostrorum,

191 4192 548 4264 przesentium
593 4192 800 4246 scilicet
838 4203 892 4246 et
936 4193 1260 4259 futurorum,
1307 4193 1608 4262 sagacitati,
1654 4193 1782 4260 quia

195 4299 300 4338 nos
326 4298 559 4352 superno
591 4297 775 4336 amore
801 4283 1032 4348 accensi,
1069 4299 1164 4352 pro
1198 4285 1432 4337 remedio
1467 4284 1656 4336 anima-3
1687 4299 1782 4338 no-

194 4382 328 4430 stra:
361 4373 705 4428 concedimus
742 4373 1010 4440 quoddam
1048 4373 1486 4428 monasteriolum
1523 4373 1689 4427 situm
1727 4374 1782 4427 in

197 4467 397 4520 ﬁnibus
423 4465 658 4518 Teatina:
681 4465 793 4517 sive
819 4464 1108 4528 Vocitanae,
1142 4465 1196 4518 in
1223 4465 1342 4521 loco
1371 4466 1521 4536 cujus
1549 4468 1783 4521 vocabu-

196 4557 312 4610 lum
340 4563 423 4610 est
461 4555 697 4615 Lucana,
732 4561 787 4607 et
823 4562 1192 4608 constructum
1226 4555 1278 4608 in
1321 4556 1578 4610 honorem
1607 4557 1778 4610 sancti

200 4647 463 4716 Stephani
507 4647 953 4715 protomartyris,
1003 4647 1101 4701 sub
1144 4647 1289 4700 omni
1337 4647 1666 4718 integritate,
1714 4621 1860 4701 adD

199 4737 584 4792 monasterium
613 4745 855 4790 nostrum
880 4746 1081 4790 sancta:
1101 4737 1282 4792 Maria:
1305 4753 1518 4808 semper
1538 4740 1779 4808 virginis,

198 4828 345 4898 quod
379 4836 463 4881 est
500 4828 661 4881 situm
697 4828 751 4880 in
789 4843 925 4897 pago
967 4827 1272 4894 Sabinensi,
1313 4831 1404 4885 ubi
1443 4832 1496 4884 in
1529 4833 1783 4900 praesenti

203 4927 444 4986 tempore
479 4915 763 4987 lngoaldus
805 4917 970 4970 abbas
1009 4932 1241 4986 praeesse
1278 4920 1626 4990 dignoscitur.
1674 4920 1784 4974 Μο-

201 5008 553 5062 nasteriolum
581 5023 710 5063 vero
735 5008 1098 5076 supradictum
1128 5024 1252 5062 cum
1277 5009 1420 5063 omni
1454 5010 1780 5079 integritate,

202 5115 326 5154 cum
356 5099 623 5163 ecclesiis,
655 5100 877 5163 cellulis,
909 5098 1219 5162 territoriis,
1250 5100 1510 5163 azdiﬁciis,
1543 5099 1780 5165 familiis,

194 5190 341 5259 juste
378 5191 792 5259 pertinentibus,
831 5191 991 5254 casis,
1030 5191 1420 5260 amassariciis,
1468 5191 1777 5251 aldiariciis.

202 5284 574 5347 bouillicariis,
607 5283 941 5347 vaccariciis,
979 5282 1201 5351 Alpibus
1239 5283 1407 5348 Gaiis,
1440 5282 1778 5345 molendinis,

206 5379 375 5447 aquis,
416 5375 752 5440 decursibus,
792 5375 1028 5445 pascuis,
1065 5373 1370 5442 paludibus,
1401 5375 1484 5428 vel
1525 5373 1780 5442 quidquid

204 5471 454 5544 praesenti
494 5478 732 5547 tempore
767 5469 914 5538 juste
947 5477 1002 5523 et
1031 5467 1272 5537 legaliter
1300 5469 1570 5538 pertinere
1597 5467 1781 5536 digno-

202 5563 392 5625 scitur,
438 5568 493 5613 et
532 5560 704 5613 nostri
738 5559 876 5629 juris
921 5567 1078 5629 atque
1105 5558 1463 5627 possessionis
1507 5557 1624 5626 iure
1666 5572 1783 5627 pro-

204 5649 446 5722 prietatis
473 5657 574 5714 est,
601 5657 768 5702 totum
797 5656 853 5702 et
877 5650 944 5703 ad
971 5648 1352 5718 integritatem,
1381 5647 1465 5700 vel
1492 5647 1783 5715 inexquisi-

204 5753 337 5804 tum,
381 5742 638 5811 przedicto
668 5742 995 5796 monasterio
1036 5740 1245 5794 Sanctae
1282 5741 1459 5793 Mariae
1497 5741 1778 5801 tradimus,

205 5842 252 5884 et
287 5833 349 5888 de
372 5843 554 5888 nostro
577 5832 690 5898 iure
722 5830 774 5888 in
796 5831 883 5898 jus
910 5844 957 5886 ct
989 5832 1404 5885 dominationem
1437 5831 1576 5887 illius
1607 5839 1775 5881 Huius-

1871 671 2110 740 praedicti
2140 671 2454 726 monasterii
2484 682 2684 726 sanctte
2708 671 2890 727 Maria:
2915 689 3128 743 semper
3148 675 3374 744 virginis
3395 677 3461 730 de

1874 762 2183 830 supradicto
2230 763 2559 817 monasterio
2608 760 2794 817 Sancti
2850 762 3109 832 Stephani
3166 765 3462 819 secundum

1874 851 2253 906 auctoritatem
2295 851 2608 905 canonicam
2639 867 2703 906 ac
2734 852 3037 922 regularem
3067 852 3278 918 facere,
3311 853 3462 908 ordi-

1875 957 2003 994 nare
2032 957 2095 996 ac
2126 942 2411 1012 disponere
2444 942 2744 1007 voluerint,
2781 943 2949 998 libero
2985 944 3037 997 in
3077 945 3327 1000 omnibus
3361 960 3462 1015 po-

1876 1031 2078 1084 tiantur
2121 1033 2347 1087 arbitrio
2391 1032 2624 1088 faciendi
2667 1035 2926 1105 quidquid
2969 1035 3249 1106 elegerint.
3297 1036 3363 1088 Et
3405 1042 3465 1089 ut

1876 1123 1990 1178 lucc
2025 1126 2322 1178 auctoritas
2350 1125 2651 1196 largitionis
2691 1134 2902 1186 nostra},
2931 1127 3137 1181 ﬁrmior
3176 1127 3461 1192 habeatur,

1877 1225 1931 1269 et
1968 1230 2064 1284 per
2093 1215 2273 1270 futura
2315 1226 2557 1286 tempora
2596 1217 2786 1272 melius
2815 1227 3182 1285 conservetur,
3215 1220 3466 1274 manibus

1875 1308 2108 1376 propriis
2148 1309 2672 1384 subtcrﬁrmavimus
2712 1317 2766 1363 ct
2803 1309 2984 1362 annuli
3029 1310 3200 1364 nostri
3241 1310 3467 1379 impres-

1880 1397 2029 1452 sione
2061 1399 2325 1469 assignari
2350 1397 2630 1464 jussimus.

1948 1487 2230 1541 Durandus
2254 1487 2511 1542 diaconus
2524 1487 2591 1541 ad
2606 1489 2778 1542 vicem
2805 1486 3107 1560 Frigdugisi
3131 1489 3464 1558 recognovit.

1947 1579 2066 1632 Dat.
2097 1595 2128 1631 χ
2160 1578 2385 1632 Kalend.
2420 1577 2579 1643 Julii,
2614 1595 2755 1633 anno
2787 1579 2853 1632 l5
2880 1579 3091 1648 imperii
3127 1579 3329 1633 domini
3367 1578 3469 1632 Lu-

1878 1668 2049 1722 dovici
2088 1677 2144 1723 et
2182 1667 2422 1722 Lotharii
2465 1670 2516 1733 7,
2564 1670 2748 1724 iudict.
2800 1670 2850 1722 7.
2898 1669 3092 1723 Actum
3139 1668 3468 1739 Aquisgrani

1877 1759 2076 1826 palatio
2103 1759 2252 1830 regio
2283 1759 2337 1811 in
2365 1758 2460 1812 Dei
2490 1759 2707 1813 nomine
2736 1759 2984 1814 feliciter.
3015 1760 3207 1815 Amen.

2539 1849 2626 1904 CX
2636 1849 2766 1905 LVII
2778 1887 2794 1903 .

2090 1959 2191 1998 PRO
2230 1958 2559 1998 l-‘LODEGABIO
2597 1959 2956 1998 ANDEGAVENSI
2993 1960 3260 2003 EPISCOPO.

2491 2032 2663 2099 (Anno
2700 2032 2849 2104 829.)

2115 2121 2344 2193 [Baluz.,
2376 2121 2630 2191 Capitul.,
2665 2131 2795 2176 tom.
2824 2122 2865 2176 ll
2886 2164 2899 2187 ,
2933 2139 3053 2194 pag.
3083 2122 3231 2196 829.]

1948 2217 2007 2270 in
2048 2218 2265 2272 nomine
2305 2217 2519 2272 Domini
2565 2219 2657 2272 Dei
2697 2226 2751 2273 et
2793 2217 3091 2272 Salvatoris
3132 2221 3300 2273 nostri
3343 2219 3468 2274 Jesu

1878 2308 2112 2372 Christi,
2151 2309 2464 2364 Ludovicus
2508 2317 2563 2364 et
2604 2309 2930 2374 Lotharius,
2975 2309 3152 2364 divina
3189 2309 3473 2365 ordinante

1878 2399 2239 2467 providentia,
2274 2400 2629 2468 imperatores
2655 2399 2902 2469 Augusti.

1951 2486 2009 2543 Si
2043 2503 2106 2544 ea
2135 2504 2251 2556 quae
2283 2489 2466 2545 ﬁdeles
2491 2478 2706 2560 imperii
2729 2490 2898 2543 nostri
2937 2505 3038 2559 pro
3065 2505 3249 2546 eorum
3283 2506 3473 2560 oppor-

1879 2580 2203 2634 tunitatibus
2250 2581 2391 2634 inter
2433 2595 2492 2635 se
2539 2581 2994 2635 commutaverint
3039 2581 3242 2636 nostris
3281 2581 3486 2636 conﬁr-

1877 2685 2090 2725 mamus
2129 2672 2354 2736 edictis,
2400 2671 2736 2741 imperialem
2776 2686 3093 2726 exercemus
3135 2675 3484 2727 consuetudi-

1879 2777 2025 2823 nem,
2048 2771 2102 2816 et
2123 2763 2225 2816 hoc
2242 2762 2294 2815 in
2318 2761 2660 2830 postmodum
2676 2759 2799 2828 jure
2826 2761 3137 2816 ﬁrmissimo
3162 2777 3472 2818 mansurum

1880 2867 2001 2906 esse
2039 2851 2305 2906 volumus.
2343 2851 2550 2906 Idcirco
2584 2853 2796 2906 noverit
2836 2851 3076 2920 omnium
3113 2852 3350 2908 ﬁdelium
3383 2870 3476 2908 no-

1878 2949 2118 2995 strorum
2146 2942 2497 3011 praesentium
2527 2942 2734 2996 scilicet
2771 2949 2825 2996 et
2854 2945 3164 2998 futurorum
3209 2943 3474 2997 industria

1879 3033 2006 3102 quia
2037 3032 2263 3086 dilectus
2293 3032 2434 3085 ﬁlius
2469 3041 2655 3086 noster
2689 3032 2964 3102 Augustus
2999 3031 3291 3086 Lotharius
3321 3033 3477 3088 inuo-

1881 3124 1984 3177 tuit
2013 3123 2409 3176 mansuetudini
2443 3131 2643 3176 nostrae
2669 3122 2813 3192 quod
2843 3121 3193 3192 Flodegarius
3227 3122 3474 3194 Andcga-

1883 3214 2067 3269 vensis
2089 3214 2239 3268 urbis
2260 3215 2543 3284 cpisc0pus
2567 3230 2666 3284 pro
2693 3214 2966 3268 communi
2998 3214 3228 3270 utilitate
3253 3227 3306 3269 et
3328 3231 3480 3270 com-

1809 3277 1854 3338 Ο
1885 3305 2082 3374 pendio
2110 3304 2418 3373 nuperrime
2443 3305 2507 3359 de
2535 3303 2858 3373 quibusdam
2886 3304 3172 3373 mancipiis
3195 3320 3316 3359 cum
3345 3321 3480 3374 quo-

1883 3397 2003 3451 dam
2064 3393 2283 3450 homine
2336 3397 2552 3452 nomine
2607 3396 2943 3452 Winnerado
2997 3399 3478 3454 commutationem

1882 3484 2117 3540 fecisset.
2151 3486 2305 3540 Dedit
2336 3487 2499 3556 igitur
2524 3475 2868 3556 przcscriptus
2897 3487 2974 3541 vir
3007 3489 3329 3542 venerabilis
3353 3488 3478 3544 Flo-

1883 3575 2156 3644 degarius,
2186 3576 2588 3645 Audegavcnsis
2621 3577 2768 3630 urbis
2796 3577 3100 3647 episcopus,
3129 3579 3350 3648 paribus
3379 3595 3478 3634 sae-

1883 3667 2084 3734 pedicti
2129 3667 2447 3720 Winneradi
2497 3668 2562 3720 de
2611 3668 2818 3721 ratione
2865 3668 3107 3722 ecclesiae
3152 3685 3262 3724 suae
3302 3672 3477 3725 sancti

1885 3757 2126 3811 Mauricii
2166 3759 2232 3812 de
2266 3758 2390 3811 villa
2431 3767 2737 3825 nuncupata
2771 3758 3201 3824 Cbamberliaco,
3242 3761 3293 3814 in
3335 3761 3472 3830 ipsa,

1883 3861 2006 3900 cum
2037 3861 2305 3900 consensu
2338 3845 2530 3910 Bertxe,
2563 3861 2681 3915 qua:
2712 3847 2882 3916 ipsam
2917 3846 3098 3901 villam
3129 3849 3182 3901 in
3212 3851 3477 3906 beneﬁcio

1882 3939 2083 3994 habere
2103 3940 2339 4003 videtur,
2359 3941 2688 4008 mancipium
2713 3942 2929 3994 nomine
2951 3940 3206 3995 Aredium
3231 3943 3296 3997 ad
3319 3959 3474 3998 suum

1882 4031 2160 4100 proprium
2194 4029 2520 4084 habendum.
2559 4021 2690 4084 Et-e
2725 4038 2912 4084 contra
2950 4031 3002 4082 in
3037 4034 3478 4100 compensatione

1884 4120 2041 4188 hujus
2074 4121 2152 4175 rei
2176 4121 2322 4174 dedit
2346 4120 2458 4187 jam
2495 4121 2670 4174 dictus
2692 4120 3054 4173 Winneradus
3075 4123 3332 4187 przedicto
3359 4123 3476 4177 viro

1883 4211 2176 4265 venerabili
2203 4209 2520 4279 Flodcgario
2542 4211 2794 4278 cpiscOpo
2823 4210 2888 4263 ad
2910 4219 3117 4278 partem
3145 4213 3476 4280 przescriptte

1882 4300 2022 4354 villre
2051 4300 2135 4354 vel
2164 4300 2393 4354 domina:
2429 4299 2636 4363 Bertm,
2668 4314 2788 4369 qute
2815 4300 3002 4354 eodem
3031 4310 3271 4370 tempore
3302 4302 3472 4371 ipsam

1887 4388 2067 4440 villam
2114 4388 2168 4440 in
2213 4385 2474 4441 beneﬁcio
2514 4387 2714 4442 habere
2739 4387 2973 4452 videtur,
3001 4389 3067 4442 de
3110 4391 3330 4458 proprio
3376 4407 3474 4445 suo

1885 4477 2153 4546 mancipia
2187 4477 2293 4531 duo
2323 4477 2408 4531 his
2441 4477 2750 4531 nominibus
2775 4476 3086 4532 Restaldum
3117 4487 3172 4532 et
3201 4479 3473 4533 Ermenal-

1886 4568 2032 4621 dum.
2061 4566 2225 4620 'Unde
2262 4574 2316 4620 et
2345 4567 2479 4621 duas
2507 4567 2954 4622 commutationes
2987 4569 3102 4634 pari
3133 4578 3322 4624 tenore
3350 4587 3474 4624 con-

1887 4658 2116 4726 scriptas
2130 4658 2482 4727 manibusque
2494 4657 2754 4712 bonorum
2769 4656 3046 4713 hominum
3063 4660 3341 4716 roboratas
3355 4662 3473 4717 illos

1886 4763 1996 4817 pra:
2017 4748 2267 4802 manibus
2290 4749 2487 4802 habere
2501 4749 2777 4818 professus
2799 4759 2901 4804 est.
2926 4749 3033 4804 Sed
3051 4767 3149 4821 pro
3164 4751 3371 4822 integra
3388 4752 3473 4805 ﬁr-

1888 4839 2076 4894 mitate
2113 4840 2270 4907 petiit
2305 4849 2362 4892 ut
2394 4839 2540 4908 ipsas
2566 4842 3015 4896 commutationes
3041 4842 3217 4896 denuo
3249 4859 3348 4912 per
3380 4859 3471 4898 no-

1885 4936 2012 4982 stne
2058 4930 2484 4986 mansuetudinis
2517 4939 2843 5001 praeceptum
2887 4932 3100 5001 plenius
3129 4934 3472 5011 conﬁrmare-

1887 5034 2026 5074 mus.
2049 5018 2144 5073 Cui
2175 5020 2421 5088 petitioni
2450 5021 2711 5091 denegare
2739 5021 3161 5088 noluimus;‘sed
3188 5024 3328 5080 sicut
3357 5027 3472 5080 uni-

1884 5109 2077 5177 cuique
2115 5109 2350 5164 ﬁdelium
2391 5120 2696 5164 no~trorum
2733 5111 2878 5180 juste
2915 5115 3233 5182 petentium,
3266 5117 3338 5170 ita
3369 5133 3469 5172 nos

1885 5199 1958 5252 illi
1984 5200 2312 5254 concessisse
2341 5208 2396 5254 et
2417 5200 2768 5257 conﬁrmasse
2791 5203 2842 5255 in
2869 5203 3115 5258 omnibus
3137 5207 3464 5274 cognoscite.

1883 5292 2264 5361 Praecipientes
2290 5307 2418 5363 ergo
2443 5293 2696 5362 jubcmus
2721 5301 2780 5346 ut
2801 5279 3057 5362 quidquid
3088 5311 3220 5364 pars
3234 5297 3380 5366 juste
3411 5308 3468 5352 et

1883 5381 2276 5436 rationabiliter
2297 5383 2452 5436 alteri
2482 5383 2708 5437 contulit
2734 5383 2894 5452 parti,
2925 5384 3178 5454 deinceps
3203 5401 3302 5455 per
3327 5386 3466 5440 hanc

1883 5479 2123 5525 nostram
2152 5473 2527 5526 auctoritatem
2572 5470 2689 5538 iure
2725 5473 3036 5546 ﬁrmissimo
3079 5481 3261 5529 teneat
3303 5485 3465 5544 atque

1882 5562 2181 5630 possideat,
2214 5570 2268 5616 et
2305 5561 2469 5616 faciat
2507 5563 2701 5615 exinde
2735 5562 2992 5631 quidquid
3029 5563 3270 5634 elegerit.
3303 5564 3370 5618 Et
3405 5574 3463 5618 ut

1882 5650 1995 5703 hanc
2020 5653 2313 5705 auctoritas
2341 5663 2526 5706 nostra
2559 5652 2764 5706 ﬁrmior
2793 5653 3056 5707 habeatur
3076 5663 3130 5707 et
3154 5667 3250 5722 per
3283 5653 3461 5710 futura

1883 5751 2122 5809 tempora
2160 5741 2348 5795 melius
2384 5752 2754 5800 const‘rwtnr.
2792 5743 2856 5794 de
2894 5744 3090 5796 annulo
3122 5751 3305 5797 nostro
3336 5745 3463 5797 svb-

1881 5841 1960 5880 tI‘r
1997 5831 2211 5898 sig-,illat‘i
2249 5833 2518 5895 iussimus.
