3924 6316
565 474 786 545 Signum
818 475 1069 530 Ludovici
1097 474 1427 529 serenissimi
1459 473 1817 544 imperatoris.

564 558 889 639 Erginarius
919 569 1161 622 notarius
1190 568 1256 622 ad
1292 567 1466 622 vicem
1496 566 1781 637 Fridugusi
1809 585 2068 640 recogito-

491 657 570 712 vit
593 666 647 713 et
675 658 1011 727 subscripsit.

564 748 695 802 Data
734 764 788 802 vt
830 748 1209 804 Kalendas.....
1260 765 1403 805 anno
1461 750 1678 807 Christo
1733 753 1966 823 propitio
2004 755 2070 809 15

491 839 700 908 Imperii
731 838 983 895 Ludovici
1017 843 1345 897 serenissimi
1376 844 1718 913 imperatoris
1742 856 1792 900 et
1829 847 2069 902 Lotharii

493 928 544 991 7,
576 929 867 984 indictione
895 930 945 983 7.
990 931 1181 985 Actum
1224 932 1550 1006 Aquisgrani
1589 938 1788 1007 palatio
1824 939 1972 1008 regio
2014 940 2068 993 in

491 1007 585 1078 Dei
615 1024 830 1078 nomine
856 1023 1103 1080 feliciter.
1136 1026 1327 1082 Amen.

491 1199 591 1240 PR0
641 1200 976 1242 IONASTERIO
1023 1203 1067 1243 8.
1115 1205 1338 1245 ΔΝΜ(εῶ
1396 1209 1710 1248 JUREDENSIS
1748 1211 1798 1249 ΙΝ
1840 1212 2065 1253 υιωοεδι

1120 1276 1429 1316 ηειεηεκδι.

991 1326 1166 1403 (Circo
1187 1347 1391 1403 _a_nnum
1421 1331 1570 1403 829.)

492 1389 667 1464 [Apud
696 1391 758 1447 D.
790 1389 1078 1470 Bouqué_§.,
1126 1399 1275 1463 ibid.,
1325 1416 1390 1454 ex
1440 1389 1674 1470 App'end.
1723 1405 1791 1456 ad
1833 1405 2066 1460 Marcum

983 1466 1210 1538 Hispan.
1232 1510 1245 1532 ,
1279 1470 1381 1523 col.
1416 1466 1566 1543 775.]

558 1550 616 1611 In
647 1553 862 1608 nomine
909 1555 1120 1610 Domini
1155 1558 1248 1612 Dei
1286 1559 1670 1616 eLSalvatoris
1715 1565 1887 1617 nostri
1938 1565 2066 1620 Jesu

487 1641 707 1707 Christi,
738 1642 1254 1713 Ludovicusdivina
1292 1651 1572 1710 ordinante
1604 1655 1938 1723 providentit
1967 1658 2058 1710 im-

485 1740 702 1801 perator
726 1733 1017 1805 Augustus.

1629 360 1952 419 LUDOV'ICI
1988 363 2006 419 l
2045 363 2513 424 COGNOMENTO
2549 367 2632 424 Pll

2099 487 2149 545 Α
2175 477 2311 532 senti
2355 488 2593 548 tempore
2635 481 3050 548 pertinentibus,
3081 483 3261 552 quiete
3305 484 3491 540 vivere
3523 502 3586 541 ac
3618 491 3749 543 resi-

3615 382 3748 438 “80

2169 567 2317 632 dere,
2348 577 2402 623 et
2427 583 2524 638 pro
2575 568 2746 634 nobis,
2789 570 3011 641 conjuge
3051 576 3306 642 proleque
3360 585 3546 631 nostra
3585 586 3750 648 atque

2167 669 2266 729 pro
2294 659 2585 722 stabilitate
2617 664 2780 716 totius
2808 662 3018 732 imperii
3059 666 3250 729 nostri,
3277 682 3381 719 una
3407 681 3531 721 cum
3561 683 3751 722 mona-

2169 753 2285 806 chis
2329 767 2514 807 eorum
2543 752 2757 808 Domini
2796 757 3222 812 misericordiam
3254 757 3460 831 jugiter
3497 777 3747 817 exorare.

2168 844 2233 898 Et
2261 845 2686 917 quandocunque
2713 847 2893 902 divina
2921 850 3198 916 vocatione
3220 859 3553 905 memoratus
3580 853 3748 908 abbas

2167 933 2390 1003 ejuéque
2418 949 2758 992 successores
2785 939 2850 992 de
2875 937 2978 992 hac
3014 939 3132 994 luce
3169 941 3542 1011 migraverint,
3577 957 3749 1012 quan-

2167 1025 2256 1079 diu
2296 1025 2437 1078 inter
2465 1040 2524 1099 se
2554 1025 2686 1080 tales
2708 1027 2951 1083 invenire
2983 1032 3279 1098 potuerint,
3317 1033 3409 1100 qui
3436 1047 3530 1086 eos
3561 1048 3751 1087 secuno

2167 1113 2293 1168 dum
2340 1115 2580 1184 regulam
2629 1116 2798 1169 sancti
2850 1117 3126 1174 Benedicti
3175 1135 3363 1192 regere
3405 1131 3461 1176 et
3495 1123 3754 1177 ordinare

2164 1204 2398 1269 valeant,
2431 1206 2701 1261 licentiam
2732 1208 2964 1263 habeant
3007 1227 3073 1265 ex
3121 1227 3178 1266 se
3228 1213 3359 1282 ipsis
3395 1213 3630 1284 eligendi
3666 1213 3753 1267 ab-

2163 1300 2332 1356 bates.
2367 1299 2434 1353 Et
2462 1309 2523 1354 ut
2549 1300 2630 1354 ha:
2658 1310 2858 1356 nostra:
2895 1305 3234 1358 auctoritatis
3264 1305 3457 1360 litterae
3485 1307 3552 1360 ab
3582 1307 3754 1360 omni-

2163 1390 2265 1444 bus
2298 1390 2480 1444 verius
2527 1389 2835 1456 credantur,
2882 1401 2936 1445 ct
2985 1393 3292 1462 diligentius
3333 1407 3752 1458 conserventur,

2164 1478 2230 1534 de
2257 1479 2456 1534 annulo
2483 1479 2669 1536 nostro
2699 1482 2884 1536 subter
2909 1499 3001 1538 eas
3026 1485 3381 1556 praecepimus
3409 1487 3637 1556 signari.

2834 1590 2918 1644 CX
2931 1591 3040 1644 LIX
3057 1628 3070 1642 .

2475 1674 2578 1714 PRO
2627 1675 2963 1735 κοΝΑετειιιο
3003 1679 3253 1717 EBERSIIEI
3263 1680 3415 1719 HENSI
3425 1704 3436 1717 .

2771 1751 2946 1823 (Anno
2987 1753 3135 1826 829.)

557 1821 752 1917 Notum
777 1841 897 1881 esse
923 1828 1170 1884 volumus
1195 1833 1404 1886 cunctis
1439 1833 1684 1889 fidelibus
1728 1845 1930 1892 sancta:
1966 1838 2060 1892 Dei
2090 1852 2137 1911 B
2166 1835 2342 1908 [Apud
2383 1839 2719 1906 Grandidier,
2771 1821 3006 1917 Histoire
3043 1821 3485 1917 de'Strasbout-g,
3523 1858 3654 1904 tom.
3687 1848 3748 1910 Π,

489 1911 746 1970 Ecclesia:
775 1925 830 1970 et
862 1919 1084 1982 nostris,
1115 1923 1470 1988 praesentibus
1515 1925 1720 1979 scilicet
1753 1934 1808 1980 et
1848 1926 2061 1992 futuris,

483 2003 718 2074 qualiter
744 2007 827 2060 vir
866 2007 1075 2062 illuster
1108 2007 1432 2068 Gaucelmus
1462 2030 1644 2069 comes
1669 2027 1693 2054 α
1713 2000 1794 2070 ’δά
1823 2026 2063 2073 nostram

482 2097 746 2153 accedens
790 2098 1150 2167 clementiam,
1202 2103 1436 2158 innotuit
1497 2106 1803 2161 celsitudini
1865 2095 2063 2164 nostra:

483 2185 720 2255 qualiter
746 2181 966 2256 qdidam
991 2190 1177 2257 abbas,
1220 2195 1442 2249 nomine
1487 2195 1643 2261 Miro,
1693 2199 1963 2265 quondam
2009 2200 2064 2253 in

485 2277 761 2333 territorio
788 2279 1089 2336 Helenense
1119 2298 1280 2352 super
1307 2283 1529 2340 ﬂuvium
1557 2287 1820 2343 Tacidum
1843 2289 1896 2344 in
1923 2306 2060 2359 quo-

482 2364 607 2420 dam
650 2367 767 2422 loco
816 2369 871 2422 in
919 2371 1125 2427 honore
1178 2375 1353 2428 sancti
1403 2375 1631 2432 Andreae
1673 2384 2060 2435 monasterium

479 2455 825 2524 :ediflcasset,
861 2466 916 2513 et
941 2463 1234 2517 monachos
1277 2466 1572 2520 secundum
1619 2469 1859 2538 regulam
1887 2471 2059 2524 sancti

483 2545 758 2602 Benedicti
789 2548 843 2602 in
885 2550 1074 2630 eodem
1104 2555 1431 2611 monasterio
1455 2557 1636 2612 vivere
1665 2561 2057 2627 constituisset,

480 2649 651 2705 eoque
694 2636 855 2693 rebus
875 2639 1136 2696 humanis
1179 2653 1446 2714 exempto,
1480 2645 1760 2716 Sisegutus
1795 2650 1962 2704 abbas
2007 2651 2059 2704 in

479 2741 578 2782 suo
605 2735 659 2781 et
691 2726 812 2782 loco
838 2737 894 2782 et
927 2729 1230 2785 ministerio
1264 2735 1586 2805 subrogatus
1613 2736 1835 2802 fuisset;
1870 2739 2060 2808 depre-

478 2824 741 2886 catusque
761 2828 843 2872 est
871 2834 970 2873 nos
992 2820 1134 2874 idem
1160 2823 1243 2877 vir
1272 2823 1478 2878 illuster
1514 2825 1836 2882 Gaucelmus
1868 2844 2060 2883 comes

478 2917 539 2963 ut
563 2911 878 2979 pmdictum
909 2911 1218 2982 Sisegutum
1256 2914 1527 2979 abbatem,
1560 2932 1667 2970 una
1715 2933 1836 2971 cum
1874 2934 2060 2972 mona-

478 3001 596 3054 chis
640 3002 775 3066 suis,
823 3005 876 3055 et
924 3003 1238 3072 praedictum
1288 3007 1678 3061 monasterium
1728 3023 1882 3063 suum
1933 3024 2054 3064 cum

479 3087 731 3143 omnibus
756 3089 964 3145 cellulis
1003 3091 1069 3146 ad
1093 3107 1213 3146 eum
1234 3094 1630 3163 pertinentibus
1660 3097 1712 3150 in
1744 3098 2054 3167 supradicto

2832 1930 2885 1983 p.
2920 1914 3065 1986 190.]

2233 1997 2290 2051 In
2312 1999 2526 2054 nomine
2555 2010 2758 2056 sancta:
2788 2013 2842 2057 et
2869 2003 3155 2059 individua:
3191 2004 3494 2069 Trinitatis,
3528 2005 3750 2060 Ludovi-

2164 2101 2259 2142 cus
2299 2087 2479 2142 divina
2507 2088 2720 2144 favente
2745 2093 2918 2162 gratia
2957 2107 3051 2146 rex
3085 2092 3420 2148 Francorum
3447 2105 3504 2149 et
3533 2093 3742 2165 Longo-

2161 2177 2475 2244 bardorum,
2518 2180 2880 2236 Romanorum
2918 2197 3047 2238 vero
3099 2184 3393 2254 imperator
3443 2185 3739 2256 Augustus.

2235 2268 2289 2324 Si
2307 2285 2433 2340 erga
2448 2271 2566 2325 loca
2583 2271 2777 2326 divinis
2793 2273 3024 2329 cultibus
3044 2276 3349 2344 mancipata
3364 2286 3592 2346 propter
3605 2293 3744 2332 amo-

2161 2375 2276 2414 rem
2294 2362 2411 2425 Dei,
2428 2361 2634 2430 ipsique
2655 2364 2708 2417 in
2724 2364 3069 2420 eisdemiOcis
3082 2364 3468 2421 famulantibus
3481 2367 3741 2422 beneﬁcia

2161 2460 2460 2519 opportuna
2477 2451 2756 2521 largimur,
2771 2453 3049 2523 praamium
3064 2455 3218 2509 nobis
3234 2456 3375 2526 apud
3399 2456 3571 2511 Deum
3593 2466 3742 2512 teter-

2160 2559 2240 2598 nse
2259 2545 2710 2599 remunerationis
2723 2546 2940 2614 rependi
2957 2559 3064 2601 non
3093 2545 3401 2602 diﬂidimus.
3426 2549 3638 2603 ldcirc'o
3657 2565 3742 2603 no-

2159 2634 2301 2688 verit
2338 2635 2580 2688 omnium
2620 2633 2856 2689 fidelium
2893 2643 3201 2690 nostrorum
3244 2643 3354 2690 tam
3396 2640 3742 2706 prasentiuru

2161 2737 2321 2791 quam
2344 2721 2646 2778 futurorum
2676 2724 2959 2790 industria,
2992 2726 3115 2793 quia
3134 2726 3462 2782 venerabilis
3491 2727 3744 2796 Theopal-

2159 2817 2278 2880 dus,
2309 2815 2473 2870 abbas
2513 2816 2827 2870 monasterii
2867 2817 3010 2886 quod
3042 2825 3382 2886 nuncupatur
3421 2816 3739 2872 Novientum

2158 2906 2270 2960 sive
2291 2905 2630 2970 Ebersheim,
2652 2905 2791 2975 quod
2813 2915 2892 2960 est
2919 2905 3082 2959 situm
3106 2905 3158 2958 in
3181 2921 3323 2977 pago
3342 2895 3566 2961 Alsatia:
3587 2923 3738 2975 supra

2157 2995 2304 3050 Illam
2325 2995 2520 3050 flumen
2549 2997 2599 3050 in
2623 2997 2881 3051 comitatu
2916 2995 3211 3061 Kircheim,
3246 2997 3392 3067 quod
3431 2997 3517 3050 vir
3540 2997 3739 3051 illuster

2159 3085 2354 3139 Ethich
2400 3087 2502 3140 dux
2535 3086 2588 3140 in
2617 3086 2876 3142 honorem
2913 3088 3124 3142 Domini
3167 3089 3339 3142 nostri
3368 3086 3497 3142 Iesu
3547 3088 3738 3142 Christi

474 3193 613 3249 pago
651 3178 969 3245 Helenense,
1019 3196 1178 3238 unam
1220 3183 1472 3238 videlicet
1520 3187 1572 3239 in
1622 3185 1827 3242 honore
1875 3191 2047 3244 sancti

2160 3184 2205 3228 et
2253 3184 2562 3231 sanctorum
2613 3177 2975 3246 apostolorum
3023 3177 3169 3232 Petri
3217 3185 3273 3233 et
3322 3177 3497 3242 Pauli,
3549 3179 3736 3232 sancti-

476 3269 693 3324 Martini
722 3272 899 3336 sitam,
941 3272 995 3326 in
1020 3289 1124 3342 qua
1148 3275 1400 3344 primitus
1427 3276 1568 3332 idem
1597 3279 1763 3333 abbas
1793 3295 1916 3334 cum
1941 3296 2056 3335 mo-

477 3361 666 3416 nachis
693 3362 940 3417 habitare
969 3365 1152 3435 coepit,
1203 3365 1485 3436 ipsamque
1529 3369 1721 3422 vallem
1756 3385 1876 3424 cum
1915 3386 2058 3439 pra:-

477 3447 587 3503 fata
615 3449 804 3504 cellula
835 3462 890 3506 et
916 3467 1038 3507 cum
1071 3454 1218 3508 omni
1261 3455 1570 3527 integritate
1600 3473 1696 3512 sua
1729 3460 2056 3514 concedere-

475 3556 618 3605 mus,
673 3557 876 3597 necnon
929 3550 985 3597 et
1029 3543 1192 3598 aliam
1238 3545 1486 3600 cellulam
1534 3547 1589 3600 in
1639 3548 1842 3604 honore
1883 3551 2053 3605 sancti

475 3631 745 3686 Vincentii
783 3642 1173 3700 constructam,
1205 3651 1299 3690 seu
1350 3645 1404 3691 et
1458 3638 1644 3692 villare
1675 3641 1817 3708 quod
1859 3641 2055 3695 dicitur

474 3725 800 3790 Garrericis,
849 3741 972 3780 cum
1021 3726 1152 3796 ipsis
1201 3727 1476 3784 fiscalibus
1517 3731 1703 3792 terris,
1751 3731 1834 3784 vel
1889 3733 2052 3786 etiam

471 3831 598 3871 cum
633 3819 793 3872 rebus
837 3817 922 3872 vel
965 3817 1312 3886 adjacentiis,
1347 3837 1481 3889 quas
1521 3823 1775 3891 praesenti
1814 3830 2054 3892 tempore

464 3909 528 3962 in
555 3908 828 3976 prtedictis
856 3909 987 3963 locis
1021 3909 1166 3977 juste
1190 3919 1248 3964 et
1285 3909 1526 3980 legaliter
1571 3921 1755 3966 tenere
1797 3921 1852 3967 et
1883 3915 2055 3981 possi-

475 3999 602 4053 dere
637 3999 903 4060 videntur,
938 4000 990 4052 in
1019 4008 1200 4053 nostra
1237 4000 1576 4069 eleemosyna
1622 4001 1720 4055 sub
1749 4002 1972 4056 tuitione
2000 4011 2055 4056 et

473 4090 790 4145 defensione
825 4101 1008 4145 nostra
1061 4092 1358 4146 consistere
1414 4088 2053 4162 fecissemus,‘quemad-

472 4181 690 4236 modum
714 4181 816 4234 alia
841 4181 1317 4236 monasteriainfra
1342 4181 1733 4252 Septimaniam
1757 4186 2052 4240 consistere

468 4271 738 4326 videntur.
778 4269 942 4337 Cujus
989 4271 1352 4340 deprecationi
1406 4287 1683 4327 assensum
1727 4276 2048 4342 prazbentes,

474 4363 547 4415 ita
583 4377 680 4415 nos
713 4360 904 4414 fecisse
948 4362 1189 4415 omnium
1239 4361 1475 4416 fidelium
1520 4372 1824 4418 nostrorum
1857 4379 2051 4433 cogno-

471 4458 590 4506 scat
634 4449 916 4503 industria.
965 4449 1258 4519 Propterea
1309 4453 1408 4506 has
1459 4461 1660 4508 nostra:
1709 4455 2048 4509 auctoritatis

2157 3281 2262 3334 que
2317 3267 2559 3321 Mauricii
2611 3269 2987 3338 sociorumque
3030 3266 3146 3335 ejus
3202 3270 3549 3333 construxit,
3609 3284 3736 3338 pra:-

2157 3361 2386 3414 sentavit
2413 3361 2569 3415 nobis
2610 3361 3005 3416 immunitatem
3031 3371 3086 3416 et
3121 3362 3400 3432 privilegia
3447 3362 3630 3416 domui
3685 3369 3732 3413 et

2156 3450 2417 3516 genitoris
2439 3451 2606 3504 nostri
2628 3451 2806 3506 Caroli
2827 3452 2982 3506 bonae
3013 3453 3285 3506 memoriae
3310 3452 3564 3520 Augusti.
3605 3450 3727 3518 Quae

2157 3552 2281 3590 cum
2307 3538 2542 3606 perlecta
2567 3539 2618 3592 in
2649 3541 2919 3595 audientia
2947 3541 3248 3611 principum
3281 3540 3534 3604 fuissent,
3560 3543 3725 3596 contio

2157 3642 2284 3682 nere
2311 3629 2630 3684 videbantur
2654 3633 2795 3699 quod
2812 3617 2950 3686 idem
2969 3634 3176 3699 genitor
3188 3642 3395 3698 noster,
3413 3634 3482 3687 ob
3500 3648 3729 3687 amorem

2156 3721 2306 3790 regni
2358 3721 2612 3784 cmlestis,
2667 3723 2981 3792 specialiter
3031 3731 3212 3779 tamen
3258 3727 3328 3779 ob
3375 3725 3730 3787 reverentiam

2156 3810 2508 3866 Thebaeorum
2527 3820 2844 3884 martyrum,
2870 3815 3184 3884 prmdictum
3211 3817 3605 3870 monasterium
3623 3832 3728 3886 spe-

2154 3900 2278 3954 ciali
2304 3903 2534 3970 quodam
2563 3901 2756 3956 aﬂ'ectu
2783 3905 2880 3957 sub
2901 3903 3214 3972 plenissima
3243 3904 3563 3960 defensione
3597 3905 3730 3974 regie

2155 3991 2513 4046 immunitatis
2541 4008 2756 4063 semper
2777 4001 2980 4049 tutatus
3008 3996 3096 4049 sit.
3137 3995 3477 4065 Quapmpter
3527 3997 3730 4066 rogavit

2154 4097 2252 4135 nos
2268 4082 2406 4136 idem
2429 4083 2714 4151 praedictus
2728 4083 2894 4138 abbas
2907 4099 3029 4138 cum
3044 4084 3241 4140 domno
3258 4086 3550 4142 Vuifhaldo
3568 4087 3727 4142 advo-

2153 4182 2273 4228 cato
2290 4187 2406 4237 suo,
2434 4181 2493 4226 ut
2525 4181 2808 4242 paternum
2823 4189 3030 4228 morem
3045 4184 3335 4244 sequentes
3348 4178 3525 4245 ipsum
3545 4193 3729 4248 supra-

2152 4265 2280 4319 dicti
2301 4265 2529 4320 cmnobii
2555 4264 2730 4320 locum
2745 4273 2798 4318 et
2815 4267 2980 4334 ipsius
2995 4268 3293 4336 praecipuas
3311 4274 3493 4322 curtes
3521 4269 3578 4321 in
3597 4277 3727 4322 tute-

2153 4355 2257 4408 lam
2309 4364 2509 4409 nostra;
2562 4356 2856 4426 imperialis
2913 4356 3261 4423 defensionis,
3319 4357 3541 4412 exclusa
3591 4361 3726 4411 omni

2153 4445 2410 4499 comitiali
2440 4460 2533 4499 seu
2559 4446 2726 4499 llscali
2749 4457 3034 4516 potestate,
3075 4451 3460 4519 reciperemus.
3481 4447 3592 4504 Nos
3609 4465 3726 4519 ergo

470 4541 676 4594 litteras
707 4537 974 4593 firmitatis
1002 4541 1171 4610 gratia
1200 4541 1314 4595 ﬁeri
1337 4551 1393 4597 et
1422 4543 1470 4597 ei
1499 4543 1610 4597 dari
1633 4543 1921 4610 jussimus;
1952 4561 2048 4614 per
2072 4538 2123 4596 D
2152 4536 2416 4604 majorum
2467 4546 2774 4590 nostrorum
2805 4539 3050 4607 exemplo
3099 4543 3399 4609 provocati,
3463 4540 3727 4609 simulque

471 4647 607 4700 quas
639 4629 980 4700 praecipimus
1012 4639 1173 4700 atque
1195 4633 1448 4702 jubemus
1481 4642 1538 4688 ut
1562 4633 1738 4688 nullus
1760 4635 1922 4704 judex
1952 4651 2048 4704 pu-

469 4723 664 4786 blicus,
697 4728 789 4774 aut
809 4711 1066 4790 quislibet
1097 4737 1164 4775 ex
1189 4722 1471 4792 judiciaria
1503 4733 1768 4793 potestate
1795 4727 1846 4778 in
1874 4726 2048 4780 eccle-

468 4815 580 4870 sias
609 4820 701 4866 aut
737 4811 854 4865 loca
903 4811 986 4865 vel
1028 4826 1204 4882 agros,
1256 4827 1348 4866 seu
1401 4813 1636 4882 reliquas
1679 4816 2046 4883 possessiones

464 4904 708 4976 pradicti
738 4902 1072 4966 monasterii,
1108 4909 1162 4956 et
1197 4901 1419 4956 cellulas
1443 4903 1690 4971 superius
1717 4904 2042 4968 nominatas,

468 4994 554 5050 vel
582 5011 700 5064 qua:
733 4994 985 5063 deinceps
1033 4994 1086 5046 in
1122 4992 1245 5060 jure
1286 4994 1455 5063 ipsius
1500 4993 1602 5048 loci
1655 4995 1830 5048 divina
1872 4996 2046 5064 pietas

459 5089 651 5157 augeri
671 5087 917 5153 voluerit,
933 5085 1219 5156 judiciario
1244 5101 1392 5140 more
1419 5087 1484 5140 ad
1507 5101 1700 5138 causas
1727 5087 2040 5149 audiendas,

463 5180 554 5233 vel
578 5178 726 5234 freda
756 5177 1035 5247 exigenda,
1085 5183 1174 5230 aut
1221 5177 1527 5230 mansiones
1573 5177 1656 5228 vel
1683 5186 1920 5246 paratas,
1954 5186 2046 5232 aut

463 5267 606 5323 ullas
637 5267 1022 5322 redhibitiones
1049 5265 1132 5320 vel
1172 5266 1387 5321 illicitas
1415 5267 1730 5322 occasiones
1769 5269 2046 5337 requiren-

459 5363 565 5416 das
595 5359 801 5427 ingredi
831 5359 1040 5424 audeat,
1070 5357 1156 5412 vel
1183 5373 1244 5412 ea
1267 5373 1387 5428 quae
1407 5373 1567 5428 supra
1598 5367 1894 5414 memorata
1921 5367 2047 5414 sunt

458 5453 683 5524 exigere
717 5458 1040 5519 praesumat:
1074 5451 1166 5505 sed
1196 5450 1354 5504 liceat
1385 5451 1641 5520 pnedicto
1689 5453 1866 5506 abbati
1899 5450 2041 5518 eius-

461 5559 572 5613 que
613 5542 1034 5607 successoribus,
1074 5542 1276 5612 absque
1316 5543 1479 5597 ullius
1531 5543 1724 5612 injusta
1778 5545 2044 5613 inquietu-

460 5633 612 5695 dine,
639 5647 760 5686 cum
783 5632 1032 5685 omnibus
1050 5632 1209 5685 rebus
1235 5633 1300 5686 ad
1324 5648 1382 5686 se
1400 5633 1542 5702 juste
1566 5641 1618 5686 et
1646 5633 1886 5702 legaliter
1911 5650 2042 5703 prte-

539 5738 563 5764 ι
596 5725 914 5783 Gaucelmus
964 5729 1386 5784 Ruscinoncnsis
1430 5747 1628 5793 comes,
1684 5730 1822 5783 lilius
1861 5731 2028 5783 sancti

465 5796 738 5864 “'illcltni,
789 5797 956 5853 frater
1001 5799 1256 5855 Bcrnardi
1287 5800 1629 5869 Septimanite
1676 5801 1847 5864 ducis,
1882 5801 2032 5868 jussu

2155 4627 2321 4696 ipsius
2342 4627 2515 4682 sancti
2543 4628 2644 4681 loci
2676 4627 2896 4683 utilitati
2920 4637 2974 4683 et
2995 4638 3192 4684 nostra:
3236 4632 3396 4686 saluti
3443 4631 3728 4701 providen—

2154 4725 2236 4771 tes
2261 4717 2508 4786 petitioni
2539 4718 2593 4772 in
2625 4719 2876 4772 omnibus
2920 4734 3157 4774 annuere
3186 4721 3550 4776 decrevimus.
3588 4721 3726 4776 Prte-

2151 4806 2410 4874 cipientes
2441 4807 2622 4876 itaque
2661 4808 2927 4878 imperiali
2981 4810 3303 4864 auctoritate
3349 4799 3626 4880 jubemus,
3671 4820 3726 4864 ut

2151 4896 2328 4950 nullus
2359 4897 2525 4966 judex
2555 4899 2819 4966 publicus,
2849 4899 2991 4954 nulla
3012 4899 3299 4968 judiciaria
3339 4910 3599 4971 potestas,
3632 4919 3723 4956 no-

2151 4987 2278 5040 stris
2301 4987 2562 5043 etfuturis
2579 4992 2910 5060 temporibus
2927 4995 3100 5061 ipsum
3127 5009 3285 5062 supra
3304 4995 3508 5048 dictum
3548 4993 3722 5048 locum

2148 5078 2232 5132 vel
2254 5089 2433 5134 curtes
2464 5083 2633 5150 ipsius
2672 5086 2994 5152 potestative
3036 5085 3244 5154 ingredi
3272 5094 3583 5154 pnesumat,
3623 5101 3718 5140 nec

2148 5178 2365 5241 paratas
2394 5182 2486 5227 aut
2537 5175 2843 5230 mansiones
2887 5177 2960 5230 ibi
3004 5175 3186 5241 faciat,
3236 5175 3339 5230 nec
3393 5191 3717 5247 quemquam

2149 5265 2426 5319 hominum
2451 5268 2804 5336 constringat,
2847 5283 2946 5322 nec
2991 5269 3284 5337 quidquam
3329 5268 3381 5322 in
3429 5269 3554 5338 jure
3605 5270 3717 5323 ﬁsci

2149 5356 2317 5410 nostri
2334 5356 2476 5411 'inibi
2502 5357 2761 5426 requirat,
2787 5358 2879 5412 sed
2915 5358 3205 5426 praedictus
3251 5358 3418 5413 abbas
3459 5359 3718 5427 Thoopal-

2150 5444 2250 5499 dus
2278 5453 2330 5497 et
2357 5461 2544 5500 omnes
2573 5461 2916 5502 successores
2942 5447 3058 5514 ejus
3103 5448 3246 5517 ipsas
3275 5457 3457 5504 curtes
3494 5464 3560 5503 ex
3617 5451 3715 5505 hoc

2145 5543 2200 5590 et
2219 5537 2469 5606 deinceps
2496 5541 2818 5605 potestative
2844 5550 2897 5592 et
2921 5540 3153 5594 totaliter
3179 5555 3299 5594 cum
3330 5541 3475 5594 omni
3521 5541 3713 5595 immu-

2144 5631 2312 5684 nitate
2337 5646 2431 5684 sua
2453 5630 2779 5700 possideant.
2799 5629 2909 5685 lloc
2947 5639 3048 5693 est,
3070 5631 3121 5685 in
3149 5631 3461 5686 liiltesheim
3479 5631 3526 5696 δ,
3547 5635 3713 5687 curtis

2139 5728 2379 5784 Lotharii
2408 5728 2912 5850 imreratorisanuo
2939 5726 3038 5781 εδδ
3067 5727 3240 5797 capite
3269 5728 3454 5798 plexus
3479 5735 3582 5782 est.

2213 5798 2419 5850 hllodie
2449 5798 2475 5850 I
2503 5795 2750 5850 iltz/teim.

2213 5801 2238 5838 lt
2256 5798 2419 5853 llodic
2449 5795 2750 5851 Ililtz/teim.
