3924 6342
190 418 322 476 1181

1327 415 1718 474 DIPLOMATA
1756 413 2307 473 ECCLESIASTICA.

3298 423 3432 477 “8‘2

181 528 462 583 dominica
488 542 610 582 cum
653 527 905 582 omnibus
949 526 1288 595 pertinentiis
1335 528 1482 591 suis,
1547 529 1758 582 bannus
1785 528 1834 587 Α
1861 520 2127 594 quatenus
2149 525 2342 581 fratres
2378 526 2509 582 inibi
2538 526 2765 585 Domino
2790 532 3088 587 servientes
3108 546 3205 602 pro
3258 535 3432 588 Salute

186 615 453 682 totaliter,
504 616 731 672 ecclesia
779 631 901 671 cum
936 616 1160 671 decimis
1210 616 1323 671 suis
1373 628 1387 669 ε
1444 617 1765 671 retinuimus

185 709 358 764 etiam
386 709 539 763 nobis
556 716 610 762 ct
625 706 896 776 iudicibus
917 708 1115 762 nostris
1138 706 1193 762 in
1215 707 1329 778 ipsa
1346 707 1467 762 villa
1486 708 1766 763 dimidium

184 814 467 864 mansum,
500 813 569 853 ne
608 798 901 868 quidquam
950 798 1320 868 impedimenti
1354 799 1527 868 ipsum
1582 811 1767 853 caeno-

186 885 343 942 bium
363 887 414 941 in
437 895 589 942 curte
602 901 694 941 sua
711 888 971 941 sustineat
986 902 1000 950 ;
1014 885 1300 954 iudiciaria
1314 894 1687 958 veropotestas
1699 888 1765 941 ad

187 978 443 1033 abbatem
478 985 533 1033 et
561 977 625 1031 ad
647 975 857 1045 indices
873 993 999 1032 suos
1031 979 1353 1047 potestative
1392 979 1680 1047 pertineat.
1707 980 1767 1035 ιιι

185 1064 636 1129 Witt’ensbeima,
652 1066 821 1120 curtis
841 1066 1108 1121 dominica
1122 1082 1241 1121 cum
1279 1067 1636 1136 pertinentiis,
1672 1082 1766 1122 ec-

188 1156 357 1212 clesia
370 1172 493 1213 cum
506 1157 728 1211 decimis
739 1158 870 1223 suis,
887 1158 1181 1213 retinentes
1202 1158 1353 1213 nobis
1371 1166 1617 1227 quartam
1644 1174 1707 1228 pa
1718 1175 1769 1212 r—

188 1253 304 1300 tem
318 1248 506 1309 mansi,
522 1260 589 1302 eo
602 1256 788 1302 tenore
802 1263 908 1318 quo
921 1263 1101 1317 supra.
1118 1248 1175 1302 In
1191 1247 1552 1304 Gruzenheim
1565 1249 1615 1317 ιι,
1644 1266 1768 1304 cur-

188 1338 265 1392 tis
294 1337 559 1393 dominica
586 1354 707 1394 cum
727 1340 976 1394 omnibus
1000 1339 1341 1409 pertinentiis
1366 1340 1769 1421 suis,.ecclesia

187 1440 315 1481 cum
339 1427 560 1483 decimis
579 1428 709 1493 suis,
735 1437 846 1483 tres
857 1438 1038 1498 partes
1062 1429 1221 1484 banni
1251 1428 1661 1498 cumjudiciaria
1676 1446 1784 1500 po-

190 1525 417 1584 testate;
446 1519 603 1575 nobis
630 1535 760 1574 vero
807 1528 862 1576 et
888 1520 1160 1591 iudicibus
1186 1522 1409 1587 nostris,
1454 1538 1522 1578 ne
1568 1522 1771 1593 aliquot

190 1609 636 1678 impedimentum
665 1652 681 1677 ,
745 1620 805 1666 ut
851 1628 1011 1683 supra
1046 1612 1301 1675 diximus,
1362 1614 1666 1669 coenobium
1714 1614 1768 1668 in

188 1713 289 1751 sua
315 1708 467 1755 curte
501 1702 785 1768 sustineat,
834 1718 1000 1757 unum
1028 1717 1278 1757 mansum
1333 1705 1673 1760 retinuimus.
1709 1704 1765 1759 In

186 1787 584 1845 Artolvesheim
611 1802 660 1855 ε,
684 1793 857 1848 curtis
881 1793 1151 1848 dominica
1179 1809 1301 1848 cum
1336 1795 1590 1851 omnibus
1646 1811 1768 1866 per.

186 1876 436 1933 tinentiis
482 1881 616 1945 suis,
644 1880 856 1936 bannus
902 1882 1157 1946 totaliter,
1189 1883 1417 1938 ecclesia
1464 1899 1589 1938 cum
1617 1884 1765 1940 deci-
1796 1886 1887 1944 Β·

187 1966 295 2021 mis
316 1968 448 2023 suis.
472 1967 528 2022 ln
556 1969 927 2027 Muttersholtz
960 1971 1012 2038 ἀ,
1035 1974 1204 2027 curtis
1221 1972 1490 2029 dominica
1508 1990 1629 2029 cum
1653 1992 1768 2030 om—

185 2054 351 2111 nibus
376 2058 718 2127 pertinentiis
745 2060 877 2125 suis,
928 2060 1160 2115 ecclesia
1209 2076 1332 2116 cum
1362 2063 1588 2117 decimis
1630 2066 1763 2120 suis.

187 2143 247 2198 In
277 2143 629 2202 Svabesheim
688 2188 703 2214 ,
736 2149 907 2204 curtis
936 2150 1205 2206 dominica
1231 2167 1352 2206 cum
1367 2153 1619 2209 omnibus
1644 2171 1768 2225 pcr—

187 2234 437 2291 tinentiis
464 2238 597 2293 suis.
628 2238 868 2294 Ecclesia
894 2240 949 2295 in
972 2239 1369 2296 Nivratesheim
1399 2240 1418 2281 ί
1459 2256 1593 2299 ‘cum
1624 2246 1768 2300 deci-

186 2329 296 2384 mis
321 2329 455 2385 suis.
482 2331 540 2385 In
568 2330 954 2388 Beckensheim
985 2334 1030 2397 ε,
1062 2333 1232 2388 curtis
1246 2332 1535 2390 dominica.
1562 2334 1620 2389 In
1633 2336 1769 2390 Wil-

189 2435 253 2477 re
272 2421 325 2487 δ,
351 2422 521 2478 curtis
544 2420 840 2488 dominica,
890 2422 1119 2478 ecclesia
1146 2438 1268 2478 cum
1302 2424 1527 2479 decimis
1549 2426 1680 2480 suis.
1709 2425 1765 2480 ln

187 2509 536 2577 Binrenheim
568 2513 585 2553 i
624 2513 796 2568 curtis
822 2513 1092 2569 dominica
1119 2528 1242 2568 cum
1296 2513 1474 2569 banno
1502 2514 1669 2584 ipsius
1690 2516 1769 2569 al-

187 2601 341 2666 lodii,
381 2603 613 2658 ecclesia
643 2618 767 2660 cum
822 2604 1047 2660 decimis
1095 2604 1225 2659 suis.
1275 2603 1334 2658 In
1385 2605 1758 2675 Kagenheiml

187 2695 363 2750 curtis
390 2695 680 2751 dominica.
708 2695 787 2751 ln'
816 2696 1133 2752 Ebersheim
1165 2697 1213 2762 ιι,
1262 2697 1431 2752 curtis
1475 2697 1764 2752 dominica.

186 2782 246 2836 In
288 2782 578 2838 Utenheim
614 2783 659 2849 ι,
701 2786 871 2841 curtis
902 2786 1191 2851 dominica,
1222 2786 1454 2841 ecclesia
1507 2802 1629 2841 cum
1676 2787 1768 2843 de-

184 2871 344 2927 cimis
370 2875 501 2928 suis.
526 2874 586 2928 In
614 2874 783 2930 Valva
803 2887 863 2941 ω,
887 2877 1058 2930 curtis
1085 2877 1373 2931 dominica.
1418 2876 1600 2948 Itaque
1631 2893 1768 2948 prae-

185 2961 368 3017 dictus
392 2963 735 3035 Theopaldus
762 2966 931 3021 abbas
954 2975 1010 3022 et
1038 2980 1227 3021 omnes
1238 2982 1579 3023 successores
1594 2969 1765 3037 ipsius

186 3052 288 3107 has
311 3053 602 3122 pradictas
647 3065 830 3112 curtes
891 3057 1096 3127 absque
1149 3057 1259 3111 ulla
1317 3059 1760 3125 contradictione,

184 3156 282 3197 seu
309 3144 679 3211 convulsione,
714 3146 1176 3203 vcldiminutione
1199 3147 1427 3217 alicujus
1464 3147 1764 3217 iudiciariae

1866 624 2057 671 nostra
2086 631 2151 671 ac
2183 631 2282 687 pro
2304 624 2446 672 statu
2475 618 2682 688 imperii
2719 621 2890 675 nostri
2921 620 3257 691 frequentius
3306 639 3434 679 exo-

1866 714 2008 772 rent.
2030 707 2097 761 Et
2122 714 2181 762 ut
2223 708 2339 763 haec
2358 718 2546 764 nostra
2572 710 2865 781 imperialis
2909 715 3206 776 auctoritas
3235 718 3434 771 nostris

1866 802 1921 850 et
1947 794 2142 850 futuris
2160 797 2492 867 temporibus
2514 799 2724 855 stabilis
2758 809 2813 856 et
2837 802 3172 869 inconvulsa,
3217 803 3435 860 Christo

1867 884 2151 957 largiente,
2191 897 2529 957 permaneat,
2557 907 2719 946 manu
2748 894 2967 963 propria
2988 895 3338 967 signavimus,
3380 905 3436 952 et

1866 974 2027 1044 sigilli
2056 978 2226 1031 nostri
2248 977 2599 1047 impressione
2623 970 2992 1052 sigillavimus.

1940 1063 2073 1116 Data
2094 1062 2217 1119 ldus
2239 1064 2404 1132 Junii,
2429 1084 2569 1124 anno
2590 1069 2883 1126 Dominica:
2908 1072 3294 1129 incarnationis
3306 1074 3433 1140 829,

1868 1155 2161 1212 indictione
2184 1159 2435 1227 septima,
2458 1176 2628 1217 anno.
2646 1201 2661 1217 .
2684 1203 2697 1217 .
2716 1203 2729 1217 .
2756 1202 2771 1216 .
2789 1204 2802 1217 .
2857 1165 3009 1233 regni
3039 1165 3218 1220 domui
3264 1164 3436 1221 Ludo.

1866 1248 1971 1303 vici
2000 1249 2333 1305 serenissimi
2346 1252 2505 1322 regis.
2521 1252 2713 1308 Actum
2740 1254 2794 1308 in
2817 1254 3132 1311 Foracheim
3151 1266 3179 1295 ιι
3217 1257 3274 1312 in
3286 1266 3440 1314 curte

1868 1338 2055 1409 regali,
2090 1338 2145 1393 in
2173 1338 2375 1395 Christi
2402 1342 2620 1397 nomine
2647 1341 2892 1408 feliciter,
2921 1344 3114 1399 Amen.

1940 1427 2166 1500 Signum
2193 1431 2395 1485 domini
2430 1431 2688 1487 Ludovici
2721 1435 3051 1489 serenissimi
3070 1436 3228 1506 regis.
3250 1436 3440 1490 Alber'

1870 1528 1957 1576 tus
1985 1521 2338 1577 cancellarius
2362 1523 2431 1578 ad
2459 1524 2632 1579 vicem
2654 1525 2954 1582 Diothmari
2976 1527 3389 1597 archicapellani
3414 1535 3437 1562 °

1870 1609 2180 1680 recognovi.

2597 1698 2701 1755 CL.

1974 1803 2075 1844 PRO
2110 1803 2443 1844 IONASTERIO
2473 1806 2795 1845 CENTULENS!
2825 1806 2942 1847 δινε
2985 1808 3030 1847 S.
3075 1810 3332 1850 RICHARII.

2485 1879 2653 1952 (Anno
2681 1879 2829 1952 850.)

1870 1966 2046 2040 [Apud
2074 1968 2140 2024 D.
2172 1969 2341 2057 Bouq.
2372 1970 2500 2057 ibid.
2546 1988 2670 2043 pag.
2702 1958 2824 2038 $62,
2864 1988 2927 2028 ex
2953 1972 3184 2030 Acherio
3209 1983 3339 2031 tom.
3370 1975 3437 2031 ιν

2392 2056 2601 2130 Spicil.,
2616 2075 2738 2132 pag.
2767 2061 2917 2135 478.]

1937 2140 1994 2202 In
2029 2150 2246 2204 nomine
2290 2150 2506 2205 Domini
2531 2149 2672 2225 [Dei]
2699 2162 2752 2207 et
2780 2152 3075 2211 Salvatoris
3098 2158 3271 2212 nostri
3316 2156 3443 2214 Iesu

1866 2237 2092 2305 Christi,
2120 2240 2425 2297 Ludovicus
2447 2241 2625 2297 divina
2654 2243 2937 2300 ordinante
2979 2248 3316 2315 providentia
3346 2250 3444 2303 im-

1864 2337 2085 2401 perator
2101 2328 2395 2401 Augustus.
2808 2339 2811 2341 ”

1935 2419 2134 2476 Notum
2157 2436 2277 2477 esse
2298 2422 2547 2478 volumus
2575 2424 2784 2479 cunctis
2814 2425 3060 2481 ﬁdelibus
3105 2435 3309 2483 sancta:
3347 2428 3443 2483 Dei

1864 2508 2118 2587 Ecclesiae
2147 2518 2203 2565 et
2230 2512 2455 2578 nostris,
2491 2514 2849 2583 praesentibus
2876 2514 3082 2571 scilicet
3111 2524 3166 2571 et
3209 2516 3403 2572 futuris
3426 2558 3442 2583 ,

1864 2600 1992 2669 quia
2017 2603 2144 2655 dum
2172 2616 2271 2657 nos
2298 2602 2561 2657 orationis
2603 2618 2768 2658 causa
2814 2604 2867 2657 in
2911 2605 3209 2661 beatissimi
3239 2606 3439 2662 confes

1864 2690 2004 2745 soris
2014 2691 2215 2746 Christi
2232 2691 2476 2746 Richarii
2496 2691 2771 2748 basilicam
2788 2694 3180 2761 adveniremus,
3195 2696 3441 2751 adierunt

1865 2781 1995 2837 celsi
2003 2782 2243 2837 tudinem
2269 2790 2513 2837 nostram
2528 2784 2778 2839 monachi
2801 2800 2868 2839 ex
2888 2786 3215 2842 monasterio
3234 2785 3440 2853 eodem,

1865 2874 2219 2943 deprecantes
2246 2859 2304 2929 ut
2324 2890 2487 2945 super
2519 2876 2680 2929 rebus
2722 2890 2856 2944 quas
2901 2878 3161 2933 moderno
3204 2884 3441 2947 tempore

1864 2960 1919 3015 in
1944 2960 2271 3030 quibuslibet
2284 2962 2797 3032 pagisetterritoriis
2824 2961 2964 3017 infra
2995 2963 3252 3018 ditionem
3278 2963 3437 3033 impe-

1864 3051 1933 3106 rii
1992 3053 2163 3108 nostri
2220 3052 2287 3107 ad
2313 3053 2517 3107 victum
2561 3060 2616 3108 et
2664 3052 2920 3107 vestitum
2965 3069 3151 3109 eorum
3200 3054 3438 3117 habent,

1863 3152 2109 3197 nostram
2140 3142 2520 3197 auctoritatem
2558 3142 2833 3197 firmitatis
2868 3143 3040 3212 gratia
3072 3141 3185 3197 fieri
3228 3139 3435 3209 iubere-

185 3233 493 3301 potestatis,
527 3249 620 3289 seu
647 3235 947 3302 sa3cnlaris,
979 3238 1094 3292 sive
1121 3237 1418 3306 spiritualis
1444 3253 1542 3308 per
1580 3239 1760 3293 muni-
1787 3230 1831 3293 C
1865 3247 1986 3287 mus
2011 3250 2026 3298 ;
2050 3246 2148 3303 per
2176 3248 2338 3302 quam
2358 3232 2773 3289 decerneremus
2796 3241 2853 3287 ut
2882 3247 3056 3302 neque
3085 3233 3308 3288 abbates
3345 3246 3436 3301 per

182 3320 459 3377 licentiam
481 3333 682 3380 nostra:
726 3326 1021 3397 imperialis
1075 3328 1415 3399 auctoritatis
1461 3327 1761 3400 largitatem

180 3413 541 3482 meliorando,
570 3419 987 3489 augmentando,
1044 3419 1367 3490 potestative
1418 3420 1749 3489 possideant,

256 3600 281 3627 ι
329 3586 660 3653 Wittislm’m,
687 3589 801 3645 sive
818 3588 1047 3646 Witzen.

255 3658 283 3696 ι’
301 3655 643 3711 Grusenheim

258 3738 283 3765 ο
301 3726 630 3780 Artelsheim.

255 3794 284 3834 (ι
312 3794 665 3852 Mietersholz.

261 3877 286 3905 ε
309 3865 481 3920 Hodie
505 3867 655 3940 vicus
680 3867 1086 3940 Schwnbshet'm,
1105 3868 1184 3940 _ad_
1216 3869 1527 3940 episcopum
1555 3870 1763 3940 Argen-

181 3936 787 4057 tinfiivsfgrplertinens,
813 3938 1020 3992 duabus
1040 3953 1071 3991 a
1099 3936 1619 3994 Seles'tadio'leucis.

370 4020 543 4057 mem.

263 4004 284 4042 τ
376 4006 387 4015 .

259 4004 754 4147 igi'gignignotus,
778 4075 880 4134 nisi
911 4074 1049 4131 forte
1075 4074 1357 4147 Burgheim
1391 4077 1443 4132 in
1472 4077 1591 4132 aliis
1607 4079 1764 4133 char-

183 4143 259 4198 tis
283 4142 822 4199 Ebersheiinensibus
848 4142 1195 4200 memoratus.

256 4211 484 4284 llHodie
501 4213 724 4284 _Weiler,
751 4215 864 4269 sive
934 4211 1091 4281 Viler,
1133 4216 1411 4284 pertinens
1462 4216 1529 4272 ad
1579 4215 1643 4270 D.
1698 4217 1765 4271 de

179 4281 671 4338 Clioiseul—Meuse.

260 4354 276 4392 i
306 4350 558 4405 Bindem.

260 4419 276 4471 ἱ
311 4419 656 4489 Kogenheim.

259 4492 287 4529 ι
310 4490 481 4565 Hodie
505 4493 657 4547 vicus
691 4491 1020 4565 Ebersheim,
1064 4493 1131 4548 ad
1171 4508 1442 4548 summum
1467 4495 1761 4565 capitulum

180 4560 580 4669 Argentinense
606 4562 902 4631 pertinens.

325 4627 595 4669 "lpnhm'm

325 4627 617 4685 Utenheim.

257 4712 299 4740 ιη
328 4697 488 4769 Val/7'.

256 4768 540 4842 n_Nt_illum
586 4779 773 4842 exstat
810 4772 958 4842 inter
1012 4770 1267 4842 Ludovici
1319 4771 1399 4825 Pii
1451 4771 1760 4842 diplomata,

183 4839 332 4912 quod
362 4838 545 4893 datum
579 4839 744 4912 fuerit
788 4841 1133 4912 Foracheim.
1186 4840 1319 4896 Dein
1374 4838 1759 4912 imperatorem

184 4910 329 4982 hunc
373 4923 559 4963 mense
605 4909 764 4982 Junio
813 4912 937 4964 anni
960 4910 1065 4966 829
1109 4909 1763 4982 Aquisgrani‘versatum

182 4976 353 5051 fuisse
378 4986 527 5051 patet
554 4993 622 5034 ex
644 4980 941 5051 diplomate
961 4981 1108 5051 regio
1136 4976 1393 5035 Ludovici
1420 4989 1475 5035 et
1512 4980 1754 5036 Lotharii

181 5062 282 5171 pro
308 5047 558 5128 lngoaldo
595 5047 785 5130 abbate
813 5047 1074 5109 Farfensi,
1108 5052 1247 5118 apud
1287 5052 1587 5115 Duchesnc,
1629 5058 1757 5104 tom.

208 5116 250 5171 ll
279 5116 542 5171 Scriptor.
574 5118 835 5171 Francm.
873 5134 995 5171 nam.
1044 5118 1165 5171 658.
1222 5118 1628 5171 Observandum
1681 5127 1757 5171 est

208 5116 257 5190 ll
279 5116 542 5190 Scriptor.
574 5118 835 5190 Franciae,
873 5134 995 5190 pag.
1044 5116 1165 5173 658.
1222 5118 1628 5190 Observandum
1681 5127 1763 5174 est

184 5187 352 5258 etiam
373 5187 670 5258 diplomata
700 5187 1012 5256 hujusan'ni
1042 5204 1317 5258 nunquam
1362 5190 1486 5243 data
1518 5189 1681 5244 fuisse
1731 5204 1761 5241 a

184 5256 326 5382 ioloh
369 5256 661 5338 Ludovico,
701 5259 796 5313 sed
832 5274 1046 5328 semper
1092 5256 1421 5328 coniunctim
1479 5274 1603 5314 cum
1653 5258 1764 5312 filio

232 5336 288 5381 ot
330 5342 465 5381 ario.

232 5328 465 5381 othario.

261 5404 287 5431 ⁰
311 5397 645 5468 Alliertuset
670 5398 1021 5468 Diothmarus
1041 5398 1259 5452 omnino
1275 5405 1400 5451 sunt
1434 5396 1602 5468 ignoti
1624 5398 1765 5452 inter

186 5466 539 5521 cancellarios
569 5467 822 5523 Ludovici
846 5467 948 5521 Pii.
983 5466 1587 5535 Uterqueinnotescitin
1604 5468 1764 5522 charc

189 5535 257 5589 tis
280 5534 544 5608 Arnulphi
566 5537 924 5608 imperatoris.
945 5534 1286 5600 Deotmarus,
1323 5538 1437 5608 sive
1456 5538 1761 5591 Theodma—

190 5606 743 5677 ynsarchiepiscopus
765 5606 1191 5677 Salisburgcnsis
1243 5608 1341 5662 sub
1382 5607 1764 5677 Arnulphoiet

189 5672 459 5759 Ludovico
572 5672 687 5759 citis
718 5678 825 5759 tilio
844 5672 1294 5759 gessit'lionorem
1321 5672 1763 5759 alchi-gnmlla-

189 5745 377 5817 riatus,
404 5754 459 5817 et
481 5746 801 5817 'l‘lieodmari
816 5745 932 5802 vice
947 5748 1142 5817 sacpius
1164 5746 1759 5817 recognovitAlbcrtus,

189 5814 277 5881 qui
320 5816 516 5871 rectius
543 5816 802 5887 Aspcrtns
818 5814 1091 5875 scribitur.
1133 5814 1464 5887 Mallinkrot,
1489 5817 1554 5872 dc
1580 5817 1760 5872 archi-

1870 3335 2115 3397 tempora
2166 3327 2365 3382 ibidem
2394 3328 2670 3397 degentes,
2702 3341 2876 3395 neque
2911 3325 3166 3391 ministri,
3198 3332 3292 3378 aut
3334 3324 3440 3378 alia

1866 3417 2116 3487 quaelibet
2159 3416 2455 3486 superioris
2502 3417 2585 3472 vel
2634 3415 2909 3471 inferioris
2954 3417 3209 3487 pmdicm
3258 3414 3442 3488 [Forte

1871 3590 2227 3662 cancellariis,
2248 3590 2394 3662 apud
2423 3588 2712 3662 Wencker,
2740 3590 2793 3644 in
2808 3588 3047 3662 collectis
3059 3588 3301 3662 Archivi.
3312 3606 3436 3662 pag.

1870 3663 1975 3716 245
2004 3670 2053 3717 et
2083 3661 2209 3715 244.
2245 3658 2830 3730 Εὶειαῑίλυιὶιθηιὶευιη
2856 3658 3159 3730 ΔᾼιἸιυΙιώὶΔ
3196 3658 3337 3730 regis
3367 3658 3436 3714 di-

1869 3732 2047 3812 ploma
2072 3746 2176 3812 pro
2196 3729 2410 3812 abbatia
2434 3727 2868 3812 Ebersheimensi
2899 3726 3436 3812 infra4referendtim,

1866 3795 1945 3855 sic
1974 3795 2225 3855 desinens
2252 3816 2266 3850 :
2297 3817 2315 3849 ‹
2351 3798 2484 3851 Data
2505 3797 2626 3851 ldus
2651 3795 2817 3861 Junii,
2856 3811 2998 3851 anno
3033 3797 3324 3852 Dominicaz
3341 3800 3436 3853 in-

1866 3869 2196 3923 carnationis
2223 3867 2347 3938 889,
2390 3867 2682 3938 indictione
2726 3867 2777 3938 7,
2810 3881 2953 3938 anno
3001 3869 3237 3938 secundo
3276 3868 3439 3938 regni

1868 3939 2049 3993 domni
2073 3936 2277 3992 Arnolli
2299 3936 2630 3991 serenissimi
2648 3936 2809 4004 regis.
2827 3936 3019 3990 Actum
3032 3936 3083 3990 in
3101 3936 3433 3997 Foracheim,

1868 4009 1920 4061 in
1947 4017 2099 4062 curte
2120 4006 2306 4076 regali,
2342 4007 2396 4059 in
2446 4004 2648 4076 Christi
2704 4006 2922 4076 nomine
2946 4006 3194 4076 feliciter,
3238 4007 3434 4076 Amen.

1869 4076 2094 4147 Signum
2118 4072 2318 4147 domini
2356 4074 2938 4147 Arnolfi_s_erenissimi
2970 4072 3131 4147 regis.
3180 4075 3440 4147 Albcrtns

1865 4143 2226 4200 cancellarius
2251 4145 2317 4198 ad
2350 4144 2522 4197 vicem
2571 4143 2869 4197 Diothmari
2896 4143 3308 4211 archicapellani
3354 4160 3439 4199 re-

1863 4216 2110 4285 cognovi.
2147 4234 2164 4265 ι
2194 4214 2441 4285 Quisnon
2477 4211 3438 4285 videtellictoremidiplomatisLudof

1860 4282 1965 4339 vici
1992 4284 2073 4338 Pii
2095 4299 2204 4353 pne
2231 4282 2400 4353 oculis
2428 4283 2676 4353 habuisse
2702 4283 2839 4336 hanc
2888 4284 3131 4353 chartam
3174 4282 3434 4350 Arnulphi

1862 4355 2005 4423 regis
2031 4351 2158 4408 anni
2190 4351 2311 4423 88_9.
2340 4352 2487 4423 inde
2505 4366 2720 4423 _niagna
2752 4352 2928 4423 nobis
2954 4421 2960 4423 Α
2984 4352 3138 4423 νεηίῐΔ
3187 4353 3426 4421 suspicio

1862 4420 2221 4478 adulterinum
2238 4421 2491 4475 Ludovici
2505 4420 2582 4474 Pii
2597 4420 2720 4474 anni
2743 4420 2847 4490 829
2864 4421 3093 4490 diploma
3108 4421 3435 4488 descriptum

1868 4492 2034 4571 fuisse
2058 4492 2365 4571 inipsome't
2395 4489 3012 4571 autographoArnulphi
3029 4492 3154 4571 anni
3179 4491 3282 4546 889
3294 4491 3438 4571 quod

1868 4563 1990 4617 ideo
2023 4561 2225 4631 periit.
2248 4560 2417 4631 Huius
2456 4560 2598 4614 enim
2641 4568 2849 4631 tan_tu_m
2882 4560 3187 4631 apographa
3225 4570 3438 4615 exstant

1867 4640 1979 4685 tum
2002 4628 2056 4685 in
2081 4630 2301 4685 archivo
2330 4628 2669 4699 episc0patus
2708 4628 3061 4699 TabernenSi,
3083 4628 3204 4683 tum
3240 4631 3292 4683 in
3321 4632 3436 4698 ipso

1865 4694 2415 4771 Aprimonasterieiisi
2432 4694 2717 4771 tabulario.
2745 4698 2827 4751 Ab
2847 4694 3086 4771 el'lictore
3110 4714 3237 4771 vero
3264 4694 3433 4771 totum

1864 4766 2131 4840 Arnulphi
2153 4769 2386 4839 diploma
2426 4769 2797 4840 episcoporum
2845 4766 3319 4840 Argentinensium
3349 4767 3436 4840 ju-

1866 4840 2015 4895 ribus
2040 4836 2229 4904 nimis,
2262 4836 2582 4907 utputa’bat,
2614 4836 2804 4892 favens
2838 4836 3070 4891 deletum
3122 4846 3225 4900 est,
3275 4845 3328 4891 et
3379 4838 3432 4889 in

1864 4910 1982 4978 eius
2025 4909 2200 4965 locum
2239 4906 2456 4977 scripsit
2484 4908 2549 4962 de
2580 4908 2795 4976 ingenio
2818 4907 3143 4978 [putatitiam
3176 4906 3431 4978 Ludovici

1866 4976 1947 5033 Pii
1975 4980 2245 5034 chartam.
2277 4976 2409 5032 Cum
2456 4991 2583 5030 vero
2616 4990 2749 5046 eam;
2784 4976 2865 5046 sic
2912 4976 3143 5031 violaret
3188 4976 3433 5046 improba

1865 5064 2076 5111 manus,
2105 5048 2158 5102 in
2190 5046 2431 5102 delendis
2458 5045 2701 5101 formulis
2728 5044 2977 5099 finalibus
2992 5060 3082 5100 ars
3128 5060 3232 5099 non
3263 5044 3441 5111 potuit

1866 5118 2142 5183 adhiberi;
2164 5118 2287 5171 inde
2309 5116 2642 5171 remanentia
2670 5115 2932 5169 exstantis
2959 5116 3087 5170 olim
3109 5114 3431 5183 Arnulphini

1863 5187 2171 5257 diplomatis
2202 5187 2373 5257 signa.
2398 5184 2632 5257 Probant
2670 5184 2785 5257 hzec
2814 5185 2954 5238 inter
2981 5184 3086 5238 alia
3127 5194 3434 5257 caracteres

1864 5254 2083 5320 diversi,
2123 5254 2424 5310 litterarum
2468 5255 2658 5309 ductus
2698 5254 2824 5317 alii,
2853 5262 3211 5309 atramentum
3262 5254 3435 5323 magis

1864 5327 2162 5397 nigricans,
2202 5326 2397 5397 littera:
2434 5325 2756 5397 crassiores.
2819 5323 3054 5397 Probant
3094 5324 3147 5377 in
3187 5324 3437 5397 numeris

1863 5391 2198 5452 ncccexxxix
2222 5394 2626 5449 deletazlitterze
2666 5410 2752 5455 ιχ,
2786 5401 2844 5447 ut
2898 5393 3024 5448 inde
3072 5391 3432 5448 conﬁceretur

1863 5481 2038 5520 annus
2067 5480 2344 5523 ncccxux.
2379 5478 2486 5532 quo
2521 5464 2654 5518 vixit
2703 5462 3005 5517 Ludovicus
3049 5461 3197 5532 Pius.
3229 5462 3439 5516 Probat

1864 5536 2072 5590 deletus
2102 5549 2291 5604 annus,
2321 5531 2427 5602 quo
2448 5532 2831 5604 designabatur
2858 5547 3104 5604 regnum.
3136 5531 3336 5604 Probat
3378 5540 3433 5585 ct

1864 5606 2039 5674 ipsum
2071 5601 2351 5673 sigillum,
2384 5601 2537 5670 cuius
2571 5601 2829 5674 'protome
2854 5601 3131 5674 eleganter
3170 5603 3441 5674 impressa

1864 5671 1917 5729 et
1945 5671 2148 5745 Optime
2173 5683 2490 5745 conservata
2530 5671 2612 5727 est
2640 5673 2693 5725 in
2721 5686 2859 5745 cera‘
2884 5671 3005 5745 alba
3041 5673 3197 5745 :_sed
3238 5671 3432 5745 littenn

1866 5740 2010 5799 circa
2033 5754 2195 5813 caput
2227 5743 2443 5812 scripta:
2476 5752 2601 5813 sunt
2626 5756 2818 5797 erasm.
2844 5741 2897 5795 ld
2922 5750 3036 5795 arte
3062 5740 3190 5813 fecit
3230 5742 3433 5813 charta:

1867 5810 2167 5885 corruptor,
2200 5828 2266 5867 nc
2293 5810 2351 5867 in
2373 5812 2546 5883 sigillo
2570 5812 2905 5881 detegeretur
2925 5826 3117 5866 nomen
3148 5810 3427 5877 Arnnlphi.
