3924 6318
496 420 629 475 “85

1632 409 1956 467 LUDOVlCl
1993 412 2013 465 ι
2053 408 2521 468 COGNOMENTO
2554 407 2641 463 Pll

3642 405 3774 462 “81

493 529 794 605 dignitatis]
819 546 1069 602 persona,
1092 530 1157 585 de
1185 530 1389 585 eisdem
1421 531 1579 585 rebus
1611 531 1813 599 aliquid
1856 530 2069 584 abstra-
2100 536 2151 593 Α
2177 528 2491 583 monasterii
2543 526 2715 581 sancti
2747 525 3025 579 Pliiliberti
3061 525 3274 595 patroni
3312 526 3488 580 nostri
3535 536 3591 581 et
3639 543 3777 596 pne-

493 628 623 682 here
651 634 746 679 aut
783 620 1049 689 minuere,
1080 622 1162 677 vel
1189 624 1244 677 in
1274 620 1409 677 alios
1438 637 1569 677 usus
1599 632 1911 691 retorquere
1941 636 2079 692 pra:-

493 722 691 770 sumat.
724 712 963 780 Quorum
993 713 1305 781 petitionem
1352 711 1553 782 justam
1602 727 1664 767 ac
1705 710 2076 765 rationabilem

485 803 812 873 iudicantes,
843 806 943 858 bos
974 804 1279 872 imperiales
1322 805 1502 873 apices
1532 812 1749 858 nostros
1803 801 2077 855 ﬁrmitatis

495 895 666 965 gratia
696 895 843 949 circa
866 909 1051 949 servos
1080 893 1174 949 Dei
1204 893 1403 948 ibidem
1428 909 1528 963 per
1556 902 1799 962 tempora
1845 890 2078 945 labentia

495 988 751 1057 degentes
782 986 897 1041 ﬁeri
919 986 1206 1056 jussimus,
1235 1001 1331 1055 per
1360 1001 1496 1055 quos
1524 985 1866 1040 decernimus
1917 993 2079 1052 atque

494 1078 819 1131 omnimodis
846 1078 1119 1133 sancimus
1149 1086 1206 1131 ut
1232 1077 1418 1155 nullus
1452 1086 1629 1132 rector
1670 1076 1915 1147 praedicti
1959 1091 2078 1130 mo-

495 1170 741 1235 nasterii,
783 1177 875 1223 aut
903 1169 1137 1223 ministri
1165 1166 1301 1237 ejus,
1328 1170 1393 1224 de
1427 1171 1587 1224 rebus
1638 1185 1773 1238 quas
1820 1170 2080 1223 moderno

494 1268 738 1327 tempore
768 1260 822 1313 in
855 1260 1185 1327 quibuslibet
1211 1260 1362 1329 pagis
1380 1268 1435 1313 et
1480 1260 1774 1314 territoriis
1805 1258 1947 1312 infra
1997 1258 2082 1311 di—

496 1351 697 1405 tionem
728 1352 940 1420 imperii
973 1352 1142 1405 nostri
1171 1352 1239 1407 ad
1260 1368 1389 1406 usus
1416 1360 1469 1407 et
1499 1352 1702 1406 victum
1730 1361 1890 1420 atque
1917 1353 2081 1406 vesti-

494 1449 737 1495 mentum
767 1436 956 1495 eorum
981 1441 1205 1506 habent,
1237 1456 1464 1511 quarum
1494 1443 1610 1496 hmc
1660 1450 1787 1496 sunt
1811 1441 2032 1495 nomina
2064 1458 2079 1494 :

492 1531 884 1586 Cininicurtem
932 1548 1055 1587 cum
1079 1531 1355 1597 Bronoilo,
1406 1532 1810 1587 Aldulﬁcurtem
1832 1573 1845 1598 ,
1880 1531 2079 1597 Valles,

493 1621 870 1689 Drusciacum,
918 1622 1310 1677 Novamvillam
1337 1665 1350 1690 ,
1393 1624 1925 1695 Mons~Angelorum,
1966 1624 2083 1679 Wi-

495 1714 819 1778 berentium,
868 1715 1158 1785 Bagardas,
1201 1714 1570 1780 Curticellam,
1613 1714 1783 1781 Crux,
1811 1716 2083 1785 Langora—

494 1812 629 1868 tum,
658 1800 952 1875 Altegiam,
983 1805 1279 1870 Sidrutem,
1325 1806 1629 1870 Niviellam,
1663 1807 1904 1871 Verculf,
1944 1807 2086 1863 Con-

493 1892 696 1955 cilium,
751 1894 1303 1960 Rocconis-Montem,
1342 1895 1542 1961 Maris;
1575 1896 1659 1951 vel
1714 1897 1973 1973 quidquid
2016 1898 2085 1952 ad
2113 1911 2159 1969 Β

493 1983 809 2052 supradicta
838 1984 953 2039 loca
980 1986 1235 2054 praesenti
1270 1995 1511 2056 tempore
1548 1986 1697 2055 juste
1743 1995 1797 2041 et
1840 1986 2086 2057 legaliter

493 2073 739 2143 aspicere
785 2074 1024 2140 videtur,
1067 2076 1269 2146 aliquid
1313 2077 1630 2132 abstrahere
1671 2087 1764 2131 aut
1798 2078 2080 2143 minuere,

495 2170 591 2217 aut
624 2163 679 2217 in
710 2162 850 2218 alios
876 2180 1007 2220 usus
1030 2174 1373 2237 convertere,
1431 2175 1525 2221 aut
1552 2175 1791 2237 paratas,
1829 2168 2085 2242 aut_'lidi-

492 2256 755 2321 monium,
784 2264 878 2309 aut
914 2257 1268 2324 hostilicinm,
1317 2269 1409 2313 aut
1436 2259 1571 2315 alias
1594 2260 1863 2328 quaslibet
1908 2259 2086 2313 redhi-

490 2346 726 2401 bitiones
748 2346 968 2417 exigere
997 2356 1363 2403 autexactare
1376 2357 1669 2419 praesumat
1690 2368 1701 2401 :
1720 2348 1815 2403 sed
1838 2363 1903 2402 eo
1925 2348 2085 2402 modo

493 2444 659 2505 atque
686 2444 874 2491 tenore
903 2452 1009 2505 quo
1026 2452 1170 2491 nunc
1195 2439 1507 2503 statuimus,
1532 2445 1751 2492 teneant
1776 2444 1937 2504 atque
1961 2451 2086 2505 pos-

494 2527 735 2593 sideant,
760 2526 833 2580 ita
862 2527 1062 2581 nostris
1095 2535 1150 2580 et
1183 2527 1378 2581 futuris
1418 2515 1753 2595 temporibus
1781 2540 1972 2580 secure
2010 2532 2090 2578 at-

492 2630 598 2686 que
628 2616 808 2685 quiete
833 2615 1149 2670 habeantet
1176 2616 1454 2681 fruantur;
1487 2624 1757 2686 quatenus
1788 2616 1936 2685 ipsos
1971 2630 2086 2669 ser-

493 2720 590 2760 vos
619 2705 712 2761 Dei
742 2706 797 2759 in
821 2707 1081 2774 praedicto
1097 2707 1426 2761 monasterio
1448 2706 1771 2761 famulantes
1796 2722 1895 2776 pro
1907 2706 2083 2773 nobis,

493 2795 720 2868 conjuge
748 2798 1015 2867 proleque
1043 2807 1247 2861 nostra,
1282 2808 1445 2867 atque
1467 2798 1760 2854 stabilitate
1786 2798 1953 2853 totius
1980 2798 2085 2851 im-

493 2886 632 2955 perii
662 2887 837 2941 nostri
867 2887 1135 2957 perpetim
1163 2886 1258 2941 Dei
1286 2888 1715 2942 misericordiam
1745 2902 1974 2943 exorare
1999 2886 2090 2942 de-

502 2977 683 3031 lectet.
734 2977 803 3031 Et
846 2990 905 3031 ut
960 2979 1076 3034 haec
1124 2979 1421 3035 auctoritas
1465 2995 1563 3051 per
1610 2978 1787 3033 futura
1845 2987 2087 3048 tempora

496 3068 860 3124 inviolabilem
887 3078 1050 3141 atque
1072 3071 1446 3126 inconvulsam
1477 3070 1715 3125 obtineat
1745 3070 2082 3138 ﬁrmitatem,

498 3173 661 3212 manu
688 3160 911 3228 propria
940 3160 1485 3227 subterﬁrmavimus,
1505 3170 1560 3215 et
1588 3161 1771 3215 annuli
1797 3162 1968 3217 nostri
1989 3162 2089 3217 im-

498 3248 781 3319 pressione
818 3251 1020 3320 signari
1046 3250 1307 3318 jussimus
1328 3285 1349 3307 .

571 3339 797 3411 Signum
825 3324 1085 3397 L'udovici
1113 3344 1454 3407 serenissimi,
1476 3345 1834 3413 imperatoris.

571 3430 703 3485 Data
744 3448 805 3487 ιιι
844 3431 981 3487 Νοη.
1032 3432 1253 3501 Aprilis,
1312 3450 1454 3488 anno
1491 3434 1708 3490 Christo
1742 3436 1973 3505 propitio
2015 3434 2084 3489 27

502 3521 717 3590 imperii
771 3522 974 3576 domini
1022 3522 1280 3578 Ludovici
1334 3525 1561 3593 piissimi
1612 3525 1877 3594 Augusti,
1940 3526 2084 3580 indi-

501 3611 682 3665 ctione
720 3613 772 3668 8.
803 3611 998 3666 Actum
1048 3615 1382 3668 monasterio
1418 3613 1477 3669 S.
1516 3614 1789 3669 Gualarici
1832 3615 2080 3671 feliciter.

502 3699 695 3754 Amen.

573 3791 861 3846 Durandus
898 3791 1159 3847 diaconus
1190 3795 1258 3848 ad
1302 3793 1476 3848 vicem
1499 3793 1768 3864 Fridugisi
1800 3797 2082 3866 recognovi

504 3888 558 3935 et
587 3880 901 3950 subscripsi.

1229 3950 1334 4005 CLI

699 4034 799 4074 Ριιο
836 4034 1059 4073 ιιειιειηςι
1100 4036 1143 4075 S.
1189 4038 1491 4076 PlllLlBEBTI
1533 4038 1886 4081 MONASTERIO.

1117 4109 1289 4179 (Anno
1315 4110 1466 4182 850.)

504 4198 682 4271 [Apud
704 4199 767 4252 D.
794 4199 1057 4271 Bouquct.
1072 4200 1235 4271 jbitl.,
1261 4216 1327 4254 ex
1345 4204 1557 4259 schedis
1586 4221 1714 4260 mss.
1747 4206 2088 4264 bibliothecae

965 4267 1022 4323 S.
1058 4268 1315 4324 Germani
1346 4289 1373 4326 a
1402 4272 1625 4345 Pratis.]

573 4358 629 4411 In
651 4358 868 4413 nomine
904 4359 1117 4413 Domini
1168 4361 1260 4414 Dei
1314 4369 1369 4415 et
1414 4362 1712 4418 Salvatoris
1748 4368 1919 4421 nostri
1960 4366 2088 4422 Jesu

504 4448 725 4512 Christi,
775 4447 1081 4505 Ludovicus
1125 4460 1179 4505 et
1226 4451 1513 4509 Lotbarius
1569 4457 1750 4511 divina
1806 4460 2089 4515 ordinante

504 4537 843 4608 providentia
873 4539 1230 4610 imperatores
1262 4542 1509 4613 Augusti.

574 4626 634 4682 Si
661 4628 805 4683 enim
837 4644 866 4683 a
902 4629 1014 4685 Deo
1043 4632 1199 4687 nobis
1237 4634 1489 4690 collatam
1526 4645 1847 4707 potestatem
1893 4642 2089 4699 divinis

502 4718 739 4774 cultibus
766 4717 1016 4774 famulari
1056 4719 1304 4788 facimus,
1333 4734 1387 4779 et
1414 4725 1511 4780 Dei
1546 4743 1850 4797 servorum,
1882 4746 2004 4786 cum
2033 4732 2089 4787 in

505 4811 608 4865 hoc
649 4810 846 4865 szeculo
890 4812 1126 4883 maligno
1168 4814 1328 4883 positi
1380 4830 1586 4883 sumus,
1631 4819 1866 4889 quietem
1898 4831 2087 4879 nostro

504 4902 1095 4983 studioprocuramus,
1135 4911 1196 4957 ut
1236 4904 1485 4960 videlicet
1537 4923 1569 4961 a
1614 4910 1798 4963 mundi
1833 4913 2088 4980 procellis

504 5003 603 5058 per
620 4996 866 5041 nostram
887 4990 1280 5057 providentiam
1304 5004 1564 5063 quantum
1588 4996 1641 5050 in
1675 4997 1831 5053 nobis
1858 5007 1959 5062 est,
1984 5002 2087 5063 tuti

505 5079 761 5143 residere,
794 5085 849 5133 et
891 5079 1061 5135 libere
1099 5097 1253 5136 suam
1281 5085 1671 5154 professionem
1710 5095 1917 5154 tenere,
1948 5089 2087 5145 Deo-

506 5182 610 5236 que
656 5158 1011 5222 sanctissimis
1057 5169 1340 5225 desideriis
1387 5188 1451 5226 ac
1496 5175 1602 5241 piis
1648 5176 1841 5229 studiis
1893 5178 2089 5231 devota

506 5256 917 5324 tranquillitate,
944 5259 1166 5313 remotis
1194 5263 1687 5330 perturbationibus
1720 5268 1921 5332 saeculi,
1944 5266 2087 5339 jugi-

506 5353 590 5399 ter
616 5345 882 5401 inhzerere
901 5346 1146 5415 valeant;
1172 5349 1224 5403 id
1248 5352 1403 5406 nobis
1428 5353 1495 5406 ad
1518 5352 1612 5407 Dei
1658 5355 2086 5413 misericordiam

505 5438 940 5505 promerendam,
975 5448 1029 5494 et
1058 5440 1125 5494 ad
1148 5441 1435 5495 criminum
1464 5452 1772 5499 nostrorum
1795 5447 2086 5503 absolutio-

506 5542 653 5591 nem,
694 5531 779 5581 vel
804 5529 871 5583 ad
900 5530 1050 5598 regni
1098 5532 1269 5585 nostri
1300 5533 1646 5589 stabilitatem
1672 5538 1944 5605 pertinere
1978 5556 2083 5594 non

506 5618 847 5687 ambigimus.
873 5618 1039 5690 Igitur
1060 5630 1246 5675 notum
1268 5622 1339 5676 sit
1354 5624 1602 5679 omnibus
1622 5624 1867 5681 ﬁdelibus
1887 5638 2087 5684 sancta:

509 5705 602 5758 Dei
633 5704 886 5762 Ecclesiae
917 5724 979 5763 ac
1006 5711 1226 5770 nostris,
1248 5713 1607 5779 prtcseutibus
1630 5715 1836 5771 scilicet
1863 5727 1915 5771 et
1942 5718 2085 5773 futu-

508 5794 605 5860 ris,
633 5795 864 5864 qualiter
887 5797 969 5849 vir
999 5799 1319 5853 venerabilis
1341 5799 1482 5855 Atho
1511 5804 1780 5871 quondam
1804 5805 2086 5874 episcopus

2178 619 2466 674 clarissimi
2497 616 2822 673 confessoris
2861 615 3083 681 Christi,
3127 617 3273 687 quod
3313 625 3398 671 est
3432 618 3599 671 situm
3632 627 3688 672 et
3711 621 3780 675 ab

2177 724 2241 764 eo
2268 716 2636 775 constructum
2661 709 2716 762 in
2738 707 2899 762 Herio
2925 708 3093 762 maris
3121 707 3321 773 insula,
3348 722 3447 778 per
3469 708 3779 779 largitatem

2178 811 2378 856 sanctae
2406 799 2793 856 recordationis
2818 799 3001 854 domui
3027 799 3204 855 Caroli
3229 800 3495 870 genitoris
3521 802 3699 855 nostri
3730 812 3784 855 et

2177 890 2611 961 praestantissimi
2662 886 3006 960 imperatoris
3064 888 3192 961 [est]
3243 890 3496 960 adeptus,
3548 900 3615 945 ut
3650 893 3783 947 ordo

2179 984 2463 1052 regularis,
2492 982 2585 1050 qui
2609 982 2736 1037 olim
2762 982 2815 1035 in
2845 982 3035 1036 eodem
3067 981 3186 1036 loco
3218 997 3249 1035 a
3282 981 3513 1052 pnefato
3541 985 3781 1038 sanctis-

2180 1074 2320 1128 simo
2364 1075 2479 1128 viro
2525 1074 2821 1137 institutus,
2870 1080 2925 1125 et
2986 1072 3169 1126 multis
3215 1082 3400 1141 postea
3442 1073 3783 1144 temporibus

2180 1152 2525 1218 laudabiliter
2549 1178 2614 1217 ac
2642 1164 2897 1217 decenter
2924 1172 3297 1228 conservatus,
3336 1174 3390 1217 et
3428 1165 3639 1233 partim
3691 1179 3785 1235 per

2182 1263 2455 1325 torporem
2497 1255 2932 1324 praepositorum,
2975 1254 3172 1323 partim
3205 1269 3332 1308 vero
3362 1270 3458 1323 per
3488 1255 3779 1324 segnitiem

2184 1344 2554 1412 subjectorum
2604 1341 2780 1396 fuerat
2821 1342 3166 1418 depravatus.
3203 1344 3270 1397 ad
3304 1343 3603 1412 pristinum
3632 1359 3784 1399 revo-

2184 1444 2405 1489 caretur
2426 1421 2626 1489 statum
2653 1454 2665 1487 :
2696 1435 2875 1488 divino
2912 1434 3217 1488 admonitus
3245 1434 3528 1500 instinctu,
3561 1443 3621 1490 et
3640 1437 3785 1490 viro-

2186 1539 2305 1579 rum
2348 1525 2721 1596 religiosorum
2768 1526 3095 1587 admigniculo
3137 1525 3408 1593 suffultus,
3441 1543 3544 1597 pro
3578 1530 3785 1585 viribus

2186 1627 2433 1687 satagere
2474 1617 2708 1683 curavit,
2735 1624 2789 1670 et
2818 1617 3079 1686 genitoris
3117 1618 3288 1672 nostri
3323 1633 3389 1672 ac
3416 1628 3697 1683 nostrum,
3725 1626 3781 1674 ut

2186 1707 2303 1777 ejus
2330 1707 2419 1776 pia
2443 1707 2659 1761 devotio
2689 1705 2941 1761 effectum
2969 1707 3265 1773 obtineret,
3285 1709 3506 1763 obnixis
3529 1710 3785 1779 precibus

2189 1798 2451 1852 auxilium
2484 1798 2812 1867 imploravit.
2846 1797 2950 1851 Sed
2982 1798 3105 1867 quia
3132 1798 3449 1868 priusquam
3475 1799 3596 1868 ejus
3625 1803 3785 1856 ratio-

2188 1887 2384 1941 nabilis
2415 1887 2710 1955 postulatio
2736 1896 2791 1942 et
2818 1888 2907 1956 pia
2931 1888 3149 1943 devotio
3173 1899 3342 1943 et.....
3376 1898 3629 1959 optatum
3652 1891 3786 1947 obti-

2186 1989 2342 2035 neret
2368 1978 2617 2034 effectum
2638 2021 2651 2043 ,
2696 1979 2837 2035 idem
2863 1980 3150 2050 episcopus
3184 1980 3325 2035 diem
3364 1981 3568 2037 clausit
3606 1992 3783 2038 extre-

2186 2087 2374 2137 mum;
2409 2079 2466 2126 et
2507 2071 2675 2126 variis
2710 2071 3115 2143 emergentibus
3156 2073 3357 2139 causis,
3396 2072 3646 2141 ejusdem
3686 2075 3785 2131 loci

2187 2161 2536 2231 congregatio
2556 2162 2591 2214 a
2618 2160 2701 2214 sui
2726 2160 2993 2230 propositi
3017 2161 3399 2216 observatione
3424 2163 3617 2217 multis
3639 2178 3783 2218 oeca-

2188 2252 2430 2306 sionibus
2458 2252 2888 2321 praepedita......
2942 2268 3127 2307 amore
3156 2267 3445 2319 succensa,
3486 2269 3553 2309 ac
3578 2255 3787 2311 ferven-

2187 2344 2399 2399 tissimo
2444 2346 2712 2400 desiderio
2742 2346 2909 2415 ignita
2931 2386 2944 2406 ,
2971 2345 3222 2415 spiritali,
3252 2355 3312 2401 ut
3338 2349 3415 2401 ita
3446 2348 3653 2413 dicam,
3681 2350 3787 2403 vio-

2188 2432 2351 2487 lentia
2373 2434 2777 2488 niteretur......
2809 2443 3031 2504 ceperat
3073 2450 3137 2490 ac
3163 2435 3275 2491 Deo
3298 2435 3608 2492 devoverat
3633 2452 3783 2509 regu-

2186 2522 2358 2577 larem
2384 2522 2800 2592 professionem,
2842 2525 2976 2580 adeo
3012 2533 3073 2579 ut
3102 2524 3249 2581 nulla
3287 2527 3553 2596 qualibet
3580 2536 3783 2599 tempe-

2187 2614 2327 2668 stiva
2373 2614 2555 2669 surculi
2597 2617 2934 2685 perturbatio
2982 2606 3067 2672 vél
3106 2618 3417 2686 persecutio
3466 2626 3657 2688 posset
3698 2634 3783 2675 eos

2187 2707 2566 2775 quoquomodo
2610 2708 2954 2777 compellere,
2981 2718 3039 2762 ut
3080 2724 3110 2761 a
3148 2723 3247 2763 suo
3276 2709 3624 2764 exorbitaret
3667 2726 3783 2781 pro-

2186 2795 2382 2864 posito.
2402 2834 2415 2847 .
2438 2833 2451 2849 .
2477 2834 2490 2847 .
2513 2834 2526 2848 .
2553 2834 2565 2848 .
2594 2794 2919 2864 illorumque
2949 2795 3389 2851 tribulationibus
3429 2798 3785 2867 spiritualiter

2187 2887 2481 2957 compassi,
2511 2888 2636 2957 quia
2656 2888 2857 2943 mundo
2876 2891 3076 2945 mortui
3098 2890 3208 2945 Deo
3225 2889 3416 2945 vivere
3447 2892 3784 2961 satagebant,

2188 2977 2423 3033 libenter
2449 2979 2528 3033 eis
2573 2987 2797 3048 propter
2835 2977 3037 3033 Christi
3083 2994 3347 3044 amorem,
3380 2980 3544 3050 cujus
3572 2982 3783 3051 vestigia

2187 3068 2341 3138 sequi
2364 3069 2746 3124 ardentissime
2768 3070 3189 3135 contendebant,
3211 3069 3476 3125 auxilium
3501 3072 3585 3127 eis
3604 3088 3785 3143 oppor-

2187 3168 2377 3214 tunum
2401 3162 2835 3229 praebuimus,.et
2861 3170 3101 3232 optatam
3125 3162 3230 3217 illis
3255 3163 3499 3233 quietem
3525 3179 3591 3219 ac
3633 3164 3784 3220 liber-

2116 3264 2159 3325 ρ
2195 3256 2359 3303 tatem
2393 3234 2779 3323 [indulsimus],
2813 3260 2975 3321 atque
3000 3251 3257 3314 abbatem
3282 3268 3349 3307 ex
3387 3253 3548 3322 ipsis,
3577 3253 3669 3322 qui
3700 3268 3783 3308 eos

2195 3338 2418 3412 [valeat]
2449 3356 2668 3410 regere,
2698 3342 2778 3397 eis
2806 3342 3188 3399 constituimus
3213 3360 3225 3396 :
3256 3352 3313 3398 et
3349 3352 3603 3397 nostram
3631 3344 3784 3414 impe-

2192 3431 2383 3486 rialem
2426 3433 2831 3500 auctoritatem,
2871 3450 2970 3504 per
3004 3449 3166 3502 quam
3204 3434 3345 3489 idem
3388 3436 3783 3490 monasterium

2191 3530 2246 3576 et
2272 3538 2462 3577 omnes
2489 3538 2579 3577 res
2608 3525 2676 3578 ad
2702 3539 2826 3578 eum
2857 3523 3078 3596 [ipsum]
3102 3522 3247 3592 juste
3283 3525 3647 3594 pertinentes,
3672 3541 3783 3580 curn

2191 3611 2339 3665 Omni
2372 3611 2707 3682 integritate,
2738 3613 2847 3668 sub
2868 3621 3051 3667 nostra
3074 3626 3569 3684 successorumque
3592 3622 3784 3670 nostro-

2190 3704 2311 3756 rum
2343 3703 2656 3771 plenissima
2682 3703 2995 3759 defensione
3021 3711 3077 3758 et
3104 3705 3450 3761 immunitate
3476 3717 3539 3761 et
3566 3707 3782 3761 mitione

2190 3793 2580 3862 perpetualiter
2605 3795 2986 3859 consisterent,
3017 3793 3133 3848 ﬁeri
3164 3795 3430 3866 jussimus
3462 3814 3477 3849 :
3506 3806 3564 3851 et
3589 3812 3658 3851 ne
3682 3797 3778 3849 ulla

2194 3881 2418 3947 tributa,
2442 3881 2610 3947 freda,
2634 3898 2820 3948 censa,
2846 3884 3243 3950 mansionatici,
3275 3886 3360 3941 vel
3389 3886 3515 3941 ulla
3538 3888 3784 3957 quaslibet

2193 3971 2583 4027 redhibitiones
2608 3973 2675 4028 ab
2717 3973 2909 4027 eodem
2956 3973 3077 4028 loco
3127 3974 3236 4029 ullo
3264 3991 3504 4045 unquam
3550 3986 3785 4048 tempore

2194 4060 2434 4129 qualibet
2462 4062 2752 4116 occasione
2781 4063 3145 4131 exigerentur,
3194 4063 3448 4121 similiter
3479 4077 3672 4121 nostra
3696 4083 3782 4121 an-

2194 4150 2445 4220 ctoritate
2476 4151 2827 4205 inhibuimus.
2854 4151 2922 4229 Et
2954 4152 3214 4221 quidquid
3240 4152 3406 4208 ﬁscus
3445 4156 3671 4229 exigere
3708 4156 3783 4211 vel

2126 4318 2129 4319 ν
2194 4254 2413 4308 sperare
2432 4248 2667 4308 poterat,
2695 4226 2945 4309 vel'quod
2967 4240 3033 4295 ad
3057 4250 3307 4296 nostrum
3333 4226 3621 4311 publicum
3642 4246 3785 4300 obseo

2195 4332 2379 4399 quium
2425 4331 2621 4405 exinde
2665 4332 2938 4401 pertinere
2980 4332 3297 4397 videbatur”,
3346 4343 3409 4387 ut
3452 4334 3513 4387 in
3560 4334 3781 4390 fratrum

2195 4422 2499 4492 stipendiis,
2539 4422 2596 4475 in
2638 4421 2967 4490 pauperibus
3004 4423 3233 4488 alendis,
3280 4425 3335 4478 in
3376 4427 3785 4482 restaurationi-

2195 4511 2411 4565 bus.....
2438 4510 2525 4565 vel
2556 4510 2912 4563 lnminaribus
2938 4511 3343 4566 concinnandis.
3356 4521 3534 4568 totum
3568 4516 3785 4570 omnino

2045 4644 2087 4674 ,ο
2114 4598 2167 4656 D
2192 4600 2432 4664 cederet,
2460 4599 2819 4653 libentissime
2845 4600 3237 4655 concessimus.
3264 4601 3332 4655 Et
3356 4610 3421 4656 ut
3448 4616 3671 4674 semper
3694 4606 3781 4659 ab-

2194 4687 2375 4741 batem
2414 4702 2482 4742 ex
2524 4687 2657 4756 ipsis
2697 4687 2932 4744 habeant
2973 4689 3249 4744 licentiam
3298 4691 3558 4762 eligendi,
3588 4696 3681 4764 qui
3710 4698 3783 4750 eis

2194 4781 2517 4851 regulariter
2536 4797 2771 4852 praeesse
2800 4789 2857 4836 et
2890 4782 3149 4851 prodesse
3181 4794 3385 4854 posset,
3434 4792 3498 4839 ut
3528 4787 3675 4842 idem
3712 4790 3782 4843 lo-

2192 4887 2288 4927 cus
2334 4872 2451 4926 sine
2490 4872 2597 4926 ulla
2648 4884 2949 4941 temporum
3005 4873 3327 4929 alteratione
3355 4874 3458 4929 sub
3483 4881 3781 4932 monastico

2191 4963 2576 5032 perpetualiter
2628 4964 2950 5018 consisteret
3002 4965 3229 5031 ordine,
3278 4966 3640 5022 nihilominus
3691 4984 3780 5038 per

2194 5064 2436 5112 nostrum
2486 5066 2813 5125 praeceptum
2869 5056 3331 5113 conﬁrmavimus.
3378 5059 3512 5114 Haec
3568 5062 3776 5130 quidem

2194 5146 2375 5198 omnia
2406 5144 2512 5198 illis
2542 5136 2890 5201 devotissime
2912 5155 3136 5217 propter
3173 5148 3267 5203 Dei
3300 5164 3546 5204 amorem
3576 5153 3777 5222 praesti-

2194 5234 2377 5299 timus,
2409 5242 2470 5288 ut
2497 5249 2526 5287 a
2562 5236 2807 5304 piissimo
2832 5236 3062 5293 Domino
3080 5246 3283 5292 aeterna
3310 5239 3467 5295 nobis
3490 5241 3547 5295 in
3576 5242 3774 5299 calcati

2188 5324 2365 5393 patria
2389 5326 2622 5394 gratuita
2641 5323 2756 5392 ejus
2776 5324 3124 5381 miseratione
3146 5327 3298 5382 ﬁeret
3318 5332 3771 5400 recompensatio,

2191 5426 2392 5480 eosque
2433 5412 2573 5481 apud
2617 5412 2855 5466 divinam
2907 5414 3250 5470 clementiam
3295 5416 3579 5485 adjutores
3618 5430 3773 5490 atqpe

2195 5504 2577 5559 intercessores
2608 5504 2931 5560 haberemus
2965 5514 3272 5577 perpetuos.
3321 5507 3430 5563 Sed
3471 5525 3600 5565 cum
3639 5512 3769 5567 idem

2194 5604 2342 5657 locus
2384 5604 2682 5673 piratarum
2722 5604 3123 5678 incursionibus
3150 5608 3484 5663 creberrime
3522 5614 3767 5681 empisset

2195 5701 2469 5766 infestari,
2515 5710 2570 5756 et
2618 5701 2719 5772 ipsi
2764 5702 3014 5756 monachi
3060 5703 3259 5757 multas
3303 5702 3763 5762 incommoditates

2195 5802 2684 5873 atque‘molestias
2726 5802 2925 5872 jugitcr
2973 5812 3190 5872 propter
3238 5805 3337 5863 hoc
3394 5818 3754 5877 paterentur:
