3924 6320
185 371 324 425 1185

1323 363 1709 419 DlPl.OMATA
1753 361 2309 420 ECCIESIASTICA.

3301 378 3435 433 H36

181 481 461 553 [cumque]
492 484 634 536 omni
666 497 804 535 anno
836 482 948 551 ipsa
976 480 1271 534 neceSsitas
1298 494 1389 535 eos
1416 478 1761 548 compulisset
1790 475 1837 532 A
1864 475 2093 543 publicis
2119 493 2182 532 ac
2211 478 2462 547 palatinis
2489 481 2632 532 omni
2663 490 2899 549 tempore
2924 484 3060 537 idem
3094 485 3241 541 locus
3280 492 3436 543 abso—

176 575 433 629 cumdem
463 574 640 629 locum
682 577 748 628 ab
789 574 939 627 initio
980 574 1129 626 verni
1180 588 1350 642 usque
1385 574 1449 625 ad
1479 573 1638 627 finem
1669 588 1761 623 au-

178 666 351 719 tomni
404 666 660 734 temporis
708 666 976 725 deserere,
1022 676 1076 716 et
1124 664 1272 731 quasi
1316 663 1610 716 desolatum
1648 662 1763 715 sine

173 751 364 806 divino
392 752 566 808 officio
592 754 913 822 relinquere,
942 762 993 806 et
1019 769 1177 807 omne
1209 754 1562 807 ministerium
1592 752 1763 807 eccle—

173 843 297 907 siae,
330 844 413 898 vel
443 846 749 899 universam
791 845 1103 899 monasterii
1153 845 1571 913 suppellectilem
1619 843 1762 897 foras

172 948 374 1003 cogere
423 951 544 989 cum
592 936 741 1004 gravi
779 935 1058 1003 dispendio
1108 945 1159 988 et
1215 935 1428 999 labore;
1457 944 1512 988 et
1555 936 1701 989 aliud
1730 949 1760 986 a

174 1040 320 1079 novo
362 1026 745 1078 monasterium
787 1035 1131 1088 construere;
1162 1042 1227 1079 ne
1260 1036 1587 1080 memoratus
1615 1026 1762 1079 locus

170 1116 397 1181 penitus
427 1115 810 1169 destitueretur
857 1116 938 1168 vel
974 1115 1361 1180 annullaretur,
1390 1126 1445 1169 et
1474 1117 1761 1169 monacho-

173 1217 304 1256 rum
331 1203 542 1257 devotio
574 1213 683 1257 tam
708 1205 913 1258 diutina
936 1206 1227 1275 agitatione
1256 1222 1519 1260 concussa
1542 1222 1601 1260 ac
1628 1223 1762 1275 pra:—

171 1293 381 1361 pedita,
415 1294 556 1361 quod
586 1295 685 1348 hac
727 1293 1027 1364 procellosa
1063 1296 1467 1363 perturbatione
1508 1310 1572 1349 ex
1609 1306 1762 1364 parte

172 1385 457 1449 amiserat,
512 1400 833 1453 recuperare
881 1386 1108 1449 valeret,
1150 1387 1422 1455 petierunt
1458 1387 1759 1441 celsitudini

170 1483 378 1527 nostra:
418 1482 477 1526 ut
526 1474 579 1527 in
628 1476 855 1529 circuitu
887 1476 1007 1529 novi
1049 1477 1357 1530 monasterii
1390 1486 1625 1530 castrum
1658 1478 1761 1531 illis

170 1562 296 1618 ﬁeri
338 1567 791 1635 permitteremus,
831 1573 888 1618 ut
934 1567 985 1619 in
1012 1582 1075 1620 eo
1115 1568 1212 1619 tuti
1250 1577 1469 1637 possent
1492 1568 1677 1621 eodem
1706 1569 1757 1621 in

170 1650 316 1718 loco,
362 1654 451 1707 ubi
499 1655 887 1724 professionem
942 1658 1242 1725 regularem
1290 1658 1551 1721 fecerant,
1602 1672 1757 1710 suum

168 1744 511 1811 propositum
541 1745 848 1806 observare,
888 1756 941 1800 et
962 1757 1143 1815 optata
1174 1748 1283 1801 Deo
1326 1748 1618 1801 miserante
1653 1747 1757 1800 frui

1867 564 2007 619 Intus
2032 579 2175 621 esset
2213 582 2309 635 per
2336 569 2477 623 hanc
2503 580 2740 625 nostram
2774 574 3236 631 confirmationem
3265 583 3439 634 modis

1865 655 2133 720 omnibus,
2162 673 2390 725 cumque
2416 674 2593 712 rerum
2635 676 2855 714 suarum
2888 664 3193 735 integritate
3223 668 3442 723 irrefra-

1865 746 2112 813 gabiliter
2142 750 2421 811 consistat,
2467 752 2582 805 sine
2622 753 2726 805 ulla
2769 755 3009 821 qualibet
3052 758 3439 825 inquietudine.

1865 834 2234 903 infestatione,
2269 840 2353 892 vel
2384 841 2666 909 cujuslibet
2706 844 3081 898 redhibitionis
3127 849 3439 909 exactione;

1866 936 1923 976 ut
1958 928 2025 979 ab
2051 930 2298 983 omnibus
2330 931 2729 999 impedimentis
2757 935 2938 987 mundi
2972 938 3216 990 monachi
3242 937 3442 991 ibidem

1862 1013 1973 1066 Deo
1999 1015 2290 1071 militantes
2320 1034 2416 1086 per
2457 1029 2701 1073 nostrum
2732 1024 2967 1075 studium
2996 1024 3146 1078 liberi
3174 1041 3237 1079 ac
3273 1028 3440 1096 quieti

1862 1102 2058 1167 effecti,
2088 1106 2197 1161 Deo
2234 1110 2629 1167 ferventissime
2662 1123 2715 1165 et
2764 1104 3101 1170 laudabiliter
3148 1118 3441 1180 deservire.

1863 1203 1913 1247 et
1946 1211 2040 1263 pro
2068 1199 2221 1252 nobis
2261 1210 2315 1254 et
2360 1202 2508 1268 prole
2537 1212 2744 1265 nostra,
2788 1206 2873 1259 vel
2903 1206 3065 1259 etiam
3099 1209 3263 1263 totius
3293 1212 3441 1279 regni

1863 1286 2153 1341 stabilitate
2184 1288 2408 1343 internis
2436 1293 2573 1345 votis
2604 1309 2667 1345 ac
2697 1293 2915 1365 jugibus
2945 1298 3195 1365 precibus
3226 1301 3441 1354 valeant

1864 1376 2149 1431 Dominum
2199 1396 2445 1433 exorare.
2481 1382 2545 1435 Et
2583 1391 2641 1435 ut
2680 1385 2795 1437 haec
2844 1388 3139 1441 auctoritas
3187 1398 3443 1457 perpetuo

1864 1469 2183 1527 inviolabilis
2206 1485 2531 1543 perseveret,
2554 1492 2673 1530 eam
2693 1480 2927 1548 propriis
2968 1482 3215 1535 manibus
3261 1483 3446 1535 subter

1862 1558 2230 1627 firmavimus,
2275 1581 2337 1619 ac
2389 1568 2569 1620 annuli
2613 1570 2785 1622 nostri
2840 1570 3192 1638 impressione
3240 1573 3442 1641 signari

1855 1650 2139 1718 jussimus.

1933 1739 2154 1809 Signum
2195 1744 2453 1799 Ludovici
2495 1748 2827 1802 serenissimi
2874 1750 3217 1817 imperatoris
3260 1759 3314 1804 et
3342 1751 3444 1804 Lo-

168 1834 378 1901 quiete.
417 1832 652 1899 Quorum
684 1836 1021 1903 petitionem,
1060 1837 1183 1904 quia
1209 1836 1311 1889 illis
1332 1836 1484 1891 valde
1508 1852 1759 1890 necessa-
1790 1816 1833 1872 B
1866 1832 2025 1884 lharii
2053 1832 2424 1900 gloriosissimi
2449 1836 2702 1907 Augusti.

171 1922 312 1976 riam
342 1921 655 1996 [novimus,]
689 1927 1040 1995 suscepimus,
1072 1936 1127 1980 et
1164 1937 1223 1980 ut
1267 1928 1338 1980 ita
1378 1928 1616 1980 facerent
1640 1943 1761 1995 pcr—

168 2012 440 2067 misimus.
476 2014 645 2067 Porro
681 2015 857 2067 divina
894 2016 1248 2083 opitulatione
1278 2016 1331 2069 in
1369 2015 1603 2070 fidelium
1642 2016 1759 2069 fulti

167 2101 460 2171 adjutorio,
504 2104 1004 2173 instantissimoque
1047 2106 1223 2159 studio
1263 2113 1422 2173 prout
1470 2114 1761 2174 potuerunt

167 2195 438 2263 adhibito,
490 2197 631 2250 idem
684 2214 818 2266 opus
864 2198 931 2250 ad
983 2198 1229 2250 effectum
1280 2199 1389 2251 Deo
1437 2206 1760 2267 c00perante

166 2286 491 2355 perductum
521 2294 623 2340 est.
656 2286 762 2341 Sed
790 2294 847 2339 ut
873 2287 1009 2340 idem
1039 2303 1174 2353 opus
1204 2295 1475 2355 patratum
1504 2287 1633 2339 utile
1676 2286 1761 2339 fo-

168 2386 277 2443 ret,
308 2386 360 2431 et
386 2378 450 2431 ab
473 2377 874 2431 incursionibus
902 2378 1240 2431 inimicorum
1264 2386 1435 2430 tutum
1459 2378 1759 2431 consistere

169 2464 407 2530 valeret,
454 2468 728 2535 petierunt
775 2468 972 2521 obnixe
1026 2476 1084 2520 ut
1138 2467 1523 2521 concederetur
1574 2467 1677 2519 illis
1728 2482 1758 2519 a

166 2565 357 2610 nostra
404 2558 713 2619 serenitate,
759 2565 817 2609 ut
868 2556 1116 2609 homines
1144 2555 1381 2623 ejusdem
1420 2557 1754 2621 monasterii,

165 2644 285 2699 sive
316 2644 469 2698 liberi
504 2645 618 2699 sive
648 2646 808 2709 servi,
843 2645 909 2698 ad
941 2660 1060 2698 eum
1089 2644 1475 2714 perpetualiter
1502 2645 1758 2698 tuendum

165 2735 480 2803 specialiter
510 2737 920 2805 deputarentur,
969 2743 1023 2789 et
1052 2736 1118 2789 ab
1166 2735 1285 2788 aliis
1329 2734 1557 2802 publicis
1603 2736 1760 2788 obse-

165 2824 314 2892 quiis
345 2839 442 2892 per
474 2833 714 2878 nostram
746 2824 1052 2891 largitatem
1085 2824 1351 2877 immunes
1375 2823 1753 2877 consisterent.

167 2913 371 2987 [Quod]
421 2916 652 2970 libenter
701 2924 918 2984 propter
945 2916 1325 2984 praedictorum
1353 2931 1628 2969 servorum
1660 2915 1755 2969 Dei

164 3006 408 3075 quietem
458 3008 840 3067 concessimus,
884 3016 1043 3076 atque
1072 3017 1129 3061 ut
1160 3008 1231 3061 ita
1264 3010 1317 3061 in
1357 3008 1595 3061 futurum
1625 3024 1754 3062 con-

164 3108 500 3162 servaretur,
522 3112 618 3167 per
644 3100 783 3153 hanc
806 3108 1043 3153 nostram
1068 3100 1444 3153 auctoritatem
1467 3100 1754 3154 confirma-

164 3188 369 3253 vimus,
403 3189 526 3257 quia
572 3189 756 3243 utilius
800 3189 872 3243 ita
904 3189 1022 3244 fieri
1062 3189 1445 3257 judicavimus,
1491 3201 1755 3259 quatenus

164 3293 389 3348 semper
426 3294 527 3349 par
573 3278 807 3333 fidelium
848 3288 1157 3333 nostrorum
1201 3282 1269 3334 ad
1300 3282 1545 3335 eumdem
1578 3280 1754 3335 locum

163 3370 669 3425 custodiendum...
702 3380 756 3424 et
802 3371 943 3424 idem
990 3371 1139 3425 locus
1179 3372 1279 3425 hac
1313 3373 1597 3426 occasione
1650 3389 1755 3426 non

164 3460 387 3531 penitus
411 3460 798 3514 destrueretur.
828 3460 1060 3515 Proinde
1100 3462 1197 3515 hos
1241 3462 1547 3529 imperiales
1577 3465 1758 3531 apices

164 3548 221 3604 ei
249 3546 389 3603 ﬁeri'
416 3549 776 3615 decrevimus,
822 3567 917 3618 per
962 3566 1099 3619 quos
1146 3552 1416 3616 omnibus,
1456 3554 1595 3607 sicut
1625 3570 1760 3622 prce-

164 3637 396 3691 missum
426 3646 529 3702 est,
565 3647 746 3691 notum
796 3638 1044 3704 facimus,
1078 3641 1200 3709 quia
1250 3642 1519 3707 volumus,
1551 3652 1605 3696 et
1643 3658 1759 3696 om-

163 3729 299 3784 nino
326 3738 430 3783 uta
453 3730 858 3784 successoribus
883 3732 1084 3785 nostris
1104 3742 1457 3786 conservetur
1484 3748 1757 3803 rogamus,

165 3829 229 3873 ut
280 3814 638 3874 memoratum
694 3821 1082 3875 monasterium
1139 3820 1360 3891 ejusque
1416 3824 1759 3892 congregatio

166 3910 271 3965 sub
299 3909 519 3977 speciali
540 3916 723 3963 nostra
745 3924 774 3961 a
798 3924 1171 3963 successorum
1195 3918 1509 3964 nostrorum
1533 3913 1760 3966 tuitione

165 4007 331 4069 atque
390 3999 699 4054 defensione
750 4000 1047 4066 consistat,
1105 4011 1160 4055 et
1223 4003 1570 4071 peculiariter
1622 4019 1757 4072 quo-

166 4089 458 4143 dammodo
486 4096 717 4155 tueatur,
742 4098 796 4143 ct
817 4097 1013 4143 cuncta
1038 4105 1156 4158 qua:
1177 4090 1250 4143 illi
1278 4102 1499 4160 propter
1521 4092 1757 4145 divinum

168 4194 410 4234 amorem
444 4180 831 4243 concessimus,
865 4189 919 4234 et
942 4196 1037 4249 per
1058 4181 1160 4233 alia
1186 4190 1372 4233 nostra
1396 4182 1601 4248 scripta
1629 4196 1759 4234 con-

166 4270 528 4334 firmavimus,
562 4271 943 4325 inviolabiliter
982 4279 1392 4335 conserventur,
1426 4280 1480 4324 et
1510 4272 1759 4326 homines

164 4363 412 4434 ejusdem
439 4364 773 4427 monasterii,
812 4364 925 4417 sive
961 4362 1116 4415 liberi
1148 4364 1239 4431 qui
1268 4363 1533 4418 beneficia
1560 4363 1758 4416 exinde

166 4455 389 4518 habere,
418 4454 502 4507 vel
531 4468 690 4522 super
715 4452 831 4521 ejus
862 4461 1036 4508 terras
1066 4469 1411 4509 commanere
1438 4463 1754 4517 noscuntur,
1788 4492 1836 4552 Ι)

165 4546 285 4601 sive
330 4544 507 4599 coloni
558 4545 641 4621 vel
691 4545 831 4597 servi
870 4544 936 4597 ad
990 4560 1113 4598 eum
1150 4542 1298 4611 juste
1329 4546 1681 4613 pertinentes,
1722 4559 1752 4596 a

168 4636 379 4692 cunctis
422 4636 651 4705 publicis
681 4635 952 4705 obsequiis
986 4638 1051 4689 ad
1083 4651 1181 4689 nos
1220 4636 1616 4704 pertinentibus
1647 4636 1749 4689 im-

166 4741 361 4782 munes
393 4726 460 4779 ad
504 4726 787 4780 tuitionem
820 4726 1064 4795 ejusdem
1097 4726 1201 4780 loci
1225 4726 1306 4780 vel
1334 4726 1610 4779 servitium
1641 4741 1751 4778 mc-

167 4826 394 4873 moratze
437 4817 869 4887 congregationis
914 4817 1059 4870 omni
1100 4826 1338 4885 tempore
1382 4818 1509 4881 sint,
1549 4818 1751 4885 absque

166 4908 396 4978 alicujus
453 4908 731 4978 imperio..
752 4947 765 4961 .
788 4948 800 4961 .
823 4949 835 4961 .
884 4916 1045 4976 atque
1098 4908 1466 4962 subtractione
1514 4909 1751 4978 deputati

168 5008 332 5069 atque
368 5000 665 5053 constituti.
695 4999 762 5051 Et
783 5000 1038 5067 quoniam
1067 4998 1275 5051 modica
1315 4999 1509 5054 exinde
1549 5014 1753 5051 annua-

168 5093 292 5155 tim,
321 5091 458 5143 dona
501 5089 814 5157 priusquam
837 5089 976 5143 idem
1008 5089 1140 5142 ordo
1172 5088 1369 5142 ibidem
1402 5090 1757 5143 constituere—

170 5191 281 5247 tur,
308 5182 456 5235 exire
483 5190 897 5244 consueverant,
926 5195 994 5235 ne
1030 5178 1169 5233 forte
1195 5180 1281 5249 pia
1312 5189 1493 5233 nostra
1521 5182 1754 5245 devotio,

169 5271 391 5327 donatio
432 5279 593 5339 atque
630 5270 945 5323 constitutio
994 5268 1173 5338 gravis
1214 5269 1279 5321 ad
1324 5266 1755 5321 conservandum

171 5362 375 5417 nostris
426 5362 828 5415 successoribus
866 5362 1174 5422 videretur,
1222 5368 1283 5413 ut
1326 5361 1500 5415 omnis
1545 5362 1758 5415 occasio

170 5452 321 5505 illam
375 5450 607 5504 violandi
663 5452 880 5520 penitus
918 5450 1260 5513 auferretur,
1314 5451 1648 5505 instituimus
1701 5460 1762 5505 ut

172 5556 267 5597 sex
296 5541 444 5595 libr-.e
493 5542 703 5611 argenti
758 5543 904 5595 omni
940 5556 1080 5595 anno
1130 5542 1193 5595 ad
1239 5543 1442 5611 regiam
1483 5558 1757 5597 cameram

170 5632 367 5685 exinde
410 5632 805 5700 persolvantur,
852 5648 915 5687 ea
965 5633 1213 5687 videlicet
1253 5633 1561 5689 conditione
1593 5643 1651 5687 ut
1691 5636 1759 5689 ab

172 5720 423 5778 omnibus
448 5722 606 5776 doliis
629 5723 711 5777 vel
740 5724 1032 5792 obsequiis,
1063 5739 1155 5777 seu
1201 5740 1232 5779 a
1268 5726 1476 5780 cunctis
1505 5725 1759 5795 operibus

1933 1924 2065 1979 Data
2104 1944 2161 1981 ut
2204 1928 2382 1983 Nonas
2410 1930 2655 1999 Augusti,
2691 1946 2830 1985 anno
2862 1932 3077 1987 Christo
3112 1934 3347 2003 propitio
3379 1935 3443 1987 l7

1862 2016 2071 2083 imperii
2122 2018 2301 2071 domni
2354 2019 2610 2075 Ludovici
2658 2022 2887 2090 piissimi
2925 2022 3172 2092 Augusti,
3204 2023 3442 2077 Lotharii

1862 2102 2092 2159 Caesaris
2118 2109 2168 2161 8.
2203 2110 2395 2161 Actum
2427 2108 2659 2164 Silviaco
2687 2112 2905 2180 palatio.

1937 2195 2319 2252 Hirminmaris
2359 2201 2601 2254 notarius
2644 2202 2710 2254 ad
2752 2202 2925 2256 vicem
2971 2202 3251 2275 Fredugisi
3296 2219 3445 2259 reco-

1863 2285 2069 2353 gnovﬂ.

2567 2377 2715 2431 CLII.

2268 2484 2369 2523 PRO
2410 2484 2745 2523 MONASTERIO
2774 2484 3016 2523 BESUENSI
3027 2510 3039 2520 .

2471 2558 2641 2627 (Anno
2685 2558 2834 2627 850.)

1934 2646 2109 2716 [Apud
2133 2648 2193 2698 D.
2223 2646 2486 2716 Douquet.
2524 2648 2629 2699 ibid
2655 2663 2719 2700 ex
2751 2646 3027 2716 Spici/egio
3078 2646 3373 2721 Dacherii.)

1935 2732 1992 2786 In
2042 2734 2259 2787 nomine
2291 2735 2500 2787 Domini
2553 2735 2646 2788 Dei
2695 2743 2748 2789 ct
2792 2735 3086 2789 Salvatoris
3121 2738 3291 2791 nostri
3318 2736 3445 2791 Jesu

1859 2820 2076 2885 Christi,
2094 2822 2395 2877 Ludovicus
2411 2834 2462 2878 et
2489 2825 2777 2879 Lotharius
2804 2826 2984 2879 divina
3011 2828 3299 2881 ordinante
3320 2842 3445 2896 pro-

1857 2910 2093 2964 videntia
2126 2913 2479 2979 imperatores
2516 2912 2761 2982 Augusti.

1928 3000 1984 3054 Si
2014 3002 2365 3069 petitionibus
2398 3018 2673 3055 servorum
2701 3004 2793 3055 Dei
2817 3004 2977 3072 justis
3006 3012 3061 3056 et
3099 3004 3438 3058 rationabili--

1857 3089 1958 3143 bus
1988 3090 2152 3143 divini
2176 3090 2351 3145 cultus
2374 3106 2557 3145 amore
2586 3092 2847 3157 favemus,
2880 3108 3111 3162 superna
3140 3110 3237 3149 nos
3272 3096 3444 3165 gratia

1860 3181 2057 3233 muniri
2089 3198 2194 3234 non
2225 3181 2538 3234 difﬁdimus.
2594 3182 2825 3237 Proinde
2873 3186 3171 3253 comperiat
3201 3186 3443 3239 omnium

1860 3270 2095 3323 fidelium
2128 3280 2456 3337 nostrorum,
2500 3275 2845 3341 praesentium
2896 3274 3102 3329 scilicet
3142 3290 3205 3329 ac
3235 3274 3443 3330 futuro-

1861 3375 2002 3423 rum,
2053 3360 2298 3426 solertia,
2333 3363 2458 3430 quia
2508 3365 2771 3433 suggessit
2819 3366 3214 3420 mansuetudini
3249 3375 3443 3420 nostrae

1860 3452 1945 3505 vir
1970 3452 2294 3507 venerabilis
2320 3452 2601 3507 Albericus
2626 3454 2982 3523 Lingonensis
3011 3455 3267 3509 Ecclesia:
3306 3471 3438 3524 prat-

1862 3540 1966 3605 sul,
2000 3541 2230 3609 qualiter
2269 3542 2558 3610 quamdam
2604 3541 2897 3606 abbatiam,
2926 3543 3080 3612 cujus
3125 3543 3443 3598 vocabulum

1864 3643 1945 3688 est
2001 3635 2143 3689 Fons
2184 3637 2421 3699 Besuus,
2482 3652 2548 3690 ex
2597 3638 2759 3691 rebus
2810 3637 3059 3691 videlicet
3108 3640 3441 3705 episcopatus

1860 3728 1963 3791 Sui,
1989 3728 2078 3781 ubi
2110 3730 2393 3797 quemdam
2427 3728 2671 3782 monachi
2704 3727 3024 3797 regulariter
3052 3729 3294 3783 viventes
3322 3727 3439 3782 fue-

1860 3826 2004 3880 rant,
2038 3817 2131 3870 sed
2161 3816 2421 3869 moderno
2452 3826 2691 3884 tempore
2714 3818 2955 3895 penitus
2984 3824 3101 3871 erat
3142 3818 3441 3880 destructa,

1864 3922 1894 3959 a
1950 3907 2314 3960 fundamentis
2363 3907 2726 3971 remdiﬁcavit,
2776 3906 3001 3961 aedificia
3027 3922 3265 3977 congrua
3315 3924 3432 3962 con-

1861 3999 2080 4060 struxit,
2116 3999 2405 4051 monachos
2432 3998 2709 4061 adunavit,
2754 3997 3001 4051 abbatem
3033 4000 3196 4052 etiam
3225 4000 3439 4054 nomine

1863 4086 2142 4155 Seraphim
2168 4086 2426 4155 praefecit.
2468 4086 2536 4139 Et
2564 4094 2623 4139 ut
2666 4088 2915 4140 monachi
2962 4087 3015 4140 in
3067 4088 3256 4142 eodem
3300 4087 3438 4153 loco,

1860 4178 2085 4231 Domino
2140 4177 2458 4245 adjuvante.
2520 4181 2830 4249 congregati
2882 4181 3074 4233 melius
3122 4190 3178 4236 et
3220 4181 3441 4237 liberius

1860 4270 1959 4323 sub
1989 4285 2178 4323 norma
2211 4279 2413 4323 sancta:
2447 4271 2646 4339 regulze
2702 4270 2816 4325 Deo
2851 4271 3169 4336 militarent,
3199 4287 3305 4326 non
3348 4288 3438 4328 so—

1860 4359 1970 4412 lum
2029 4374 2116 4412 res
2176 4376 2296 4428 qum
2365 4360 2432 4412 ad
2488 4361 2799 4429 praedictam
2867 4362 3137 4415 abbatiam
3202 4362 3440 4433 legaliter

1860 4448 2223 4517 pertinebant,
2253 4448 2323 4502 ibi
2353 4450 2603 4513 reddidit,
2632 4451 2724 4504 sed
2754 4452 2916 4504 etiam
2947 4452 3079 4506 alias
3100 4468 3186 4506 res
3214 4452 3280 4507 de
3306 4469 3443 4522 pra:-

1863 4539 1974 4593 fato
2003 4540 2316 4607 episcopatu
2344 4541 2541 4595 ibidem
2581 4540 2847 4609 subjecit;
2881 4541 2973 4596 sed
3004 4550 3059 4597 et
3101 4545 3441 4599 constitutio-

1864 4629 1946 4681 nis
1976 4630 2305 4693 chartulam,
2330 4645 2493 4698 quam
2521 4632 2633 4699 ipse
2689 4646 2789 4684 una
2821 4646 2918 4699 per
2953 4646 3273 4686 consensum
3326 4647 3441 4687 me-

1864 4719 2173 4788 tropolitani
2189 4720 2271 4774 sui
2286 4721 2467 4790 Agoba
2476 4722 2554 4775 rdi
2572 4722 3062 4791 archiepiscopiyet
3078 4723 3443 4794 suffraganeo-

1864 4829 1981 4865 rum
2006 4828 2249 4878 suorum,
2275 4830 2372 4867 nec
2396 4829 2499 4867 non
2516 4824 2570 4868 et
2593 4816 2723 4869 cleri
2746 4816 2847 4869 sibi
2865 4816 3113 4883 subjecti,
3131 4826 3443 4888 etquorum-

1864 4904 1986 4957 dam
2001 4904 2262 4957 laicorum
2278 4904 2535 4959 nobilium
2555 4906 2992 4971 confirmaverat,
3011 4907 3167 4963 nobis
3182 4909 3439 4973 ostendit,

1861 4992 1914 5046 in
1941 5009 2044 5061 qua
2082 4995 2291 5063 plenius
2328 4996 2692 5064 conscriptum
2724 5003 2861 5059 erat,
2892 5011 2998 5049 non
3029 4997 3203 5051 solum
3246 5012 3335 5051 res
3373 4998 3439 5051 ad

1854 5081 1966 5150 jam
2037 5084 2237 5137 dictam
2302 5083 2571 5136 abbatiam
2644 5082 2891 5153 legaliter
2955 5085 3289 5161 pertinentes
3366 5083 3441 5137 ibi

1859 5178 2178 5240 reddidisse,
2207 5192 2394 5230 verum
2430 5177 2595 5230 etiam
2624 5178 2671 5231 ei
2713 5178 2970 5247 quasdam
2996 5193 3082 5232 res
3121 5177 3185 5231 de
3238 5193 3441 5233 memo-

1860 5282 1980 5325 rato
2018 5273 2331 5341 episcopatu
2355 5289 2451 5327 suo
2476 5273 2672 5327 ibidem
2698 5271 3010 5339 subjecisse.
3059 5272 3295 5336 Quarum
3324 5272 3441 5327 haec

1860 5372 1984 5417 sunt
2045 5365 2262 5417 nomina
2310 5382 2320 5416 :
2374 5364 2682 5418 Pauliacum
2749 5378 2871 5416 cum
2927 5360 3261 5432 appendiciis
3304 5361 3436 5423 suis,

1858 5455 2203 5531 Bellenavum
2250 5456 2426 5508 vicum
2467 5470 2588 5509 cum
2618 5453 2730 5507 suis
2772 5451 3122 5523 appendiciis,
3170 5453 3440 5506 Arconem

1862 5560 1986 5599 cum
2014 5545 2347 5613 appendiciis
2378 5545 2508 5599 suis.
2542 5544 2678 5598 Istas
2702 5545 2857 5598 villas
2901 5559 3020 5598 cum
3056 5542 3306 5596 omnibus
3344 5541 3439 5593 ad-

1855 5635 2127 5704 jacentiis,
2169 5651 2264 5689 seu
2294 5645 2350 5689 et
2382 5636 2526 5689 omni
2553 5650 2609 5688 re
2637 5634 2997 5704 superposita,
3039 5633 3263 5702 campis,
3316 5646 3437 5700 pra-

1862 5728 1951 5789 tis,
2006 5726 2192 5787 silvis,
2238 5726 2535 5795 pomiferis,
2589 5726 2844 5795 pascuis,
2895 5724 3233 5785 accessibus,
3282 5722 3436 5789 aquis
