3924 6350
473 398 606 454 118³7

466 533 835 590 aquarumque
862 519 1203 583 decursibus,
1231 524 1284 572 et
1323 530 1514 571 omnes
1575 515 1842 579 redditus,
1873 521 2045 568 totum
2077 511 2127 569 A

467 612 535 665 ad
563 611 851 680 integrum,
883 623 985 662 una
1017 622 1137 662 cum
1168 605 1468 675 mancipiis,
1493 604 1721 666 libertis,
1750 618 1870 657 cum
1897 601 2047 656 omni

467 700 675 772 peculio
700 701 961 770 ipsorum,
988 713 1094 752 una
1135 711 1258 752 cum
1287 693 1592 758 accolabus,
1635 693 1784 748 dedit
1813 691 1881 746 ad
1929 705 2048 746 ser-

469 794 656 849 vitium
687 793 1074 848 monachorum
1094 790 1216 861 jure
1238 797 1496 860 perpetuo
1521 788 1586 842 ad
1618 784 2002 857 possidendum
2033 802 2044 837 :

467 884 750 939 ecclesiam
795 884 978 946 etiam,
1021 889 1249 951 quaeest
1294 881 1348 934 in
1376 881 1491 950 ipsa
1519 879 1806 934 Bellenavo
1834 876 1960 930 villa
1991 876 2046 930 in

469 974 675 1049 honore
703 972 874 1027 sancti
903 965 1160 1042 Stephani
1187 984 1408 1040 prorsus
1440 971 1508 1024 ab
1537 969 1684 1024 omni
1701 967 2050 1023 consuetudi-
2089 979 2091 982 ‘

469 1064 577 1118 nali
627 1062 912 1136 exactione
965 1061 1329 1125 liberrimam;
1385 1060 1669 1114 ecclesiam
1714 1073 1929 1127 quoque
1983 1057 2050 1112 de

468 1153 613 1215 villa,
643 1168 763 1221 qua:
788 1152 985 1206 dicitur
1019 1151 1313 1215 Danhrum,
1369 1165 1491 1204 cum
1544 1148 1874 1220 appendiciis
1903 1147 2046 1213 suis;

470 1251 526 1297 et
550 1243 734 1297 villam
778 1241 1025 1296 Danblim
1071 1256 1192 1296 cum
1219 1240 1448 1296 ecclesia
1491 1248 1547 1295 et
1575 1238 1824 1294 omnibus
1850 1253 2051 1308 appen-

471 1333 627 1387 diciis
647 1333 790 1396 suis;
823 1340 878 1385 et
919 1330 1103 1384 villam
1131 1330 1421 1386 Trescasas
1443 1346 1566 1385 cum
1588 1329 1818 1383 ecclesia
1857 1316 1913 1383 et
1941 1344 2052 1383 om-

471 1423 631 1477 nibus
664 1421 994 1490 appendiciis
1019 1421 1150 1475 suis.
1182 1419 1317 1474 Item
1346 1419 1634 1474 ecclesiam
1666 1418 1732 1472 de
1761 1418 1888 1472 villa
1930 1433 2051 1488 quae

473 1511 530 1566 S.
557 1512 813 1582 Sequani,
844 1527 966 1566 cum
1023 1512 1354 1582 appendiciis
1376 1512 1519 1576 suis;
1551 1519 1607 1565 et
1652 1509 1936 1565 ecclesiam
1983 1510 2050 1565 de

471 1601 597 1655 villa
624 1601 900 1656 Morniaco
918 1616 1042 1656 cum
1071 1602 1323 1656 omnibus
1357 1600 1423 1654 ad
1464 1615 1581 1655 eam
1609 1600 2045 1670 pertinentibus;

471 1708 680 1748 necnon
706 1693 990 1748 ecclesiam
1012 1710 1131 1764 quae
1154 1705 1237 1749 est
1265 1694 1319 1748 in
1341 1693 1480 1747 valle
1509 1695 1744 1758 Verona,
1767 1693 1821 1746 in
1846 1693 2051 1748 honore

475 1782 533 1837 S.
573 1783 848 1851 Mauricii;
905 1785 1189 1840 ecclesiam
1244 1785 1309 1840 de
1369 1785 1493 1839 villa
1546 1785 1703 1840 Beria
1745 1785 1800 1838 in
1845 1785 2050 1840 honore

1605 391 1922 451 LUDOVICI
1960 391 1980 446 I
2014 390 2484 449 COGNOMENTO
2527 391 2603 447 PII

3607 401 3757 455 MSS

2841 512 3011 567 CLIII.

2275 616 2373 655 PRO
2404 616 2727 660 CARRQFENSI
2755 618 3089 658 HONASTEBIO
3139 620 3276 658 APUD
3335 622 3612 660 ριςῐσπεε.

2767 691 2937 762 (Anno
2967 691 3114 762 830.)

2146 775 2328 849 [Apud
2374 781 2436 834 D.
2484 781 2748 851 Bouquct.
2781 782 2932 846 ibid.,
2963 797 3028 836 ex
3063 782 3334 838 tabulario
3379 783 3758 860 Carrol'ensi.]

2219 872 2276 925 In
2310 873 2527 927 nomine
2560 873 2771 928 Domini
2807 873 2898 927 Dei
2941 882 2994 928 et
3039 873 3346 930 Salvatoris
3400 878 3578 931 nostri
3619 877 3758 934 Iesu

2149 962 2371 1029 Christi,
2425 965 2729 1020 Ludovicus
2775 975 2831 1020 et
2876 966 3169 1022 Lotharius
3217 968 3404 1022 divina
3454 969 3760 1026 ordinante

2149 1055 2487 1124 providentia
2519 1056 2873 1134 imperatores
2892 1055 3140 1127 Augusti.

2223 1145 2280 1202 Si
2304 1163 2432 1219 erga
2474 1149 2590 1205 loca
2637 1149 2848 1205 divinas
2893 1150 3127 1206 cultibus
3177 1154 3482 1223 mancipata
3525 1163 3762 1224 propter

2154 1255 2393 1294 amorem
2419 1241 2533 1306 Dei,
2566 1240 2791 1312 ejusque
2815 1243 2868 1297 in
2895 1244 3098 1312 eisdem
3145 1244 3281 1301 locis
3320 1247 3432 1302 Deo
3475 1248 3761 1303 famulan-

2161 1331 2303 1386 tihus
2341 1332 2595 1401 quiddam
2621 1333 2870 1388 beneﬁcii
2918 1333 3200 1406 largimur,
3252 1336 3306 1391 id
3353 1339 3509 1392 nobis
3558 1338 3760 1407 procul

2156 1423 2320 1477 dubio
2357 1424 2424 1478 ad
2445 1425 2794 1480 stabilitatem
2827 1427 3041 1495 imperii
3073 1428 3242 1482 nostri
3266 1437 3320 1482 et
3361 1430 3562 1483 animae
3612 1430 3758 1484 salu-

2153 1521 2262 1568 tem
2315 1515 2581 1584 proﬂeere
2624 1517 2846 1572 minime
2900 1519 3229 1573 dubitamus.
3301 1520 3507 1575 Idcirco
3561 1531 3754 1576 notum

2152 1619 2273 1659 esse
2302 1606 2550 1662 volumus
2602 1608 2816 1662 cunctis
2867 1607 3113 1662 fidelibus
3157 1619 3358 1664 sancta:
3405 1611 3675 1666 Ecclesiae
3703 1621 3757 1666 et

2153 1698 2372 1762 nostris,
2404 1700 2760 1767 prasentibus
2782 1700 2989 1755 scilicet
3034 1709 3090 1755 et
3133 1700 3351 1765 futuris,
3381 1704 3511 1772 quia
3559 1720 3755 1775 sugge-

2154 1796 2309 1842 rente
2362 1788 2671 1858 supradicto
2703 1789 2811 1845 filio
2855 1791 3052 1845 dilecto
3109 1801 3295 1846 nostro
3327 1792 3594 1846 Lothario
3645 1796 3757 1847 Au-

474 1878 652 1932 sancti
702 1877 978 1931 Laurentii
1033 1893 1154 1932 cum
1208 1878 1457 1932 omnibus
1521 1876 1852 1947 appendiciis
1914 1877 2045 1930 suis.
2077 1885 2125 1944 Β
2153 1888 2310 1949 gusto
2339 1889 2393 1934 et
2422 1889 2674 1935 consorte
2698 1882 2908 1951 imperii
2937 1883 3129 1946 nostri,
3162 1883 3435 1937 communi
3472 1884 3757 1938 voluntate

473 1965 742 2020 Praeterea
784 1965 838 2018 in
872 1965 1144 2020 territorio
1187 1965 1498 2021 Divionensi
1551 1966 1789 2020 decimas
1838 1965 2052 2020 illarum

475 2059 778 2124 vinearum,
833 2073 969 2128 quas
1018 2057 1313 2140 donaverat
1348 2058 1476 2112 huic
1528 2056 1772 2112 ecclesia:
1823 2055 2054 2110 domnus

472 2148 816 2219 Amalgarius
866 2150 974 2203 dux
1015 2155 1070 2203 et
1118 2148 1373 2203 fundator
1417 2147 1576 2216 hujus
1605 2149 1746 2202 sacri
1775 2145 2051 2202 camebii:

474 2239 617 2308 apud
669 2240 851 2292 villam
887 2238 1033 2308 quae
1064 2239 1261 2294 dicitur
1306 2239 1570 2303 Fiscinis,
1620 2238 1901 2292 vinearum
1949 2253 2054 2292 non

474 2328 745 2383 modicam
800 2330 1182 2397 quantitatem,
1231 2343 1353 2383 cum
1402 2329 1595 2399 pratis,
1648 2334 1702 2382 et
1732 2328 1965 2396 eampis,
2000 2335 2058 2383 et

477 2419 684 2472 ancillis
705 2420 770 2472 ad
798 2434 858 2472 ea
887 2418 1178 2472 excolenda
1207 2435 1219 2471 :
1252 2425 1306 2472 et
1340 2418 1396 2470 in
1433 2419 1558 2471 villa
1585 2417 1832 2472 Fisciaco
1871 2417 2058 2470 vineas

475 2508 726 2563 similiter
759 2515 813 2562 et
837 2508 890 2561 in
909 2506 1263 2563 Marcennaco
1285 2506 1555 2561 similiter.
1587 2505 1792 2561 Horum
1813 2505 2057 2559 omnium

475 2597 621 2653 facta
673 2598 1000 2664 donatione,
1058 2596 1312 2667 precibus
1362 2597 1558 2666 quibus
1606 2595 1773 2650 valuit
1825 2609 2060 2650 exorans

475 2702 720 2750 nostram
752 2693 1117 2766 elemeupiam,
1154 2701 1215 2747 ut
1239 2708 1400 2763 super
1441 2692 1686 2747 eamdem
1715 2689 2062 2745 constitutio-

477 2799 600 2840 nem
651 2792 894 2838 nostram
951 2783 1328 2837 auctoritatem
1352 2781 1627 2835 firmitatis
1671 2780 1850 2850 gratia,
1886 2793 2061 2833 mere-

477 2882 666 2929 rentur
694 2875 918 2939 habere,
961 2872 1195 2943 qualiter
1223 2872 1516 2941 prazdictus
1563 2870 1737 2934 locus,
1768 2884 1928 2939 quem
1958 2883 2059 2940 pro

478 2965 659 3020 divino
685 2979 888 3028 amore,
918 2971 972 3018 et
1015 2970 1198 3018 nostra
1242 2961 1580 3032 eleemosyna
1609 2962 1954 3026 restauravit,
2007 2967 2062 3014 et

479 3057 774 3112 monachos
825 3055 897 3110 ibi
918 3055 1281 3126 congregavit,
1330 3054 1423 3124 qui
1461 3068 1560 3124 pro
1589 3053 1744 3108 nobis
1772 3060 1826 3108 et
1866 3059 2062 3107 cuncto

479 3146 677 3216 populo
722 3146 880 3201 nobis
924 3145 1171 3216 subjecto
1215 3144 1483 3214 perpetim
1510 3143 1724 3198 Domini
1754 3143 2062 3197 misericor-

2155 1973 2381 2042 parique
2429 1987 2717 2038 consensu,
2761 1989 2859 2042 pro
2911 1967 3177 2028 mercedis
3208 1984 3406 2028 nostra;
3458 1985 3756 2045 augmento

2155 2063 2836 2117 etazternaeretributionis
2883 2061 3084 2128 fructu,
3135 2063 3486 2118 concedimus
3516 2065 3589 2116 ad
3641 2080 3758 2119 mo-

2157 2153 2452 2206 nasterium
2473 2151 2701 2217 Carroll‘,
2725 2153 2868 2220 quod
2904 2160 2986 2207 est
3008 2153 3167 2206 situm
3201 2154 3254 2206 in
3289 2169 3432 2223 pago
3464 2154 3758 2207 Pictaven-

2158 2242 2246 2305 si,
2306 2250 2676 2296 constructum
2722 2243 2774 2295 in
2824 2241 3030 2296 honore
3079 2241 3291 2314 Domini
3341 2252 3395 2296 et
3448 2242 3753 2297 Salvatoris

2157 2332 2328 2386 nostri
2349 2331 2474 2386 Jesu
2501 2331 2721 2395 Christi,
2750 2332 2839 2386 ubi
2866 2333 3028 2386 etiam
3079 2333 3336 2400 prresenti
3379 2315 3633 2402 tempore
3677 2334 3753 2386 vir

2157 2421 2482 2475 venerabilis
2533 2420 2844 2476 Gunbaldus
2881 2422 3060 2475 abbas
3103 2435 3337 2491 praeesse
3389 2422 3752 2491 dignoscitur,

2157 2511 2419 2580 quasdam
2444 2525 2531 2565 res
2552 2511 2896 2580 proprietatis
2933 2521 3130 2564 nostrae
3155 2526 3275 2580 qua:
3318 2520 3448 2564 sunt
3472 2509 3527 2564 in
3579 2512 3753 2565 tribus

2161 2601 2323 2665 locis,
2355 2601 2407 2654 id
2444 2608 2528 2654 est
2562 2618 2574 2653 :
2601 2600 2653 2652 in
2682 2615 2818 2670 pago
2853 2600 3165 2654 Belvacensi
3197 2601 3378 2653 villam
3409 2615 3535 2669 qua:
3557 2601 3753 2654 dicitur

2158 2692 2492 2755 Fraxindus;
2521 2692 2653 2746 etin
2685 2707 2822 2762 pago
2863 2691 3161 2745 Rhemensi
3191 2692 3372 2745 villam
3403 2707 3528 2759 qua:
3558 2693 3750 2745 dicitur

2161 2780 2443 2835 Dominica
2475 2779 2648 2845 Villa;
2703 2790 2761 2834 et
2787 2781 2839 2834 in
2866 2795 3003 2850 pago
3033 2779 3287 2833 Meldensi
3325 2780 3513 2833 villam
3565 2779 3749 2834 Monti-

2160 2870 2336 2925 niaco.
2373 2869 2481 2925 Has
2515 2885 2645 2924 vero
2681 2885 2768 2924 res
2814 2870 3061 2939 superius
3108 2870 3453 2940 conscriptas
3502 2885 3628 2923 cum
3662 2886 3744 2940 ap

2161 2961 2425 3032 pendiciis
2451 2976 2656 3024 earum,
2716 2970 3196 3029 quantumcunque
3234 2959 3301 3012 ad
3353 2976 3450 3015 eas
3498 2963 3744 3029 praesenti

2163 3059 2406 3120 tempore
2427 3050 2571 3120 juste
2599 3059 2651 3104 et
2671 3050 2915 3121 legaliter
2944 3052 3186 3120 aspicere
3213 3051 3447 3114 videtur,
3477 3059 3536 3104 et
3580 3051 3742 3104 nostri

2156 3139 2296 3208 juris
2326 3147 2486 3210 atque
2525 3140 2883 3209 possessionis
2915 3139 3036 3209 jure
3066 3142 3414 3210 proprietatis
3443 3149 3554 3204 est,
3579 3149 3740 3194 totum

479 3238 624 3292 diam
649 3245 895 3302 exorent,
921 3244 1108 3292 nostra
1133 3237 1454 3292 auctoritate
1497 3235 1850 3292 confirmatus
1893 3243 2056 3291 esset.
2089 3253 2133 3315 ρ
2164 3242 2220 3289 et
2269 3234 2338 3289 ad
2379 3233 2644 3303 integrum
2696 3231 2780 3285 vel
2835 3231 3240 3301 inexquisitum,
3293 3247 3417 3285 cum
3479 3231 3736 3294 ecclesiis,

481 3327 738 3382 Videlicet
759 3335 818 3381 ut
849 3328 893 3381 si
913 3327 1133 3382 cuilibet
1155 3342 1526 3387 successorum
1554 3327 1672 3398 ejus
1694 3328 1877 3382 animo
1912 3327 2064 3381 sede-

481 3417 571 3481 rit,
603 3425 662 3470 ut
707 3416 840 3473 alias
874 3431 962 3470 res
992 3415 1065 3470 ibi
1105 3415 1469 3485 superaddere
1497 3416 1650 3481 velit,
1684 3416 1738 3470 in
1794 3431 1893 3471 suo
1935 3414 2061 3485 jure

480 3512 537 3562 et
586 3513 870 3579 potestate,
914 3505 1062 3559 salva
1093 3505 1432 3560 discretionis
1483 3505 1713 3570 ratione,
1747 3493 1799 3560 id
1831 3501 2060 3560 faciendi

479 3603 824 3664 permaneret
852 3612 864 3647 :
899 3595 981 3649 sin
1006 3603 1207 3659 autem,
1234 3609 1326 3648 sua
1358 3594 1570 3660 devotio
1619 3592 1904 3666 [donatio],
1942 3607 2062 3663 qua:

480 3702 579 3758 per
601 3686 886 3741 consilium
926 3694 1197 3741 tantorum
1227 3686 1492 3741 bonorum
1541 3680 1781 3740 virorum
1825 3683 1968 3740 facta
2009 3692 2064 3741 et

482 3778 802 3852 conﬁrmata
831 3771 937 3842 est,
967 3789 1156 3832 nostro
1190 3776 1528 3830 liberalitatis
1579 3782 1850 3844 praecepto
1903 3774 2060 3828 ﬁrma

483 3876 538 3922 et
581 3867 790 3922 stabilis
843 3876 1204 3937 permaneret.
1260 3866 1425 3936 Cujus
1476 3867 1788 3936 petitionem
1844 3865 2062 3934 dignam

485 3975 551 4015 ac
592 3959 968 4015 rationabilem
1013 3958 1319 4028 judicantes
1346 3959 1445 4013 hos
1494 3965 1708 4012 nostros
1753 3957 2062 4026 imperiales

485 4053 664 4122 apices
699 4051 816 4106 ﬁeri
865 4049 1126 4120 jussimus
1184 4066 1281 4120 per
1326 4065 1461 4120 quos
1508 4051 1852 4104 decernimus
1902 4057 2062 4118 atque

479 4146 731 4215 jubemus
779 4151 840 4197 ut
877 4151 1208 4221 memoratus
1242 4142 1598 4197 ordinationis
1640 4142 1875 4218 modusn
1902 4154 2062 4210 quem

484 4234 773 4304 praedictus
800 4232 1124 4287 venerabilis
1169 4231 1449 4285 Albericus
1489 4231 1774 4298 episcopus
1829 4230 1883 4282 in
1923 4245 2062 4298 prae-

489 4325 596 4378 l'ato
622 4325 738 4378 loco
769 4323 1071 4386 constituit,
1096 4321 1421 4376 inviolabilis
1445 4326 1774 4388 permaneat,
1809 4326 1864 4372 et
1888 4318 2065 4372 nullus

488 4421 688 4477 rector,
744 4414 835 4481 qui
883 4414 936 4467 in
990 4413 1179 4467 eodem
1229 4412 1347 4467 loco
1397 4412 1738 4476 successerit,
1789 4411 2066 4465 licentiam

484 4505 681 4561 haheat
731 4506 1105 4574 przescriptum
1153 4504 1401 4571 ordinem
1448 4511 1776 4573 permutare,
1829 4509 1924 4557 aut
1978 4516 2066 4557 res

2160 3327 2430 3390 domibus,
2455 3323 2718 3388 aediﬁciis,
2750 3323 2931 3386 terris,
2980 3323 3176 3385 vineis,
3208 3322 3397 3390 pratis,
3430 3321 3608 3383 silvis,
3657 3337 3739 3389 pa-

2162 3417 2348 3482 scuis,
2402 3415 2557 3483 aquis
2607 3427 2940 3483 aquarumve
2984 3411 3337 3474 decursibus,
3395 3411 3735 3475 molendinis,

2162 3509 2396 3564 exitibus
2420 3515 2474 3562 et
2499 3506 2852 3578 regressibus,
2882 3507 2946 3560 de
2989 3508 3178 3560 nostro
3199 3505 3322 3573 jure
3352 3506 3406 3559 in
3429 3504 3522 3573 jus
3547 3514 3601 3560 et
3650 3522 3732 3576 po-

2163 3606 2414 3652 testatem
2474 3597 2732 3666 praedicto
2783 3595 3074 3651 venerabili
3126 3595 3456 3648 monasterio
3521 3595 3734 3649 solemni

2163 3689 2450 3744 donatione
2480 3688 2827 3743 concedimus
2857 3705 2869 3739 :
2899 3687 2972 3739 ita
3003 3686 3254 3740 videlicet
3288 3695 3345 3740 ut
3367 3685 3635 3755 quidquid
3678 3685 3736 3739 ab

2163 3781 2425 3835 hodierno
2447 3779 2533 3834 die
2563 3787 2616 3833 et
2635 3787 2875 3849 tempore
2903 3777 2969 3831 de
2995 3777 3267 3847 prazdictis
3292 3778 3480 3839 rebus,
3516 3777 3601 3828 vel
3627 3792 3733 3844 qua:

2163 3873 2350 3927 adeas
2364 3871 2488 3939 jure
2537 3872 2777 3938 aspicere
2821 3869 3089 3933 videntur,
3123 3877 3359 3922 rectores
3407 3876 3461 3921 et
3516 3869 3734 3921 ministri

2161 3961 2404 4031 praedicti
2439 3959 2753 4014 monasterii
2780 3958 2978 4018 facere,
3013 3959 3298 4026 disponere
3321 3966 3483 4026 atque
3529 3959 3725 4011 ordina-

2163 4068 2223 4106 re
2264 4051 2552 4116 voluerint,
2590 4051 2757 4105 libero
2806 4051 2860 4103 in
2905 4050 3155 4104 omnibus
3199 4050 3472 4117 potiantur
3525 4048 3734 4101 arbitrio

2164 4139 2397 4195 faciendi
2446 4140 2705 4210 quidquid
2736 4139 3013 4208 elegerint.
3062 4139 3128 4190 Et
3176 4148 3234 4191 ut
3283 4139 3399 4191 haec
3450 4139 3734 4192 auctoritas

2164 4232 2469 4302 largitionis
2496 4240 2694 4285 nostrae
2719 4246 2814 4300 per
2841 4229 3023 4284 futura
3077 4231 3320 4298 tempora
3375 4228 3733 4282 inviolabilem

2165 4335 2328 4390 atque
2372 4321 2740 4375 inconvulsam
2784 4321 3053 4375 obstineat
3105 4319 3438 4383 firmitatem,
3502 4317 3731 4371 manibus

2167 4412 2365 4464 nostris
2401 4410 2939 4474 subterﬁr'mavimus,
2995 4418 3048 4464 et
3095 4409 3278 4463 annuli
3320 4410 3493 4463 nostri
3523 4410 3738 4477 impres-

2168 4501 2317 4556 sione
2339 4501 2537 4571 signari
2554 4499 2832 4568 iussimus.

485 4611 620 4667 quas
644 4597 717 4651 ibi
752 4596 987 4651 reddidit
1032 4597 1143 4651 sive
1199 4596 1446 4677 subjecit,
1478 4597 1585 4651 ullo
1611 4597 1770 4651 modo
1799 4595 2013 4650 auferre
2043 4612 2058 4650 :
2088 4589 2139 4648 D
2241 4591 2462 4661 Signum
2483 4590 2744 4645 Ludovici
2772 4590 3102 4646 serenissimi
3131 4590 3498 4660 imperatoris.

486 4688 581 4751 sed
611 4688 726 4758 ejus
752 4688 1066 4742 constitutio
1089 4703 1185 4756 per
1221 4689 1362 4742 hanc
1412 4696 1651 4742 nostram
1700 4687 2066 4742 continuatio-

488 4791 613 4832 nem
643 4775 798 4830 lirma
831 4784 882 4832 et
905 4777 1112 4831 stabilis
1143 4786 1476 4848 permaneat.
1507 4777 1576 4831 Et
1600 4784 1658 4829 ut
1694 4777 1812 4831 haec
1836 4779 2068 4832 auctori-

488 4876 572 4922 tas
595 4866 1020 4922 confirmationis
1045 4876 1244 4922 nostrae
1276 4884 1374 4938 per
1395 4867 1575 4922 futura
1611 4875 1854 4936 tempora
1895 4868 2067 4922 invio-

488 4958 700 5012 labilem
730 4967 890 5026 atque
938 4959 1305 5034 inconvulsam
1335 4959 1575 5013 obtineat
1615 4957 1943 5023 ﬁrmitatem,
2000 4959 2065 5013 de

487 5049 688 5103 annulo
728 5057 912 5103 nostro
946 5049 1129 5103 subter
1158 5049 1300 5102 illam
1323 5049 1581 5118 jussimus
1611 5049 1895 5118 assignari.

564 5137 786 5208 Signum
810 5138 1064 5192 Ludovici
1096 5138 1457 5207 imperatoris.

560 5227 785 5297 Signum
812 5227 1054 5283 Lotharii
1088 5227 1178 5282 lilii
1212 5229 1348 5300 ejus.

560 5319 751 5374 Actum
788 5332 812 5360 ι
842 5336 984 5375 anno
1009 5320 1078 5374 ab
1116 5322 1489 5377 incarnatione
1535 5323 1749 5378 Domini
1784 5325 2062 5395 octingen-

492 5403 682 5459 tesimo
702 5411 999 5480 trigesimo,
1033 5412 1324 5468 indictione
1349 5413 1400 5478 7,
1435 5423 1624 5483 epacta
1665 5415 1749 5468 15.

564 5780 588 5808 ο
626 5767 1015 5824 Incarnationis
1045 5784 1217 5823 anuus
1249 5768 1461 5824 additus
1483 5777 1583 5822 est.

2242 4680 2463 4752 Signum
2487 4681 2732 4737 Lotharii
2758 4681 3129 4753 gloriosissimi
3169 4681 3415 4752 Augusti.

2251 4775 2535 4830 Durandus
2590 4774 2850 4829 diaconus
2907 4773 2973 4827 ad
3031 4772 3205 4826 vicem
3260 4769 3530 4839 Fridugisi
3595 4783 3724 4824 recc

2169 4867 2349 4936 gnovL

2240 4955 2373 5007 Data
2419 4952 2598 5007 Idibus
2639 4951 2887 5021 Augusti,
2937 4968 3078 5006 anno
3121 4951 3338 5005 Christo
3393 4949 3624 5018 propitio
3674 4946 3726 5000 l7

2169 5046 2380 5114 imperii
2409 5045 2612 5099 domini
2638 5044 2894 5099 Ludovici
2934 5043 3266 5098 serenissimi
3296 5043 3654 5112 imperatoris,
3679 5059 3729 5096 ea

2168 5135 2411 5189 Lotharii
2457 5134 2683 5204 Augusti
2711 5134 2776 5199 8,
2823 5135 3116 5190 indictione
3155 5135 3208 5189 8.
3248 5133 3442 5187 Actum
3498 5131 3717 5208 Salmon-

2170 5226 2318 5279 ciaco
2345 5224 2545 5294 palatio
2572 5227 2722 5294 regio
2757 5227 2813 5280 in
2837 5226 2931 5280 Dei
2961 5226 3176 5280 nomine
3211 5224 3461 5280 feliciter.
3491 5223 3672 5278 Amen.

2875 5316 3048 5371 CLIV.

2791 5421 3126 5462 MONASTEBIO
3175 5423 3310 5462 APUD
3353 5421 3623 5465 μιθτοκεε.

2775 5501 2948 5572 (Anno
2985 5499 3133 5570 850.)
3177 5483 3184 5488 ’

2199 5593 2369 5660 Apud.
2405 5592 2470 5646 D.
2504 5593 2766 5662 Bouquet.
2807 5593 2958 5657 ibid.,
2991 5608 3114 5662 pag.
3163 5591 3286 5657 567,
3325 5607 3395 5649 ex
3432 5591 3716 5648 Carrol’ensi

2801 5661 3111 5733 tabularia]

2247 5755 2302 5807 In
2329 5756 2541 5810 nomine
2582 5754 2791 5810 Domini
2835 5757 2930 5811 Dei
2973 5763 3029 5809 et
3074 5752 3372 5811 Salvatoris
3412 5753 3580 5808 nostri
3606 5750 3715 5803 Iesu

2277 5423 2375 5463 PRO
2413 5422 2738 5462 CARROFENSI
