3924 6360
235 397 373 454 1189

226 610 455 670 perator
494 604 766 673 Augustus
790 642 804 660 .

301 689 359 745 Si
393 692 740 762 petitionibus
769 709 1049 750 servorum
1080 696 1171 752 Dei
1213 713 1309 768 pro
1349 697 1676 769 quibuslibet
1717 713 1807 755 ec-

222 782 547 841 clesiasticis
575 787 989 845 necessitatibus
1026 805 1188 845 aures
1217 798 1431 845 nostras
1474 789 1805 860 pulsantium

220 867 456 929 libenter
481 877 789 943 annuimus,
814 884 868 932 et
906 878 973 934 ad
1020 878 1215 934 divinae
1259 879 1516 949 potentiae
1540 876 1643 951 [in]
1673 878 1807 933 locis

221 962 338 1018 Deo
379 965 574 1020 dicatis
619 966 841 1021 uberius
876 967 1241 1023 famulandum
1271 968 1531 1023 auxilium
1574 958 1805 1038 pcrrigi-

217 1069 366 1119 mus,
397 1057 448 1111 id
481 1056 633 1112 nobis
662 1059 849 1127 procul
899 1059 1061 1115 dubio
1102 1067 1158 1115 et
1203 1060 1271 1114 ad
1311 1058 1598 1114 mortalem
1632 1058 1802 1112 vitam

217 1146 595 1215 temporaliter
638 1149 1024 1215 deducendam,
1064 1159 1119 1207 et
1162 1153 1231 1206 ad
1277 1149 1515 1205 futuram
1570 1148 1805 1207 feliciter

214 1236 605 1307 obtinendam,
682 1242 1025 1297 commodum
1096 1242 1383 1312 provenire
1456 1240 1798 1297 conﬁdimus.

214 1326 416 1383 Notum
444 1330 608 1401 igitur
628 1346 748 1387 esse
778 1332 1027 1388 volumus
1054 1333 1267 1388 cunctis
1294 1332 1541 1387 ﬁdelibus
1570 1333 1796 1400 nostris,

210 1417 485 1487 episcopis
514 1420 782 1485 videlicet,
828 1422 1131 1488 abbatibus,
1182 1422 1427 1487 ducibus,
1481 1423 1795 1489 comitibus,

210 1504 546 1570 domesticis,
598 1507 949 1577 graﬁonibus,
990 1510 1229 1575 vicariis,
1275 1511 1621 1591 centenariis,
1666 1512 1799 1566 telo-

211 1597 440 1662 neariis,
494 1599 830 1665 actionariis,
878 1601 1058 1655 missis
1100 1601 1301 1656 nostris
1344 1600 1792 1666 discurrentibus,

210 1701 315 1741 nec
340 1696 530 1743 nonet
570 1689 795 1760 reliquis
831 1691 1076 1747 ﬁdelibus
1117 1701 1317 1747 sanctae
1360 1693 1458 1747 Dei
1517 1692 1791 1756 Ecclesiae,

206 1778 570 1843 prmsentibus
603 1780 810 1835 scilicet
838 1788 895 1835 et
935 1781 1161 1845 futuris,
1198 1782 1322 1851 quia
1354 1783 1439 1836 vir
1466 1783 1792 1839 venerabilis

204 1864 524 1923 Gunbaldus
551 1869 717 1925 abbas
746 1872 1063 1929 monasterii
1093 1871 1321 1936 Carroﬂ‘,
1344 1873 1489 1943 quod
1519 1882 1605 1929 est
1626 1871 1788 1929 situm
1818 1882 1865 1941 Β

204 1955 263 2008 in
294 1970 431 2025 pago
455 1954 802 2025 Pictaviensi,
846 1973 1007 2029 super
1034 1959 1253 2015 ﬂuvium
1292 1961 1628 2028 Carentonae,
1663 1979 1791 2017 con-

201 2052 473 2099 structum
506 2046 559 2100 in
588 2047 790 2102 honore
819 2050 1031 2104 Domini
1068 2050 1161 2105 Dei
1194 2059 1248 2105 et
1288 2050 1588 2109 Salvatoris
1617 2053 1789 2108 nostri

200 2130 330 2187 Jesu
354 2132 553 2190 Christi
586 2137 751 2192 missa
778 2140 1038 2207 petitione
1079 2155 1175 2212 per
1200 2142 1374 2196 virum
1411 2143 1786 2199 venerabilem

201 2223 499 2281 Baldenum
566 2228 875 2298 religiosum
926 2233 1290 2299 monachum,
1334 2234 1627 2290 obsecrans
1687 2250 1786 2289 n0-

198 2322 376 2368 stram
425 2314 769 2373 clementiam
814 2328 874 2373 ut
920 2321 1097 2376 eidem
1160 2323 1494 2379 monasterio
1540 2331 1595 2379 et
1653 2339 1787 2380 con-

197 2407 509 2476 gregatiOni
542 2408 737 2463 ibidem
775 2410 885 2465 Deo
907 2409 1186 2467 famulanti
1214 2413 1483 2468 teloneum
1504 2413 1571 2470 de
1614 2416 1788 2472 tribus

197 2495 433 2550 navibus
465 2512 585 2566 quae
618 2513 715 2567 per
743 2499 952 2570 Ligeris
993 2500 1235 2567 ﬂuvium,
1284 2503 1400 2557 sive
1447 2518 1545 2573 per
1589 2514 1785 2561 caetera

195 2583 445 2651 ﬂumina,
482 2604 583 2643 nec
629 2605 736 2644 non
778 2600 833 2645 et
860 2607 956 2661 per
990 2608 1139 2648 mare
1184 2595 1253 2649 ob
1289 2595 1551 2651 utilitates
1592 2604 1648 2651 et
1690 2613 1786 2653 ne-

193 2682 481 2738 cessitates
526 2684 694 2752 ipsius
743 2687 1177 2757 congregationis
1237 2688 1541 2744 discurrere
1596 2690 1783 2745 viden-

198 2777 309 2835 tur,
332 2772 400 2825 ob
438 2772 860 2828 emolumentum
891 2776 1085 2830 animae
1113 2784 1311 2832 nostrae
1334 2778 1778 2837 concederemus.

192 2858 360 2927 Cujus
388 2860 637 2929 precibus
657 2863 726 2918 ob
747 2878 985 2919 amorem
1015 2864 1106 2919 Dei
1136 2876 1191 2921 et
1220 2868 1579 2924 reverentiam
1608 2870 1778 2940 ipsius

193 2951 557 3005 sacratissimi
612 2952 714 3008 loci
764 2953 997 3010 libenter
1044 2957 1433 3026 acquievimus,
1485 2968 1541 3015 et
1559 2960 1778 3016 "beneﬁ-

192 3040 345 3096 cium
410 3041 553 3110 quod
607 3042 760 3098 nobis
807 3043 1121 3114 postulavit,
1180 3048 1509 3103 monasterio
1562 3050 1782 3119 suisque

194 3130 501 3185 rectoribus
533 3130 650 3185 ﬁeri
670 3131 963 3200 jussimus;
996 3148 1094 3204 per
1115 3137 1258 3204 quod
1278 3138 1489 3193 cunctis
1529 3138 1778 3194 ﬁdelibus

190 3227 399 3274 sancta:
429 3218 523 3272 Dei
564 3218 820 3275 Ecclesiae
844 3222 1156 3292 nostrisque
1178 3221 1433 3291 jubemus
1460 3233 1619 3296 atque
1660 3240 1774 3281 om-
1804 3222 1848 3283 C

191 3307 323 3361 nino
350 3307 711 3375 praecipimus,
738 3315 798 3362 ut
826 3308 1141 3380 ubicunque
1165 3311 1435 3381 praedictae
1473 3320 1584 3367 tres
1613 3329 1781 3370 naves

192 3410 317 3466 qua:
340 3410 436 3464 per
459 3395 667 3473 Ligeris
704 3395 945 3465 ﬂuvium,
977 3408 1039 3453 ut
1064 3400 1319 3465 diximus,
1369 3410 1421 3456 et
1468 3419 1564 3473 per
1587 3412 1781 3459 catera

190 3483 441 3549 ﬂumina,
468 3471 569 3542 nec
615 3501 721 3541 non
765 3497 819 3542 et
847 3503 945 3558 per
971 3505 1120 3545 mare
1157 3491 1464 3548 discurrere
1506 3494 1779 3562 videntur,

187 3574 529 3640 advenerim,
569 3584 661 3629 aut
698 3576 931 3645 aliquem
975 3593 1253 3634 accessum
1301 3570 1620 3647 habuerint,
1664 3584 1781 3638 nul-

188 3663 305 3718 lum
338 3663 623 3729 telonenm,
664 3673 756 3719 aut
782 3668 1065 3734 ripaticum
1104 3680 1127 3708 ο
1149 3708 1163 3733 ,
1209 3677 1302 3723 aut
1330 3671 1667 3740 pontaticum
1710 3674 1777 3739 ι»,

192 3762 291 3808 aut
322 3754 666 3810 salutaticum
696 3767 717 3794 ο
742 3796 756 3821 ,
807 3765 902 3809 aut
928 3756 1131 3811 nullum
1167 3772 1388 3813 censum
1414 3758 1497 3812 vel
1540 3760 1779 3817 redhibi-

191 3844 395 3899 tionem
431 3845 498 3900 ab
537 3845 669 3915 ipsis
714 3855 806 3900 aut
846 3846 914 3901 ab
942 3847 1271 3913 hominibus,
1314 3850 1403 3918 qui
1448 3865 1539 3905 eas
1584 3852 1778 3919 praevi-

187 3932 318 3987 dere
369 3933 584 3997 debent,
647 3935 891 4003 accipere
928 3944 1023 3990 aut
1082 3944 1357 4011 exactare,
1393 3946 1773 4007 praesumant,

187 4023 287 4077 sed
316 4023 474 4077 liceat
500 4022 629 4091 ipsis
656 4024 962 4079 hominibus
988 4026 1080 4095 qui
1122 4040 1216 4080 eas
1238 4026 1533 4095 praevidere
1557 4027 1775 4095 debent,

189 4111 416 4178 paciﬂce
466 4111 805 4176 discurrere,
863 4122 919 4167 et
971 4115 1185 4183 negotia
1246 4130 1341 4169 sua
1395 4114 1563 4169 libere
1620 4130 1777 4184 pera-

188 4216 353 4271 gere,
406 4209 462 4255 et
527 4201 596 4254 ad
655 4218 1006 4273 quascunque
1070 4205 1355 4269 civitates,
1407 4204 1629 4259 castella
1683 4215 1777 4260 aut

188 4303 417 4364 portus,
458 4294 612 4348 villas
666 4295 751 4349 vel
802 4295 921 4349 loca
966 4309 1245 4350 accessum
1299 4295 1623 4361 habuerint,
1685 4304 1778 4351 aut

186 4370 393 4451 aliquid
421 4383 645 4437 mercati
685 4382 885 4437 fuerint
923 4393 1015 4439 aut
1041 4384 1402 4450 vendiderint,
1454 4384 1655 4439 nullam
1686 4385 1772 4439 in-

185 4471 557 4541 quietudinem
585 4480 679 4525 aut
705 4472 1067 4528 detentionem
1113 4481 1207 4527 aut
1236 4476 1678 4529 contrarietatem
1704 4476 1771 4530 ab

1393 402 1785 460 DIPLOMATA
1824 404 2371 470 ECCLESIASTICA.

226 511 455 573 Christi,
485 509 785 568 Ludovicus
815 511 995 566 divina
1029 513 1313 568 ordinante
1338 516 1675 583 providentia
1707 518 1806 573 im-
1834 520 1883 579 A

3343 428 3478 487 1190

2613 526 2764 583 CLV.

1981 624 2082 667 PRO
2135 627 2481 670 ΡΑΒΤΠΕΝΟΝΕ
2519 631 2738 673 δΛΝοτΑι
2793 636 2971 676 MAR!!!
3016 638 3403 683 FOROJUl-IENSI.

2514 709 2689 781 (Anno
2733 712 2883 784 830.)

1910 789 2082 913 [Apgg
2129 793 2354 861 Mahill.,
2404 774 2541 854 Αηηζ
2602 800 2738 884 prd.
2779 774 3116 890 έςςΒιξηεάηη
3151 815 3281 892 tum.
3313 810 3378 878 ll,
3408 830 3469 883 κρ.

2101 904 2115 913 .
2155 880 2219 913 ex
2258 870 2563 913 amnranhn
2602 872 2947 913 IIIIICII‘IchmI
2984 875 3206 913 mulum.
3240 896 3267 913 ε.
3301 882 3469 913 ἰ’-.--η

2012 862 2115 950 s3,
2140 880 2221 950 ei;
2258 870 2573 950 apograp'ho‘
2601 872 2950 930 illustrissimi
2983 862 3279 950 Philippia
3301 862 3474 938 ἰτιίιρῖεὲ

1976 937 2214 1005 episcOpi
2246 937 2573 1013 Adriensis.]

1974 1021 2031 1077 ln
2076 1041 2293 1083 nomine
2327 1027 2540 1105 Domini
2596 1040 2651 1087 et
2702 1032 3075 1105 Redemptoris
3126 1041 3296 1095 nostri
3345 1040 3471 1097 Jesu

1904 1110 2145 1181 Christi,
2183 1116 2482 1176 Ludovicus
2524 1130 2579 1177 et
2630 1122 2919 1181 Lotharius
2965 1128 3144 1184 divina
3182 1131 3470 1189 ordinante

1900 1207 2240 1274 providentia
2265 1208 2617 1279 imperatores
2638 1215 2885 1286 Augusti.

1973 1295 2029 1351 Si
2057 1296 2395 1356 liberalitatis
2420 1310 2616 1358 nostra:
2635 1320 2857 1362 munere
2880 1307 3079 1379 aliquid
3104 1308 3236 1366 locis
3257 1310 3367 1366 Deo
3391 1312 3475 1367 di-

1901 1387 2039 1441 catis
2088 1389 2275 1443 auxilii
2306 1385 2634 1449 conferimus
2658 1435 2672 1459 ,
2705 1395 2758 1449 id
2775 1397 2939 1452 nobis
2981 1399 3169 1467 procul
3217 1401 3378 1458 dubio
3401 1404 3469 1459 ad

1898 1478 2243 1534 stabilitatem
2274 1481 2486 1552 imperii
2515 1486 2686 1541 nostri
2713 1496 2768 1543 et
2816 1490 2883 1544 ad
2918 1491 3111 1545 animae
3136 1492 3469 1549 emolumen-

1896 1575 2011 1623 tum
2037 1570 2379 1640 profuturum
2428 1574 2631 1645 liquido
2659 1581 2948 1635 credimus.
3002 1582 3234 1638 Proinde
3258 1584 3471 1641 noverit

1896 1662 2224 1729 experientia
2247 1665 2486 1719 omnium
2511 1666 2745 1723 ﬁdelium
2769 1679 2968 1727 sanctae
2982 1671 3237 1728 Ecclesiae
3255 1683 3468 1730 nostro-

1894 1765 2141 1821 rumque,
2172 1762 2281 1807 tam
2306 1758 2650 1823 priesentium
2674 1775 2836 1829 quam
2858 1760 3162 1817 futurorum
3181 1804 3195 1829 ,
3222 1765 3347 1832 quia
3376 1779 3468 1820 ve-

1894 1838 2049 1895 niens
2084 1842 2139 1895 in
2174 1845 2517 1912 praesentiam
2547 1848 2797 1904 culminis
2831 1851 3003 1905 nostri
3042 1851 3340 1907 Maxentius
3367 1854 3469 1909 Ec-

1892 1929 2067 1985 clesia}
2093 1931 2451 2001 Aquileiensis
2476 1938 2804 2006 patriarcha,
2852 1942 3105 2011 precibus
3129 1943 3325 2013 quibus
3369 1960 3464 1999 vao

1892 2020 1992 2075 luit
2024 2030 2267 2078 nostram
2312 2026 2619 2096 imploravit
2645 2029 3011 2098 clementiam,
3061 2034 3139 2088 uti
3189 2044 3462 2092 monaste-

1889 2112 2031 2165 rium
2057 2114 2357 2181 puellarum
2378 2118 2521 2186 quod
2569 2118 2767 2175 dicitur
2811 2120 3030 2178 Sanctae
3076 2123 3257 2179 Mariae
3277 2166 3291 2190 ,
3322 2127 3467 2195 quod

1890 2206 1974 2253 est
2001 2200 2162 2254 situm
2206 2203 2361 2271 juxta
2394 2204 2676 2270 basilicam
2729 2206 2914 2264 Sancti
2942 2208 3185 2277 Joannis,
3219 2222 3467 2268 constru-

1891 2299 2033 2347 ctam
2061 2292 2202 2348 infra
2231 2310 2417 2352 muros
2442 2296 2678 2355 civitatis
2700 2299 3107 2371 Forojuliensis,
3148 2305 3200 2357 in
3227 2304 3345 2359 loco
3372 2305 3465 2376 qui

1889 2385 2087 2440 dicitur
2107 2385 2291 2452 Vallis,
2325 2391 2599 2459 praedictae
2628 2393 2791 2448 matri
2814 2394 3058 2451 ecclesia:
3087 2397 3261 2451 sancti
3293 2396 3461 2452 Marci

1885 2475 2229 2543 evangelistam,
2264 2488 2318 2531 et
2348 2481 2521 2535 sancti
2558 2481 2936 2539 Hermachorm
2985 2487 3241 2558 martyris
3290 2495 3455 2563 atque

1884 2563 2158 2631 pontiﬁcis
2182 2605 2197 2631 ,
2238 2567 2327 2621 ubi
2358 2578 2580 2625 auctore
2611 2571 2722 2627 Deo
2756 2573 2870 2643 ipse
2898 2575 3207 2643 patriarcha
3235 2583 3457 2645 praeest,

1885 2655 2241 2722 traderemus,
2263 2660 2405 2727 quod
2433 2661 2506 2715 ita
2535 2670 2590 2716 et
2617 2678 2714 2717 nos
2736 2663 2929 2719 fecisse
2952 2666 3191 2721 omnium
3220 2674 3463 2720 vestrum

1884 2754 2174 2814 cognoscat
2202 2748 2489 2804 industria.
2537 2751 2605 2807 Et
2660 2753 2784 2809 ideo
2822 2755 2894 2811 ob
2924 2755 3198 2819 ﬁrmitatis
3224 2758 3463 2813 studium

1884 2834 1983 2889 hos
2012 2844 2226 2893 nostros
2254 2838 2560 2909 imperiales
2591 2845 2775 2913 apices
2795 2832 3066 2915 praedictae
3088 2848 3247 2901 matri
3281 2848 3459 2904 eccle-

1882 2925 1978 2982 siae
2009 2926 2127 2983 ﬁeri
2144 2928 2423 2997 jussimus,
2457 2949 2555 3003 per
2575 2952 2712 3005 quos
2742 2938 3083 3010 praecipimus
3119 2949 3281 3011 atque
3304 2941 3463 3011 jube-

1881 3031 2002 3072 mus
2053 3028 2113 3073 ut
2159 3024 2478 3092 praedictum
2527 3030 2915 3084 monasterium
2954 3031 3253 3102 puellarum
3281 3073 3296 3098 ,
3335 3049 3461 3089 cum

1880 3107 2043 3164 rebus
2071 3118 2126 3164 et
2148 3111 2459 3192 hominibus
2486 3118 2552 3171 ad
2590 3117 2643 3173 id
2668 3118 2812 3188 juste
2836 3120 3159 3192 et-legaliter
3204 3124 3459 3192 prmsenti

1880 3202 2122 3266 tempore
2148 3188 2555 3271 aspicientibus.
2585 3207 2781 3265 abhinc
2810 3212 2864 3264 in
2888 3188 3128 3265 futurum
3164 3188 3223 3267 in
3248 3211 3374 3281 jure
3400 3222 3458 3269 et

1883 3295 2153 3357 potestate
2190 3294 2460 3360 praedictae
2487 3295 2727 3353 ecclesiae
2774 3306 2828 3354 et
2859 3309 3140 3356 rectorum
3186 3302 3303 3370 ejus
3331 3319 3459 3359 cnn-

1883 3378 2069 3433 sistat:
2102 3381 2176 3436 ita
2200 3383 2478 3451 videlicet,
2504 3396 2564 3441 ut
2592 3389 2855 3460 quidquid
2878 3402 3120 3447 rectores
3144 3401 3198 3447 et
3222 3394 3458 3450 ministri

1882 3476 2193 3523 memoratae
2258 3473 2505 3529 ecclesia:
2565 3478 2634 3532 ob
2697 3479 2985 3536 utilitatem
3048 3491 3103 3536 et
3152 3482 3455 3552 profectum

1882 3553 1999 3623 ejus
2026 3559 2286 3614 canonice
2340 3558 2594 3621 ordinare
2638 3571 2802 3638 atque
2830 3570 3117 3641 disponere
3164 3572 3453 3640 voluerint,

1881 3642 2051 3700 libero
2075 3647 2129 3701 in
2150 3651 2403 3707 omnibus
2422 3653 2770 3724 perfruantur
2789 3660 3016 3715 arbitrio
3040 3660 3273 3717 faciendi
3297 3663 3455 3732 quid—

1879 3735 2008 3804 quid
2028 3736 2309 3807 elegerint.
2339 3742 2407 3796 Et
2448 3752 2508 3797 ut
2535 3746 2651 3801 haec
2682 3750 2977 3804 auctoritas
3022 3751 3322 3824 largitionis
3356 3750 3452 3808 no-

1879 3832 2005 3881 stra:
2030 3826 2235 3885 ﬁrmior
2261 3833 2547 3902 habeatur,
2574 3846 2628 3892 et
2651 3840 2749 3908 per
2778 3839 2959 3896 futura
2982 3851 3224 3914 tempora
3250 3840 3445 3901 meliu's

1879 3928 2251 3990 conservetur,
2285 3928 2535 3984 manibus
2585 3933 2817 4001 propriis
2865 3936 3054 3991 subter
3098 3936 3449 4004 ﬁrmavimus,

1879 4016 1934 4061 et
1992 4010 2175 4068 annuli
2275 4020 2445 4074 nostri
2520 4021 2877 4092 impressione
2953 4028 3217 4097 assignari
3283 4027 3450 4097 jussi-

1878 4111 2017 4152 mus.

1957 4186 2181 4258 Signum
2207 4193 2465 4254 Ludovici
2488 4202 2819 4259 serenissimi
2847 4206 3204 4276 imperatoris.

1947 4285 2172 4358 Signum
2194 4287 2435 4346 Lotharii
2471 4295 2805 4351 serenissimi
2843 4297 3092 4370 Augusti.

1946 4377 2233 4437 Durandus
2293 4382 2553 4440 diaconus
2607 4387 2675 4442 ad
2724 4390 2897 4444 vicem
2959 4390 3224 4464 Fridogisi
3288 4411 3440 4451 reco-

1875 4468 2076 4538 gnovit.

186 4562 367 4631 anque
396 4563 679 4631 patiamur
705 4580 718 4615 ;
749 4563 862 4627 sed,
904 4564 1045 4618 sicut
1080 4564 1334 4634 diximus,
1362 4580 1485 4619 cum
1510 4566 1661 4620 omni
1687 4579 1773 4620 se.
1797 4560 1851 4623 D
1894 4644 1901 4645 7
1949 4560 2081 4613 Data
2112 4575 2171 4614 ιιι
2200 4561 2323 4617 ldus
2345 4563 2681 4635 Novembris,
2711 4586 2855 4627 anno
2877 4572 3091 4629 Christo
3109 4578 3338 4645 propitio
3377 4580 3440 4633 l7

186 4654 421 4709 curitate
462 4660 516 4707 et
550 4653 937 4723 tranquillitate
978 4655 1140 4710 liceat
1184 4662 1239 4709 et
1265 4655 1512 4710 homines
1555 4655 1646 4725 qui
1676 4670 1771 4710 eas

184 4744 504 4815 praevident,
543 4744 597 4797 in
628 4744 926 4813 quamlibet
952 4754 1163 4815 partem
1210 4746 1289 4800 ire
1335 4754 1390 4801 et
1438 4747 1616 4801 redire
1650 4760 1664 4799 :
1707 4755 1763 4801 et

185 4836 319 4889 nihil
346 4835 414 4888 ab
451 4834 532 4888 eis
554 4850 798 4903 prorsus,
842 4845 903 4889 ut
926 4837 1128 4891 dictum
1156 4845 1262 4903 est,
1292 4854 1323 4891 a
1368 4838 1608 4909 quolibet
1641 4839 1767 4894 ﬁde-

183 4926 319 4979 lium
341 4933 655 4978 nostrorum
683 4926 946 4995 exigatur.
978 4926 1046 4980 Et
1078 4934 1139 4980 ut
1164 4927 1282 4982 haec
1308 4928 1604 4982 auctoritas
1629 4943 1766 4997 prae-

182 5015 449 5084 ceptionis
496 5024 697 5070 nostrae
744 5016 951 5073 ﬁrmior
1004 5019 1287 5084 habeatur,
1341 5028 1397 5074 et
1447 5034 1478 5073 a
1514 5019 1759 5074 ﬁdelibus

184 5115 387 5161 sancta:
426 5106 521 5161 Dei
549 5105 804 5161 Ecclesia:
829 5114 884 5162 et
912 5109 1110 5163 nostris
1137 5109 1443 5179 diligentius
1476 5124 1759 5166 conserve—

187 5208 297 5263 tur,
346 5198 528 5253 annuli
575 5198 747 5253 nostri
775 5198 1130 5268 impressione
1173 5216 1291 5254 eam
1318 5201 1577 5270 jussimus
1627 5200 1761 5254 assi—

187 5291 361 5359 gnari.

259 5445 285 5503 ει
324 5432 649 5503 Bipaticum,
680 5434 817 5487 (trait
842 5433 902 5486 de
933 5433 1122 5503 rivage,
1148 5441 1266 5487 erat
1297 5435 1576 5495 tributum,
1608 5433 1750 5501 quod

187 5500 525 5583 solvebatur.
552 5504 607 5557 in
655 5504 803 5573 ripis,
828 5502 941 5583 __vel
1009 5500 1108 5572 pro
1137 5574 1148 5583 .
1181 5504 1461 5583 aggeribus
1513 5500 1749 5583 riparum

190 5572 418 5643 tuendis,
444 5571 527 5643 vel
548 5588 645 5641 pro
676 5571 943 5643 mercibus
983 5571 1102 5643 quae
1134 5574 1187 5627 in
1225 5571 1361 5641 ripis
1407 5571 1748 5642 exponeban-

190 5640 402 5714 turhvel
428 5640 589 5714 etiam
612 5657 712 5714 pro
748 5640 1018 5698 facultate
1040 5644 1242 5699 tcrendi
1283 5640 1429 5714 ripas
1468 5640 1533 5697 ad
1557 5643 1749 5708 subve-

189 5710 389 5766 hendas
417 5710 706 5766 naviculas.

260 5781 287 5821 δ
324 5779 678 5848 Pontaticum,
705 5791 949 5854 pontage,
980 5792 1096 5840 erat
1134 5786 1355 5859 vectigal
1397 5782 1638 5854 pontium
1670 5779 1748 5836 vel

1872 4644 2054 4701 domni
2086 4648 2425 4719 imperatoris
2450 4654 2706 4715 Ludovici
2735 4663 3087 4729 serenissimi,
3110 4644 3438 4723 et'liiotharii

1870 4736 2094 4809 Augusti
2125 4740 2175 4795 9.
2214 4740 2407 4798 Actum
2442 4745 2703 4820 Niumaga
2728 4752 2934 4821 palatio
2963 4755 3109 4827 regio
3133 4757 3187 4810 ih
3211 4757 3303 4813 Dei
3336 4773 3434 4813 no-

1868 4831 2012 4887 mine
2041 4832 2284 4890 fcliciter.
2319 4838 2513 4894 Amen.

2566 4932 2742 4991 CLVI.

2258 5035 2358 5075 PRO
2394 5037 2730 5083 IONASTERIO
2769 5044 3051 5085 SITBIENSI.

2463 5113 2635 5185 (Anno
2660 5118 2811 5190 850.)

2010 5197 2185 5269 [Apud
2215 5200 2437 5269 Mahill.,
2466 5207 2530 5260 de
2556 5206 2634 5261 Re
2656 5208 2952 5279 diplomat.,
2984 5229 3107 5285 pag.
3141 5215 3291 5291 632.]

1937 5288 1992 5341 ln
2020 5293 2235 5347 nomine
2264 5294 2474 5349 Domini
2516 5298 2609 5353 Dei
2647 5309 2701 5355 et
2738 5299 3036 5359 Salvatoris
3086 5288 3429 5365 nostri—Jesu

1869 5423 2120 5505 telonium
2147 5429 2363 5505 navium
2392 5446 2511 5505 quae
2536 5436 2635 5490 sub
2655 5439 2907 5505 pontibus
2930 5441 3247 5497 transibant.

1933 5504 1965 5581 lci
1994 5493 2376 5581 Sa‘lutaticum,
2410 5493 2562 5581 'droit
2608 5493 2893 5581 d‘llieureuz
2938 5493 3296 5581 fabord,merat
3336 5512 3430 5581 jus

1858 5564 2373 5650 exigen‘dihsalutes,
2406 5573 2518 5627 sive
2558 5576 2713 5630 xenia
2742 5578 2822 5631 vel
2868 5564 3259 5648 praestationes,
3307 5564 3430 5650 quae

1857 5632 2060 5755 fiebant
2080 5636 2217 5691 ultra
2254 5632 2491 5696 debitum
2531 5659 2747 5702 censum
2794 5632 2893 5703 aui
2929 5632 3425 5719 debitamqpraest;

1882 5719 2074 5755 10110111.

1882 5719 2074 5758 IOIIPm.
