3924 6318
205 394 353 451 1193

1377 383 1770 440 DIPLOMATA
1812 380 2365 439 ECCLESIASTICA.

3315 374 3452 428 1194

195 504 331 557 dum
392 502 444 553 in
499 496 699 552 eisdem
759 496 1275 551 commutationibus
1331 494 1659 547 continetur.
1714 491 1781 543 Et
1807 495 1853 551 Α
1884 497 2120 557 tempore
2149 487 2356 556 Pippini
2397 485 2482 539 avi
2534 486 2699 540 nostri
2752 482 3041 555 quamdam
3092 482 3280 537 silvam
3329 498 3449 553 qua:

195 600 421 649 econtra
453 589 504 644 in
536 588 969 659 compensatione
1017 587 1211 640 harum
1256 600 1434 640 rerum
1483 584 1628 640 dedit
1668 597 1779 636 mc-

197 694 449 741 moratus
476 682 769 737 Luidoldus
793 690 847 736 et
873 680 1071 747 conjux
1096 695 1193 734 sua
1224 679 1480 749 Irmbirga
1498 677 1611 746 jam
1635 677 1780 731 dicto

198 773 523 828 Marcoardo
547 771 728 826 abbati
759 772 826 826 ad
855 778 1065 839 partem
1093 769 1407 824 monasterii
1452 768 1622 823 sui.S.
1657 765 1777 821 Sal-

196 862 406 917 vatoris
434 860 821 921 Promiacensi,
857 859 941 913 vel
961 867 1233 914 rectorum
1275 859 1327 913 in
1375 859 1562 913 eodem
1600 871 1781 911 mona—

198 951 371 1005 sterio
396 964 492 1018 per
518 957 757 1017 tempora
797 946 1129 1017 degentium,
1172 961 1259 1001 res
1294 962 1481 1002 eorum
1529 945 1778 1016 proprius

199 1047 338 1099 sitas
367 1044 419 1097 in
449 1057 586 1113 pago
613 1039 903 1103 Caroasco,
931 1040 983 1092 in
1017 1039 1139 1093 villa
1175 1053 1293 1108 qua:
1334 1038 1532 1091 dicitur
1577 1036 1777 1099 Hunsn,

199 1141 681 1201 quantumcunque
714 1127 770 1181 in
808 1127 1063 1196 praedicta
1091 1126 1215 1181 villa
1246 1126 1331 1180 vel
1385 1139 1567 1178 marca
1600 1125 1781 1201 ipsius

202 1198 346 1274 villze
369 1217 619 1287 praesenti
649 1224 888 1285 tempore
919 1215 1118 1270 habere
1141 1214 1242 1268 visi
1265 1222 1411 1276 sunt,
1444 1220 1497 1267 et
1526 1198 1609 1267 sui
1643 1214 1782 1283 juris

201 1318 369 1378 atque
392 1304 748 1375 possessionis
770 1304 822 1357 in
855 1318 1039 1358 eorum
1066 1302 1283 1371 proprio
1312 1299 1430 1365 fuit,
1463 1315 1584 1354 cum
1613 1300 1783 1354 domi-

202 1398 333 1459 bus,
380 1394 641 1457 :edificiis,
695 1392 980 1461 mancipiis
1023 1392 1252 1459 desuper
1294 1390 1780 1453 commanentibus,

202 1500 435 1554 quorum
488 1484 601 1537 hate
656 1490 782 1535 sunt
828 1480 1045 1533 nomina
1083 1478 1613 1549 Wulgcr,\Volfgoz,
1646 1478 1784 1533 Rac—

202 1575 384 1638 cholf,
415 1573 659 1627 Lantfrid
684 1611 700 1636 ,
728 1570 997 1633 \Vicholt,
1028 1569 1304 1639 Beringer,
1335 1568 1567 1631 Roduin,
1602 1567 1782 1620 Wala-

202 1666 339 1719 burc
360 1705 374 1729 ,
406 1663 649 1718 Adnl'solt
668 1703 683 1726 ,
712 1658 1013 1724 Gomalint,
1043 1658 1319 1728 Steingart
1340 1698 1353 1721 ,
1381 1658 1624 1725 Lintgart
1651 1696 1663 1718 ,
1692 1654 1785 1709 lii-

202 1754 334 1819 colf,
365 1752 588 1817 Willolf,
626 1751 923 1814 Wieldrud,
956 1748 1255 1819 Reginfrid,
1280 1746 1514 1810 Irnifr'td,
1536 1745 1780 1807 Guotrat,

1881 579 2221 650 conjungitur
2248 578 2313 631 ad
2344 575 2546 630 Silvam
2579 584 2840 639 nostram,
2859 589 2977 644 qua:
3004 574 3200 629 dicitur
3239 571 3454 627 Βοιωτια-

1880 668 2125 732 barias,a
2157 667 2409 737 pra-dicta
2432 664 2624 720 cellula
2646 665 3000 719 abstraxisset
3028 673 3083 719 et
3110 663 3238 720 ﬁsco
3268 671 3455 719 nostro

1882 760 2160 814 sociasset.
2193 757 2357 826 Cujus
2381 772 2480 812 nos
2511 758 2587 813 rei
2639 757 2921 811 veritatem
2972 758 3248 825 cupientes
3292 757 3451 815 scire,

1881 850 2176 918 direximus
2212 852 2437 906 missum
2470 858 2712 904 nostrum
2754 849 3029 920 [laganum
3063 848 3338 914 vasallum,
3363 849 3455 918 q‘ni

1878 943 2022 996 hanc
2047 956 2265 996 causam
2296 941 2351 994 in
2382 950 2567 995 nostra
2598 939 2939 1009 eleemosyna
2989 938 3365 1009 investigasset
3404 948 3459 992 et

1883 1033 2039 1087 nobis
2073 1032 2457 1087 renuntiasset.
2484 1030 2585 1097 Qui
2604 1030 2905 1098 jussioncm
2940 1037 3179 1084 nostram
3214 1030 3457 1099 explens,

1882 1127 2022 1183 sicut
2044 1126 2200 1181 nobis
2230 1125 2583 1189 renuntiavit,
2612 1124 2815 1178 invenit
2844 1138 2940 1193 per
2987 1122 3155 1192 legem
3209 1131 3262 1176 et
3304 1123 3462 1192 justi—

1883 1219 2012 1272 tiam
2032 1216 2144 1285 jam
2173 1218 2369 1272 dictam
2397 1217 2588 1272 silvam
2620 1215 2687 1270 ad
2710 1230 2873 1283 supra
2901 1214 3104 1269 dictam
3150 1211 3341 1267 cellam
3388 1213 3463 1264 Ie—

1883 1308 2036 1379 gibus
2065 1307 2334 1377 pertinere
2360 1316 2414 1362 et
2437 1322 2535 1376 per
2555 1306 2771 1366 fortiam
2795 1304 2990 1359 exinde
3007 1304 3241 1357 ablatam
3271 1302 3459 1357 fuisse.

1884 1397 1951 1451 Et
2006 1397 2131 1452 dum
2185 1397 2341 1451 nobis
2394 1396 2684 1465 pra3dictus
2736 1392 2969 1448 vasallns
2999 1394 3072 1446 ita
3106 1393 3462 1455 renuntiaret,

1886 1488 2087 1557 placuit
2107 1488 2388 1564 serenitati
2431 1496 2665 1552 nostras,
2696 1486 2764 1541 ob
2816 1484 3081 1539 mercedis
3127 1494 3322 1538 nostra:
3370 1498 3464 1537 an-

1886 1586 2161 1647 gmentum
2208 1585 2262 1632 et
2312 1585 2527 1633 teternae
2577 1574 2947 1630 retributionis
2995 1572 3247 1639 fructum,
3278 1573 3467 1643 pt'thi-

1887 1678 2027 1723 clam
2057 1669 2251 1723 silvam
2282 1667 2487 1722 cellulm
2509 1666 2568 1720 S.
2591 1667 2737 1720 Petri
2761 1666 3007 1735 superius
3025 1666 3312 1719 nominata:
3331 1680 3469 1734 prac-

1890 1758 2191 1814 scntialiter
2220 1758 2467 1823 reddere,
2497 1767 2552 1812 et
2587 1772 2749 1826 super
2783 1755 2922 1809 hanc
2967 1755 3321 1809 redditionem
3370 1754 3468 1807 hos

202 1845 546 1907 Bcrachtrat,
577 1842 803 1905 Ilildrat,
835 1841 1089 1903 llordrat,
1119 1836 1368 1903 Liutfritl,
1397 1837 1643 1900 Liutran,
1679 1837 1789 1890 llil-
1818 1831 1863 1888 Β
1894 1862 2109 1907 nostros
2136 1849 2442 1920 imperiales
2471 1849 2653 1919 apices
2687 1846 2801 1901 ﬁeri
2823 1863 2834 1899 :
2855 1862 2953 1916 per
2972 1861 3108 1915 quos
3129 1845 3472 1915 pnecipimus

204 1939 405 2007 digart,
434 1936 715 2005 ’I‘hiatgoz,
742 1933 949 1998 Nitran,
992 1932 1241 1997 Gundila,
1280 1933 1470 1997 Zeiza,
1498 1931 1747 1985 Liutmun
1770 1973 1783 1994 ,

208 2026 531 2089 Berehtran,
547 2023 846 2094 Reginfrid,
871 2022 1141 2092 Liofgunt,
1156 2021 1453 2085 Adaldrud,
1485 2021 1784 2085 [timidi-nd,

190 2115 541 2185 ’Berahgunt,
573 2130 693 2169 cum
725 2114 914 2181 pratis,
937 2113 1107 2175 silvis,
1132 2112 1367 2180 pascuis.
1394 2112 1596 2180 stirpis,
1615 2111 1785 2179 aquis,

207 2219 543 2275 aquarumve
569 2203 905 2265 decursibus,
929 2200 1110 2255 omnia
1141 2208 1195 2255 et
1231 2216 1296 2254 cx
1324 2200 1593 2263 omnibus,
1621 2208 1787 2253 totum

206 2295 346 2350 etad
369 2295 637 2364 integrum
662 2292 747 2346 vel
791 2291 1176 2360 inquuisitum
1225 2290 1611 2360 perpetualiter
1650 2306 1788 2360 pra:-

208 2385 357 2439 dicto
384 2382 712 2438 monasterio
744 2382 809 2435 ad
840 2379 1143 2434 habendum
1175 2379 1531 2433 tradiderunt.
1562 2377 1708 2432 Unde
1736 2385 1788 2429 et

209 2475 347 2529 duas
372 2472 819 2529 commntatimes
846 2470 962 2541 pari
994 2478 1179 2522 tenore
1213 2468 1582 2537 conscriptas,
1617 2466 1788 2520 mani—

210 2567 419 2634 busque
462 2564 724 2617 bonorum
765 2563 1041 2616 hominum
1072 2558 1354 2612 rohoratas
1397 2571 1455 2611 se
1494 2573 1602 2626 prze
1627 2557 1795 2609 mani-

213 2655 315 2709 bus
346 2655 545 2710 habere
579 2652 855 2721 professus
889 2658 990 2705 est.
1024 2648 1131 2703 Sed
1160 2665 1257 2719 pro
1288 2649 1495 2717 integra
1540 2646 1792 2701 ﬁrmitate

212 2744 369 2815 petiit
394 2742 695 2797 celsitudini
724 2746 923 2795 nostra:
952 2748 1010 2793 ut
1049 2739 1192 2807 ipsas
1223 2739 1673 2792 commutationes
1700 2736 1790 2789 de-

216 2850 324 2887 nuo
349 2848 446 2901 per
469 2839 667 2885 nostrae
698 2828 1125 2883 mansuetudinis
1153 2836 1479 2897 praeceptum
1503 2826 1714 2897 plenius
1737 2826 1789 2879 in

216 2922 312 2976 Dei
348 2920 565 2975 nomine
593 2918 917 2973 conﬁrmare
965 2918 1307 2982 deberemus,
1345 2914 1500 2984 cujus
1544 2914 1789 2987 petitioni

214 3011 485 3080 denegare
522 3009 827 3073 noluimus;
882 3009 977 3063 sed
1023 3008 1164 3062 sicut
1213 3007 1503 3075 unicuique
1552 3004 1790 3058 fidelium

215 3108 526 3153 nostrorum
559 3096 704 3165 juste
746 3097 1065 3165 petentium,
1096 3096 1167 3148 ita
1199 3110 1296 3150 nos
1342 3095 1417 3148 illi
1459 3093 1793 3149 concessisse

213 3199 379 3258 atque
409 3190 460 3242 in
480 3188 730 3242 omnibus
748 3186 1096 3241 confirmasse
1117 3185 1442 3256 cognoscite.
1468 3184 1790 3253 Prabcipien-
1819 3163 1862 3223 (ἶ

218 3290 300 3334 tes
320 3295 447 3348 ergo
465 3277 716 3346 jubemus
745 3286 803 3331 ut
823 3277 1081 3347 quidquid
1105 3292 1229 3346 pars
1248 3276 1391 3346 juste
1420 3285 1474 3332 et
1500 3277 1794 3333 rationabi-

216 3370 343 3424 liter
377 3369 531 3424 alteri
571 3368 815 3433 contulit,
848 3368 921 3421 ita
953 3368 1206 3437 deinceps
1233 3383 1330 3438 per
1361 3369 1500 3423 hanc
1550 3380 1792 3424 nostram

216 3460 599 3514 auctoritatem
622 3456 746 3526 jure
770 3457 1082 3513 ﬁrmissimo
1107 3466 1287 3513 teneat
1312 3467 1473 3527 atque
1499 3459 1791 3529 possideat,

218 3549 304 3604 vel
332 3548 591 3619 quidquid
624 3548 817 3603 exinde
850 3548 1025 3602 facere
1051 3548 1297 3614 voluerit,
1341 3549 1508 3603 libero
1540 3550 1590 3602 in
1620 3550 1794 3603 omni—

220 3639 323 3692 bus
360 3635 672 3706 perfruatur
724 3636 949 3690 arbitrio
990 3637 1222 3691 faciendi
1254 3638 1511 3707 quidquid
1550 3638 1790 3708 elegerit.

219 3728 362 3782 Etut
388 3727 504 3781 hazc
533 3726 828 3781 auctoritas
848 3725 1272 3780 conﬁrmationis
1286 3736 1484 3780 nostra:
1506 3742 1602 3796 per
1624 3727 1796 3781 curri-

219 3817 341 3870 cula
355 3831 616 3870 annorum
633 3814 987 3870 inviolabilem
1002 3822 1161 3884 atque
1177 3816 1545 3869 ineonvulsam
1555 3815 1795 3870 obtineat

219 3909 555 3973 ﬁrmitatem,
572 3909 637 3962 de
650 3908 848 3963 annulo
866 3916 1051 3962 nostro
1073 3908 1259 3962 subter
1276 3905 1537 3974 jussimus
1552 3907 1792 3977 sigillati.

293 3996 575 4050 Durandus
600 3996 855 4050 diaconus
880 3996 947 4050 ad
969 3996 1139 4051 vicem
1178 3989 1443 4065 Fridugisi
1491 3996 1792 4065 recognovi.

293 4089 425 4143 Data
451 4103 519 4141 vn
554 4086 676 4141 Idus
709 4085 971 4150 Januarii,
1009 4101 1171 4152 anno,
1208 4085 1423 4141 Christo
1451 4086 1702 4155 propitio,
1737 4087 1795 4137 l7

221 4178 435 4248 imperii
460 4176 640 4232 domui
674 4176 926 4231 Ludovici
952 4176 1175 4245 piissimi
1217 4176 1443 4245 Augusti
1475 4183 1527 4228 et
1555 4175 1794 4230 Lotharii

220 4271 277 4331 9,
310 4267 599 4321 indictione
633 4266 684 4319 9.
720 4266 909 4319 Actum
942 4264 1263 4335 Aquisgrani
1312 4264 1509 4332 palatio
1543 4266 1710 4333 regio,
1744 4265 1795 4316 in

223 4362 319 4415 Dei
346 4359 561 4414 nomine
589 4357 832 4411 feliciter.
872 4356 1062 4410 Amen.

907 4469 1128 4526 CLVIII.

221 4599 324 4640 PRO
362 4600 525 4639 CELLA
564 4598 629 4635 DE
672 4597 945 4636 BAItlSI.\CO
992 4596 1329 4635 MONASTERIO
1360 4598 1645 4636 ELNONENSI
1679 4600 1798 4637 SUB-

536 4668 696 4706 JECTA
752 4668 801 4705 IN
851 4667 1075 4705 υιαῐςεει
1133 4667 1477 4706 ιΑυυυΝεΝει.

836 4739 1009 4812 (Αηηο
1038 4742 1187 4811 83f.)

222 4831 401 4905 [Apud
429 4829 627 4885 Mabill.
651 4870 664 4894 ,
689 4831 804 4883 Act.
834 4830 946 4883 0rd.
978 4829 1260 4905 Safigned.
1284 4872 1297 4895 ,
1326 4841 1465 4899 part.
1494 4849 1529 4895 ι,
1564 4848 1686 4887 saec.
1721 4850 1792 4898 iv,

877 4915 997 4970 pag.
1027 4899 1139 4970 67.]

292 5009 351 5065 In
382 5010 599 5064 nomine
630 5009 722 5063 Dei
774 5018 829 5064 et
874 5008 1170 5063 Salvatoris
1202 5013 1367 5064 nostri
1409 5011 1534 5066 Iesu
1569 5013 1794 5078 Christi,

220 5098 545 5161 Ludovicus,
578 5098 755 5152 divina
784 5098 1065 5151 ordinante
1094 5099 1451 5166 providentia,
1506 5102 1797 5169 imperator

219 5194 515 5261 Augustus.

290 5281 551 5337 Omnibus
589 5280 833 5334 fidelibus
857 5292 1056 5334 sancta:
1078 5281 1171 5335 Dei
1208 5281 1461 5336 Ecclesia:
1491 5292 1544 5336 et
1569 5284 1791 5348 nostris,

221 5370 579 5441 praesentibus
609 5370 814 5424 scilicet
843 5381 897 5423 et
925 5368 1342 5435 futuris,notum
1375 5372 1445 5425 sit
1472 5373 1597 5439 quia
1620 5372 1795 5428 ﬁdelis

224 5472 409 5516 noster
456 5461 598 5525 Leo,
634 5461 726 5530 qui
777 5460 1024 5515 cellulam
1076 5476 1196 5529 quae
1242 5461 1439 5515 dicitur
1468 5462 1793 5525 Barisiacus,

223 5564 344 5619 qua:
367 5558 451 5604 est
488 5557 793 5603 constructa
826 5548 878 5601 in
912 5548 1117 5601 honore
1156 5550 1325 5603 sancti
1358 5548 1499 5602 Petri
1538 5550 1798 5619 principis

225 5640 615 5709 apostolorum,
646 5639 945 5708 largitionis
971 5646 1168 5691 nostra:
1209 5640 1432 5703 habens,
1458 5649 1681 5708 questus
1716 5652 1801 5695 est

227 5746 293 5784 co
319 5729 460 5798 quod
491 5729 663 5798 major
688 5729 754 5782 de
783 5728 910 5781 ﬁsco
940 5728 1209 5781 Barisiaco
1237 5744 1331 5799 per
1377 5730 1588 5785 fot'liattt
1639 5731 1794 5805 [vim]

628 5824 900 5882 I’ATROL.
943 5821 1099 5881 CIV.

1891 1940 2324 2012 atquejubemus
2355 1948 2413 1993 ut
2458 1938 2637 1993 nullus
2678 1936 2905 2006 quilibet
2946 1945 3100 2004 parte
3150 1934 3265 1990 ﬁsci
3295 1937 3468 1989 nostri

1891 2034 2137 2088 eamdem
2164 2032 2359 2087 silvam
2389 2032 2455 2086 de
2474 2031 2587 2101 jam
2617 2029 2761 2099 dicta
2786 2027 2979 2083 cellula
3014 2028 3329 2083 abstrahere
3374 2038 3469 2081 aut

1891 2128 2157 2188 minuere,
2185 2132 2276 2187 aut
2305 2124 2469 2178 ullam
2494 2123 2817 2178 calumniam
2846 2122 3247 2190 pramominatce
3271 2122 3472 2177 cellula:

1894 2216 2071 2271 facere
2097 2216 2181 2270 vel
2208 2216 2454 2286 ingerere
2477 2222 2804 2285 przcsumat;
2836 2213 2929 2268 sed
2957 2212 3097 2268 sicut
3116 2228 3145 2266 a
3172 2214 3326 2268 nobis
3352 2215 3473 2269 red—

1894 2309 2063 2361 ditum
2094 2312 2257 2377 atque
2285 2322 2383 2376 per
2412 2308 2551 2361 hanc
2585 2314 2829 2362 nostram
2859 2306 3237 2361 auctoritatem
3279 2308 3472 2360 confir—

1893 2407 2095 2453 matum
2120 2409 2201 2454 est
2223 2440 2236 2463 ,
2266 2400 2342 2453 ita
2372 2399 2648 2468 perpetuis
2687 2398 3018 2467 temporibus
3047 2406 3260 2451 maneat
3290 2398 3472 2452 incon-

1893 2490 2123 2545 vulsum.
2152 2489 2221 2544 Et
2248 2498 2306 2543 ut
2334 2490 2449 2544 ιιωο
2487 2489 2781 2543 auctoritas
2811 2488 3127 2542 redditionis
3154 2496 3352 2543 nostrae
3385 2488 3474 2557 fir-

1895 2580 2035 2635 mior
2057 2580 2341 2644 habeatur,
2373 2589 2425 2635 et
2452 2595 2547 2650 per
2588 2579 2767 2633 futura
2810 2588 3051 2648 tempora
3099 2579 3290 2633 melius
3339 2598 3471 2635 con-

1895 2682 2165 2740 servetur,
2192 2675 2257 2729 de
2286 2682 2469 2729 nostro
2498 2675 2698 2729 annulo
2723 2676 2909 2731 subter
2939 2675 3200 2744 jussimus
3226 2673 3470 2745 sigillari.

1968 2765 2253 2819 Durandus
2277 2766 2534 2820 diaconus
2558 2766 2625 2819 ad
2655 2766 2825 2820 vicem
2855 2764 3147 2834 Fridugisi.

1962 2856 2096 2911 Data
2126 2871 2191 2908 xv
2223 2854 2339 2908 Kal.
2374 2855 2674 2920 Februarii,
2699 2871 2859 2919 anno,
2883 2855 3099 2911 Christo
3123 2857 3377 2926 propitio,
3408 2855 3475 2909 I7

1896 2945 2107 3014 imperii
2148 2944 2328 2998 domui
2359 2944 2616 2999 Ludovici
2659 2945 2993 2999 serenissimi
3043 2945 3382 3016 imperatoris
3422 2956 3475 2999 et

1896 3033 2137 3088 Lotharii
2175 3032 2401 3103 Augusti
2433 3035 2488 3099 8,
2516 3035 2808 3089 indictione
2831 3033 2883 3089 9.
2912 3033 3105 3089 Actum
3155 3036 3473 3105 Aquisgrani

1897 3124 2100 3194 palatio
2130 3126 2279 3195 regio
2308 3126 2361 3179 in
2393 3125 2486 3180 Dei
2517 3127 2733 3181 nomine
2765 3125 3010 3181 feliciter.

2584 3216 2768 3273 CLIX.

2039 3324 2136 3363 PRO
2170 3323 2502 3364 MONASTERIO
2537 3324 2724 3365 SANCTI
2760 3326 2981 3366 ANDREE
3013 3328 3332 3369 VIENXENSIS.

2516 3397 2690 3469 (Anno
2718 3401 2868 3469 εει.)

1898 3489 1998 3557 [Ex
2048 3488 2380 3543 chartulario
2422 3488 2665 3543 ecclesia:
2714 3490 3036 3544 Viennensis
3064 3532 3077 3554 ,
3124 3493 3261 3563 apud
3295 3494 3477 3549 Baluz.

2361 3577 2557 3647 Capit,
2603 3586 2639 3631 ι.
2672 3577 2735 3640 II,
2767 3594 2818 3647 p.
2854 3580 3036 3651 1452.]

1966 3668 2021 3720 In
2069 3666 2285 3720 nomine
2336 3666 2546 3720 Domini
2578 3666 2671 3720 Dei
2715 3676 2769 3721 et
2819 3667 3116 3724 Salvatoris
3156 3675 3324 3727 nostri
3354 3673 3477 3729 Jcsu

1897 3756 2121 3818 Christi,
2179 3740 2518 3816 Ludovicus,
2564 3755 2745 3809 divina
2794 3757 3080 3813 ordinante
3125 3762 3477 3829 providentia,

1898 3845 2193 3912 imperator
2222 3841 2517 3910 Augustus.

1972 3935 2026 3989 Si
2057 3934 2395 3989 sacerdotum
2444 3951 2508 3989 ac
2550 3952 2827 3993 servorum
2860 3938 2952 3993 Dei
3000 3942 3307 4008 petitiones,
3344 3960 3482 4013 quas

1902 4026 2054 4081 nobis
2098 4042 2195 4094 pro
2233 4026 2344 4079 suis
2374 4028 2786 4082 necessitatibus
2836 4030 3193 4096 innotuerint,
3243 4034 3309 4086 ad
3348 4036 3479 4089 eﬁ'e-

1900 4124 2045 4169 ctum
2067 4113 2426 4183 perducimus,
2466 4130 2570 4169 non
2598 4116 2770 4170 solum
2804 4119 3243 4175 consuetudinem
3275 4125 3478 4193 regiam

1901 4218 2216 4259 exercemus
2241 4244 2255 4268 ,
2296 4219 2483 4259 verum
2514 4207 2675 4259 etiam
2720 4208 2785 4261 ad
2826 4208 3212 4265 beatitudinem
3244 4216 3478 4269 retribu-

1903 4297 2065 4350 tionis
2115 4297 2456 4365 profuturum
2505 4297 2845 4353 confidimus.
2909 4301 3138 4356 Proinde
3184 4308 3479 4375 comperiat

1902 4387 2140 4442 omnium
2182 4387 2416 4441 fidelium
2457 4395 2763 4441 nostrorum
2798 4389 3082 4455 industria,
3132 4397 3476 4461 praesentium

1822 4497 1875 4555 D
1902 4477 2106 4532 scilicet
2139 4486 2193 4528 et
2232 4475 2532 4529 futurorum
2557 4518 2570 4540 ,
2619 4479 2849 4546 qualiter
2880 4482 2959 4534 vir
2990 4484 3311 4538 venerabilis
3352 4485 3479 4539 Ber-

1901 4570 2123 4632 nardus,
2159 4568 2481 4623 Viennensis
2510 4568 2765 4624 Ecclesia:
2794 4572 3011 4640 prccsul,
3041 4574 3273 4629 veniens
3291 4576 3356 4630 ad
3386 4593 3480 4629 nc-

1903 4669 2070 4713 slram
2097 4659 2444 4713 serenitatem
2493 4659 2682 4714 detulit
2708 4662 2862 4716 nobis
2892 4672 3227 4719 astrumcnta
3260 4668 3480 4722 charta~

1903 4766 2019 4803 rum
2056 4764 2153 4817 per
2192 4764 2310 4816 qua:
2346 4748 2728 4804 Ansemundus
2760 4760 2814 4805 et
2860 4752 3055 4820 conjnx
3110 4770 3205 4808 sua
3251 4757 3472 4812 Ansleu-

1900 4838 2034 4892 bana
2065 4846 2119 4890 et
2148 4836 2255 4890 ﬁlia
2278 4851 2465 4890 eorum
2512 4837 2717 4890 itemila
2747 4841 3004 4895 vocabulo
3030 4842 3264 4913 Eugenia
3295 4861 3467 4900 mona-

1901 4928 2123 4981 sterium
2152 4928 2325 4980 sancti
2372 4926 2600 4982 Andreae
2632 4928 2952 4985 subterioris
2981 4942 3170 4987 sancto
3219 4935 3477 4991 Mauricio

1902 5018 2341 5071 condonaverunt
2379 5027 2433 5071 et
2462 5018 2829 5083 tradiderunt,
2882 5029 3044 5091 atque
3073 5025 3314 5092 prtedicti
3344 5042 3477 5083 con-

1901 5105 2102 5160 ditores
2134 5107 2203 5161 ob
2238 5106 2509 5160 firmitatis
2544 5108 2780 5162 studium
2808 5121 2997 5166 sancto
3035 5111 3310 5170 Leoniano
3344 5132 3475 5173 con-

1900 5197 2271 5265 signaverunt,
2305 5205 2360 5250 et
2391 5199 2491 5252 sub
2519 5207 2786 5266 potestate
2810 5210 2863 5254 et
2891 5202 3228 5260 ordinatione
3252 5246 3265 5258 .
3293 5246 3307 5260 .
3337 5246 3351 5261 .
3379 5247 3392 5262 .
3422 5250 3433 5262 .
3463 5250 3476 5264 .

1902 5287 2150 5355 Episcopi
2178 5287 2431 5342 Ecclesia:
2478 5288 2797 5345 Viennensis
2835 5300 2889 5345 et
2916 5306 3295 5350 successorum
3335 5296 3475 5352 illius

1897 5376 2014 5429 utili
2042 5377 2254 5430 actione
2288 5375 2433 5431 omni
2468 5387 2707 5446 tempore
2737 5390 2968 5434 maneat.
3007 5383 3228 5453 Insuper
3260 5394 3308 5439 et
3338 5402 3475 5455 pra--

1899 5476 2053 5535 cepta
2083 5468 2293 5535 piorum
2341 5484 2525 5538 regum
2570 5470 2824 5536 ostendit,
2871 5472 3153 5529 Teuderici
3182 5476 3390 5531 scilicet
3420 5492 3477 5534 et

1899 5554 2222 5617 Guntranni,
2257 5574 2353 5626 per
2394 5573 2511 5626 qua:
2542 5561 2638 5631 ipsi
2678 5571 2863 5618 sancto
2893 5563 3149 5619 Mauricio
3180 5567 3473 5623 confirma-

1902 5653 2093 5698 verunt
2133 5645 2337 5700 ﬁrmius
2372 5649 2437 5701 ad
2483 5649 2807 5705 habendum.
2859 5652 2962 5707 Sed
3012 5655 3299 5721 praedictus
3342 5657 3473 5711 Bero

1906 5741 2105 5792 nardns
2143 5739 2424 5809 (‘pISt‘upus
2473 5741 2654 5795 retulit
2708 5742 3008 5798 celsitudini
3063 5754 3259 5801 nostra:
3298 5748 3471 5815 ipsum

3041 5836 3117 5895 38
