3924 6318
505 343 634 397 1195

1663 354 1985 410 LUDOVICI
2026 357 2045 410 l
2082 355 2550 414 COGNOMENTO
2588 359 2676 413 Pl!

3619 358 3753 409 “9'5

497 461 878 516 monasterium
925 470 1142 533 propter
1173 467 1537 544 cupiditatem
1586 469 1849 522 malorum
1899 471 2073 524 homi-
2102 475 2148 533 Α
2177 471 2480 526 claritatem
2519 471 2630 524 ﬁeri
2675 473 3026 540 jnbercmus:
3082 470 3222 540 quod
3272 479 3322 522 et
3363 469 3516 522 nobis
3563 483 3727 523 seeun

494 566 626 605 num
665 553 734 607 ab
773 553 960 608 eadem
1007 555 1244 611 Ecclesia
1279 558 1638 615 subtractum.
1697 561 1807 615 Nos
1857 578 2072 631 quoque

494 643 690 712 iustam
721 645 832 699 imo
874 646 1252 702 rationabilem
1292 651 1610 725 petitionem
1655 653 1796 708 illius
1821 655 2072 723 judican-

495 742 597 799 tes,
626 735 961 792 restituimus
982 737 1153 807 ipsum
1185 741 1570 795 monasterium
1601 751 1788 799 sancto
1816 743 2072 800 Mauricio

490 837 548 884 et
579 827 857 885 Barnardo
888 831 1032 886 illius
1063 831 1164 887 loci
1197 833 1450 902 episcopo
1475 849 1573 903 per
1600 844 1801 891 nostrae
1840 839 2072 892 auctori-

491 920 620 975 tatis
644 930 968 992 praeceptum
999 937 1097 992 pro
1128 924 1376 978 mercede
1409 932 1463 978 et
1486 926 1722 981 remedio
1751 925 1944 982 anima:
1977 944 2071 982 no-

490 1018 617 1064 stra:
660 1017 824 1080 atque
869 1011 1033 1067 totius
1085 1011 1294 1081 imperii
1348 1013 1518 1067 nostri
1563 1013 1963 1082 emolumento,
2010 1027 2070 1072 ut

491 1098 598 1155 iam
628 1102 744 1170 ipse
766 1117 926 1170 quam
956 1117 1297 1159 successores
1328 1106 1410 1159 sui
1455 1105 1658 1175 absque
1689 1106 1907 1176 cuiusce
1942 1125 2069 1164 con-

489 1192 813 1247 tradictione
844 1193 1021 1262 ipsum
1051 1195 1439 1250 monasterium
1482 1198 1734 1253 ordinent
1763 1208 1924 1274 atque
1951 1201 2066 1256 dis-

487 1292 690 1352 ponant
725 1285 1023 1340 secundum
1065 1286 1399 1342 voluntatem
1427 1288 1520 1343 Dei
1553 1297 1608 1344 et
1639 1291 1783 1346 beati
1823 1290 2066 1346 Mauricii

485 1375 555 1428 ab
581 1373 841 1429 hodierna
871 1375 958 1429 die
981 1382 1036 1430 et
1080 1375 1365 1447 deinceps,
1404 1388 1459 1432 et
1492 1379 1562 1434 sit
1591 1381 1691 1435 sub
1730 1381 2067 1437 immunitate

487 1473 670 1519 nostra
693 1467 834 1520 sicut
853 1475 907 1521 et
926 1465 1043 1521 alia:
1071 1481 1158 1521 res
1188 1468 1359 1522 sancti
1392 1468 1655 1523 Mauricii.
1686 1469 2065 1540 Praeeipientes

485 1570 615 1626 ergo
638 1555 889 1626 jubemus
931 1563 989 1610 ut
1032 1557 1212 1613 nullus
1241 1558 1408 1628 judex
1442 1560 1694 1629 publicus
1722 1574 1895 1630 neque
1919 1559 2064 1629 judi-

484 1645 653 1700 eiaria
677 1655 922 1716 potestas
951 1649 1017 1702 ad
1046 1662 1242 1703 causas
1278 1649 1573 1704 audiendas
1595 1691 1608 1708 .
1646 1650 1729 1704 vel
1764 1649 1912 1706 freda
1943 1653 2060 1707 exi-

483 1738 677 1806 genda,
726 1745 821 1792 aut
861 1738 1169 1793 mansiones
1219 1739 1302 1793 vel
1351 1749 1571 1809 paratas
1620 1740 1932 1806 faciendas,
1971 1750 2063 1795 aut

2176 562 2299 615 dum
2354 560 2591 630 ejusdem
2648 562 2958 629 petitionem
3001 559 3115 613 ﬁcri
3163 560 3406 628 placuit'.
3457 575 3552 628 per
3589 574 3757 626 quam

2174 651 2513 720 praecipimus
2538 659 2700 720 atque
2723 652 2975 720 jubemus
3003 660 3062 703 ut
3105 649 3284 703 nullus
3320 665 3390 704 ex
3421 650 3757 703 successori-

2173 741 2272 794 bus
2301 739 2417 806 ejus
2442 780 2454 793 .
2484 779 2497 794 .
2525 781 2539 794 .
2568 781 2580 793 .
2609 780 2623 795 .
2655 781 2668 794 .
2721 741 2972 796 videlicet
3017 740 3254 808 ejusdem
3304 740 3616 793 monasterii
3666 753 3757 807 pa-

2175 832 2315 884 troni
2354 833 2524 886 nostri
2556 833 2851 888 beatissimi
2882 834 3056 887 sancti
3086 831 3300 885 Martini
3327 829 3565 899 qualibet
3592 843 3754 883 occa-

2171 926 2322 978 sione
2369 923 2580 992 dejure
2628 925 2910 980 memorati
2951 924 3260 978 monasterii
3293 921 3588 1001 Cormarici
3645 919 3760 972 nilo

2171 1031 2405 1084 unquam
2439 1024 2674 1085 tempore
2701 1017 2942 1070 eamdem
2965 1015 3143 1069 villam
3168 1013 3504 1072 abstrahere,
3543 1009 3628 1062 vel
3658 1009 3755 1062 ali-

2170 1112 2296 1180 quid
2341 1113 2408 1166 de
2447 1113 2530 1167 his
2557 1128 2676 1182 qnce
2714 1113 2778 1166 ad
2819 1127 2938 1166 eam
2972 1111 3116 1180 juste
3164 1109 3461 1178 pertinent,
3508 1104 3754 1158 minuere

2167 1212 2492 1273 praesumat:
2533 1206 2624 1258 sel
2656 1205 2754 1258 sub
2776 1205 2920 1259 omni
2948 1203 3272 1272 integritate,
3320 1199 3513 1253 sicutca
3545 1210 3758 1250 memo-

2170 1302 2292 1348 rato
2319 1293 2611 1348 venerabili
2633 1293 2916 1364 Fridugiso
2952 1294 3019 1347 ad
3046 1293 3184 1345 idem
3214 1288 3604 1343 monasterium
3639 1294 3755 1338 tra-

2168 1382 2278 1436 dita
2309 1397 2374 1436 ac
2399 1383 2577 1436 delata
2609 1381 2729 1445 fuit,
2766 1391 3022 1452 perpetua
3053 1380 3344 1436 stabilitate
3390 1378 3445 1431 in
3486 1375 3607 1442 ejus
3630 1372 3757 1441 jure

2167 1474 2444 1527 consistat.
2495 1465 2561 1526 Et
2589 1473 2845 1543 quidquid
2869 1473 3094 1526 abbates
3111 1479 3162 1525 et
3193 1469 3389 1522 fratres
3428 1482 3493 1521 ac
3533 1474 3753 1536 ageam

2167 1561 2408 1630 ejusdem
2451 1563 2763 1616 monasterii
2797 1561 2863 1616 de
2908 1561 3110 1614 eisdem
3139 1557 3223 1612 vel
3264 1559 3317 1611 in
3345 1555 3550 1611 eisdem
3595 1553 3760 1608 rebus

2161 1654 2282 1724 jure
2313 1654 2681 1709 ecclesiastico
2709 1654 2890 1708 facere
2911 1651 3271 1712 decreverint,
3293 1649 3468 1703 libero
3495 1649 3552 1700 in
3579 1646 3752 1701 omni-

2166 1741 2266 1796 bus
2299 1740 2647 1810 perfruantur
2677 1738 2899 1794 arbitrio
2937 1738 3184 1794 faciendi.
3227 1737 3298 1790 Et
3338 1744 3398 1788 ut
3429 1736 3543 1788 haec
3572 1742 3756 1787 aucto-

485 1823 828 1893 lidejussores
854 1825 1147 1892 tollendos,
1182 1838 1272 1883 aut
1301 1831 1546 1885 homines
1583 1829 1823 1899 ejusdem
1869 1847 2057 1886 mona-
2089 1826 2135 1883 B
2165 1831 2298 1884 ritas
2348 1830 2774 1884 conﬁrmationis
2819 1837 3015 1883 nostrae
3065 1835 3175 1880 tam
3231 1825 3438 1878 nostris
3484 1837 3652 1892 quam
3703 1831 3754 1877 et

483 1916 632 1970 sterii
664 1924 769 1970 tam
801 1917 1063 1988 ingenuos
1087 1934 1356 1989 quamque
1387 1935 1590 1984 servos,
1636 1923 1725 1991 qui
1759 1937 1923 1992 super
1957 1931 2066 1977 ter-

481 2020 600 2059 ram
647 2006 814 2076 ipsius
859 2007 1098 2062 residere
1135 2008 1426 2075 videntur,
1481 2011 1918 2081 distringendos,
1967 2029 2065 2069 nec

480 2097 620 2150 ullas
647 2097 1040 2152 redhibitiones
1066 2100 1540 2167 requirendasullo
1556 2116 1791 2169 unquam
1825 2111 2064 2172 tempore

481 2187 688 2258 ingredi
719 2188 913 2242 audeat
941 2204 954 2252 ;
987 2197 1040 2242 et
1061 2189 1322 2260 quidquid
1350 2191 1472 2245 inde
1500 2191 1659 2246 fiscus
1692 2202 1946 2248 exactare
1974 2211 2066 2265 po-

481 2276 630 2337 terit,
658 2283 828 2330 totum
856 2292 956 2345 pro
977 2286 1178 2332 artema
1213 2282 1651 2336 remuneratione
1675 2284 1914 2339 ecclesia:
1940 2300 2065 2338 san~

479 2363 552 2417 eti
597 2363 840 2418 Mauricii
872 2367 1246 2422 concedimus.
1293 2368 1359 2422 Et
1390 2379 1450 2422 ut
1492 2371 1606 2425 lucc
1636 2374 1932 2428 auctoritas
1960 2374 2063 2428 lar-

479 2453 663 2522 gitatis
686 2462 887 2510 nostra
929 2454 1296 2512 inviolabilem
1327 2457 1567 2514 obtineat
1603 2461 1866 2530 vigorem,
1903 2479 2062 2518 manu

479 2542 693 2612 propria
723 2544 908 2598 subter
953 2543 1292 2601 ﬁrmavimus
1315 2555 1368 2601 et
1393 2548 1576 2602 annuli
1615 2551 1784 2604 nostri
1831 2551 2064 2620 impres-

477 2633 630 2686 sione
660 2633 858 2702 signari
885 2633 1168 2703 jdssimus.

549 2718 773 2790 Signum
802 2721 1059 2776 Ludovici
1089 2724 1419 2779 serenissimi
1445 2727 1809 2796 imperatoris.

548 2810 682 2866 Data
717 2828 749 2864 v
779 2812 961 2868 Nonas
987 2812 1226 2880 Martias,
1266 2831 1427 2881 anno,
1456 2817 1674 2873 Christo
1702 2821 1962 2889 propitio,
1999 2823 2064 2875 l8

477 2899 658 2953 domui
692 2898 948 2955 Ludovici
989 2902 1323 2958 serenissimi
1369 2905 1594 2975 Augusti
1623 2948 1636 2970 ,
1685 2909 1977 2965 indictione
2006 2911 2057 2965 9.

476 2990 669 3044 Actum
701 2989 1025 3064 Aquisgrani
1065 2993 1264 3061 palatio
1292 2995 1440 3065 regio
1483 2996 1536 3050 in
1579 2999 1673 3052 Dei
1700 3000 1914 3054 nomine
1943 3000 2060 3054 feli-

477 3079 629 3133 citer.

546 3169 860 3228 Helisachar
892 3175 1201 3244 recognovi.

1186 3265 1342 3321 CLX.

814 3368 913 3407 PRO
948 3367 1284 3408 IONASTERIO
1313 3371 1698 3414 COBIAMCENSI
1709 3400 1720 3411 .

1082 3443 1255 3514 (Anno
1289 3444 1436 3515 83l).

477 3531 576 3602 [Ex
617 3530 950 3587 chartulario
995 3532 1051 3586 S.
1098 3531 1312 3588 Martini
1344 3534 1572 3600 Turon.,
1624 3538 1764 3606 apud
1815 3539 1875 3593 Ι).
1925 3539 2060 3594 Bou-

901 3631 1074 3690 quet.,
1109 3631 1239 3676 tom.
1272 3623 1360 3687 Vl,
1389 3639 1442 3694 p.
1472 3624 1621 3696 572.]

544 3707 602 3761 ln
639 3709 857 3764 nomine
904 3711 1116 3764 Domini
1166 3711 1256 3766 Dei
1288 3719 1342 3766 et
1385 3711 1686 3772 Salvatoris
1729 3717 1898 3771 nostri
1934 3717 2059 3773 Jesu

473 3799 709 3864 Christi,
760 3798 1092 3864 Ludovicus,
1143 3801 1321 3855 divina
1373 3803 1662 3858 ordinante
1698 3807 2058 3873 providentia,

476 3889 774 3957 imperator
798 3888 1096 3959 Augustus.

543 3978 738 4033 Notum
781 3993 904 4034 esse
951 3979 1199 4034 volumus
1240 3982 1493 4037 erunibus
1543 3981 1792 4038 ﬁdelibus
1838 3988 2057 4049 nostris,

473 4073 831 4143 pmsentibus
875 4074 1084 4128 scilicet
1133 4083 1188 4128 et
1237 4076 1464 4142 futuris,
1514 4078 1640 4147 quia
1677 4077 1849 4132 ﬁdelis
1878 4088 2062 4134 noster

472 4164 802 4222 venerabilis
843 4163 1159 4233 Fridngisus
1200 4166 1368 4220 abbas
1397 4171 1716 4222 monasterii
1749 4169 1806 4223 S.
1846 4169 2058 4223 Martini

475 4259 709 4313 innotuit
736 4255 1132 4311 mansuetudini
1163 4264 1362 4311 nostra:
1400 4258 1543 4326 quod
1568 4267 1878 4314 antecessor
1907 4275 2057 4323 suus,

473 4349 693 4405 nomine
719 4349 929 4414 lterius,
959 4347 1230 4418 quondam
1259 4348 1498 4417 ejusdem
1529 4349 1843 4404 monasterii
1870 4348 2055 4412 abbas,

472 4441 746 4510 quoddam
772 4440 1161 4518 monasterium
1189 4481 1202 4503 ,
1248 4440 1402 4510 cujus
1434 4441 1750 4495 vocabulum
1801 4450 1886 4496 est
1926 4441 2057 4496 Cor-

473 4532 736 4596 maricus,
768 4546 928 4600 super
956 4531 1231 4599 Anserem
1255 4530 1470 4584 fluvium
1509 4547 1538 4584 a
1575 4546 1714 4585 novo
1739 4546 1901 4601 opere
1930 4547 2058 4586 con-

473 4622 765 4686 struxerit,
815 4630 977 4690 atque
1018 4622 1088 4675 ibi
1140 4623 1434 4677 monachos
1476 4624 1766 4678 secundum
1815 4639 2058 4678 normam

473 4713 646 4769 sancti
671 4711 944 4767 Benedicti
969 4712 1150 4766 vivere
1178 4712 1493 4778 instituerit,
1523 4714 1612 4768 ubi
1645 4713 1896 4782 praesenti
1927 4722 2061 4767 tem-

473 4817 605 4873 pore
633 4801 800 4858 Jacoh
826 4803 994 4858 abbas
1020 4817 1140 4858 esse
1169 4804 1523 4873 dignoscitur.
1560 4803 1664 4857 Sed
1693 4804 1817 4873 quia
1850 4803 2061 4857 habita-

474 4892 597 4949 cula
625 4891 850 4946 fratrum
880 4893 1010 4946 inibi
1047 4893 1355 4961 degentium
1384 4907 1488 4947 non
1523 4894 1815 4948 secundum
1842 4893 1894 4948 id
1917 4896 2059 4964 quod

476 4982 658 5054 regula
685 4983 858 5037 sancti
885 4980 1162 5035 Benedicti
1189 4983 1532 5050 exposcebat,
1559 4991 1868 5036 constructa
1896 4983 2060 5038 habe-

474 5074 703 5138 bantur,
729 5071 918 5125 eadem
955 5070 1259 5124 habitacula
1294 5071 1433 5124 idem
1459 5072 1570 5139 ipse
1600 5071 1915 5141 Fridugisus
1943 5087 2058 5127 me-

475 5163 581 5218 lius
604 5170 660 5217 et
696 5160 974 5216 honestius
1001 5158 1347 5224 reformavit,
1395 5168 1450 5215 et
1482 5160 1549 5214 ad
1576 5161 1824 5215 decorem
1870 5170 1927 5215 et
1964 5163 2059 5216 ho-

475 5261 740 5311 nestatem
769 5250 1007 5320 ejusdem
1033 5253 1348 5308 monasterii
1375 5252 1658 5306 ecclesiam
1689 5266 1718 5305 a
1741 5267 1880 5308 novo
1897 5268 2060 5323 opere

474 5343 608 5400 inibi
637 5342 880 5398 construi
906 5340 1034 5397 fecit
1059 5383 1073 5408 ,
1111 5351 1164 5398 et
1189 5344 1255 5398 de
1285 5343 1444 5397 rebus
1481 5343 1653 5396 sancti
1689 5342 1899 5396 Martini
1940 5359 2058 5411 quae

476 5441 603 5487 sunt
633 5433 687 5486 in
715 5431 987 5487 Turonico
1022 5446 1180 5503 pago,
1226 5434 1276 5486 id
1307 5442 1406 5498 est,
1438 5431 1504 5484 de
1533 5431 1657 5484 villa
1687 5447 1806 5500 quae
1836 5443 2060 5488 vocatur

479 5523 720 5578 blardoni
748 5520 928 5594 (Nunc
950 5522 1344 5592 Brunomium),
1371 5522 1615 5575 eamdem
1647 5523 1930 5580 ecclesiam
1963 5526 2058 5577 do-

482 5614 695 5666 taverit.
724 5613 953 5682 Propter
978 5613 1081 5666 hoc
1106 5613 1260 5682 petiit
1296 5627 1360 5666 ac
1389 5612 1709 5680 deprecatus
1736 5621 1818 5666 est
1850 5629 1967 5678 nos,
2000 5623 2057 5667 ut

483 5719 644 5774 super
668 5703 927 5772 ejusmodi
966 5704 1109 5759 facto
1147 5705 1286 5759 hanc
1325 5712 1524 5759 nostrae
1560 5705 1933 5772 przcceptionis
1964 5721 2057 5758 au-

2168 1917 2364 1972 futuris
2391 1918 2723 1987 temporibus
2745 1910 3108 1971 inviolabilem
3137 1924 3192 1969 et
3213 1912 3592 1968 inconvulsam
3615 1911 3753 1965 obti-

2168 2016 2291 2060 neat
2323 2006 2652 2070 ﬁrmitatem,
2710 2021 2870 2060 manu
2913 2005 3129 2075 propria
3179 2003 3366 2058 subter
3411 2017 3534 2056 eam
3574 1999 3751 2052 ﬁrma-

2167 2100 2359 2164 vimus,
2388 2108 2442 2152 et
2465 2099 2646 2152 annuli
2674 2098 2840 2152 nostri
2865 2097 3218 2165 impressione
3241 2094 3446 2163 signari
3467 2091 3748 2160 jussimus.

2237 2189 2457 2259 Signum
2487 2187 2737 2242 Ludovici
2767 2186 3099 2240 serenissimi
3129 2185 3379 2253 Augusti.

2235 2280 2366 2332 Data
2386 2296 2435 2332 vi
2457 2280 2579 2333 ldus
2604 2278 2846 2340 Martias,
2866 2274 3262 2340 anno,‘Christo
3287 2273 3549 2342 propitio,
3576 2271 3639 2325 -l8
3659 2273 3755 2324 im-

2165 2369 2304 2439 perii
2325 2369 2523 2422 domini
2549 2367 2801 2422 Ludovici
2839 2365 3064 2435 piissimi
3093 2365 3338 2433 Augusti,
3372 2363 3670 2417 indictione
3699 2361 3747 2414 9.

2163 2460 2354 2513 Actum
2382 2458 2702 2528 Aquisgrani
2727 2457 2924 2526 palatio
2961 2455 3106 2524 regio
3135 2455 3188 2507 in
3220 2453 3316 2506 Dei
3343 2453 3566 2506 nomine
3591 2450 3748 2504 felici»

2169 2560 2267 2603 ter.
2307 2549 2499 2602 Amen.

2903 2633 3078 2687 CLXI.

2167 2744 2267 2782 ινιο
2317 2741 2594 2780 ειδηνιιλκῐο
2630 2738 2830 2778 ᾹΒΒλΤΕ
2863 2736 3177 2778 ηοκλετειιιῐ
3211 2737 3494 2774 VIRCENT"
3529 2737 3594 2773 DC
3629 2736 3746 2773 γει.-

2857 2807 3054 2846 τυΙιΝΟ.

2785 2883 2954 2952 (Αηηο
2994 2879 3140 2949 851.)

2167 2979 2340 3051 [Apud
2367 2977 2674 3040 Chesnium,
2712 2974 2904 3044 Script.
2941 2973 3057 3027 Rer.
3091 2971 3290 3026 Franc.
3327 2981 3363 3026 t.
3396 2971 3486 3036 lli,
3518 2987 3570 3040 p.
3601 2968 3743 3040 686.}

2234 3089 2289 3142 In
2318 3089 2531 3142 nomine
2558 3085 2766 3140 Domini
2804 3084 2903 3137 Dei
2943 3093 2997 3138 et
3024 3082 3324 3138 Salvatoris
3354 3081 3484 3138 Jesu
3524 3083 3744 3144 Christi,

2089 3153 2130 3211 θ
2165 3178 2486 3242 Ludovicus,
2530 3177 2709 3230 divina
2735 3174 3018 3230 ordinante
3049 3174 3410 3242 providentia,
3456 3174 3740 3242 imperator

2162 3267 2452 3336 Augustus.

2231 3355 2490 3411 Omnibus
2519 3356 2804 3424 episcopis,
2856 3353 3140 3409 abbatibus
3166 3362 3222 3407 et
3249 3353 3507 3416 ducibus.
3539 3353 3732 3408 comiti-

2162 3446 2280 3510 bus,
2321 3445 2630 3510 castaldeis,
2659 3445 2993 3508 actionariis,
3024 3444 3261 3504 vicariis,
3291 3446 3619 3498 centenariis
3645 3459 3735 3497 ca-

2164 3536 2398 3604 terisque
2425 3533 2668 3588 fidelibus
2710 3534 2929 3597 nostris,
2962 3534 3319 3604 praesentibus
3347 3533 3554 3586 scilicet
3580 3542 3633 3587 et
3659 3533 3738 3585 fu-

2165 3627 2321 3690 turis,
2370 3636 2554 3680 notum
2583 3627 2655 3679 sit
2696 3627 2820 3694 quia
2853 3625 3174 3680 venerabilis
3201 3625 3535 3695 Epiphanius
3583 3626 3741 3679 abbas

2162 3717 2472 3770 monasterii
2499 3715 2554 3769 S.
2589 3715 2856 3770 Vincentii
2891 3716 3145 3784 martyris
3169 3756 3182 3778 ,
3215 3714 3358 3784 quod
3385 3715 3547 3768 situm
3582 3724 3662 3768 est
3690 3715 3740 3767 in

2165 3807 2434 3861 territorio
2464 3808 2841 3860 Beneventano
2861 3820 3022 3874 super
3040 3803 3258 3860 ﬂuvium
3285 3804 3630 3867 Vulturnum,
3652 3821 3745 3875 per

2163 3899 2364 3969 legatos
2393 3915 2519 3954 suos
2563 3899 2758 3954 direxit
2787 3898 2854 3951 ad
2903 3914 2999 3954 nos
3045 3901 3334 3970 quamdam
3382 3898 3743 3953 conﬁrmatio-

2163 4009 2284 4047 nem
2315 4008 2474 4061 quam
2514 3991 2694 4060 Lupus
2740 3995 3011 4063 quondam
3040 3993 3145 4047 dux
3184 3996 3512 4048 monasterio
3545 4009 3741 4047 memo-

2163 4083 2263 4135 rati
2309 4081 2365 4145 S.
2423 4082 2684 4136 Vincentii
2716 4084 2995 4153 martyris,
3053 4082 3120 4136 de
3163 4082 3487 4150 quibusdam
3517 4084 3656 4137 casis
3692 4084 3741 4136 in

2161 4172 2441 4225 Amiterno
2471 4179 2525 4225 et
2552 4170 2750 4227 Savino
2779 4171 3003 4236 fecerat,
3055 4185 3262 4224 necnon
3303 4178 3356 4224 et
3394 4183 3632 4240 quatuor
3660 4172 3742 4239 ju-

2162 4265 2334 4317 dicata
2361 4263 2427 4316 de
2452 4263 2771 4330 quihusdam
2802 4263 2974 4317 servis
3012 4269 3068 4316 et
3091 4258 3300 4314 ancillis
3320 4275 3390 4313 ex
3416 4261 3542 4315 villa
3572 4262 3742 4326 Trita,

2161 4351 2250 4420 qui
2302 4366 2360 4403 se
2392 4351 2712 4404 subtrahere
2761 4365 2794 4403 a
2820 4350 2999 4406 debito
3031 4348 3252 4404 servitio
3277 4350 3433 4417 quasi
3479 4366 3578 4419 per
3613 4367 3742 4420 pra-

2161 4449 2314 4509 cepta
2342 4440 2537 4492 ducum
2565 4439 2892 4513 nitebantur.
2942 4439 3070 4504 Qua:
3099 4437 3152 4490 in
3183 4439 3472 4506 praesentia
3506 4437 3741 4509 Supponi

2162 4532 2395 4594 comitis,
2429 4547 2491 4585 ac
2514 4530 2805 4593 Benedicti,
2836 4530 3088 4598 ililpiani,
3130 4538 3183 4583 et
3213 4530 3455 4585 Ansfridi
3481 4533 3740 4588 castaldo—

2163 4640 2279 4678 rum
2331 4631 2754 4691 czeterorumqne
2810 4623 3190 4684 scabinorum,
3238 4622 3304 4676 de
3362 4624 3739 4691 praedictorum

2163 4716 2436 4769 hominum
2481 4722 2624 4768 statu
2666 4722 2783 4767 acta
2816 4713 3048 4766 fuerant.
3107 4713 3171 4765 Et
3200 4713 3353 4781 petiit
3378 4723 3436 4767 ut
3473 4714 3740 4770 ﬁrmitatis

2161 4805 2331 4873 gratia
2363 4813 2559 4858 nostra:
2589 4803 3027 4866 confirmationis
3056 4803 3431 4856 auctoritatem
3479 4820 3644 4873 super
3679 4823 3736 4860 ea

2165 4896 2276 4949 ﬁeri
2298 4895 2628 4964 juberemus.
2655 4893 2818 4961 Cujus
2847 4893 3156 4962 petitionem
3183 4893 3556 4956 exaudientes,
3583 4911 3738 4965 super

2167 4986 2492 5039 nominatam
2516 4983 2980 5037 conﬁrmationem
3010 4997 3072 5036 ac
3109 4982 3351 5050 judicata
3400 4982 3504 5037 hoc
3546 4994 3735 5038 nostra

2166 5073 2587 5129 conﬁrmationis
2647 5081 2971 5142 praaccptum
3038 5071 3159 5125 ﬁeri
3211 5071 3590 5130 decrevimus.
3646 5089 3734 5142 per

2166 5163 2307 5231 quod
2334 5163 2670 5216 decernimus
2701 5170 2861 5228 atque
2899 5161 3150 5229 jubemus
3175 5169 3235 5213 ut
3261 5161 3440 5214 nullus
3471 5170 3731 5224 vestrum,

2168 5261 2259 5305 aut
2294 5265 2662 5305 successorum
2691 5259 2990 5304 vestrorum
3035 5249 3102 5304 de
3140 5251 3452 5303 memoratis
3483 5250 3616 5303 locis
3639 5291 3651 5312 ,
3682 5253 3728 5304 in

2165 5345 2356 5412 quibus
2381 5343 2672 5397 secundum
2718 5351 3138 5394 memoratorum
3168 5340 3465 5410 legatorum
3488 5340 3732 5393 assertio-

2163 5450 2286 5489 nem
2313 5449 2450 5488 casm
2487 5433 2672 5502 viginti
2717 5441 2968 5501 quatuor,
3013 5447 3136 5486 cum
3163 5431 3385 5486 totidem
3431 5430 3730 5484 hominibus

2166 5527 2216 5578 in
2250 5526 2328 5579 eis
2354 5523 2770 5577 consistentibus
2793 5563 2806 5586 ,
2838 5524 2953 5576 siue
2985 5536 3105 5576 esse
3131 5531 3434 5575 noscuntur
3459 5560 3472 5581 ,
3504 5536 3726 5589 quorum

2164 5619 2380 5672 nomina
2410 5617 2524 5669 hazc
2567 5624 2689 5668 sunt
2713 5614 2943 5670 Joannes
2967 5655 2980 5678 ,
3017 5614 3269 5682 Theopo.
3317 5613 3445 5666 item
3475 5611 3720 5668 Joannes.

2163 5707 2433 5771 Cortulus,
2477 5704 2683 5767 Petrus,
2740 5706 3164 5767 Thcodohertns,
3211 5705 3362 5770 iiiso,
3409 5703 3561 5766 Maio,
3595 5702 3720 5754 Ace-
