3924 6336
192 454 222 510 1
243 455 338 510 197
1328 453 1664 508 DIPLOMA'I
1677 454 1721 502 Α

1867 452 2311 509 .ILESIASTICA.
3297 443 3319 499 1
3340 449 3432 505 198

184 578 382 639 pertus
401 609 416 633 ,
467 569 809 625 Hisintundus
845 569 1141 640 Roppolus,
1176 567 1435 632 Marinus,
1482 566 1765 637 Georgius,
1797 564 1842 622 A
1872 565 2030 621 batur
2054 568 2196 639 quod
2242 568 2382 621 idem
2410 568 2635 622 domnus
2662 572 2716 622 et
2746 567 2960 637 genitor
2986 574 3169 620 noster
3205 564 3433 621 liarolus

186 659 354 723 ﬂalo,
384 659 674 726 Audactus,
714 660 1090 725 Audebertus,
1127 659 1457 721 Andoaldns,
1506 656 1770 711 Hildulfus
1870 672 1966 726 pro
2010 659 2370 712 emolumento
2413 658 2604 713 animm
2650 674 2759 713 suae
2800 658 2972 713 eidem
3020 655 3433 725 Strazburgensi

190 750 507 815 Paulerissi,
562 750 831 807 Robertus
881 751 1020 806 ﬁlius
1067 750 1285 813 blame,
1336 765 1456 803 cum
1500 749 1764 811 Barbane,
1870 744 2120 800 Ecclesia:
2149 745 2522 811 concessisset,
2556 755 2615 799 ut
2637 746 2939 816 ubicunque
2963 760 3059 814 per
3079 745 3330 799 civitates
3350 743 3436 797 vel

187 836 604 909 Sico,Alaysio,
642 836 996 908 Senepergas,
1044 846 1205 907 atque
1253 835 1497 891 Gemula.
1543 836 1667 891 Haec
1702 836 1767 890 de
1867 836 2045 900 vicos,
2089 835 2337 899 castella,
2381 845 2473 888 aut
2502 834 2778 904 trajectus,
2825 836 2911 891 vel
2962 844 3177 905 portus,
3210 841 3436 905 excepto

180 937 336 985 statu
367 931 745 999 praedictorum
784 930 1082 993 hominum,
1132 910 1246 998 qui,
1276 928 1413 983 sicut
1458 928 1657 982 dictum
1684 935 1768 981 est
1866 925 2233 991 Quentowico,
2262 926 2562 990 Dorestato,
2592 934 2751 994 atque
2772 925 2951 980 clusas
2978 924 3029 990 δ,
3059 926 3301 981 homines
3327 940 3436 978 me-

186 1018 262 1074 de
303 1030 597 1073 memorata
624 1019 773 1075 Trita
802 1018 946 1081 villa,
978 1032 1036 1072 se
1081 1032 1112 1071 a
1140 1017 1317 1072 debito
1348 1016 1566 1071 servitio
1610 1015 1763 1084 quasi
1864 1027 2085 1073 moratae
2110 1018 2368 1073 Ecclesiae
2415 1019 2629 1088 navigio
2656 1027 2749 1074 aut
2794 1028 3009 1075 terreno
3031 1060 3044 1084 ,
3091 1021 3143 1075 id
3176 1029 3279 1086 est,
3308 1035 3433 1075 cum

177 1123 290 1178 per
315 1118 578 1180 praecepta
604 1109 801 1164 ducum
847 1109 1164 1164 subtrahere
1193 1107 1523 1169 nitebantur,
1555 1105 1619 1158 ad
1648 1104 1762 1174 pri-
1864 1107 2034 1161 carris
2074 1115 2127 1161 et
2156 1108 2442 1162 saumariis
2468 1108 2776 1180 negotiandi
2826 1110 2998 1180 gratia
3027 1110 3167 1164 irent
3200 1118 3254 1164 et
3298 1110 3436 1165 redi-

183 1198 390 1253 stinum
428 1199 705 1253 servitium
754 1198 987 1253 revocati
1025 1204 1188 1261 sunt,
1235 1196 1399 1250 ullam
1439 1194 1762 1264 inquietudi-

177 1303 347 1352 nem,
393 1298 485 1343 aut
514 1290 955 1345 contrarietatem
1008 1288 1203 1358 injuste
1243 1287 1422 1342 facere
1449 1296 1757 1358 praesumat.

176 1378 295 1434 Sed
326 1380 482 1435 liceat
508 1381 788 1452 agentibus
813 1390 867 1435 et
885 1380 1149 1435 ministris
1176 1378 1417 1447 ejusdem
1446 1366 1757 1433 monasterii

183 1479 516 1527 memoratas
543 1486 697 1526 casas
728 1486 852 1525 cum
881 1470 1189 1525 hominibus
1224 1470 1278 1523 in
1318 1469 1398 1524 eis
1422 1468 1761 1524 consistenti-

172 1561 307 1624 ‘bus,
339 1576 403 1616 ac
433 1576 617 1617 servos
640 1561 741 1631 qui
761 1561 827 1616 ad
855 1569 1205 1615 memoratam
1235 1559 1439 1614 Tritam
1459 1559 1638 1615 villam
1662 1574 1761 1628 per

1864 1205 2001 1262 rent,
2030 1198 2230 1251 nullum
2262 1198 2528 1252 teloneum
2556 1201 2840 1269 quisquam
2878 1199 3182 1268 reipublicte
3211 1199 3438 1253 admini-

1860 1294 2064 1341 strator
2096 1287 2163 1341 ab
2194 1288 2279 1341 eis
2308 1287 2567 1358 exigeret.
2616 1287 2722 1342 Pro
2756 1288 3027 1342 ﬁrmitatis
3060 1302 3288 1358 namque
3322 1298 3436 1343 stu-

1860 1377 1949 1432 dio
1977 1378 2132 1448 petiit
2158 1379 2297 1433 idem
2341 1379 2631 1435 Bernaldus
2670 1380 2993 1435 venerabilis
3032 1380 3344 1450 episcopus,
3376 1389 3439 1435 ut

1859 1474 2099 1535 paternae
2127 1468 2439 1523 auctoritati
2484 1468 2627 1523 hanc
2662 1478 2907 1525 nostram
2956 1471 3437 1540 superadderemus

1858 1560 2263 1614 auctoritatem:
2291 1560 2445 1630 cujus
2462 1561 2712 1630 petitioni
2732 1561 3093 1617 libentissime
3114 1563 3430 1627 annuimus,

180 1650 565 1713 auctoritatem
597 1648 857 1720 genitoris
886 1649 1057 1704 nostri
1085 1648 1266 1704 domui
1292 1648 1471 1705 Caroli
1503 1656 1758 1718 praestan-
1852 1656 1912 1702 et
1939 1647 2043 1703 hoc
2070 1658 2272 1705 nostra:
2297 1651 2633 1706 auctoritatis
2657 1662 2984 1721 praeceptum
3006 1652 3121 1706 ﬁeri
3146 1652 3432 1724 iussimus,

180 1738 378 1793 tissimi
423 1738 764 1807 imperatoris
807 1738 872 1792 ad
915 1738 1155 1792 debitum
1204 1737 1484 1791 servitium
1520 1738 1755 1792 revocati
1855 1752 1954 1806 per
1980 1738 2121 1806 quod
2158 1740 2409 1794 omnibus
2449 1740 2737 1795 comitibus
2766 1750 2812 1806 ο,
2844 1740 3065 1795 vicariis
3099 1740 3142 1805 τ,
3180 1751 3436 1797 ceiitena-

177 1837 332 1893 sunt,
380 1830 561 1915 quiete
583 1828 877 1897 possidere,
925 1836 979 1883 et
1022 1826 1174 1896 juxta
1214 1827 1667 1897 opportunitatem
1701 1834 1756 1882 et
1778 1902 1821 1915 ἢ
1858 1826 1955 1881 riis
1986 1828 2034 1891 ⁸,
2060 1826 2145 1881 vel
2174 1828 2427 1915 omnibus
2454 1842 2569 1882 rem
2595 1829 2865 1898 publicam
2908 1830 3433 1915 administrantibus,

170 1916 469 1971 utilitatem
494 1914 735 1984 ejusdem
764 1916 1078 1970 monasterii
1102 1916 1304 1986 absque
1324 1915 1607 1995 cujuslibet
1624 1930 1751 1971 eon-
1778 1902 1825 1959 Β
1854 1929 1950 1969 seu
1991 1915 2203 1969 cunctis
2240 1914 2485 1971 ﬁdelibus
2526 1916 2729 1972 nostris
2750 1918 3132 1988 prmeipimus,
3157 1926 3219 1973 ut
3257 1902 3436 1973 nullus

180 2006 478 2060 trarietatis
502 2005 886 2075 impedimento
913 2005 1169 2075 quidquid
1207 2006 1272 2060 de
1312 2006 1513 2061 eisdem
1536 2046 1552 2071 ,
1583 2005 1668 2061 vel
1698 2005 1754 2059 in

175 2094 386 2150 eisdem
416 2096 578 2151 rebus
606 2104 662 2150 et
686 2096 1151 2166 hominibusjuste
1179 2094 1357 2152 facere
1395 2096 1482 2151 vel
1505 2097 1754 2152 ordinare

169 2184 556 2249 decreverunt,
587 2185 758 2240 libero
796 2186 852 2239 in
881 2186 1131 2240 omnibus
1155 2184 1355 2254 perfrui
1403 2184 1627 2241 arbitrio
1676 2184 1755 2238 fa-

178 2272 383 2328 ciendi.
430 2273 497 2328 Et
526 2282 585 2328 ut
610 2275 727 2328 hate
771 2283 955 2329 nostra
992 2273 1417 2329 conﬁrmationis
1460 2275 1756 2329 auctoritas

173 2363 252 2417 ab
272 2364 523 2419 omnibus
548 2365 729 2421 verius
773 2365 1081 2433 certiusque
1124 2366 1396 2431 credatur,
1443 2380 1506 2419 ac
1531 2364 1756 2434 diligen—

180 2453 296 2507 tius
324 2463 694 2520 conservetur,
725 2470 886 2509 manu
923 2456 1137 2525 propria
1163 2456 1351 2511 subter
1378 2472 1498 2510 eam
1524 2456 1756 2527 signavi-

170 2557 335 2605 mus,
381 2553 437 2597 et
463 2545 643 2598 annuli
668 2544 839 2598 nostri
869 2545 1222 2613 impressione
1248 2546 1451 2615 signari
1470 2545 1750 2614 jussimus.

258 2631 484 2704 Signum
510 2632 764 2688 Ludovici
794 2634 1125 2689 serenissimi
1165 2635 1525 2705 imperatoris.

252 2721 389 2777 Data
420 2723 535 2776 Kal.
572 2723 789 2792 Aprilis,
836 2738 996 2789 anno,
1026 2723 1241 2779 Christo
1270 2725 1522 2793 propitio,
1550 2725 1614 2781 18
1655 2726 1755 2780 im-

170 2813 319 2883 perii
344 2813 525 2869 domui
542 2812 795 2869 Ludovici
822 2814 1051 2883 piissimi
1069 2812 1314 2884 Augusti,
1347 2815 1752 2872 indictione"...

178 2901 377 2955 Actum
408 2902 462 2956 in
489 2902 691 2970 palatio
716 2902 863 2970 regio
889 2902 940 2955 in
966 2903 1059 2956 Dei
1084 2903 1318 2958 nomine.
1345 2888 1537 2959 Amen.

573 3096 674 3136 PRO
709 3096 955 3137 ECCLESIA
985 3097 1369 3138 ARGENTINENSI

788 3171 959 3242 (Anno
1000 3170 1147 3243 851.)

201 3264 362 3334 apud
390 3264 748 3329 Grandidier,
788 3226 928 3318 ὶίίει.
961 3263 1025 3317 de
1070 3226 1283 3333 regis“
1320 3264 1385 3319 de
1413 3263 1753 3337 Strasbourg,
1779 3226 1827 3287 C

256 3367 385 3411 tom.
409 3355 485 3420 ll,
513 3372 634 3427 pag.
666 3356 785 3423 195,
816 3371 884 3411 ex
924 3357 1257 3425 autographa
1296 3357 1504 3412 archivi
1546 3357 1757 3428 episeo-

255 3445 409 3515 palis,
447 3444 807 3502 Tabernensis
833 3446 909 3517 ⁸.]

253 3533 313 3587 ln
346 3534 562 3588 nomine
603 3534 812 3588 Domini
856 3534 951 3588 Dei
980 3543 1033 3589 et
1078 3534 1373 3590 Salvatoris
1410 3536 1585 3591 nostri
1628 3534 1753 3591 Iesu

184 3625 410 3689 Christi,
434 3624 760 3691 Ludovicus,
778 3624 957 3679 divina
982 3624 1264 3681 ordinante
1278 3626 1639 3695 providentia,
1660 3627 1756 3681 im-

184 3723 404 3786 perator
420 3714 710 3784 Augustus.

243 3806 453 3860 Notum
488 3806 647 3875 igitur
682 3819 804 3860 esse
828 3804 1075 3859 volumus
1099 3804 1348 3859 omnibus
1389 3804 1635 3860 ﬁdelibus
1663 3821 1756 3861 no-

184 3895 340 3958 stris,
370 3893 720 3963 praesentibus
750 3893 955 3947 scilicet
978 3900 1033 3947 et
1066 3891 1297 3957 futuris,
1330 3893 1455 3961 quia
1486 3894 1568 3946 vir
1596 3908 1754 3946 vene-

188 3985 375 4039 rabilis
394 3983 684 4037 Bernaldus
712 3981 1177 4051 Stratzburgensis
1205 3984 1233 4022 b
1260 3985 1542 4051 episcopus
1570 3983 1756 4038 adiens

184 4073 534 4128 serenitatem
564 4073 816 4127 culminis
844 4074 1011 4127 nostri
1038 4073 1230 4127 obtulit
1256 4073 1530 4128 obtutibus
1558 4076 1756 4129 nostris

185 4164 475 4232 quamdam
510 4163 885 4231 praeceptionis
916 4163 1293 4217 auctoritatem
1324 4164 1504 4217 domni
1529 4172 1584 4217 et
1608 4164 1756 4231 geni-

186 4254 326 4308 toris
365 4252 543 4308 Caroli
571 4253 997 4321 przestantissimi
1022 4254 1247 4323 Augusti
1277 4264 1323 4319 ο,
1371 4253 1423 4305 in
1455 4254 1561 4323 qua’
1582 4254 1756 4308 conti-

267 4400 288 4427 ι
319 4387 640 4455 Excerptum
670 4384 826 4453 hujus
846 4386 1046 4440 chartae
1086 4386 1347 4455 dederunt
1363 4384 1759 4441 Guillimannus

190 4457 259 4511 de
280 4453 553 4524 Episcopis
575 4456 851 4525 Argentin.
876 4471 996 4525 pag.
1033 4456 1153 4521 121,
1184 4464 1239 4509 ct
1265 4453 1525 4510 Cointius.
1561 4456 1755 4510 Annal.

190 4525 502 4579 Ecclesiast.
536 4532 667 4596 tom.
715 4524 843 4588 Vill,
868 4524 988 4596 pag,
1018 4525 1138 4596 181.
1167 4525 1455 4596 Integram,
1485 4532 1585 4596 sed
1604 4540 1756 4596 men-

190 4596 421 4657 dosam,
484 4592 784 4647 retulerunt
829 4592 901 4646 La
948 4592 1160 4659 Guille,
1218 4592 1448 4648 Hiitoire
1499 4594 1757 4652 d'Alsace.

190 4677 599 4786 ἷξὲθέἶίῖῗξιῖἔὲέ.
612 4660 1763 4786 ἰῗιῑηίῗθῧῗῗιῗὲῗέιιξξῖᾝιῗῖιίέἒὲέῗέἷτιιὲῗί

214 4733 263 4802 ia
277 4731 599 4802 Christiana,
627 4740 757 4802 tom.
791 4731 861 4795 V,
880 4732 1127 4786 instrum.
1154 4748 1274 4802 pag.
1306 4731 1432 4802 462,
1459 4743 1513 4785 et
1540 4731 1763 4802 Scbmp—

192 4801 353 4855 tlinus
377 4840 391 4864 ,
438 4800 606 4854 Alsat.
633 4800 868 4872 diplom.
924 4809 1052 4872 tom.
1079 4802 1101 4855 Ι
1127 4800 1291 4872 ,pa'g.
1326 4801 1412 4855 74.
1461 4800 1764 4856 Referitnus

194 4878 497 4938 correctam
532 4882 597 4938 ex
632 4868 745 4936 ipso
775 4870 1126 4938 autograppo.

268 4938 295 4977 δ
326 4937 522 5009 Civitas
552 4936 1218 5009 Argentoraterisis’dicitur
1250 4938 1572 5009 Strazpuruc
1596 4939 1657 5009 in
1672 4954 1769 4993 co—

194 5007 315 5059 dice
343 5007 712 5075 antiquissimo
737 5006 915 5061 saeculi
956 5008 1128 5062 octavi
1156 5009 1386 5062 abbatis:
1409 5006 1765 5063 Wesso-Fon—

200 5085 337 5147 tuna;
360 5077 412 5147 in
440 5075 688 5147 Bavatja,
710 5090 893 5147 ‘quem
924 5077 1261 5147 transcripsit
1298 5078 1639 5147 doctissimus
1684 5079 1765 5130 vir

195 5145 538 5200 Christianus
598 5144 904 5199 Fridericus
964 5144 1171 5199 Pfeﬁ‘el'
1209 5147 1353 5199 inter
1423 5146 1763 5200 Mmumenta

198 5214 394 5276 Boica,
438 5222 569 5268 tom.
620 5214 729 5279 Vll,
767 5229 820 5283 p.
872 5213 993 5268 576.
1024 5215 1362 5269 Monumenta
1392 5215 1550 5269 Boica
1572 5230 1762 5269 novem

202 5282 559 5338 voluminibus
580 5283 634 5337 in
658 5284 713 5336 4ο
742 5282 1061 5347 const..ntia,
1085 5294 1139 5336 et
1157 5299 1220 5337 ex
1247 5285 1411 5337 variis
1431 5285 1765 5337 abbatiarum

200 5354 504 5419 tetrarchia:
526 5352 855 5417 Monacensis
876 5353 1077 5412 chartis
1095 5362 1151 5406 et
1179 5355 1510 5409 documentis
1538 5351 1763 5407 conﬂata

200 5420 369 5501 edidit
402 5421 699 5501 electoralis
742 5422 1191 5501 Boica_bl_onachii
1238 5423 1579 5501 scientiarum
1606 5420 1766 5501 ,Αω-

202 5489 398 5559 dcmia,
428 5489 514 5543 cui
534 5505 631 5543 nos
655 5492 925 5545 electorali
948 5491 1234 5559 diplomate
1250 5492 1314 5546 de
1334 5493 1419 5545 die
1448 5492 1511 5544 15
1532 5490 1767 5544 Februa-

206 5559 269 5612 rii
299 5558 431 5611 1777
457 5560 654 5629 fuimus
675 5562 917 5628 ascripti.
943 5558 1161 5614 Gratum
1185 5562 1271 5614 hic
1297 5560 1520 5629 pnestiti
1551 5560 1768 5613 honoris

207 5636 438 5681 mentem
467 5628 1075 5696 publicetestiﬁcamur.

278 5706 301 5735 ε
328 5696 634 5768 AAllcgatum
665 5697 842 5752 Caroli
881 5698 1051 5768 Magni
1096 5698 1324 5767 diploma
1371 5699 1435 5752 de
1462 5712 1644 5752 mense
1671 5698 1766 5749 De-

208 5766 409 5820 cembri
436 5765 537 5820 775
562 5776 737 5822 exstat
765 5782 944 5835 supra,
972 5765 1122 5822 itum.
1155 5765 1226 5822 68
1256 5768 1592 5840 |Patrologiae
1624 5777 1768 5821 tomo

1854 2011 2093 2058 vestrum
2124 2003 2192 2058 de
2225 2005 2386 2059 rebus
2414 2020 2550 2075 quas
2594 2006 2807 2075 navigio
2847 2014 2941 2060 aut
2966 2015 3215 2071 terreno,
3245 2007 3300 2062 id
3327 2014 3431 2072 est,

1848 2110 1977 2149 cum
2006 2096 2181 2151 carris
2209 2104 2263 2150 et
2284 2098 2569 2152 saumariis
2593 2112 2690 2167 per
2713 2112 2901 2167 regna,
2930 2098 3041 2154 Deo
3061 2100 3317 2170 propitio,
3342 2114 3437 2155 no-

1856 2194 1989 2251 stra,
2038 2186 2285 2240 homines
2311 2186 2552 2256 ejusdem
2594 2186 3039 2257 Strazburgensis
3066 2187 3309 2243 ecclesia:
3342 2205 3437 2245 ne-

1855 2275 2093 2344 gotiandi
2122 2278 2296 2347 gratia
2326 2278 2599 2344 duxerint,
2628 2278 2835 2334 nullum
2859 2279 3129 2335 teloneum
3164 2282 3215 2347 ιι,
3243 2290 3337 2335 aut
3367 2282 3436 2336 ri-

1852 2366 2113 2434 paticum,
2142 2376 2237 2421 aut
2264 2368 2609 2437 portaticum,
2646 2377 2741 2423 aut
2788 2370 3145 2441 pontaticum,
3173 2379 3273 2424 aut
3296 2371 3437 2426 salu-

1860 2456 2102 2520 taticum,
2140 2464 2235 2509 aut
2262 2457 2658 2525 cespitaticum,
2691 2468 2781 2513 aut
2812 2460 3119 2523 rotaticum,
3169 2469 3261 2514 aut
3298 2476 3432 2516 cena

1858 2546 2020 2599 ticum
2049 2585 2065 2609 ,
2110 2554 2204 2599 aut
2230 2547 2554 2615 passionem,
2592 2556 2684 2603 aut
2722 2548 3091 2615 laudaticum,
3134 2558 3227 2603 aut
3254 2550 3434 2605 traba-

1856 2637 2041 2701 ticum,
2073 2645 2166 2690 aut
2202 2636 2591 2705 pulveraticum
2616 2677 2634 2702 ,
2672 2648 2767 2692 aut
2808 2639 2976 2693 ullum
3003 2655 3323 2704 occursum,
3349 2639 3436 2693 vel

1856 2726 2022 2779 ullum
2065 2740 2325 2791 censum,
2378 2737 2472 2781 aut
2516 2728 2681 2781 ullam
2724 2728 3137 2786 redhibitiouem
3168 2729 3433 2799 accipere,

1855 2811 1941 2867 vel
1966 2821 2214 2868 exactare
2241 2815 2458 2879 audeat,
2490 2826 2582 2869 aut
2608 2816 2936 2881 hominibus,
2963 2818 3052 2886 qui
3081 2818 3270 2872 eadem
3296 2834 3437 2872 mer-

1857 2901 2088 2956 cimonia
2120 2904 2438 2972 przevident,
2472 2904 2635 2959 ullam
2662 2906 3114 2975 inquietudinem.
3148 2913 3242 2961 aut
3272 2908 3439 2976 impe-

1857 2992 2150 3068 dimentum
2177 2991 2359 3048 facere
2378 3003 2691 3062 praesumat.
2741 2992 2847 3048 Sed
2875 2993 3038 3050 liceat
3061 2995 3141 3049 eis
3166 3011 3267 3065 per
3295 2997 3438 3051 hanc

1852 3087 2093 3134 nostram
2130 3081 2505 3137 auctoritatem
2546 3098 2670 3137 cum
2699 3083 2927 3137 navibus
2953 3092 3008 3140 et
3046 3084 3263 3139 caeteris
3286 3084 3437 3139 vehi-

1856 3170 1995 3225 culis
2032 3171 2233 3241 absque
2275 3172 2437 3227 ullius
2475 3172 2893 3238 contrarietate,
2929 3172 3015 3228 vel
3052 3175 3438 3244 impedimento

1860 3273 1956 3328 per
1998 3259 2307 3315 universum
2330 3261 2638 3331 imperium
2686 3270 2954 3327 nostrum,
3014 3262 3319 3333 ubicunque
3358 3264 3439 3319 eis

1860 3365 2079 3405 necesse
2113 3348 2296 3416 fuerit,
2333 3350 2501 3406 libere
2545 3358 2600 3406 et
2644 3366 2834 3407 secure
2861 3353 2940 3407 ire
2966 3361 3020 3408 et
3048 3353 3246 3408 redire.
3284 3354 3351 3408 Et
3390 3355 3438 3411 si

1856 3438 2065 3507 aliquas
2103 3453 2283 3494 moras
2306 3440 2358 3493 in
2388 3428 2625 3509 quolibet
2651 3440 2771 3496 loco
2799 3438 3043 3505 fecerint,
3085 3450 3179 3496 aut
3212 3445 3439 3498 mercati

1858 3528 2078 3593 fuerint,
2114 3527 2198 3583 vel
2230 3528 2589 3595 vendiderint,
2638 3529 2775 3583 nihil
2802 3531 2870 3585 ab
2898 3532 2978 3585 eis
3002 3546 3245 3601 prorsus,
3277 3542 3337 3587 ut
3362 3533 3441 3588 di-

1857 3626 2004 3673 ctum
2030 3627 2134 3684 est,
2164 3619 2358 3675 telonei
2383 3621 2647 3689 exigatur.
2696 3621 2762 3675 Et
2789 3630 2847 3676 ut
2874 3623 2991 3678 haec
3020 3624 3321 3679 auctoritas
3352 3624 3435 3679 in-

1862 3709 2158 3764 violabilem
2180 3718 2235 3765 et
2252 3711 2619 3765 inconvulsam
2642 3712 2883 3767 obtineat
2905 3702 3240 3779 ﬁrmitatem,
3263 3713 3438 3785 sigillo

1856 3806 2043 3852 nostro
2086 3798 2270 3853 subter
2294 3814 2413 3853 eam
2450 3800 2709 3869 jussimus
2753 3801 3007 3871 sigillare.
3057 3803 3438 3860 llirminmaris

1858 3888 2101 3941 notarius
2126 3889 2193 3942 ad
2216 3888 2389 3941 vicem
2431 3888 2699 3963 Fridugisi
2726 3893 3011 3960 recognovi
3037 3901 3092 3945 et
3115 3892 3433 3963 subscripsi.

1930 3975 2063 4030 Data
2105 3992 2200 4031 vm
2228 3976 2351 4031 ldus
2375 3957 2562 4031 Junias
2582 4019 2595 4043 ,
2627 3994 2790 4044 anno,
2830 3957 3047 4035 Christo
3087 3957 3347 4052 propitio:
3372 3985 3437 4039 18

1860 4065 2070 4134 imperii
2094 4066 2275 4119 domni
2313 4065 2566 4119 Ludovici
2591 4067 2817 4135 piissimi
2840 4068 3098 4137 Augusti,
3146 4071 3438 4127 indictione

1858 4168 2020 4206 nona.
2065 4153 2255 4207 Actum
2284 4153 2630 4223 lngelinheim
2669 4156 2683 4193 ί
2715 4156 2913 4223 palatio
2943 4158 3109 4225 regio,
3144 4158 3197 4211 in
3226 4158 3320 4212 Dei
3347 4174 3438 4213 no-

1860 4244 2005 4297 mine
2029 4242 2279 4297 feliciter.
2308 4242 2497 4297 Amen.

1859 4396 2064 4506 XCVII,
2092 4395 2194 4451 col.
2226 4395 2348 4459 957,
2382 4395 2524 4451 inter
2554 4394 2727 4477 Opera
2752 4397 3181 4520 Caroli‘blagnp.

1889 4501 1901 4514 -
1989 4465 2119 4520 Vide
2171 4474 2331 4520 notas
2386 4466 2677 4520 supradicti
2736 4467 3044 4520 dinlomaus
3095 4466 3111 4520 l
3161 4483 3181 4520 ε

1889 4467 1954 4514 .d
1989 4465 2119 4521 Vide
2169 4474 2331 4539 notas
2386 4465 2677 4539 supradicti
2736 4465 3435 4539 diplomatis'watrologize

1866 4544 2075 4605 tom.7et
2103 4535 2206 4605 col.
2238 4542 2299 4587 ut
2321 4533 2521 4605 supra].

1938 4616 1962 4643 θ
1992 4604 2259 4657 Comitum
2303 4602 2505 4657 munus
2522 4610 2641 4658 erat
2667 4602 2758 4672 jus
2784 4605 2965 4659 dicere
2984 4644 2999 4669 ,
3046 4612 3206 4672 atque
3235 4606 3437 4663 tributa

1865 4683 1923 4747 et
1944 4671 2225 4747 vectigalia
2248 4672 2517 4747 colligere,
2553 4672 2620 4727 de
2638 4671 2840 4747 utribus
2874 4674 3094 4729 consule
3123 4671 3436 4747 Scbwpﬁini

1863 4744 2031 4797 Alsat.
2060 4736 2226 4795 illust.
2258 4736 2400 4811 tom:
2419 4736 2459 4805 l,
2486 4757 2607 4811 pag.
2638 4736 2759 4795 776.

1939 4812 1959 4850 τ
2001 4811 2225 4877 Vicarii,
2252 4810 2366 4864 sive
2385 4810 2752 4866 vice-comites
2779 4813 2987 4880 priores
3011 4814 3194 4867 comiti
3233 4812 3437 4868 asside-

1864 4881 2013 4943 bant,
2046 4888 2099 4933 et
2124 4880 2339 4951 comite
2368 4882 2588 4951 absente
2623 4881 2843 4951 iudiciis
2868 4892 3153 4951 praerant.
3196 4882 3437 4936 Vicaria-

1866 4959 1949 5003 tus
1979 4963 2173 5028 nomen
2306 4946 2582 5003 Occitauia
2622 4946 2925 5006 adhucdum
2973 4951 3073 5007 sub
3115 4952 3333 5005 nomine
3360 4952 3438 5004 vi-

1864 5026 2063 5087 gueries
2100 5026 2293 5071 exstat.

1940 5091 1961 5127 ⁸
1998 5085 2300 5158 Centenarii
2334 5096 2490 5140 erant
2506 5083 2716 5158 judices
2742 5086 3043 5158 inferiores,
3076 5089 3288 5158 quikpcr
3315 5102 3415 5158 cen

1866 5156 2454 5225 tenamrsivecentnm
2494 5156 2723 5225 familias
2744 5156 2836 5224 jus
2863 5156 3129 5212 dicebant.
3163 5156 3414 5225 δώωρηὶ

1869 5241 1986 5288 nus,
2016 5224 2185 5277 Alsat.
2216 5223 2379 5277 illust.
2413 5232 2541 5277 tom.
2573 5224 2625 5287 Ι,
2658 5223 2779 5293 pag.
2809 5227 2930 5280 791.
2963 5225 3269 5281 Centenarii
3295 5223 3435 5294 apud

1868 5294 2163 5373 Germanos
2188 5294 2518 5373 vocabantur
2557 5294 2837 5347 hundreter
2861 5334 2876 5359 ,
2919 5303 2976 5348 ut
3008 5294 3234 5349 comites
3274 5304 3329 5347 et
3355 5295 3437 5347 vi-

1869 5363 2001 5416 carii
2034 5379 2221 5431 graver:
2251 5370 2307 5416 et
2332 5361 2593 5430 schaeﬂ‘en.

1942 5433 1974 5502 h_
1998 5430 2072 5483 De
2101 5431 2291 5502 borum
2320 5429 2648 5502 teloneprum
2687 5431 2979 5502 generibus
3007 5432 3252 5502 legantur
3297 5441 3437 5489 noue

1873 5499 2442 5571 diplomatis‘praedicti
2472 5498 2647 5554 Caroli
2684 5498 2879 5569 Magni,
2910 5515 3030 5571 pag.
3063 5498 3165 5571 'cit.
3195 5516 3361 5571 cavit.

1949 5572 1963 5609 ί
1997 5569 2324 5641 Ludovicum
2353 5568 2508 5641 Pium
2530 5609 2543 5633 ,
2579 5568 2810 5641 peracta
2834 5568 3150 5641 Aquisgrani
3186 5568 3437 5622 solemni-

1873 5646 1980 5692 tate
1999 5637 2235 5706 paschali
2261 5637 2385 5689 anni
2407 5637 2530 5700 851,
2553 5637 2916 5707 adlngelheim
2939 5637 3245 5707 pervenisse
3274 5646 3438 5707 testa:

1872 5718 1958 5761 tur
2002 5705 2358 5761 Astronomus
2399 5707 2451 5760 in
2483 5708 2597 5763 Vita
2628 5705 2865 5777 ejusdem
2911 5705 3272 5777 imperatoris,
3313 5705 3436 5778 διδ
