3924 6328
438 389 572 447 1199

1141 505 1364 561 CLXIII.

812 608 911 649 PRO
937 608 1269 649 κοκλςτειιιο
1300 611 1625 650 ΓΛὨΑΜΕΝΞΙ.

1042 684 1215 757 (Anno
1247 684 1395 755 851.)

431 773 976 849 [ApudGrandidien
1003 775 1147 849 ibid._
1168 790 1290 849 pag:
1308 774 1447 849 Δ19],
1477 790 1543 849 οξ(
1571 773 2018 849 autographoab-

519 842 679 900 hatia:
704 844 1069 907 Fabariensis,
1105 842 1219 898 sive
1246 842 1483 899 ’Pl'eli'ers
1510 845 1562 897 in
1593 842 1830 899 Helvetia
1858 844 1935 915 -.]

498 937 556 991 In
596 936 815 991 nomine
855 934 1072 989 Domini
1109 933 1203 988 Dei
1250 944 1305 989 et
1354 934 1649 988 Salvatoris
1691 934 1862 988 nostri
1891 933 2018 988 Jesu

429 1023 669 1091 Christi,
705 1025 1011 1080 Ludovicus
1052 1023 1233 1077 divina
1264 1024 1553 1079 ordinante
1597 1023 1884 1079 clementia
1915 1023 2018 1077 im-

425 1125 645 1186 perator
664 1116 955 1187 Augustus.

499 1206 695 1261 Notum
727 1207 893 1277 igitur
915 1218 1032 1259 esse
1061 1204 1306 1259 volumus
1334 1204 1584 1259 omnibus
1606 1203 1853 1258 ﬁdelibus
1883 1217 2022 1273 pra:-

426 1297 672 1352 sentibus
694 1304 750 1351 et
774 1294 997 1361 futuris,
1030 1296 1156 1366 quia
1180 1296 1247 1349 ad
1271 1296 1621 1350 serenitatem
1650 1294 1904 1349 culminis
1927 1308 2022 1349 no—

424 1388 525 1442 stri
552 1385 788 1441 Joannes
813 1385 1159 1441 Fabariensis
1184 1382 1501 1441 manasterii
1533 1385 1586 1450 Β,
1627 1384 1770 1455 quod
1791 1392 1874 1437 est
1899 1398 2022 1437 con-

425 1484 692 1532 structum
719 1476 773 1530 in
806 1476 1067 1530 honorem
1096 1484 1301 1530 sancta:
1329 1468 1511 1529 Mariae
1543 1475 1595 1529 in
1620 1489 1757 1545 pago
1788 1472 2017 1535 Rbetiaa,

426 1567 598 1621 abbas
630 1581 754 1621 cum
786 1566 1068 1621 monachis
1100 1565 1215 1619 suis
1238 1566 1475 1619 innotuit
1504 1563 1906 1619 mansuetudini
1934 1578 2025 1617 no-

424 1671 552 1717 stra:
586 1663 727 1731 quod
757 1677 786 1714 a
829 1660 1065 1731 quodam
1102 1660 1375 1729 quondam
1424 1659 1623 1714 comite
1671 1658 1887 1712 nomine
1917 1658 2023 1711 Ro-

426 1751 646 1805 dericus
684 1748 1064 1805 infestationes
1103 1758 1159 1802 et
1198 1748 1509 1819 prtejudicia
1552 1762 1616 1801 ac
1658 1755 1804 1800 tanta
1852 1746 2021 1801 detri-

1569 390 1890 447 LUDOVlCl
1929 394 1947 445 l
1987 392 2457 447 ΟΟΟΝΟΜΕΝΙῸ
2496 389 2581 446 Pll

2041 511 2086 570 Α
2115 510 2233 563 loca
2254 506 2671 577 pertinentibus,
2698 508 2764 563 de
2790 516 3058 579 potestate
3079 506 3321 576 ejusdem
3349 508 3480 564 dicti
3522 526 3713 565 mona-

3573 394 3712 450 1220

2118 599 2268 655 sterii
2304 599 2613 653 subtraCtas
2640 614 2759 654 esse
2800 600 3190 655 indicaverunt.
3244 599 3398 667 Quod
3441 617 3563 656 cum
3615 603 3711 656 iis-

2117 690 2239 743 dem
2280 688 2461 743 missis
2490 691 2928 746 renuntiantibus
2955 692 3027 745 ita
3056 707 3244 747 verum
3283 707 3404 747 esse
3428 694 3717 763 cognovis-

2118 795 2301 836 semus
2326 820 2339 845 ,
2373 780 2576 850 placuit
2617 782 2773 837 nobis
2798 783 3015 838 easdem
3061 798 3148 837 res
3173 784 3350 837 eidem
3396 783 3714 838 Fabariensi

2121 871 2452 928 monasterio
2481 885 2604 926 cum
2647 873 2794 927 omni
2841 872 3151 943 integritate
3191 888 3289 944 per
3330 874 3473 928 hanc
3512 883 3718 927 nostra:

2118 962 2535 1031 conscriptionis
2565 964 2943 1019 auctoritatem
2973 966 3289 1031 restituere,
3314 982 3411 1035 per
3446 981 3609 1035 quam
3631 964 3722 1031 ju-

2118 1054 2307 1108 bentes
2332 1054 2673 1109 decernimus
2700 1064 2759 1108 ut
2783 1056 2999 1110 easdem
3024 1071 3112 1111 res
3134 1058 3187 1111 in
3213 1057 3337 1125 jure
3377 1058 3547 1125 ipsius
3575 1075 3720 1128 pra:-

2120 1142 2249 1197 dicti
2276 1145 2589 1199 monasterii
2614 1160 2735 1198 curn
2765 1145 2915 1199 omni
2954 1147 3264 1215 integritate
3294 1147 3619 1212 consistant,
3664 1159 3722 1201 et

2121 1233 2302 1287 nullus
2329 1234 2564 1288 ﬁdelium
2596 1244 2903 1290 nostrorum
2952 1246 3253 1290 memorato
3286 1236 3478 1291 Joanni
3506 1239 3718 1299 abbati,

2120 1323 2207 1378 vel
2264 1324 2670 1377 successoribus
2715 1324 2830 1391 ejus
2867 1325 3082 1395 aliquod
3129 1327 3575 1395 impedimentum
3634 1327 3722 1379 vel

2121 1413 2563 1468 contrarietatem
2598 1415 2649 1467 in
2677 1416 2949 1483 praedictis
2981 1419 3141 1471 rebus
3174 1418 3354 1472 facere
3400 1426 3719 1486 praesumat.

2123 1509 2286 1569 atque
2329 1502 2525 1570 cuique
2553 1505 2889 1569 consentiat,
2944 1506 3035 1559 sed
3078 1506 3235 1560 liceat
3264 1508 3342 1561 eis
3378 1508 3600 1561 easdem
3636 1523 3723 1559 res

2121 1592 2302 1661 quiete
2325 1600 2510 1647 tenere
2539 1602 2593 1647 et
2626 1595 2922 1663 possidere.
2973 1596 3326 1667 Praecipimus
3350 1600 3515 1653 etiam
3541 1602 3721 1652 omni-

2123 1681 2225 1735 bus
2248 1690 2450 1736 sauctte
2478 1682 2733 1738 Ecclesiae
2763 1683 3010 1739 fidelibus
3035 1726 3050 1751 ,
3102 1689 3460 1756 praesentibus
3509 1688 3722 1743 scilicet

2124 1778 2179 1825 et
2212 1768 2431 1836 futuris,
2482 1785 2581 1840 per
2609 1772 2711 1825 hoc
2755 1781 2953 1827 nostra:
2980 1776 3319 1829 auctoritatis
3363 1785 3722 1846 prmeeptum.

430 1851 613 1895 menta
662 1842 761 1911 ipsi
796 1849 852 1895 ct
896 1839 1115 1895 familiae
1154 1856 1344 1894 eorum
1391 1839 1777 1909 pertulissent,
1823 1848 1883 1892 ut
1913 1854 2019 1894 non

2131 1868 2183 1913 ut
2213 1859 2390 1913 nullus
2409 1858 2573 1927 judex
2598 1860 2864 1928 publicus,
2910 1877 3012 1917 nec
3047 1864 3351 1935 episcopus,
3383 1880 3485 1919 nec
3515 1880 3721 1927 comes,

424 1930 599 1985 solum
623 1932 789 1986 rebus
811 1944 945 2000 quas
977 1930 1042 1983 ad
1067 1930 1382 1998 prmdictum
1411 1928 1586 1982 locum
1630 1928 1796 1980 Deum
1830 1928 2021 1980 timen-

425 2028 508 2074 tes
536 2019 785 2073 homines
810 2032 910 2088 pro
950 2016 1190 2071 remedio
1226 2016 1531 2069 animarum
1576 2029 1797 2069 suarum
1827 2029 2023 2068 mona-

426 2110 595 2164 sterio
636 2108 1023 2171 contulerunt,
1067 2106 1351 2175 exspoliati
1400 2113 1601 2169 essent,
1646 2105 1741 2159 sed
1786 2114 1840 2159 et
1878 2104 2021 2158 idem

426 2204 542 2271 ipse
587 2200 1014 2271 praenominatus
1049 2198 1218 2251 abbas
1265 2211 1403 2266 pene
1440 2210 1655 2249 omnem
1697 2201 2021 2264 potestatem

425 2293 741 2349 monasterii
777 2292 859 2345 sui
890 2291 1145 2345 amissam
1194 2290 1442 2351 haberet.
1500 2287 1580 2341 Ad
1631 2288 1771 2341 hanc
1801 2300 2020 2339 causam

425 2382 666 2450 diligenti
709 2381 961 2435 examine
1012 2378 1476 2447 investigandum,
1519 2376 1780 2443 nobisque
1828 2390 2025 2428 renun-

426 2472 667 2525 tiandam
702 2472 899 2525 missos
926 2478 1145 2523 nostros
1178 2479 1224 2531 ε,
1260 2466 1583 2521 Bcruoldum
1621 2465 1831 2519 scilicet
1861 2479 2024 2519 vene-

426 2562 652 2617 rabilem
683 2560 993 2630 episcopum
1028 2558 1535 2626 Strazburgeusem,
1568 2570 1633 2610 ac
1657 2556 1824 2610 etiam
1845 2554 2025 2609 Godc-

426 2652 626 2707 l'ridum
656 2650 829 2705 sancti
856 2649 1103 2718 Gnegorii
1134 2648 1386 2702 abbatem
1410 2686 1424 2711 ,
1474 2661 1576 2700 nec
1606 2648 1794 2701 nonet
1824 2645 2025 2699 Betha-

428 2742 573 2796 rium
644 2740 899 2794 comitem
979 2737 1390 2792 destinavimus.
1470 2736 1661 2805 Illique
1726 2735 2023 2789 secundum

426 2832 723 2899 iussionem
788 2839 1029 2884 nostram
1094 2830 1162 2882 ad
1221 2836 1579 2881 memoratum
1636 2826 2023 2880 monasterium

428 2920 806 2993 pervenientes
835 2934 888 2976 et
924 2920 1108 2975 subtili
1155 2918 1409 2989 indagine
1457 2919 1848 2988 investigantes
1875 2918 2025 2970 inve-

426 3023 627 3081 nerunt
675 3028 781 3069 non
820 3012 1017 3077 solum,
1064 3010 1204 3065 sicut
1248 3009 1499 3078 superius
1525 3008 1725 3062 dictum
1769 3014 1879 3069 est,
1912 3021 2026 3059 me-

428 3114 699 3160 moratum
748 3102 1011 3157 Joannem
1049 3102 1301 3155 abbatem
1358 3099 1719 3153 ministerium
1769 3112 1925 3151 suum
1968 3097 2024 3150 in

428 3195 751 3265 quibusdam
781 3192 1051 3254 amisisse,
1097 3190 1192 3245 sed
1222 3198 1277 3244 et
1304 3189 1564 3258 quasdam
1605 3203 1695 3242 res
1716 3188 1853 3257 juris
1887 3202 2026 3256 prte—

428 3286 559 3342 dicti
610 3283 927 3338 monasterii
961 3283 1015 3335 in
1056 3294 1197 3351 pago
1231 3277 1627 3342 Curwallense,
1676 3278 1728 3331 id
1755 3284 1856 3340 est,
1904 3292 2027 3331 cur-

430 3388 535 3433 tem
565 3374 899 3439 inNezudre,
930 3381 1094 3442 atque
1124 3371 1362 3427 colonias
1386 3371 1627 3441 quinque
1654 3370 1706 3423 in
1720 3370 1945 3439 Zurigos
1974 3377 2029 3423 et

430 3466 789 3523 Montaniolos
815 3478 937 3518 cum
968 3462 1220 3517 omnibus
1257 3459 1578 3528 adjacentiis
1606 3460 1742 3525 suis,
1776 3459 1830 3512 in
1857 3473 2027 3527 caque

430 3558 717 3615 ecclesiam
748 3554 962 3609 Sancta:
986 3552 1167 3607 Maria:
1199 3568 1320 3607 cum
1351 3552 1614 3606 curticula
1637 3567 1757 3605 cum
1780 3552 2030 3605 omnibus

432 3652 505 3705 ibi
534 3648 929 3719 pertinentibus
956 3686 968 3708 ,
1020 3659 1121 3698 nec
1165 3660 1270 3697 non
1299 3643 1511 3705 villam,
1562 3658 1681 3710 qua:
1728 3641 2031 3711 appellatur

432 3743 864 3801 Frastenestum,
908 3736 1193 3791 ecclesiam
1220 3736 1392 3790 sancti
1418 3735 1658 3803 Sulpitii,
1688 3743 1849 3801 atque
1878 3732 2031 3785 fami-

429 3835 558 3889 liam
585 3831 921 3886 curticcllam
952 3845 1073 3883 cum
1097 3829 1349 3881 omnibus
1376 3827 1441 3881 ad
1473 3842 1591 3880 eam
1614 3825 2029 3894 pertinentibus,

431 3924 517 3978 vel
552 3919 958 3991 aspicientibus,
998 3927 1206 3972 curtcm
1233 3918 1507 3971 Birmento
1532 3957 1545 3980 ,
1588 3925 1751 3984 atque
1784 3911 2029 3969 tellurem

431 4030 555 4071 cum
602 4012 853 4068 omnibus
904 4010 1067 4063 rebus
1110 4018 1270 4078 atque
1320 4008 1627 4062 hominibus
1667 4009 1732 4060 ad
1776 4007 2029 4075 prmdicta

437 4208 579 4277 apud
625 4208 985 4277 Bouquctum,
1023 4215 1154 4260 tom.
1199 4206 1285 4271 V'l,
1318 4205 1597 4277 pagi”.
1651 4205 1851 4259 Ibidem
1886 4205 2030 4277 circa

433 4274 701 4331 Kalendas
759 4275 882 4329 Maii
934 4286 1260 4331 conventum
1308 4274 1603 4339 habuisse,
1656 4290 1762 4343 quo
1812 4274 2033 4328 veniens

436 4348 579 4425 illius
596 4346 888 4425 Lotharius
910 4346 1205 4425 honoriﬁce
1233 4361 1263 4398 a
1290 4353 1443 4425 patre
1469 4355 1748 4425 susceptus
1772 4351 1872 4423 est,
1888 4345 2035 4425 “seri-

433 4418 568 4471 bunt
598 4416 822 4469 annales
851 4414 1169 4477 Bertiniani,
1214 4411 1354 4483 apud
1383 4411 1735 4483 Muratorium
1755 4453 1768 4475 ,
1805 4413 1856 4483 in
1887 4411 2034 4483 scri-

432 4496 576 4555 ptor.
610 4485 948 4555 lteraltalic.
985 4494 1115 4538 tom.
1138 4484 1204 4555 ill,
1232 4481 1378 4555 part.
1411 4499 1449 4549 ι,
1493 4498 1615 4555 pag.
1649 4482 1892 4555 52οηοθ
1920 4481 2030 4555 Gae-

2122 1952 2207 2005 vel
2239 1950 2469 2020 quilibet
2495 1966 2560 2004 ex
2588 1952 2873 2020 judiciaria
2917 1962 3189 2021 potestate
3232 1958 3596 2021 constitutus,
3628 1958 3725 2010 ali-

2122 2055 2283 2110 quam
2313 2048 2634 2109 potestatem
2663 2051 2918 2096 exerceat
2948 2058 3109 2111 supra
3141 2044 3392 2098 abbatem
3430 2045 3514 2098 vel
3563 2060 3724 2115 supra

2124 2131 2418 2184 monachos
2440 2130 2683 2199 praedicti
2706 2133 3043 2197 monasterii,
3086 2148 3249 2203 super
3275 2149 3472 2188 eorum
3505 2151 3723 2199 causas,

2123 2235 2225 2275 nec
2265 2235 2423 2289 supra
2452 2220 2685 2274 familias
2726 2236 2915 2275 eorum
2948 2222 3091 2277 intus
3118 2224 3203 2277 vel
3234 2222 3370 2278 foris
3412 2240 3724 2287 consessas,

2124 2325 2223 2363 nec
2249 2310 2313 2363 ad
2352 2324 2546 2363 causas
2574 2310 2889 2375 audiendas,
2937 2326 3039 2366 nec
3084 2314 3150 2366 ad
3174 2316 3609 2370 mansionaticos
3640 2316 3725 2368 vel

2123 2409 2343 2470 paratas
2382 2399 2725 2464 faciendum,
2772 2416 2873 2454 nec
2919 2402 3058 2456 ullas
3095 2402 3491 2459 redhibitiones
3547 2408 3724 2475 requi-

2123 2492 2388 2555 rendum;
2439 2491 2530 2543 sed
2559 2490 2799 2558 ejusdem
2834 2493 3149 2546 monasterii
3196 2495 3364 2549 abbas
3399 2498 3723 2563 potestative

2125 2600 2247 2638 cum
2275 2584 2387 2636 suis
2422 2583 2703 2637 monachis
2726 2584 2791 2636 ad
2838 2582 3051 2638 illorum
3080 2588 3424 2641 necessarios
3449 2603 3583 2641 usus
3618 2604 3721 2653 res,

2124 2688 2245 2741 quae
2275 2672 2533 2725 moderno
2565 2682 2804 2740 tempore
2829 2673 2895 2725 ad
2921 2674 3300 2742 prtescriptum
3332 2680 3719 2732 monasterium

2128 2762 2329 2814 habere
2355 2761 2620 2824 videntur,
2652 2762 2949 2830 possideat.
2990 2762 3057 2816 Et
3096 2773 3157 2816 ut
3185 2765 3301 2818 htec
3333 2776 3527 2820 nostra
3551 2778 3722 2821 aucto-

2126 2852 2261 2906 ritas
2288 2852 2494 2904 ﬁrmior
2516 2852 2804 2917 habeatur,
2835 2861 2888 2906 et
2919 2866 3015 2921 per
3040 2852 3221 2907 futura
3255 2863 3505 2925 tempora
3536 2873 3565 2910 a
3594 2858 3719 2912 tide-

2125 2941 2265 2995 libus
2294 2942 2475 2995 verius
2496 2941 2751 2996 credatur
2772 2958 2836 2997 ac
2855 2942 3166 3012 diligentius
3187 2946 3535 3010 observetur,
3564 2964 3720 3002 manu

2126 3031 2343 3099 propria
2383 3032 2569 3084 subter
2595 3046 2715 3085 eam
2748 3032 3084 3087 firmavimus
3105 3041 3160 3086 et
3204 3036 3392 3089 annuli
3428 3039 3601 3091 nostri
3628 3039 3719 3091 im-

2128 3122 2411 3191 pressione
2440 3122 2707 3190 assignari
2736 3120 3019 3201 jussimus.

2052 3197 2095 3258 C
2200 3212 2426 3283 Signum
2454 3212 2712 3268 Ludovici
2736 3197 3078 3283 imperatoris
3106 3214 3355 3285 Augusti.

2200 3306 2582 3360 Hirminmaris
2633 3306 2877 3359 notarius
2913 3306 2979 3360 ad
3031 3307 3205 3361 vicem
3250 3308 3527 3380 Fridugisi
3574 3326 3719 3365 reco-

2128 3398 2333 3467 gnovit.

2200 3486 2335 3539 Data
2364 3502 2395 3538 v
2426 3486 2549 3540 ldus
2574 3486 2741 3552 Junii,
2770 3503 2930 3551 anno,
2978 3485 3196 3542 Christo
3229 3491 3500 3559 propitio,
3534 3494 3599 3547 18
3624 3494 3719 3547 im-

2131 3577 2263 3647 perii
2296 3576 2477 3629 domui
2525 3577 2781 3631 Ludovici
2832 3578 3059 3647 piissimi
3108 3578 3383 3649 Augusti,
3435 3581 3719 3635 indictione

2131 3683 2290 3721 nona.
2321 3668 2514 3721 Actum
2548 3666 2860 3735 Engelhcim
2886 3667 3104 3736 palatio,
3154 3670 3206 3722 in
3238 3669 3334 3723 Dei
3361 3672 3579 3724 nomine
3610 3671 3720 3724 feli-

2132 3761 2287 3814 citer.
2320 3760 2510 3813 Amen.

2133 4206 2354 4262 tinensi.
2396 4206 2583 4259 Annus
2614 4203 2941 4259 laudationis
2968 4206 3311 4262 deducendus
3338 4218 3423 4264 est
3464 4227 3531 4265 ex
3556 4213 3717 4267 Chro-

2135 4278 2257 4332 nico
2285 4274 2587 4347 llerntannig
2609 4274 2904 4347 Contracti,
2933 4278 3024 4344 qui
3071 4278 3217 4330 illam
3244 4282 3395 4347 ponit
3428 4284 3496 4333 ad
3522 4299 3716 4336 annum

2135 4347 2256 4400 751.
2302 4345 2687 4415 Monasterium
2734 4344 3098 4415 Fabariense,
3152 4344 3286 4402 teste
3336 4349 3621 4415 Bruschio,
3658 4355 3718 4407 de

2134 4416 2444 4491 Episcopat.
2472 4412 2683 4491 Germ._,
2731 4422 2870 4491 toni.“
2898 4414 2934 4471 I.
2955 4430 3099 4491 .pag.
3129 4417 3215 4480 15,
3260 4418 3423 4491 situm
3448 4429 3534 4473 est
3556 4412 3717 4491 prepe

2135 4437 2441 4485 nplscupat.
2472 4437 2683 4475 ucruu,
2733 4437 2862 4467 ιυιιι.
2898 4437 2934 4471 ι.
2977 4437 3099 4486 pag.
3129 4437 3215 4480 ιο,
3260 4437 3423 4471 suum
3448 4437 3534 4473 e51
3598 4437 3713 4490 I‘OpC

2134 4484 2384 4555 Rhenum
2432 4482 2504 4555 i_n_
2535 4482 2775 4555 Alpibus-
2810 4482 3046 4555 Rhetig,
3098 4502 3262 4555 supra
3310 4437 3713 4544 Mariaefeﬁlum.

436 4540 594 4609 sareo
622 4554 1034 4621 lngelheimensi
1063 4540 1277 4623 palatio
1291 4540 1937 4623 disseMit_Schmpllinus
1960 4552 2024 4623 in
2052 4540 2104 4599 D
2132 4554 2354 4608 Multum
2376 4540 2716 4623 celebrantur
2742 4552 2961 4606 therma:
2982 4540 3340 4610 Fabarienses
3368 4540 3715 4623 {elinguia

436 4625 575 4679 actis
613 4624 916 4678 Academia:
944 4621 1507 4677 Thebdoro—Palatinae
1546 4621 2023 4686 Manuheimcnsis,

438 4705 569 4747 tom.
596 4692 637 4756 l,
675 4709 794 4762 pag.
827 4692 930 4746 300
962 4704 1016 4746 et
1047 4707 1162 4760 seq.
1195 4692 1553 4762 Amplissimze
1588 4706 1803 4762 quoque
1845 4699 2028 4757 grates

438 4765 527 4817 hic
566 4764 722 4815 nobis
760 4761 1077 4831 prazstandre
1106 4771 1233 4815 sunt
1276 4761 1674 4831 perillustribus
1701 4761 2029 4831 etdoctissi-

441 4833 544 4887 mis
593 4829 1104 4885 dicte—Academia:
1150 4829 1711 4885 Theodoro-Palatium
1756 4829 2031 4883 Mannhci-

441 4902 646 4955 mensis
672 4901 800 4954 viris
830 4901 1148 4955 academicis
1177 4940 1191 4963 ,
1223 4916 1451 4967 quorum
1483 4900 1753 4953 communi
1802 4898 2026 4959 calculo,

440 4970 822 5037 elrctoralique
846 4970 1136 5038 diplomate
1168 4971 1220 5021 in
1252 4968 1467 5038 publico
1498 4970 1599 5022 diei
1639 4970 1857 5038 decimae
1904 4968 2027 5021 Maii

444 5040 579 5093 ΗΠ
620 5036 1075 5093 conventu'inter
1107 5036 1283 5093 socios
1325 5039 1784 5092 extraordinarios
1832 5036 2029 5091 fuimus

442 5111 700 5177 coeptati.

516 5175 679 5231 {Hoc
702 5177 931 5246 diploma
953 5176 1246 5241 Mabillon.,
1272 5176 1365 5229 lib.
1394 5192 1497 5229 xxx
1515 5175 1708 5246 Annal.
1729 5175 2026 5237 Benedict.,

444 5263 593 5300 num.
630 5248 717 5305 66,
758 5245 986 5300 testatur
1016 5263 1073 5299 se
1104 5247 1295 5313 legisse
1325 5247 1377 5299 in
1408 5247 1543 5299 libro
1575 5245 1640 5297 de
1684 5246 2033 5313 Antiquitati—

431 5318 543 5380 llus
576 5318 888 5369 monasterii
918 5317 1277 5376 Fabariensis,
1305 5324 1525 5368 auctore
1551 5314 1850 5381 Augustino
1874 5314 2033 5368 διοκ-

444 5387 556 5440 lino
585 5387 827 5438 Fabarim
854 5387 1063 5445 abbate,
1112 5387 1202 5453 qui
1234 5383 1361 5438 illud
1388 5400 1529 5437 anno
1554 5382 1689 5437 “528
1716 5398 2032 5452 composue-

446 5466 550 5509 rat.
585 5455 688 5508 Sed
717 5455 842 5507 illud
875 5472 976 5509 non
1008 5456 1189 5508 retulit
1220 5453 1493 5507 Mabillon.

424 5516 435 5590 ξ
520 5526 545 5562 b
577 5524 898 5585 Fabarium,
956 5539 1050 5577 seu
1102 5524 1364 5587 Fabaris,
1411 5521 1729 5576 Germanice
1784 5522 2031 5590 Pis/fers.

451 5593 722 5646 conditum
755 5593 856 5645 fuit
886 5594 935 5646 in
968 5594 1223 5647 honorem
1253 5601 1454 5646 sancta:
1482 5592 1706 5662 virginis
1728 5591 1908 5662 lllarire
1938 5592 2032 5645 Dei

451 5663 745 5726 genitricis.
773 5662 1116 5716 Fabariensis
1144 5662 1357 5716 abbatis
1388 5676 1483 5714 sua
1514 5662 1845 5714 incrementa
1872 5661 2033 5714 debet

455 5728 692 5785 Heddoui
726 5731 903 5783 abbati
928 5731 1348 5801 Divitis-Augise,
1390 5731 1513 5785 dein
1539 5730 1789 5799 episcopo
1830 5729 2035 5799 Argen-

2131 4625 2475 4693 scriptorum,
2502 4622 2594 4693 qui
2624 4621 2785 4693 dejis
2824 4625 3178 4691 scripserunt,
3219 4637 3467 4680 recenset
3502 4630 3566 4682 D.
3596 4621 3714 4681 Hal-

2132 4686 2316 4757 ler,'in
2355 4686 3057 4761 In'itischenrVerzeichnisse
3104 4693 3255 4761 fallet
3282 4694 3576 4761 Schriften,
3604 4702 3717 4750 wet-

2133 4766 2226 4818 che
2257 4764 2339 4815 die
2365 4760 2591 4814 Schweiz
2640 4760 2913 4832 betreﬂ'en,
2938 4772 3066 4815 tom.
3101 4760 3162 4826 ll,
3193 4778 3312 4832 pag.
3351 4760 3603 4825 186-209.

2208 4846 2229 4871 ο
2264 4834 2376 4885 Hoc
2403 4838 2486 4883 est
2504 4830 2813 4903 exemplum
2848 4831 3136 4903 missorum
3166 4830 3585 4897 doniinicorum,
3630 4837 3715 4903 qui

2137 4919 2167 4957 a
2194 4917 2319 4971 rege
2346 4898 2621 4971 constituti
2653 4908 2806 4951 erant
2834 4907 2892 4952 ut
2923 4901 2974 4953 in
2999 4902 3221 4966 ducum,
3253 4904 3535 4968 comitum,
3569 4898 3717 4959 ecete-

2136 4968 2426 5039 roruinque
2449 4968 2856 5039 magistratuum
2878 4970 3286 5037 provincialium
3311 4986 3491 5026 mores
3517 4983 3570 5027 et
3600 4985 3716 5028 acta

2135 5037 2489 5111 inquirerent.
2546 5037 2829 5092 Formulas
2867 5040 3168 5111 secundum
3216 5056 3351 5108 quas
3394 5044 3657 5111 judicium
3686 5060 3713 5095 a

2134 5112 2314 5164 missis
2342 5110 2643 5162 institutum
2669 5110 3044 5171 exercebatur,
3073 5110 3330 5163 exhibent
3357 5110 3560 5165 charte
3592 5128 3715 5165 non-

2136 5181 2292 5234 nullze
2324 5177 2632 5231 monasterii
2665 5178 2849 5230 Sancti
2896 5176 3035 5230 Galli
3077 5194 3107 5230 a
3147 5176 3406 5233 Goldasto
3434 5184 3623 5243 editae,
3664 5184 3711 5234 in

2135 5260 2267 5303 tom.
2299 5250 2337 5301 ll
2367 5249 2626 5316 Scriptor.
2658 5246 2784 5299 Rcr.
2804 5247 3011 5319 _:_\lem.,
3038 5260 3178 5319 part.
3204 5265 3241 5311 ι,
3269 5265 3391 5319 pag.
3425 5250 3495 5303 55
3520 5261 3573 5305 et
3601 5266 3708 5319 seq.

2137 5320 2270 5373 Vide
2321 5326 2583 5388 prmstans
2620 5330 2754 5388 opus
2802 5317 3070 5369 Francisci
3112 5318 3187 5388 de
3226 5317 3375 5388 lloye
3425 5321 3493 5372 de
3539 5317 3713 5374 missis

2136 5384 2422 5442 dominicis
2450 5401 2590 5457 anno
2622 5384 2756 5457 “372
2785 5388 3126 5457 impressum.
3174 5384 3367 5442 Exstat
3392 5390 3534 5457 apud
3562 5389 3712 5441 Bala-

2138 5459 2299 5519 zium,
2340 5454 2519 5526 tomal
2545 5453 2799 5526 C_apitul.,
2818 5454 3087 5526 Δθοι-655,
3116 5453 3557 5526 ctBouquetum,
3586 5468 3708 5513 tom.

2137 5527 2225 5589 V'l,
2254 5542 2377 5595 pag.
2402 5525 2528 5596 ³545,
2578 5521 2827 5596 Ludovici
2847 5531 2905 5596 _ct
2934 5522 3173 5596 Lotltarii
3204 5521 3593 5596 imperatorum
3624 5542 3706 5579 an.

2136 5592 2489 5667 Sisepistola
2530 5592 2801 5661 encyclica
2829 5593 2896 5647 de
2921 5594 3100 5648 missis
3143 5612 3239 5665 per
3280 5592 3454 5651 totum
3496 5612 3708 5667 regnum

2138 5665 2432 5719 mittendis.
