3924 6364
267 393 403 450 ἲῖῡὶ

948 513 1177 568 CLXIV.

514 615 616 656 PRO
655 616 945 657 TUBONENSI
986 618 1030 657 S.
1069 618 1292 657 IAR‘HNI
1332 618 1597 658 ECCLESIA.

883 693 1057 764 (Anno
1088 694 1236 762 851.)

264 774 697 852 Ne‘anonensis
742 783 1009 852 episcopus
1055 783 1319 852 dominari
1370 792 1653 852 prmsumat
1689 783 1843 852 _apud

338 848 397 904 S.
425 849 739 915 Martinam,
768 848 817 905 et
848 848 1126 919 ut'fratres
1160 848 1378 905 liberant
1407 852 1630 907 habeant
1678 848 1849 919 facul—

336 929 498 973 tatem
528 919 751 989 eligendi
783 921 1006 975 abbatis.

261 1009 444 1081 [Apud
476 1009 729 1083 Martem,
754 1011 924 1083 Ampi.
956 1010 1113 1083 Q0!!_._,
1138 1020 1267 1065 tom.
1296 1012 1338 1083 ι,
1361 1028 1415 1081 p.
1455 1011 1544 1074 86,
1588 1026 1653 1065 ex
1692 1012 1851 1064 char-

798 1081 937 1135 tario
973 1080 1030 1135 S‘.
1062 1081 1322 1153 Martini.]

333 1171 393 1225 lu
420 1172 644 1228 nomine
669 1172 881 1227 Domini
927 1173 1021 1228 Dei
1066 1182 1121 1227 et
1171 1173 1467 1227 Salvatoris
1498 1173 1667 1227 nostri
1722 1170 1849 1227 Jesu

260 1261 486 1327 Christi,
506 1263 829 1327 Ludovicus,
862 1264 1040 1319 divina
1063 1264 1348 1319 ordinante
1364 1264 1726 1333 providentia,
1753 1262 1851 1316 im-

260 1361 487 1420 perator
513 1355 805 1424 Augustus.

337 1441 395 1505 Si
425 1442 558 1497 locis
590 1444 698 1498 Deo
728 1444 924 1498 dicatis
952 1443 1466 1513 quiddam'honoris
1498 1443 1850 1509 conferimus,

260 1539 319 1585 et
364 1532 475 1588 Deo
524 1532 578 1587 in
610 1536 689 1587 eis
721 1532 1096 1587 famulantium
1144 1534 1294 1604 pacis
1341 1542 1396 1588 et
1448 1534 1854 1604 tranquillitatis

259 1637 452 1677 curam
501 1622 768 1692 gerimus,
796 1631 851 1677 et
896 1623 961 1675 ad
1011 1623 1375 1677 ministerium
1430 1635 1586 1677 suum
1631 1623 1852 1677 liberius

259 1713 669 1781 exsequendum
696 1727 851 1784 opem
878 1710 1120 1773 ferimus,
1154 1712 1258 1767 hoc
1285 1712 1443 1767 nobis
1473 1712 1658 1781 procul
1691 1712 1854 1767 dubio

262 1803 332 1857 ad
360 1810 561 1859 statum
595 1804 752 1874 regni
775 1803 974 1857 terreni
1000 1802 1484 1867 eorroboraudum,
1513 1812 1571 1857 et
1602 1803 1669 1857 ad
1695 1811 1852 1858 teter-

260 1909 349 1948 na:
374 1894 499 1948 vitae
525 1893 915 1949 be‘atitudinem
948 1892 1332 1965 capessendam
1357 1891 1697 1961 profuturum
1731 1908 1851 1948 esse

260 1985 557 2040 credimus.
590 1985 796 2041 Idcirco
824 1992 1009 2039 uotum
1030 1983 1145 2039 ﬁeri
1171 1984 1418 2039 volumus
1442 1985 1691 2040 omnibus
1716 1983 1850 2039 ﬁde-

262 2075 408 2131 libus
446 2084 648 2131 sanctae
693 2077 788 2132 Dei
832 2077 1086 2132 Ecclesiae
1134 2086 1189 2133 et
1241 2078 1461 2143 nostris,
1495 2078 1853 2147 praesentibus

267 2168 484 2223 scilicet
529 2177 582 2223 et
628 2168 849 2233 futuris,
898 2171 1025 2239 quia
1064 2170 1131 2224 ad
1167 2171 1485 2238 petitionem
1514 2170 1767 2235 fratrum,
1800 2171 1853 2224 in

266 2262 599 2316 monasterio
630 2263 802 2317 sancti
834 2262 1050 2317 Martini
1096 2264 1424 2319 confessoris
1452 2262 1652 2319 Christi
1695 2270 1859 2331 atque

262 2353 540 2422 pontiﬁcis
566 2354 676 2408 Deo
704 2354 935 2409 ﬁdeliter
972 2355 1414 2422 deservicutium,
1443 2354 1634 2411 dilecta
1659 2352 1856 2423 conjux

269 2451 460 2499 nostra
504 2442 692 2498 Judith
729 2452 956 2514 angusta
1005 2446 1159 2499 nobis
1203 2445 1471 2517 suggessit
1508 2459 1607 2515 per
1633 2444 1857 2516 privile-

269 2534 419 2605 gium
444 2535 617 2603 patris
652 2534 823 2589 nostri
865 2535 1043 2589 domui
1094 2534 1270 2591 Caroli
1316 2538 1419 2606 piae
1465 2537 1859 2592 recordationis

268 2624 618 2693 imperatoris
649 2624 1005 2689 serenissimi,
1024 2639 1118 2679 seu
1148 2634 1342 2679 caztera
1373 2626 1592 2698 regalia,
1622 2642 1722 2682 nec
1751 2643 1857 2682 non

263 2718 433 2772 etiam
470 2717 763 2787 apostolica
788 2717 1091 2790 privilegia,
1120 2720 1391 2788 quomodo
1418 2719 1558 2773 idem
1590 2726 1859 2773 monaste-

263 2808 411 2862 rium
440 2824 470 2861 a
500 2808 868 2863 dominatione
900 2810 1140 2879 episcopi
1187 2811 1473 2865 Turonicaz
1519 2810 1671 2865 urbis
1723 2810 1860 2866 libe—

263 2916 390 2955 rum
416 2916 561 2955 nunc
586 2915 761 2970 usque
804 2908 940 2965 erat,
971 2901 1309 2970 qualiterque
1348 2900 1536 2972 procul
1586 2894 1748 2957 dubio
1789 2900 1857 2955 li-

263 2996 503 3051 centiam
535 2995 788 3056 habuerit
814 2994 1044 3066 eligendi
1073 3009 1138 3049 ex
1168 2995 1346 3064 seipso
1371 2995 1619 3050 abbatem
1661 2993 1858 3063 dignis-

262 3089 485 3150 simum,
504 3087 764 3155 petiitque
787 3084 1001 3140 culmen
1028 3086 1308 3156 dignitatis
1329 3094 1529 3141 nostrae
1552 3092 1611 3139 ut
1639 3092 1858 3153 propter

263 3190 509 3232 amorem
540 3184 593 3229 et
626 3176 890 3230 honorem
929 3174 1141 3230 Domini
1182 3175 1354 3229 nostri
1380 3173 1507 3230 Jesu
1552 3173 1778 3240 Christi,
1804 3182 1857 3229 et

264 3267 335 3320 ob
368 3264 725 3320 reverentiam
754 3265 897 3319 beati
915 3264 1129 3318 Martini
1155 3263 1426 3333 pontiﬁcis
1444 3264 1657 3333 patroni
1683 3264 1853 3318 nostri

264 3354 575 3426 peculiaris,
624 3355 810 3408 eadem
848 3363 1032 3408 nostra
1083 3355 1406 3409 auctoritate
1450 3354 1716 3425 imperiali
1771 3353 1857 3407 ﬁr-

273 3461 416 3501 mare
443 3446 809 3515 dignaremus.
838 3443 946 3498 Nos
972 3459 1187 3513 quoque
1214 3444 1455 3513 ejusdem
1494 3442 1702 3498 dilecta:
1732 3457 1856 3497 con-

265 3530 405 3605 jugis
436 3541 636 3588 nostrae
661 3531 847 3587 Judith
894 3531 1095 3586 salubri
1124 3531 1469 3602 suggestione
1494 3531 1752 3586 commoti
1779 3531 1853 3585 si-

267 3624 375 3679 mul
406 3632 463 3677 et
489 3624 705 3677 hortatu
726 3664 740 3687 ,
772 3631 933 3691 atque
973 3623 1280 3677 interventu
1315 3622 1701 3678 venerabilium
1753 3637 1853 3677 uo-

268 3723 506 3769 strorum
537 3711 605 3765 ad
643 3712 745 3765 hoc
780 3710 1186 3780 perﬁciendum
1211 3712 1563 3775 commoniti,
1594 3712 1737 3766 hanc
1766 3726 1857 3766 no-

267 3811 396 3859 strae
442 3800 781 3857 auctoritatis
821 3799 1291 3856 conﬁrmationem
1332 3809 1633 3857 memorato
1662 3817 1855 3857 mona-

268 3895 439 3951 sterio
467 3901 631 3963 atque
660 3892 921 3948 fratribus
956 3893 1009 3947 in
1051 3894 1240 3947 eodem
1280 3892 1392 3948 Deo
1421 3891 1856 3948 deservieutibus

267 3982 709 4053 conscripsimus,
741 4000 803 4039 ac
832 3984 960 4039 dare
1002 3982 1362 4048 decrevimus,
1393 3997 1491 4052 per
1518 3997 1681 4053 quam
1728 3998 1857 4045 con-

266 4074 566 4138 stituimus,
595 4080 758 4141 atque
780 4074 1092 4142 perenniter
1113 4072 1326 4127 ﬁrmum
1351 4072 1467 4127 fore
1494 4073 1853 4139 decernimus,

268 4174 327 4221 ut
366 4165 421 4218 in
462 4178 623 4233 supra
664 4162 775 4216 fato
804 4164 1156 4228 monasterio,
1193 4164 1305 4218 sive
1334 4162 1612 4228 fratribus,
1643 4164 1850 4232 primus

266 4257 556 4327 episcopus
582 4249 866 4309 Turonica:
896 4253 1045 4308 urbis
1077 4270 1182 4308 non
1230 4254 1350 4323 plus
1396 4254 1662 4307 dominari
1718 4270 1855 4323 prtu-

270 4353 471 4411 sumat,
504 4354 596 4399 aut
621 4345 893 4399 licentiam
926 4343 1241 4397 dominandi
1266 4342 1485 4407 habeat,
1526 4343 1609 4396 vel
1651 4343 1855 4411 aliquid

269 4443 419 4490 certe
448 4435 573 4488 novi
597 4433 927 4497 introducat,
955 4442 1049 4487 aut
1081 4432 1136 4485 iu
1159 4432 1294 4486 vicis
1318 4430 1401 4485 vel
1438 4431 1580 4487 villis
1624 4432 1855 4485 nransio-

1402 397 1793 455 ῡιΡιΟΜΑΤΑ
1834 394 2385 452 ECCLESIASTICA.

1871 518 1921 575 Α
1947 511 2110 578 tione,
2141 527 2204 568 ea
2239 518 2445 565 tantum
2487 508 2791 565 conJitiouc
2844 507 3121 579 praemissa
3174 516 3233 559 ut
3281 505 3517 574 quaudiu

3377 392 3398 445 Ι
3410 391 3515 447 202

1948 604 2255 676 Fridcgisus
2280 605 2468 670 abbas,
2494 604 2646 674 cujus
2674 604 2838 658 etiam
2868 600 3120 657 consultu
3146 606 3327 654 actum
3350 606 3431 652 est
3460 604 3519 650 ut

1948 697 2085 751 hanc
2107 695 2569 752 conﬁrmationem
2598 694 2712 749 ﬁeri
2747 700 3128 755 statueremus,
3160 694 3522 743 memoratum

1948 788 2335 843 monasterium
2379 784 2660 849 habuerit,
2689 784 2891 838 nullum
2919 779 3288 851 prmjudicium
3320 785 3414 832 aut
3441 776 3526 830 in—

1950 876 2315 944 quietudinem
2350 874 2419 929 de
2480 872 2809 944 quibuslibet
2859 872 3038 926 causis
3084 868 3344 938 patiatur.
3398 864 3525 918 Post

1952 964 2093 1019 illius
2121 980 2250 1020 vero
2280 965 2561 1020 decessum
2608 962 2895 1017 memorati
2938 960 3135 1014 fratres
3184 958 3419 1012 habeant
3445 954 3527 1009 fa-

1952 1055 2204 1109 cultatem
2232 1055 2462 1126 eligendi
2501 1054 2567 1109 de
2607 1054 2738 1124 ipsis
2782 1053 3052 1115 abbatem,
3078 1064 3235 1121 quem
3262 1048 3525 1117 optimum

1951 1153 2007 1199 et
2034 1144 2308 1201 nobilitate
2334 1144 2565 1215 generis,
2595 1153 2649 1199 et
2684 1143 2953 1214 probitate
2979 1154 3189 1195 morum
3220 1147 3275 1192 et
3310 1138 3362 1191 iu
3396 1135 3531 1191 scri-

1952 1234 2125 1305 pturis
2143 1236 2410 1291 eruditum
2429 1234 2809 1305 iudicaverint.
2840 1233 2906 1287 Et
2934 1234 2980 1287 si
3018 1230 3144 1286 talis
3196 1228 3352 1292 inibi,
3384 1227 3529 1296 quod

1954 1341 2061 1379 non
2100 1333 2366 1395 optamus,
2398 1326 2625 1395 reperiri
2676 1340 2781 1379 non
2829 1324 3059 1393 poterit,
3091 1330 3218 1376 tunc
3263 1316 3529 1389 imperiali

1952 1416 2207 1485 potestati
2238 1414 2293 1469 id
2320 1415 2708 1471 reservandum
2739 1414 3045 1468 statuimus.
3080 1411 3358 1465 Munemus
3395 1422 3532 1477 quo-

1955 1512 2058 1574 Que
2083 1519 2272 1559 omnes
2297 1504 2388 1574 qui
2416 1503 2570 1558 nobis
2603 1502 2654 1556 in
2682 1502 2911 1572 imperio
2953 1517 2985 1555 a
3032 1501 3143 1554 Deo
3182 1499 3336 1554 nobis
3384 1510 3532 1551 cum-

1955 1597 2122 1651 misso
2152 1596 2456 1651 successuri
2502 1602 2646 1661 sunt,
2680 1602 2740 1649 ut
2787 1594 2929 1649 sicut
2986 1592 3206 1647 illorum
3248 1596 3454 1644 statuta
3501 1602 3531 1643 a

1956 1685 2359 1740 successoribus
2388 1686 2500 1741 suis
2540 1684 2854 1740 conservari
2879 1682 3069 1749 velint,
3095 1682 3168 1736 ita
3198 1681 3251 1735 in
3281 1679 3533 1735 onmibus

1958 1776 2097 1830 hanc
2135 1784 2377 1830 nostram
2422 1776 2861 1831 constitutionem
2893 1774 3165 1845 perpetuis
3200 1771 3535 1840 temporibus

1881 1854 1927 1912 Β
1956 1880 2279 1921 conservare
2305 1866 2560 1921 studeant
2590 1865 2658 1920 ad
2705 1865 2919 1920 illorum
2944 1872 2999 1918 et
3023 1872 3266 1919 nostram
3294 1876 3537 1917 commu-

1954 1976 2078 2017 nem
2119 1961 2367 2017 salutem.
2401 1961 2469 2015 Et
2495 1969 2556 2015 ut
2584 1962 2699 2015 haec
2736 1968 2938 2013 nostra:
2962 1955 3304 2011 auctoritatis
3332 1968 3533 2023 praece-

1953 2054 2067 2124 ptio
2087 2062 2141 2108 et
2166 2052 2480 2108 constitutio
2506 2049 2773 2121 privilegii
2800 2047 3009 2102 ﬁrmior
3038 2046 3319 2111 habeatur,
3343 2052 3398 2099 et
3439 2058 3538 2112 per

1956 2143 2136 2199 futura
2186 2152 2429 2213 tempora
2477 2142 2671 2196 melius
2718 2150 3090 2204 conservetur,
3122 2152 3284 2192 mauu
3315 2135 3538 2205 prepria

1957 2249 2079 2289 eam
2107 2232 2617 2303 subscripsimus,et
2645 2231 2711 2287 de
2731 2230 2877 2287 bulla
2902 2238 3088 2285 nostra
3110 2227 3295 2284 subter
3313 2226 3538 2298 sigillari

1953 2326 2235 2395 iussimus.

2032 2416 2255 2487 Signum
2278 2414 2538 2470 Ludovici
2569 2412 2905 2470 serenissimi
2931 2410 3293 2482 imperatoris.

2029 2506 2411 2562 Hirmiumaris
2458 2506 2702 2561 notarius
2746 2504 2814 2559 ad
2863 2504 3035 2558 vicem
3082 2500 3349 2571 Fridugisi
3388 2515 3540 2556 reco-

1959 2600 2139 2671 gnovL

2029 2692 2166 2745 Data
2194 2706 2224 2743 ν
2244 2688 2382 2743 Non.
2411 2687 2753 2752 Novembris,
2770 2701 2931 2750 anno,
2958 2684 3176 2740 Christo
3193 2682 3447 2753 propitio,
3476 2683 3539 2737 l8

1959 2780 2173 2850 imperii
2206 2777 2388 2834 domui
2416 2777 2676 2832 Ludovici
2702 2775 2934 2847 piissimi
2961 2774 3186 2845 Augusti
3209 2814 3223 2839 ,
3250 2774 3542 2828 indictione

1961 2870 2047 2924 10.
2079 2870 2272 2925 Actum
2304 2867 2612 2923 Theodonis
2639 2866 2762 2921 villa
2802 2865 3002 2936 palatio
3029 2864 3195 2935 regio,
3233 2864 3293 2918 iu
3318 2863 3413 2918 Dei
3444 2879 3540 2918 uo-

1958 2964 2104 3018 mine
2134 2962 2389 3019 feliciter.
2422 2961 2617 3016 Amen.

2646 3049 2850 3107 CLXV.

1998 3162 2098 3201 PRO
2133 3160 2361 3201 VICTORE
2401 3158 2650 3199 EPISCOPO
2695 3155 2941 3197 CURHJNSI
2975 3153 3197 3202 EJUSQUE
3233 3150 3504 3193 ECCLESIA.

2574 3235 2747 3307 (Anno
2775 3232 2925 3304 851.)

1958 3327 2135 3401 [Apud
2166 3325 2504 3388 Grandidier,
2542 3324 2681 3377 Hist.
2713 3325 2777 3377 de
2808 3321 3023 3392 l’Eglise
3048 3322 3112 3375 de
3140 3318 3365 3384 Strasb.,
3408 3329 3538 3375 tom.

2026 3420 2090 3485 ιι,
2128 3435 2180 3489 p.
2217 3418 2337 3483 199,
2384 3432 2449 3472 ex
2489 3417 2824 3489 autograpbo
2866 3413 3115 3471 tabularii
3153 3412 3399 3469 ecclesia:
3433 3412 3542 3468 Cu-

2030 3512 2227 3565 riensis
2264 3509 2340 3581 0.]
2517 3484 2543 3517 ί

2027 3601 2084 3656 ln
2104 3600 2327 3655 nomine
2346 3598 2557 3654 Domini
2588 3598 2680 3653 Dei
2707 3597 3007 3654 Salvatoris
3036 3597 3161 3653 Jesu
3188 3596 3411 3662 Christi,
3440 3598 3544 3651 Lu-

1957 3691 2200 3756 dovicus,
2229 3690 2407 3745 divina
2430 3689 2714 3745 ordinante
2733 3689 3089 3758 providentia,
3115 3689 3411 3758 imperator
3431 3689 3539 3743 Au—

1957 3789 2165 3852 gustus.

2028 3876 2085 3930 Si
2131 3891 2257 3945 crga
2305 3876 2421 3929 loca
2464 3874 2659 3929 divinis
2698 3873 2931 3929 cultibus
2977 3874 3279 3942 mancipata
3326 3881 3544 3943 propter

1958 3979 2197 4021 amorem
2234 3964 2325 4018 Dei
2372 3964 2595 4035 ejusque
2628 3964 2682 4017 in
2720 3963 2908 4019 iisdem
2944 3963 3075 4018 locis
3107 3962 3429 4018 famulantes
3458 3963 3545 4019 be—

1956 4058 2146 4113 ueﬁcia
2191 4057 2401 4126 potiora
2442 4057 2719 4126 largimur,
2756 4057 3036 4125 praemium
3077 4055 3217 4125 apud
3254 4055 3541 4109 Dominum

1955 4158 2171 4203 aeternae
2202 4147 2653 4202 remunerationis
2686 4146 2920 4217 impendi
2947 4143 3051 4200 non
3086 4144 3392 4201 difﬁdimus.
3440 4146 3543 4215 lgi-

1940 4230 2044 4294 tur
2084 4247 2270 4294 uotum
2313 4251 2434 4293 esse
2474 4236 2723 4292 volumus
2768 4238 2980 4292 cunctis
3023 4236 3271 4291 ﬁdelibus
3314 4239 3539 4301 nostris,

1954 4328 2597 4400 praesentibusscilicetet
2614 4326 2828 4394 futuris,
2845 4329 2970 4397 quia
2997 4328 3080 4381 vir
3106 4328 3427 4384 venerabilis
3454 4329 3543 4383 Vi-

1956 4430 2075 4477 ctor
2095 4430 2295 4476 sancta:
2307 4419 2581 4475 Curiensis
2600 4418 2843 4473 ecclesia:
2857 4419 3140 4489 episcopus
3156 4419 3185 4459 δ
3197 4405 3317 4489 qua:
3330 4430 3541 4474 constat

271 4528 482 4584 naticos
506 4526 761 4596 accipiat,
792 4541 883 4581 seu
920 4526 1228 4594 quicunque
1256 4523 1406 4578 urbis
1446 4522 1685 4593 ejusdem
1729 4538 1853 4578 suc-
1882 4538 1934 4600 ι)
1960 4529 2079 4569 esse
2099 4519 2404 4567 0005mm“!
2428 4512 2481 4565 ἱιι
2504 4513 2708 4566 honore
2730 4520 2932 4566 εδηοιω
2949 4512 3130 4567 Maria?
3150 4528 3364 4582 semper
3376 4513 3541 4583 Virgi-

269 4634 458 4675 cessor
486 4617 775 4679 exstiterit,
804 4631 963 4685 quam
1013 4614 1441 4685 praedecessores
1485 4614 1566 4668 sui
1618 4621 1857 4682 tempore

270 4708 514 4779 ejusdem
536 4707 798 4778 genitoris
825 4706 995 4761 nostri
1017 4704 1200 4759 domui
1229 4702 1427 4765 Caroli,
1446 4704 1559 4757 sive
1577 4702 1660 4755 avi
1685 4703 1854 4756 nostri

270 4798 492 4870 gloriosi
520 4796 729 4866 Pippini
755 4795 897 4866 regis
926 4793 1190 4859 fecerunt,
1222 4793 1317 4847 Sed
1354 4792 1453 4846 sub
1484 4791 1599 4861 ipso
1633 4792 1852 4846 eodem-

272 4905 379 4961 que
407 4889 567 4943 modo
593 4886 877 4941 charitatis
908 4885 1021 4939 sive
1049 4882 1357 4938 dilectionis
1402 4897 1525 4936 cum
1568 4880 1679 4948 jam
1737 4896 1851 4935 me—

273 4978 502 5035 moratis
535 4976 795 5030 fratribus
820 4975 872 5027 in
903 4973 1015 5028 Deo
1038 4972 1213 5037 vivat,
1244 4972 1448 5039 absque
1491 4970 1733 5040 qualibet
1760 4986 1855 5023 uo-

276 5069 460 5123 vitatis
489 5046 752 5121 molestia.
795 5063 1055 5118 Similiter
1087 5062 1203 5116 sine
1252 5060 1413 5115 dubio
1453 5061 1741 5115 statuimus
1781 5068 1855 5129 at-

274 5183 381 5238 que
407 5173 668 5236 perpetuo
698 5164 1067 5218 ﬁrmissimum
1098 5174 1217 5215 esse
1265 5159 1529 5219 volumus,
1564 5167 1623 5211 ut
1658 5174 1854 5213 memo-

276 5260 383 5315 rati
410 5256 721 5313 monasterii
744 5254 942 5310 fratres
969 5254 1241 5308 licentiam
1273 5251 1511 5305 habeant
1553 5250 1619 5304 de
1662 5249 1855 5317 seipsis

273 5347 508 5420 eligendi
538 5345 809 5411 abbatem,
844 5345 935 5414 qui
964 5343 1042 5398 eis
1070 5355 1300 5412 praeesse
1324 5348 1378 5394 et
1401 5339 1658 5408 prodesse
1687 5337 1857 5405 possit

278 5439 336 5497 in
376 5439 523 5495 omni
565 5428 777 5493 morum
827 5437 1110 5490 honestate
1142 5440 1195 5487 et
1236 5429 1636 5499 Scripturarum
1676 5426 1855 5480 erudi-

351 5588 377 5615 ι
422 5573 665 5643 Diploma
707 5573 811 5643 hoc
854 5569 1173 5643 anecdotum
1213 5560 1626 5643 communicavit
1673 5560 1852 5614 Domi-

282 5661 383 5702 nus
405 5645 471 5699 de
490 5634 690 5699 'Jostex
723 5642 839 5711 ipso
866 5637 1197 5711 autographo
1211 5634 1571 5711 descriptum".

358 5661 383 5699 s
405 5649 471 5699 de
496 5649 690 5699 Jostex
724 5649 839 5711 ipso
866 5650 991 5695 auto
1030 5649 1197 5707 rapno
1226 5649 1396 5690 deSCl‘l
1441 5649 1571 5685 tum.

356 5716 382 5755 δ
420 5714 547 5769 Inde
585 5720 731 5782 patet
771 5725 925 5764 error
970 5655 1167 5782 ggidii
1211 5649 1482 5782 Tschutiii,
1517 5698 1713 5782 'Gallia‘.
1753 5700 1853 5782 Co-

286 5766 563 5849 matgelib.
585 5766 650 5849 ἶι,
682 5766 820 5850 part.
847 5798 882 5848 ι,
910 5766 1104 5849 ςιψδέ).
1133 5791 1252 5848 pag.
1281 5766 1486 5839 5lﬁ,'ct
1510 5767 1729 5825 Joannis
1763 5766 1851 5821 Ja-

1963 4606 2066 4669 nis,
2092 4605 2254 4658 missa
2272 4604 2529 4674 petitione
2544 4603 2865 4673 deprecatus
2877 4613 3093 4669 estnos,
3111 4611 3171 4657 ut
3188 4604 3431 4659 eamdem
3453 4619 3540 4659 se-

1959 4694 2080 4749 dem
2113 4709 2263 4749 suam
2293 4709 2415 4748 cum
2452 4692 2705 4747 omnibus
2733 4692 2799 4746 ad
2825 4707 2884 4747 se
2903 4689 3043 4760 iuste
3072 4700 3127 4746 et
3152 4691 3397 4762 legaiiter
3430 4708 3538 4746 mo-

1961 4787 2130 4840 deruo
2171 4793 2411 4854 tempore
2454 4783 2849 4854 pertinentibus
2887 4782 2968 4836 vel
3008 4782 3392 4851 aspicientibus
3438 4784 3537 4837 sub

1960 4886 2145 4934 nostra
2178 4879 2401 4933 tuitioue
2422 4886 2476 4930 et
2508 4874 2861 4929 immnnitatis
2890 4872 3200 4927 defensione
3222 4888 3345 4926 cum
3374 4873 3537 4927 rebus

1958 4980 2011 5024 et
2039 4970 2323 5039 mancipiis
2351 4968 2832 5029 constitueremus;
2863 4963 3005 5032 quod
3031 4963 3102 5016 ita
3126 4970 3181 5017 et
3209 4961 3401 5017 fecisse
3420 4977 3537 5017 om-

1958 5060 2105 5128 nium
2140 5067 2447 5113 uestrorum
2488 5060 2778 5125 cognoscat
2811 5051 3095 5109 industria.
3151 5050 3536 5121 Pmecipientes

1954 5164 2085 5220 ergo
2107 5149 2357 5219 jubemus
2393 5155 2452 5200 ut
2478 5144 2655 5200 nullus
2676 5143 2840 5212 iudex
2866 5142 3129 5213 publicus,
3163 5142 3247 5196 vel
3283 5142 3537 5210 quislibet

1954 5258 2019 5296 ex
2055 5239 2339 5311 judiciaria
2385 5229 2648 5306 pote'state
2683 5236 2735 5288 in
2779 5234 3074 5296 ecclesias,
3121 5243 3214 5287 aut
3253 5232 3405 5297 loca,
3450 5233 3535 5287 vel

1956 5346 2117 5402 agros
2136 5371 2149 5395 ,
2174 5344 2267 5384 seu
2293 5327 2525 5395 reliquas
2548 5325 2914 5394 possessiones
2940 5330 3247 5377 memorata:
3268 5320 3530 5385 ecclesiae,

1958 5440 2090 5493 quas
2127 5422 2385 5476 moderno
2428 5428 2665 5488 tempore
2706 5418 2760 5469 in
2797 5430 2937 5486 pago
2974 5414 3220 5469 Curiensi
3261 5412 3530 5478 videlicet,

1958 5555 2078 5611 cobi
2114 5554 2245 5617 Leu,
2289 5549 2655 5606 llelvetischcs
2691 5549 2941 5612 Lexicou,
2987 5558 3115 5604 tom.
3149 5549 3213 5611 γ,
3246 5562 3367 5672 pag.
3401 5547 3527 5614 263,

1959 5626 2047 5672 nni
2079 5632 2308 5672 mortem
2349 5620 2587 5672 eiusdem
2627 5619 2857 5672 Victoris
2899 5616 2962 5672 ad
3008 5632 3205 5672 annum
3250 5618 3283 5671 8
3342 5616 3351 5629 ‘
3395 5619 3527 5672 assi-

1959 5626 2049 5695 qui
2079 5632 2308 5680 mortem
2349 5620 2587 5690 ejusdem
2627 5619 2857 5676 Victoris
2899 5616 2962 5674 ad
3008 5632 3205 5674 annum
3250 5616 3354 5672 825
3395 5619 3535 5674 assi-

1960 5706 2146 5767 guunt.
