3924 6322
463 350 606 404 1203

1591 348 1913 407 ωυσνῐςι
1951 347 1971 400 I
2009 341 2477 400 COGNOMENTO
2515 342 2599 396 PII

3581 340 3709 390 I205

453 474 509 518 et
545 460 842 524 Alsacensi,
881 468 935 514 et
973 461 1027 513 in
1064 459 1261 518 ducatu
1294 458 1660 524 Alamannico,
1696 473 1795 512 nec
1837 459 1889 510 in
1924 457 2026 509 hoc
2055 458 2102 516 Α
2131 456 2266 509 stieo
2295 463 2538 508 tenerent
2561 463 2721 522 atque
2747 452 3102 523 possiderent,
3133 453 3233 506 hos
3265 451 3573 518 imperiales
3601 452 3710 519 api-

453 553 595 624 quod
633 568 728 623 per
766 561 964 606 nostra:
993 552 1406 622 conscriptionis
1443 551 1816 608 auctoritatem
1855 548 2029 602 eidem

451 643 693 698 ecclesiae
729 641 1060 696 reddidimus
1095 654 1142 707 ι,
1175 642 1244 696 ad
1284 642 1414 697 illud
1449 644 1593 711 quod
1626 655 1769 694 nunc
1800 636 1946 706 juste
1979 645 2032 690 et

452 732 694 802 legaliter
722 739 1017 786 memorata
1045 732 1275 788 ecclesia
1301 741 1450 786 tenet
1475 741 1528 786 et
1552 731 1809 800 possidet,
1844 727 1930 782 vel
1968 743 2030 782 ea

451 838 571 892 qua:
596 823 849 892 deinceps
868 822 991 893 jure
1021 821 1193 892 ipsius
1227 821 1406 876 divina
1441 820 1620 890 pietas
1649 819 1830 889 augeri
1853 818 2032 872 volue-

450 913 541 977 rit,
571 912 639 967 ad
668 927 861 968 causas
889 913 1176 984 judiciario
1204 912 1364 967 modo
1391 912 1706 975 audiendas,
1741 909 1824 964 vel
1856 908 2028 974 freda,

448 1012 541 1057 aut
571 1003 773 1058 tributa
797 1005 1081 1074 exigenda,
1112 1004 1192 1059 vel
1225 1012 1444 1075 paratas
1467 1003 1763 1068 faciendas,
1790 1004 1882 1057 aut
1906 1003 2032 1057 Iide-

445 1093 687 1163 jussores
737 1094 1018 1159 tollendos,
1057 1103 1150 1148 aut
1181 1095 1429 1150 homines
1457 1094 1627 1164 ipsius
1663 1093 1902 1148 ecclesias
1939 1107 2032 1146 su-

451 1201 548 1256 per
570 1193 766 1240 terram
791 1184 966 1254 ipsius
976 1193 1380 1239 eommanentes
1402 1182 1596 1252 injuste
1612 1182 2028 1252 distringendos,

449 1283 545 1329 aut
579 1275 714 1328 ullas
749 1275 1154 1337 redhibitioncs,
1197 1283 1292 1328 aut
1327 1274 1540 1329 illicitas
1569 1273 1876 1328 occasiones
1909 1273 2033 1327 ullis

452 1366 784 1435 temporibus
828 1365 1034 1436 ingredi
1083 1366 1298 1429 audeat,
1352 1380 1485 1420 neve
1527 1364 1666 1418 bona
1713 1379 1832 1433 qua:
1870 1379 2030 1433 supra

450 1463 746 1508 memorata
777 1464 923 1519 sum,
961 1455 1176 1524 penitus
1213 1454 1430 1525 exigere
1470 1463 1790 1524 prmsumat;
1826 1454 1919 1508 sed
1965 1453 2029 1507 li-

447 1553 584 1600 ceat.
614 1553 913 1600 memorato
958 1545 1174 1616 praesuli
1225 1545 1443 1615 suismie
1495 1546 1902 1600 successoribus
1947 1560 2033 1601 res

445 1634 717 1705 praedicL'e
742 1635 1005 1700 ecclesiae,
1039 1651 1162 1690 cum
1196 1635 1446 1691 omnibus
1480 1635 1547 1690 ad
1585 1651 1706 1690 eam
1738 1636 1885 1706 juste
1907 1650 2031 1706 per-

448 1727 746 1795 tinentibus
774 1727 854 1782 vel
881 1727 1266 1799 aspicientibus
1282 1769 1300 1793 ,
1325 1735 1531 1782 remota
1555 1730 1720 1782 totius
1734 1727 2032 1798 judiciarim

2133 559 2222 598 ces
2250 543 2362 596 ﬁeri
2387 542 2670 611 jussimus,
2696 557 2792 612 per
2818 556 2953 610 quos
2979 540 3322 594 decernimus
3353 548 3515 609 atque
3544 541 3706 593 sanci-

2132 648 2253 688 mus
2284 641 2338 686 ut
2380 629 2553 701 ipsum
2594 632 2770 685 vicum
2815 639 2870 685 et
2909 645 2995 685 res
3038 644 3172 698 quas
3206 629 3405 683 ibidem
3457 629 3711 684 hactenus

2130 724 2476 795 praescriptus
2503 722 2655 778 Abbo
2676 723 2864 776 habuit
2883 731 2936 774 et
2968 721 3034 775 a-d
3061 720 3308 774 eumdem
3339 720 3519 773 vicum
3551 727 3714 787 atque

2133 814 2198 868 ad
2224 815 2440 869 easdem
2463 812 2740 876 ecclesias,
2772 827 2890 881 qua:
2916 811 2988 865 ibi
3016 809 3234 863 fuerunt
3253 808 3444 862 dicatae
3469 809 3520 861 in
3546 809 3712 862 bono-

2135 921 2244 960 rem
2273 913 2327 959 et
2357 891 2758 959 venerationem
2790 903 2961 957 sancti
2997 902 3225 955 Andrem
3253 901 3477 969 apostoli
3507 909 3562 954 et
3590 914 3713 953 san-

2131 997 2204 1051 cti
2228 995 2452 1050 Romani
2480 995 2751 1064 Martyris,
2775 994 3068 1062 pertinent,
3093 994 3168 1046 ita
3193 1000 3430 1045 rectores
3453 1005 3708 1060 suprano-

2134 1086 2348 1140 minata:
2373 1085 2515 1138 sedis
2548 1091 2764 1138 teneant
2789 1093 2948 1152 atque
2974 1082 3288 1152 possideant
3315 1081 3455 1135 sicut
3491 1090 3715 1136 exteras

2136 1193 2221 1232 res
2266 1191 2384 1246 quae
2418 1177 2484 1231 ad
2527 1176 2892 1246 supradictum
2941 1175 3275 1244 episcOpium
3319 1175 3616 1244 pertinent,
3664 1185 3716 1228 et

2134 1265 2333 1320 faciant
2366 1265 2560 1318 exinde
2589 1263 2847 1332 quidquid
2871 1263 3130 1332 elegerint
3163 1260 3289 1329 jure
3322 1262 3710 1316 ecclesiastico.

2135 1356 2199 1410 Et
2231 1365 2287 1409 ut
2328 1353 2768 1409 btecauctoritas
2797 1351 3222 1407 conﬁrmationis
3259 1361 3459 1405 nostrm
3499 1364 3596 1420 per
3637 1349 3716 1404 fu-

2137 1456 2253 1500 tura
2287 1455 2522 1513 tempora
2565 1441 2925 1497 inviolabilem
2969 1449 3128 1510 atque
3167 1441 3540 1496 inconvulsam
3575 1442 3714 1496 obti-

2135 1548 2260 1595 neat
2309 1539 2642 1602 fit'mitatem,
2685 1537 2867 1590 annuli
2915 1536 3086 1590 nostri
3133 1534 3487 1602 impressione
3515 1535 3714 1604 signari

2133 1630 2407 1684 iussimus.

2206 1720 2489 1774 Durandus
2526 1719 2786 1774 diaconus
2825 1716 2890 1772 ad
2928 1717 3098 1772 vicem
3129 1715 3360 1769 Fridarii
3404 1715 3717 1790 [Fridugisi]

454 1820 727 1886 potestatis
751 1815 1139 1887 inquietudine,
1162 1828 1347 1874 tenere
1367 1829 1422 1873 et
1441 1819 1738 1887 possidere,
1763 1826 2030 1888 quatenus
2059 1809 2106 1866 B
2135 1813 2464 1881 recognovit.

446 1926 570 1966 cum
591 1911 1006 1982 congregatione
1032 1913 1131 1966 sibi
1159 1913 1447 1967 commissa
1468 1925 1567 1981 pro
1599 1911 1775 1974 nobis,
1804 1910 2030 1981 conjuge

445 2001 701 2071 proleque
732 2011 918 2055 nostra
948 2009 1106 2070 atque
1134 2003 1300 2056 totius
1322 2001 1530 2070 imperii
1555 2002 1728 2056 nostri
1750 2015 1781 2054 a
1803 2000 1916 2055 Deo
1936 2015 2030 2054 no-

445 2093 531 2146 bis
569 2092 752 2146 collati
790 2092 1002 2148 Domini
1039 2092 1470 2153 misericordiam
1509 2091 1770 2147 attentius
1801 2105 2031 2145 exorare

446 2181 696 2236 delectet.
740 2181 809 2234 Et
837 2189 895 2236 ut
919 2183 1034 2235 haec
1058 2182 1355 2236 auctoritas
1385 2181 1744 2236 inviolabilem
1769 2187 1825 2235 et
1846 2181 2029 2234 incon-

447 2270 659 2324 vnlsam
694 2272 895 2328 nostris
923 2280 977 2325 ct
1003 2270 1198 2325 futuris
1222 2272 1555 2340 temporibus
1583 2270 1826 2325 obtineat
1861 2269 2030 2323 ﬁrmi-

448 2371 641 2427 tatem,
668 2378 828 2416 manu
858 2363 1078 2432 propria
1105 2362 1291 2416 subter
1319 2377 1438 2417 eam
1463 2361 1819 2427 ﬁrmavimus,
1851 2369 1906 2415 et
1934 2375 2022 2413 an-

445 2452 558 2508 nuli
587 2454 755 2508 nostri
789 2453 1140 2523 impressione
1171 2452 1372 2523 signari
1393 2451 1672 2520 iussimus.

522 2544 744 2616 Signum
779 2545 1033 2600 Ludovici
1068 2545 1399 2600 serenissimi
1430 2545 1676 2614 Augusti.

518 2633 654 2689 Data
691 2649 724 2689 v
759 2633 884 2688 ldus
915 2633 1084 2700 Junii,
1116 2649 1278 2698 anno,
1311 2633 1527 2689 Christo
1556 2634 1813 2704 propitio,
1841 2633 1907 2689 18
1930 2634 2030 2687 im-

444 2725 584 2794 perii
629 2724 811 2780 domui
859 2723 1112 2779 Ludovici
1157 2724 1385 2795 piissimi
1434 2723 1693 2794 Augusti,
1739 2723 2032 2778 indictione

449 2829 610 2869 nona.
665 2813 862 2871 Actum
891 2814 1261 2885 Ingelinheim,
1298 2813 1354 2868 in
1398 2813 1492 2867 Dei
1529 2814 1745 2868 nomine
1777 2811 2023 2869 feliciter.

447 2905 644 2962 Amen.

1128 2972 1355 3034 CLXVI.

447 3080 515 3118 »ε
553 3079 676 3121 νιεο
710 3079 802 3130 σω
842 3080 1061 3121 DICITL'R
1103 3081 1324 3121 EPAONIS
1363 3081 1416 3120 IN
1456 3080 1682 3121 Μωδεεῖ
1724 3081 2023 3121 ΥΙΕΝΝΒΝΞΙ.

1059 3155 1232 3229 (Anno
1279 3156 1428 3228 sat.)

589 3246 766 3320 [Apud
795 3247 1007 3313 Baluz.,
1030 3247 1286 3318 Capitul.,
1307 3256 1438 3304 tom.
1467 3248 1528 3313 ll,
1551 3263 1675 3319 pag.
1701 3247 1886 3320 1435.]

521 3339 578 3393 In
617 3340 834 3394 nomine
865 3338 1077 3395 Domini
1110 3339 1206 3394 Dei
1241 3348 1297 3394 et
1334 3338 1633 3395 Salvatoris
1681 3340 1850 3395 nostri
1902 3339 2027 3394 Jesu

455 3429 676 3492 Christi,
697 3427 1018 3496 Ludovicus,
1042 3430 1221 3484 divina
1249 3429 1552 3496 ordinante,
1578 3431 1913 3500 providentia
1931 3432 2031 3485 im-

453 3527 674 3586 pet-ator
711 3517 1003 3588 Augustus.

528 3606 583 3661 Si
611 3621 736 3678 erga
765 3608 877 3663 loca
903 3609 1095 3664 divinis
1118 3609 1348 3664 cultibus
1373 3610 1678 3677 mancipata
1702 3611 1768 3665 ob
1791 3625 2028 3664 amorem

453 3699 546 3752 Dei
588 3698 943 3772 [sanctorum]
991 3717 1286 3770 eorumque
1345 3701 1700 3755 reverentiam
1765 3700 2027 3756 beneﬁcia

453 3795 755 3856 opportuna
780 3789 1058 3857 largimur,
1081 3787 1133 3842 id
1161 3789 1316 3843 nobis
1334 3788 1700 3857 proculdubio
1725 3790 1791 3844 ad
1813 3798 2029 3845 aeterna:

455 3879 825 3932 retributionis
855 3879 1074 3948 praemia
1109 3879 1432 3949 capessenda
1455 3877 1792 3945 profuturum
1827 3879 2028 3949 liquido

451 3971 739 4025 credimus.
783 3970 986 4024 Idcirco
1014 3979 1198 4023 notum
1227 3984 1346 4023 esse
1375 3969 1621 4024 volumus
1655 3971 1866 4025 cunctis
1899 3969 2030 4025 ﬁde-

449 4062 593 4114 libus
614 4068 813 4115 sanetae
832 4061 925 4114 Dei
947 4060 1200 4114 Ecclesia:
1225 4068 1278 4113 et
1298 4059 1515 4124 nostris,
1544 4061 1899 4130 praesentibus
1927 4062 2028 4115 sci-

447 4153 574 4206 licet
601 4161 657 4207 et
687 4152 897 4215 futuris,
930 4153 1054 4222 quia
1080 4161 1372 4221 spontanea
1404 4151 1680 4208 voluntate
1723 4154 1909 4210 adiens
1944 4170 2028 4209 se-

450 4243 735 4298 renitatem
767 4244 1016 4298 culminis
1053 4243 1226 4297 nostri
1265 4243 1347 4296 vir
1379 4241 1603 4297 illustris
1637 4243 1790 4299 Abbo
1821 4260 2025 4308 comes,

448 4335 542 4404 qui
571 4342 627 4388 et
653 4334 828 4388 vicum
860 4334 949 4402 qui
973 4333 1170 4386 dicitur
1192 4331 1445 4400 Epaonis,
1477 4334 1566 4400 qui
1593 4341 1711 4386 erat
1730 4349 1798 4387 ex
1819 4334 2028 4388 ratione

449 4425 632 4481 Sancti
676 4425 916 4480 Mauricii
949 4441 1014 4482 ex
1047 4427 1357 4495 epiScopatu
1397 4427 1710 4494 Viennensi,
1755 4428 1843 4484 ubi
1884 4443 2025 4484 nunc

2204 1902 2340 1956 Data
2366 1919 2397 1956 v
2427 1900 2608 1956 Nonas
2631 1899 2872 1965 Martias,
2904 1913 3064 1962 anno,
3103 1896 3320 1953 Christo
3352 1898 3611 1967 propitio,
3655 1897 3716 1952 18

2134 1991 2344 2061 imperii
2386 1991 2567 2048 domni
2610 1989 2866 2044 Ludovici
2915 1988 3247 2044 serenissimi
3289 1988 3545 2056 Augusti,
3587 1987 3719 2040 indi-

2133 2083 2309 2136 ctione
2337 2081 2389 2136 8.
2437 2083 2630 2135 Actum
2660 2079 2981 2151 Aquisgrani
3007 2078 3208 2150 palatio
3241 2079 3390 2149 regio
3431 2079 3484 2132 in
3521 2078 3717 2134 Christi

2132 2173 2349 2228 nomine
2371 2171 2618 2228 feliciter.
2670 2172 2861 2226 Amen.

2787 2261 3036 2317 CLXVII.

2532 2369 2632 2409 PRO
2672 2369 2930 2408 DBRVENSI
2969 2369 3328 2410 IONASTEBIO.

2746 2443 2918 2516 (Anno
2951 2442 3101 2514 sse.)

2135 2536 2314 2608 [Apud
2356 2535 2578 2608 Mahill.,
2611 2534 2804 2608 Annal.
2831 2532 3298 2608 ονάηδζβρεηειί..Δ
3323 2543 3456 2608 lout.
3497 2534 3561 2598 II,
3597 2550 3713 2605 pag.

2487 2607 2611 2670 757,
2649 2620 2714 2659 ex
2738 2605 3014 2659 chartario
3043 2603 3323 2658 Dervensi.
3347 2603 3363 2676 ]

2199 2698 2260 2752 In
2295 2697 2510 2753 nomine
2555 2692 2766 2751 Domini
2800 2696 2893 2748 Dei
2924 2703 2980 2750 et
3028 2693 3329 2751 Salvatoris
3377 2699 3555 2752 nostri
3594 2696 3714 2752 Iesu

2135 2789 2360 2854 Christi,
2377 2787 2698 2853 Ludovicus,
2725 2785 2906 2842 divina
2925 2786 3238 2852 ordinante.
3255 2787 3599 2856 providentia
3623 2789 3715 2843 im-

2131 2888 2350 2952 perator
2373 2880 2663 2950 Augustus.

2207 2971 2264 3028 Si
2295 2971 2470 3027 locum
2498 2985 2605 3040 quo
2634 2968 2762 3024 olim
2808 2968 3144 3023 monasticus
3171 2967 3307 3022 ordo
3335 2968 3589 3039 viguerat
3613 3011 3627 3034 ,
3665 2973 3712 3024 in

2134 3065 2377 3120 tediﬁciis
2431 3064 2699 3130 relevari,
2744 3071 2798 3119 et
2838 3063 3085 3117 eamdem
3136 3063 3303 3118 vitam
3362 3065 3712 3120 monasticam

2054 3171 2098 3232 (ς
2135 3152 2419 3208 reformari
2464 3153 2727 3218 facimus,
2787 3162 2840 3210 et
2869 3151 3212 3207 liberalitatis
3247 3163 3448 3209 nostra:
3495 3170 3712 3209 munere

2136 3246 2202 3300 de
2231 3244 2513 3300 beneﬁciis
2536 3261 2565 3299 a
2596 3245 2706 3300 Deo
2751 3245 2908 3304 nobis
2951 3245 3164 3300 collatis
3188 3245 3364 3299 eidem
3393 3245 3528 3308 loco,
3580 3247 3713 3300 unde

2134 3339 2276 3394 servi
2305 3337 2399 3394 Dei
2441 3338 2573 3392 inibi
2600 3338 2957 3392 consistentes
2985 3338 3037 3391 in
3063 3339 3204 3394 hanc
3233 3339 3522 3393 mortalem
3551 3341 3712 3393 vitam

2134 3429 2347 3499 aliquod
2379 3430 2677 3485 subsidium
2719 3429 2916 3483 habere
2952 3429 3199 3493 valeant,
3245 3429 3450 3500 aliquid
3481 3429 3711 3485 conferi-

2133 3539 2253 3576 mus
2271 3563 2285 3584 ,
2311 3522 2364 3575 id
2387 3522 2541 3576 nobis
2559 3529 2612 3575 et
2631 3520 2696 3574 ad
2723 3521 2862 3575 hanc
2887 3521 3256 3575 transitoriam
3281 3521 3452 3574 vitam
3485 3521 3712 3575 feliciter

2133 3611 2492 3682 peragendam
2512 3651 2526 3675 ,
2557 3618 2611 3665 et
2645 3611 2713 3664 ad
2763 3619 3018 3664 aeternam
3050 3609 3441 3681 perpetualiter
3457 3611 3710 3664 'obtineu-

2131 3704 2254 3758 dam
2282 3702 2618 3773 profuturum
2643 3700 2842 3769 liquido
2870 3700 3162 3755 credimus.
3204 3699 3410 3755 Idcirco
3435 3716 3598 3755 nosse
3624 3715 3710 3754 vo-

2133 3796 2309 3849 lumus
2334 3794 2574 3848 omnium
2595 3787 2832 3848 ﬁdelium
2862 3799 3192 3854 nostrorum,
3226 3798 3337 3844 tam
3362 3791 3716 3859 praesentium

2133 3899 2292 3953 quam
2319 3892 2374 3936 et
2395 3881 2720 3946 futurorum,
2751 3881 3058 3944 industriae,
3084 3879 3317 3948 qualiter
3338 3879 3530 3935 Haudo
3558 3896 3712 3935 vene-

2135 3973 2317 4027 rabilis
2343 3974 2509 4027 abbas
2549 3971 2861 4028 monasterii
2894 3970 3045 4040 cujus
3073 3969 3394 4026 vocabulum
3440 3978 3524 4025 est
3553 3969 3711 4032 Ders,

2131 4065 2272 4133 quod
2301 4072 2518 4118 constat
2543 4077 2663 4117 esse
2688 4070 3056 4118 constructum
3085 4063 3138 4116 in
3165 4076 3302 4132 pago
3339 4060 3601 4117 Pertense
3626 4079 3714 4116 su-

2131 4170 2228 4224 per
2269 4153 2490 4208 ﬂuvium
2527 4153 2681 4208 Viera
2707 4193 2722 4218 ,
2752 4153 2894 4222 quod
2930 4153 3056 4206 olim
3098 4145 3394 4206 vacabatur
3431 4151 3714 4216 Puteolos,

2130 4254 2184 4299 et
2205 4245 2442 4300 dicatum
2471 4244 2522 4298 in
2553 4244 2757 4298 honore
2779 4243 2949 4297 sancti
2979 4241 3124 4296 Petri
3150 4241 3414 4311 principis
3442 4242 3712 4311 apostolo-

2133 4351 2251 4389 rum
2280 4374 2296 4399 ,
2336 4350 2400 4389 ac
2429 4334 2605 4389 sancti
2652 4334 2949 4396 Bercharii,
2983 4331 3135 4401 cujus
3164 4348 3363 4403 corpus
3393 4333 3599 4388 ibidem
3629 4347 3711 4386 re—

2131 4425 2392 4494 quiescit;
2444 4425 2646 4495 quique
2693 4422 2834 4477 idem
2871 4424 3043 4492 ipsum
3084 4424 3476 4493 monasterium
3512 4438 3541 4477 a
3571 4438 3712 4479 novo

449 4527 668 4574 auctore
711 4519 820 4574 Deo
854 4520 1162 4576 Bernardus
1202 4522 1635 4592 archiepiscopus
1674 4522 1869 4592 pzmsul
1905 4536 2022 4576 esse
2050 4531 2102 4590 Ῑ)
2130 4531 2292 4586 opere
2331 4523 2738 4580 construxerat,
2770 4522 2824 4568 et
2859 4513 3152 4568 monachos
3183 4514 3284 4579 sub
3314 4513 3501 4583 regula
3537 4515 3708 4568 sancti

446 4611 797 4678 dignoscitur,
825 4611 1170 4665 beneﬁciaria
1199 4628 1419 4668 munere
1440 4628 1506 4667 ex
1531 4623 1717 4669 nostra
1740 4615 2024 4684 largitione

445 4700 700 4763 habebat,
721 4700 810 4754 ubi
837 4708 994 4754 erant
1013 4701 1256 4756 ecclesia:
1278 4704 1559 4758 destructa:
1577 4711 1630 4758 et
1650 4705 2022 4774 discooperue,

445 4804 672 4857 quarunt
726 4797 851 4843 sunt
895 4791 1151 4843 vocabula
1204 4793 1375 4846 sancti
1421 4792 1648 4848 Andreae
1696 4795 1924 4862 apostoli
1972 4803 2024 4848 et

445 4878 618 4932 sancti
649 4878 876 4932 Romani
911 4880 1183 4950 martyris,
1209 4880 1461 4949 precibus
1501 4884 1696 4951 quibus
1726 4885 1892 4939 valuit
1929 4901 2024 4938 no-

444 4977 613 5023 stram
627 4967 931 5023 obsecravit
953 4970 1294 5025 clementiam
1402 4980 1891 5041 quantumcumque
1911 4976 2025 5042 ipse

446 5060 516 5113 ibi
541 5073 606 5113 ex
626 5059 887 5115 beneﬁcio
1131 5061 1371 5116 ecclesiae
1401 5065 1567 5118 sancti
1594 5063 1834 5119 Mauricii
1867 5067 2026 5120 Vien-

444 5149 629 5203 nensis
675 5151 1041 5206 redderemus.
1104 5151 1257 5218 Quod
1303 5154 1374 5206 ita
1653 5155 1887 5210 ﬁdelium
1923 5173 2021 5211 no-

445 5250 682 5294 strorum
731 5252 1020 5312 cognoscat
1071 5245 1358 5300 industria.
1428 5246 1533 5300 Pro
1583 5246 1855 5304 ﬁrmitatis
1895 5265 2023 5305 vero

446 5331 645 5394 studio,
674 5340 734 5385 ut
762 5333 867 5387 hoc
897 5335 1037 5402 quod
1077 5336 1418 5405 supradictus
1446 5337 1598 5391 Abbo
1629 5339 1680 5391 in
1712 5341 2023 5409 supradicto

447 5421 566 5476 vico
607 5421 860 5483 habebat,
900 5434 953 5477 et
996 5440 1094 5480 nos
1138 5428 1205 5480 ad
1245 5427 1362 5496 ejus
1411 5427 1840 5496 deprecationem
1885 5447 2023 5500 sa‘pe

446 5513 592 5568 dicto
627 5513 901 5570 Bernardo
938 5517 1342 5587 archiepisc0po
1375 5519 1484 5572 imo
1523 5518 1638 5586 ejus
1675 5528 1874 5576 sanctae
1911 5523 2022 5577 sedi

449 5605 807 5670 reddidimus,
843 5616 1080 5661 rectores
1111 5624 1295 5662 eorum
1331 5617 1589 5677 perpetuo
1618 5608 1738 5676 jure
1770 5612 2022 5669 ecclesia-

2127 4608 2402 4664 Benedieti
2459 4608 2626 4661 vitam
2688 4603 3404 4675 degentesyolloeaverat;
3465 4613 3706 4658 nostram

2127 4700 2315 4756 adiens
2348 4699 2726 4758 serenitatem,
2771 4664 3006 4749 innotuit
3052 4694 3455 4750 mansuetudini
3508 4704 3706 4749 nostra:

2128 4791 2270 4861 quod
2297 4789 2486 4844 eadem
2527 4786 2824 4865 monastiea
2855 4786 2965 4838 vita
2995 4784 3212 4853 penitus
3242 4785 3293 4837 in
3340 4784 3532 4839 eodem
3571 4777 3705 4840 Ἰοςο

2129 4879 2327 4934 abolita
2367 4886 2532 4942 esset,
2563 4886 2618 4931 et
2645 4877 2698 4930 in
2730 4876 3052 4942 canonicum
3075 4873 3318 4928 ordinem
3354 4876 3647 4928 transierat
3684 4891 3699 4926 :

2129 4971 2388 5041 petiitque
2417 4984 2480 5022 ac
2527 4967 2750 5037 supplici
2781 4965 3142 5035 postulatione
3171 4965 3496 5033 deprecatus
3523 4973 3608 5019 est
3643 4973 3702 5018 ut

2128 5073 2308 5118 nostra
2333 5062 2654 5115 auctoritate
2680 5059 2924 5114 eamdem
2954 5057 3308 5112 monasticam
3332 5066 3500 5131 Vitam
3534 5055 3699 5110 refor-

2127 5157 2296 5221 mari,
2339 5163 2394 5209 et
2449 5153 2755 5208 habitacula
2801 5155 2866 5206 ad
2899 5154 3037 5206 hanc
3091 5151 3255 5204 vitam
3307 5166 3544 5221 congrua
3581 5151 3691 5205 reﬁ-

2125 5248 2311 5303 cienda.
2363 5246 2536 5317 aptari
2599 5243 3048 5314 permitteremus.
3113 5241 3252 5306 Cui,
3295 5243 3435 5296 sicut
3480 5243 3694 5312 dignum

2125 5349 2275 5404 erat,
2307 5338 2509 5409 gratias
2531 5336 2737 5405 egimus
2753 5373 2767 5398 ,
2785 5330 2849 5388 'et
2874 5348 2936 5386 ea
2956 5347 3077 5402 quae
3098 5333 3493 5400 deprecabatur
3513 5334 3560 5386 ei
3582 5332 3693 5387 fieri

2124 5430 2486 5499 permisimus.
2515 5426 2734 5494 Insuper
2756 5435 2809 5478 et
2830 5431 2888 5478 ut
2915 5425 3015 5479 hoc
3037 5423 3179 5490 quod
3200 5424 3341 5477 idem
3373 5424 3487 5492 ipse
3514 5424 3694 5493 depre-

2125 5520 2348 5577 cabatur
2391 5519 2581 5574 melius
2603 5526 2858 5587 peragere
2881 5556 2896 5580 ,
2935 5523 2991 5569 et
3017 5515 3162 5570 servi
3192 5515 3286 5569 Dei
3315 5516 3407 5584 qui
3440 5516 3569 5569 inibi
3596 5515 3685 5569 de-

2130 5627 2251 5682 gere
2294 5607 2568 5664 constituti
2609 5616 2661 5662 et
2696 5605 3057 5660 constituendi
3085 5614 3284 5668 erunt,
3324 5606 3542 5675 aliquod
3572 5605 3690 5660 sub—

525 5729 546 5756 ι
598 5719 725 5771 Vide
772 5734 928 5786 supra
970 5720 1198 5788 diploma
1250 5721 1504 5776 Ludovici
1543 5723 1882 5792 imptratoris
1913 5738 2013 5790 pro
2053 5728 2235 5781 eodem
2267 5725 2478 5778 Victore
2505 5721 2748 5776 Curiensi
2783 5736 3032 5791 episcopo
3065 5723 3188 5776 anni
3227 5723 3350 5778 825.
