3924 6350
204 401 345 456 1203

1333 407 1725 464 DIPLOMATA
1764 398 2315 464 ECCLESIASTICA.

3308 414 3442 470 1206

203 520 402 574 sidium
430 536 496 573 ex
543 528 722 574 nostra
752 521 1034 592 largitione
1075 523 1336 580 habentes
1373 527 1622 581 libentius
1666 527 1774 582 Deo
1803 531 1847 588 Α
1877 542 2144 596 quamque
2175 527 2315 582 idem
2359 527 2512 580 Abbo
2558 541 2741 582 comes
2785 529 3043 582 hactenus
3088 529 3141 581 in
3183 529 3443 584 beneﬁcio

203 613 412 666 servire
447 612 782 681 potuissent,
828 613 1150 684 complacuit
1199 617 1351 670 nobis
1379 631 1477 685 pro
1511 616 1774 671 mercedis

196 709 406 755 nostra:
465 711 755 772 augmento
803 710 857 756 et
904 711 1119 758 aeterna:
1169 706 1535 760 retributionis
1603 705 1775 760 fructu

201 790 466 856 quasdam
493 806 579 845 res
604 800 801 845 nostra:
833 792 1212 861 proprietatis,
1254 795 1387 848 sitas
1433 796 1488 850 in
1518 795 1775 850 comitatu

197 881 542 946 lireonense,
576 883 629 936 id
671 893 753 936 cst
787 877 974 936 villam
1005 898 1068 938 ac
1098 885 1414 940 beneﬁcium
1453 885 1586 940 illud
1625 885 1776 953 cujus

199 972 523 1027 vocabulum
552 981 634 1027 est
664 973 1180 1040 Dodiniaca-curtis,
1213 975 1502 1031 habentem
1555 990 1775 1030 mansos

198 1063 488 1118 duodecim
503 1103 518 1127 ,
542 1079 703 1132 quam
734 1065 989 1118 hactenus
1012 1065 1273 1121 vassallus
1295 1075 1480 1121 noster
1501 1106 1517 1133 ,
1552 1068 1774 1121 nomine

199 1151 593 1217 llisimbertns,
636 1164 819 1206 nostra
868 1153 1150 1223 largitione
1205 1156 1258 1208 in
1301 1155 1620 1211 beneﬁcium
1673 1156 1772 1209 ha-

200 1240 388 1296 buisse
417 1242 783 1311 dignoscitur,
833 1257 953 1296 cum
998 1244 1144 1297 omni
1193 1245 1538 1314 integritate,
1582 1244 1647 1299 'id
1691 1252 1776 1298 est

197 1344 329 1384 cum
357 1331 636 1399 mancipiis
663 1333 942 1401 utriusque
976 1347 1156 1398 sexus,
1198 1349 1320 1388 cum
1345 1333 1620 1398 domibus,
1648 1334 1775 1387 tedi-

197 1419 347 1475 ticiis
375 1462 390 1486 ,
430 1422 671 1476 ccclesiis
693 1463 711 1488 ,
765 1424 924 1478 terris
953 1425 1111 1477 cultis
1139 1433 1193 1478 et
1239 1424 1450 1479 incultis
1475 1465 1490 1489 ,
1532 1424 1734 1480 silvulis
1757 1465 1770 1488 ,

200 1511 399 1578 pratis,
435 1511 679 1580 pascuis,
735 1512 889 1578 aquis
914 1527 1245 1580 aquarumve
1273 1514 1616 1576 decursibus,
1668 1529 1777 1568 mo-

199 1597 454 1665 iendino,
485 1600 570 1654 vel
594 1601 849 1670 quidquid
879 1604 945 1670 ad
987 1604 1386 1658 denominatam
1425 1605 1603 1657 villam
1632 1603 1775 1671 juste

199 1699 259 1745 et
286 1691 530 1761 legaliter
559 1693 826 1761 pertinere
853 1693 1185 1762 dignoscitur
1211 1734 1226 1758 ,
1267 1704 1322 1748 et
1353 1695 1520 1748 nostri
1545 1694 1684 1764 juris
1711 1709 1774 1748 ac

195 1781 566 1849 possessionis
603 1783 654 1835 in
684 1798 743 1837 re
769 1784 1113 1852 pr0prietatis
1142 1791 1242 1846 est,
1277 1792 1443 1837 totum
1469 1793 1521 1838 et
1544 1784 1612 1837 ad
1634 1784 1772 1838 inte-

1875 619 2136 686 habebat;
2163 620 2256 674 sed
2277 620 2529 689 quoniam
2568 621 2752 673 eadem
2783 620 3008 689 piscatio
3057 628 3216 688 atque
3243 620 3442 688 absque

1874 708 2112 782 familiis,
2142 723 2259 777 qua:
2283 710 2350 763 ad
2377 709 2492 776 ejus
2513 710 2871 777 provisionem
2903 709 3172 779 deputatae
3205 706 3441 772 fuerunt,

1875 799 2132 854 fratribus
2151 800 2393 868 praedicti
2420 799 2652 853 cmnobii
2675 814 2778 852 non
2817 799 3102 853 admodum
3145 797 3293 852 utilis
3324 811 3445 852 esse

1872 898 2102 958 poterat,
2132 889 2330 944 idcirco
2353 888 2572 959 triginta
2617 889 2750 942 duas
2795 887 3044 953 familias,
3085 897 3141 942 et
3183 886 3443 956 quidquid

1873 981 1940 1034 ad
1970 995 2084 1035 eam
2111 980 2462 1048 piscationem
2500 978 2778 1048 pertinens
2806 993 2946 1047 saepe
2987 980 3160 1034 dictus
3202 977 3356 1034 Abbo
3389 977 3441 1031 in

1873 1067 2131 1120 beneﬁcio
2157 1066 2359 1130 habuit,
2393 1075 2560 1120 totum
2581 1073 2635 1120 et
2658 1082 2723 1121 ex
2745 1068 2953 1137 integro
2979 1067 3030 1121 in
3055 1068 3442 1139 proprietatem

1868 1154 1978 1224 jam
2009 1157 2136 1211 dicti
2179 1157 2494 1211 monasterii
2533 1158 2898 1222 concedimus,
2943 1167 3207 1226 quatenus
3241 1159 3440 1214 ibidem

1873 1247 2166 1301 servientes
2213 1248 2506 1303 monachos
2549 1248 2665 1302 sine
2705 1249 3007 1304 cessatione
3054 1247 3288 1303 divinam
3338 1249 3443 1304 cle-

1872 1337 2128 1390 mentiam
2155 1353 2252 1406 pro
2274 1338 2427 1392 nobis
2451 1353 2676 1392 exorare
2717 1338 2964 1394 delectet.
2996 1339 3064 1394 Et
3095 1348 3156 1394 ut
3181 1339 3294 1394 haec
3322 1352 3440 1394 ces-

1873 1428 2037 1482 sionis
2069 1437 2264 1484 nostrae
2303 1431 2596 1483 auctoritas
2627 1429 2833 1484 ﬁrmius
2860 1429 3143 1494 habeatur,
3171 1437 3225 1483 et
3248 1443 3344 1497 per
3363 1427 3453 1482 [υτ

1872 1527 1990 1571 tura
2021 1529 2258 1588 tempora
2291 1534 2320 1572 a
2348 1519 2594 1574 ﬁdelibus
2637 1519 2841 1574 nostris
2881 1520 3060 1574 verius
3084 1519 3336 1574 credatur
3378 1533 3442 1572 ac

1872 1608 2177 1679 diiigcntius
2200 1612 2532 1677 observetur,
2558 1626 2717 1665 manu
2759 1620 2944 1666 nostra
2974 1611 3158 1666 subter
3201 1625 3319 1665 eam
3356 1608 3442 1663 ﬁr-

1872 1710 2083 1755 mantes
2109 1702 2292 1756 annuli
2322 1704 2492 1757 nostri
2527 1703 2879 1773 impressione
2907 1700 3168 1770 iussimus
3191 1700 3436 1770 sigillari.

1943 1790 2166 1858 Signum
2192 1791 2448 1845 Ludovici
2486 1787 2815 1846 serenissimi
2844 1789 3206 1859 imperatoris.

195 1888 364 1941 grum
397 1889 493 1943 per
523 1875 624 1928 hoc
667 1883 866 1929 nostrae
911 1875 1250 1930 auctoritatis
1295 1876 1656 1946 conscriptum
1705 1877 1771 1930 ad
1803 1865 1846 1923 Β
1945 1881 2338 1936 liirminmarus
2362 1881 2610 1936 notarius
2632 1881 2704 1936 ad
2734 1881 2905 1935 vicem
2934 1879 3243 1950 Theogenis
3291 1894 3439 1935 reco-

200 1963 534 2019 antedictum
555 1966 976 2030 monasterium,
1000 1967 1162 2033 quod,
1190 1965 1329 2020 sicut
1353 1966 1614 2030 diximus,
1643 1966 1775 2020 Dcrs

196 2063 577 2124 nuncupatur,
611 2055 923 2109 soiemniter
963 2056 1237 2126 delegare,
1279 2071 1338 2110 ea
1371 2057 1621 2112 videlicet
1648 2072 1774 2112 eon-

201 2145 408 2200 ditione
456 2154 518 2200 ut
561 2162 590 2199 a
621 2146 856 2217 pnelatis
883 2155 936 2202 et
975 2148 1253 2202 monachis
1305 2148 1416 2202 Deo
1459 2148 1592 2203 inibi
1641 2147 1774 2202 mili-

198 2235 444 2289 tantibus
473 2243 728 2305 perpetua
765 2236 1105 2306 possessione
1133 2245 1375 2291 teneatur
1399 2252 1463 2292 ac
1499 2236 1773 2305 possidea-

203 2333 315 2378 tnr.
347 2325 413 2378 Et
441 2332 498 2377 ut
527 2326 643 2379 haec
676 2331 873 2380 nostra:
902 2326 1264 2380 concessionis
1284 2334 1448 2395 atque
1477 2325 1774 2394 largitionis

200 2414 503 2468 auctoritas
533 2413 901 2468 inconvulsam
933 2422 988 2469 et
1028 2413 1385 2468 inviolabilem
1411 2414 1648 2467 obtineat
1683 2412 1775 2465 tir-

199 2502 449 2557 mitatem
476 2543 490 2568 ,
520 2518 686 2558 manu
711 2504 926 2572 propria
958 2512 1139 2560 nostra
1174 2503 1358 2558 subter
1386 2519 1506 2558 eam
1533 2503 1769 2557 ﬁrmavi-

198 2609 327 2648 mus
347 2634 363 2660 ,
408 2602 463 2648 et
486 2594 670 2648 annuli
717 2594 890 2650 nostri
938 2595 1288 2663 impressione
1317 2593 1577 2663 assignari
1601 2591 1768 2661 jussi-

200 2699 351 2740 mus.

276 2772 499 2845 Signum
527 2773 784 2830 Ludovici
813 2776 1142 2830 serenissimi
1172 2775 1534 2844 imperatoris.

273 2862 410 2916 Data
432 2877 522 2917 xtv
546 2863 662 2927 Kal.
694 2863 851 2928 Mar.,
879 2879 1040 2929 anno,
1067 2864 1290 2932 Christo
1307 2864 1559 2934 propitio,
1587 2862 1651 2917 i9
1672 2864 1772 2916 im-

202 2951 346 3022 perii
377 2952 556 3008 domui
579 2952 830 3007 Ludovici
853 2953 1082 3022 piissimi
1106 2953 1348 3021 Augusti,
1381 2949 1766 3006 indictioneiO.

197 3041 393 3097 Actum
416 3041 737 3112 Aquisgrani
766 3042 964 3111 palatio
987 3042 1136 3113 regio
1161 3043 1212 3095 in
1240 3042 1334 3095 Dei
1366 3041 1582 3096 nomine
1605 3040 1771 3096 felici-

198 3141 308 3191 ter.
349 3133 540 3189 Amen.

846 3220 1117 3276 CLXVIII.

524 3327 626 3368 PRO
664 3327 998 3368 IONASTERIO
1035 3325 1238 3368 CORBIE
1277 3325 1451 3366 Νονε.

812 3400 989 3473 (Anno
1020 3399 1168 3470 352.)

367 3491 540 3564 [Apud
567 3489 820 3552 Schaten,
852 3490 991 3543 Ann.
1026 3486 1378 3553 Padorborn.,
1408 3503 1462 3558 p.
1491 3485 1606 3560 90.]

267 3582 325 3635 in
357 3582 570 3634 nomine
601 3580 810 3634 Domini
846 3580 939 3632 Dei
975 3585 1031 3633 et
1075 3576 1369 3632 Salvatoris
1411 3577 1582 3632 nostri
1642 3575 1770 3630 Iesu

190 3671 426 3734 Christi,
440 3669 760 3735 Ludovicus,
780 3669 960 3723 divina
985 3669 1270 3724 ordinante
1291 3667 1650 3738 providentia,
1674 3667 1770 3720 im-

193 3769 417 3830 perator
437 3758 729 3828 Augustus.

271 3848 328 3904 Si
360 3848 614 3904 ecclesias
657 3855 711 3902 et
749 3845 868 3900 loca
905 3845 1087 3901 divino
1134 3844 1299 3900 cultui
1352 3844 1528 3899 dicata
1569 3843 1768 3898 nostris

193 3939 572 4008 iacgitionibus
597 3937 879 4008 providere
910 3937 1220 4006 satagimus,
1264 3943 1424 4004 atque
1460 3935 1656 3989 ibidem
1681 3948 1769 3987 as-

197 4028 352 4082 sidue
383 4026 493 4081 Deo
532 4025 916 4080 famulantibus
946 4025 1137 4079 solatia
1179 4022 1474 4079 clementer
1509 4021 1770 4090 impendi-

196 4132 340 4182 mus,
373 4132 480 4170 non
532 4115 723 4169 solum-
752 4113 1103 4169 honoriﬁcam
1143 4112 1341 4182 regalis
1369 4109 1769 4165 muniﬁcentiae

193 4206 638 4261 consuetudinem
663 4218 995 4268 exercemus,
1021 4204 1114 4258 sed
1151 4212 1206 4258 et
1232 4201 1603 4270 temporalium
1648 4213 1767 4252 ero-

197 4297 414 4367 gatione
462 4295 724 4350 donorum
778 4301 1049 4362 perpetuae
1097 4308 1195 4347 nos
1236 4291 1498 4346 mercedis
1546 4288 1764 4359 praemia

193 4384 495 4457 promereri
508 4397 666 4453 posse
689 4381 1027 4437 conﬁdimus.
1052 4381 1392 4451 Quapropter
1410 4380 1621 4434 noverit
1651 4393 1766 4432 om-

196 4475 348 4528 nium
400 4470 634 4525 ﬁdelium
678 4477 1018 4533 nostrorum,
1069 4469 1414 4538 prmsentium
1461 4467 1664 4522 scilicet
1709 4476 1765 4520 et

194 4564 524 4626 futurorum,
548 4559 832 4624 industria,
857 4561 999 4630 quod
1028 4575 1124 4629 pro
1151 4569 1333 4613 amore
1357 4559 1560 4622 divino,
1604 4569 1764 4627 atque

195 4659 391 4714 animae
418 4664 613 4711 nostrae
640 4653 892 4716 remedio,
922 4653 988 4706 ad
1019 4652 1410 4706 monasterium
1436 4652 1576 4720 quod
1605 4666 1767 4705 voca-

199 4757 288 4803 tur
316 4761 450 4801 nova
474 4743 717 4806 Corbeia,
752 4740 892 4809 quod
919 4740 1314 4794 construximus
1339 4738 1391 4791 in
1427 4737 1659 4793 Saxonia
1710 4740 1762 4793 in

199 4838 403 4890 honore
434 4833 488 4886 S.
510 4832 763 4900 Stephani
793 4843 818 4871 ι
849 4831 1280 4899 protomartyris,
1326 4830 1411 4884 cui
1443 4831 1600 4885 modo
1631 4847 1764 4900 prm-

195 4934 281 4979 cst
303 4923 471 4977 ﬁdelis
495 4923 885 4992 etpropinquus
912 4930 1095 4976 noster
1106 4921 1380 4985 Warinus,
1411 4922 1619 4989 primus
1639 4922 1762 4976 sub-

198 5015 418 5069 stitutus
448 5014 632 5076 abbas,
656 5011 1021 5066 concessimus
1042 5009 1386 5080 piscationem
1403 5012 1691 5079 quamdam
1709 5011 1760 5064 in

199 5104 360 5158 ﬂuvio
391 5101 614 5163 Wisera,
646 5102 696 5154 in
727 5115 863 5170 pago
883 5099 1150 5154 Wimodia
1173 5109 1496 5168 nuncupata,
1529 5102 1610 5155 cui
1643 5117 1766 5156 con-

200 5193 324 5247 ﬁnis
352 5199 434 5246 est
469 5193 590 5246 villa
619 5192 794 5247 Luisci
831 5201 1041 5257 vocata,
1090 5193 1144 5246 in
1189 5192 1446 5246 comitatu
1491 5191 1760 5257 Abbonis,

197 5296 319 5351 qua:
338 5272 461 5350 quia
486 5282 540 5336 in
574 5282 974 5335 similitudinem
1003 5281 1242 5351 palorum
1279 5295 1414 5348 quos
1445 5280 1633 5335 incolae
1672 5281 1764 5341 ho-

200 5386 292 5425 cas
312 5379 525 5435 vocant,
538 5369 884 5435 construitur,
900 5370 1161 5439 gentilitio
1184 5369 1396 5422 nomine
1418 5367 1485 5421 ab
1499 5368 1762 5440 indigenis

199 5461 428 5517 Hoevvar
452 5469 804 5530 nuncupatur,
834 5476 951 5529 qua:
973 5460 1039 5514 ad
1059 5459 1146 5528 jus
1168 5468 1409 5514 nostrum
1435 5459 1758 5528 pertinebat,

271 5602 296 5630 ι
329 5589 469 5660 Lego
498 5589 549 5643 in
574 5589 678 5660 alio
705 5589 1014 5659 exemplari,
1043 5592 1096 5643 in
1130 5593 1321 5644 honore
1350 5589 1406 5644 S.
1432 5589 1681 5659 Stephani
1711 5601 1758 5643 et

212 5657 342 5721 Viti;
379 5657 484 5712 S'ed
516 5661 576 5714 D.
612 5658 714 5713 Viti
745 5657 981 5728 reliquis}
1018 5669 1139 5728 post
1185 5657 1592 5728 quadriennium
1640 5661 1753 5728 pri-

203 5743 346 5783 mum
375 5729 559 5794 illatae;
605 5733 744 5783 unde
780 5729 885 5782 Viti
909 5743 1101 5784 nomen
1132 5730 1302 5784 aliena
1336 5745 1494 5782 manu
1525 5729 1755 5801 irrepse-

1789 4527 1840 4586 1)

1903 1985 2050 2024 ηονι.

1903 1987 2050 2024 now.

1871 1987 1905 2041 8
1941 2061 2073 2115 Data
2115 2077 2201 2115 xvi
2249 2061 2518 2117 Kalendas
2539 2060 2684 2126 Julii,
2721 2075 2886 2125 anno,
2916 2059 3132 2115 Christo
3185 2060 3436 2129 propitio,

1873 2153 1938 2207 i8
1967 2153 2176 2222 imperii
2203 2152 2461 2208 Ludovici
2489 2152 2821 2208 serenissimi
2866 2151 3112 2223 Augusti,
3143 2151 3438 2205 indictione

1873 2244 1960 2297 10.
1988 2244 2178 2299 Actum
2221 2244 2627 2300 Franconovort
2671 2243 2872 2315 palatio
2915 2243 3084 2312 regio,
3131 2242 3185 2298 in
3220 2241 3438 2296 nomine

1870 2331 2085 2388 Domini
2106 2331 2352 2388 ieiicitcr.
2375 2333 2568 2388 Amen.

2537 2419 2764 2476 CLXlX.

2055 2525 2158 2565 PRO
2197 2525 2607 2566 REFORHATIONE
2646 2524 2966 2565 “ONASTE‘IH
3002 2521 3250 2564 DIONYSII.

2473 2598 2648 2671 (Αηκο
2676 2598 2825 2671 832.)

1873 2689 2047 2761 [Apud
2075 2689 2273 2744 Mabili.
2302 2690 2439 2743 Ann.
2472 2689 2586 2744 0rd.
2618 2687 2674 2744 S.
2710 2688 2931 2753 Bened.,
2963 2697 3091 2743 tom.
3115 2687 3183 2752 ῐῐ,
3208 2702 3262 2757 p.
3286 2685 3437 2758 549.]

1939 2781 2000 2835 in
2029 2781 2245 2835 nomine
2288 2780 2499 2834 Domini
2544 2779 2639 2834 Dei
2671 2787 2724 2834 et
2769 2779 3065 2834 Salvatoris
3102 2779 3273 2834 nostri
3313 2777 3440 2834 Jesu

1870 2870 2095 2936 Christi,
2113 2869 2438 2934 Ludovicus,
2455 2869 2632 2923 divina
2656 2869 2941 2924 ordinante
2954 2868 3315 2939 providentia,
3345 2867 3438 2921 im-

1866 2969 2088 3032 perator
2108 2959 2402 3030 Augustus.

1941 3050 2147 3104 Divinis
2166 3047 2444 3116 praeceptis
2475 3055 2530 3100 et
2552 3046 2859 3116 apostolicis
2880 3046 3099 3101 monitis
3127 3047 3436 3109 incitamur,

1870 3141 1963 3195 sed
1995 3147 2048 3195 et
2070 3138 2403 3208 imperatorii
2429 3138 2709 3209 regiminis
2733 3137 2907 3192 oﬁicio
2926 3151 3354 3203 commonemur,
3379 3147 3440 3190 ut

1793 3203 1840 3267 (ἶ
1871 3243 1970 3298 pro
1999 3203 2256 3281 Ecclesim
2276 3233 2419 3280 statu
2444 3203 2608 3294 atque
2632 3233 2831 3280 sancta:
2855 3224 3130 3293 religionis
3152 3234 3440 3295 augmento

1870 3319 2101 3388 impigro
2128 3331 2342 3385 semper
2379 3315 2662 3386 vigiiemus
2691 3314 2906 3378 aﬂ'ectu,
2945 3330 3008 3370 ac
3029 3317 3442 3389 pernecessario

1867 3423 1963 3462 seu
1992 3405 2274 3461 fructuosa
2317 3406 2662 3475 studiosoque
2707 3405 3012 3460 laboremus
3049 3404 3272 3470 effectu;
3304 3411 3360 3460 et
3393 3405 3440 3459 si

1867 3497 2000 3566 quid
2033 3481 2272 3565 usquam
2292 3495 2696 3564 reprehensioni
2725 3495 2993 3549 invenitur
3011 3494 3325 3560 obnoxium,
3353 3510 3438 3550 re-

1870 3587 1970 3656 gia:
1999 3585 2336 3641 auctoritatis
2375 3585 2738 3640 sollicitudine
2763 3586 3095 3655 corrigamus
3123 3599 3142 3639 :
3173 3593 3439 3656 quatenus

1868 3677 1986 3729 avia
2015 3681 2354 3740 revocantes,
2383 3673 2650 3745 superﬂua
2670 3683 3031 3744 amputantes,
3057 3675 3292 3746 collapsa
3313 3689 3439 3744 quo-

1866 3780 1972 3832 que
1997 3777 2310 3834 reparcmus
2334 3803 2351 3829 ,
2394 3773 2554 3833 atque
2582 3773 2829 3833 reparata
2875 3774 2931 3817 et
2957 3765 3023 3817 ab
3053 3765 3438 3819 ecclesiasticis

1865 3853 2001 3908 viris
2026 3851 2505 3921 apostolorumque
2536 3852 2747 3906 Domini
2772 3852 3197 3919 successoribus,
3229 3852 3436 3921 Spiritu

1867 3953 2055 3997 sancto
2100 3950 2361 4011 regente,
2399 3942 2535 3996 bene
2588 3949 2786 3996 statuta
2833 3941 3026 4002 edictis
3072 3942 3437 4011 imperialibus

1867 4030 2266 4087 conﬁrmemus.
2327 4031 2464 4097 Quia
2508 4031 2724 4100 dignum
2771 4029 3011 4100 profecto
3051 4041 3163 4094 est,
3195 4041 3255 4086 ut
3290 4035 3436 4102 quod

1866 4123 2216 4178 sacerdotalis
2250 4122 2484 4191 dignitas
2524 4122 2702 4176 divino
2729 4121 3030 4175 illuminata
3067 4121 3266 4189 Spiritu
3308 4139 3433 4178 cor-

1865 4213 1985 4282 pori
2017 4212 2240 4279 Christi,
2273 4214 2416 4282 quod
2449 4223 2530 4268 est
2558 4212 2818 4277 Ecclesia,
2845 4212 3087 4282 ejusdem
3120 4214 3211 4268 Dei
3239 4229 3303 4268 ac
3327 4213 3434 4268 Do-

1866 4303 1999 4356 mini
2025 4310 2077 4356 et
2109 4301 2411 4358 Salvatoris
2439 4303 2608 4357 nostri
2656 4303 2930 4372 redempta
2969 4304 3250 4373 sanguine,
3281 4302 3433 4358 adin-

1865 4392 2014 4445 venit
2043 4393 2095 4444 in
2135 4391 2338 4455 salute,
2388 4391 2476 4446 vei
2519 4391 2810 4447 reformata
2851 4393 3041 4447 statuit
3074 4394 3129 4448 in
3158 4393 3433 4465 religionis

1866 4489 2185 4551 augmento,
2217 4481 2270 4535 id
2304 4480 2595 4549 imperiaiis
2629 4481 2882 4551 majestas
2910 4482 3291 4537 inviolabiliter
3316 4498 3439 4552 per-

1866 4585 2179 4624 mansurum
2217 4570 2268 4623 in
2297 4578 2616 4641 perpetuum
2643 4571 2930 4638 potestatis
2961 4586 3071 4625 sum
3097 4572 3310 4626 studeat
3339 4589 3426 4627 ro-

1863 4659 2042 4714 borari
2069 4668 2359 4728 praecepto,
2390 4659 2643 4728 quoniam
2679 4659 2936 4730 quidquid
2971 4660 3027 4714 in
3059 4650 3430 4730 hujuscemodi

1864 4749 2093 4820 negotiis
2118 4749 2422 4804 laboratum
2440 4789 2454 4814 ,
2484 4765 2578 4804 seu
2605 4749 2693 4819 pio
2726 4749 2894 4804 cultui
2922 4764 2952 4803 a
2976 4749 3132 4804 nobis
3152 4748 3317 4804 fuerit
3339 4749 3426 4804 de-

1863 4839 2119 4904 dicatum,
2169 4838 2272 4892 hoc
2321 4837 2509 4906 procul
2547 4836 2708 4892 dubio
2756 4845 2958 4892 nostra:
3003 4836 3432 4891 mansuetudinis

1863 4941 2027 4998 regno
2056 4934 2112 4981 et
2142 4926 2340 4996 populo
2371 4926 2604 4996 regendo
2633 4925 2902 4979 credimus
2929 4923 3214 4992 specialius
3245 4923 3426 4992 profu-

1865 5031 2064 5073 turum.
2093 5018 2296 5073 idcirco
2326 5026 2514 5071 notum
2550 5030 2670 5070 esse
2705 5016 2953 5070 volumus
2979 5014 3230 5068 omnibus
3259 5013 3426 5068 ﬁdeli-

1863 5110 1986 5172 bus,
2013 5109 2368 5178 praesentibus
2397 5106 2605 5162 scilicet
2631 5116 2686 5162 et
2710 5105 2928 5172 futuris,
2968 5105 3117 5176 quia,
3142 5113 3427 5175 postquam

1864 5199 1972 5254 Deo
1997 5199 2214 5267 auspice
2245 5197 2529 5265 imperium
2562 5206 2847 5266 paternum
2875 5196 3232 5264 suscepimus,
3262 5194 3426 5250 studii

1862 5289 2017 5343 nobis
2041 5287 2272 5341 maxime
2300 5302 2514 5356 semper
2543 5287 2670 5352 fuit,
2698 5297 2756 5342 ut
2784 5287 2997 5344 Domini
3027 5285 3290 5352 Ecclesia,
3311 5300 3424 5340 ma-

1863 5376 2169 5448 gniﬁcentia
2195 5374 2313 5443 ejus
2341 5377 2630 5431 humilitati
2665 5387 2862 5432 nostra
2903 5377 3156 5431 divinitus
3191 5377 3423 5447 regenda

1861 5467 2165 5534 tuendaque
2189 5468 2473 5522 commissa
2492 5508 2505 5532 ,
2536 5467 2783 5523 felicibus
2809 5467 3033 5538 polleret
3058 5467 3421 5533 successibus,

1861 5596 1930 5649 rit
1961 5609 2169 5667 :ncque
2196 5595 2502 5667 Ludovicus
2535 5597 2827 5667 imperator
2855 5598 3135 5656 Corbeiam
3165 5613 3218 5653 in
3252 5599 3418 5655 how

1860 5682 1970 5719 rem
2009 5664 2064 5717 S.
2105 5665 2203 5718 Viti
2236 5667 2556 5721 construxit.
