3924 6326
486 372 617 427 1207

1626 372 1944 429 LUDOVICI
1984 370 2002 425 l
2042 370 2516 428 COGNOMENTO
2555 367 2641 425 Pll

3603 367 3735 423 ηαδ

480 502 706 557 eamque
748 495 1013 556 quantum
1052 496 1253 542 nostrae
1297 487 1489 543 attinet
1518 498 1760 559 augusta:
1786 483 2054 541 devotioni
2086 486 2133 543 Α
2160 482 2464 539 desertores
2489 483 2729 555 ejusdem
2763 483 3025 553 propositi
3057 482 3270 548 effecti,
3303 485 3467 540 rebus
3489 484 3739 539 humanis

476 581 813 635 incessanter
860 581 927 635 ad
956 580 1183 635 meliora
1226 581 1556 649 provehere,
1605 587 1659 635 et
1681 579 1750 634 ab
1781 577 1869 632 illa
1896 578 2052 647 quid-

474 668 606 738 quid
630 670 849 723 noxium
871 677 988 724 erat
1011 669 1311 733 eradicare,
1342 676 1504 738 atque
1534 669 1587 722 in
1625 682 1688 722 ea
1718 667 2049 722 incrementa

474 760 733 815 virtutum
758 761 1027 831 plantare.
1065 760 1403 831 Quapropter
1428 759 1725 830 szrpissime
1744 757 2051 813 sacerdotes

473 850 686 906 Domini
712 892 728 917 ,
780 867 1015 924 quorum
1046 852 1099 907 id
1124 852 1286 908 officii
1316 867 1436 907 esse
1478 864 1828 921 noveramus,
1861 848 2051 904 admo-

471 955 601 994 nere
622 943 931 997 curavimus
950 982 966 1007 ,
1007 956 1071 997 ac
1098 949 1336 997 nostram
1370 939 1720 1011 principalem
1748 937 2049 993 auctorita-

472 1036 580 1082 tem
612 1024 929 1099 atljntricem
962 1032 1029 1091 ad
1058 1038 1246 1085 eorum
1288 1028 1649 1083 ministerium
1674 1026 1830 1096 juxta
1855 1026 2047 1081 volun-

471 1122 633 1171 tatem
685 1119 778 1173 Dei
817 1119 1219 1189 exsequendum
1262 1126 1513 1188 prompte
1560 1116 1942 1181 exhibuimus,
1992 1122 2051 1168 ut

470 1205 729 1276 quidquid
774 1208 830 1263 in
858 1209 1139 1264 ordinibus
1164 1207 1549 1264 ecclesiasticis
1568 1248 1580 1270 ,
1620 1207 1701 1262 vel
1727 1208 1779 1261 in
1809 1222 2050 1277 quacun-

468 1311 573 1366 que
604 1312 832 1365 persona
859 1299 1237 1355 emendatione
1260 1300 1478 1369 dignum
1505 1300 1832 1363 invenirent,
1869 1306 2049 1367 pasto—

470 1387 568 1441 rali
599 1390 957 1454 auctoritate,
1006 1390 1304 1461 postposita
1350 1390 1590 1461 qualibet
1617 1390 1849 1459 torporis
1874 1388 2045 1457 negli-

466 1481 644 1548 gentia
707 1480 790 1536 vel
853 1496 1207 1550 personarum
1270 1484 1619 1553 acceptione,
1673 1483 2049 1537 incunctanter

466 1567 826 1637 corrigerent,
855 1576 911 1623 et
941 1570 1009 1625 ad
1033 1578 1237 1625 statum
1263 1572 1604 1628 rectitudinis
1631 1572 1927 1641 perducere
1955 1570 2046 1625 de-

466 1666 754 1714 certarent.
798 1660 999 1716 Verum
1023 1678 1145 1718 cum
1175 1664 1306 1732 ipsi,
1343 1674 1527 1719 nostra
1558 1662 1741 1718 sedula
1784 1658 2043 1718 exhorta-

466 1753 611 1808 tione
630 1754 914 1821 admoniti,
942 1772 1152 1827 suaque
1191 1752 1377 1813 so'lerti
1417 1757 1695 1829 vigilantia
1723 1756 1793 1812 de
1821 1765 1963 1813 statu
1989 1766 2043 1811 et

2144 572 2259 641 jam
2280 584 2437 629 erant
2459 576 2695 646 exempti
2720 591 2734 629 :
2757 590 2987 645 quorum
3008 577 3243 646 perditio
3266 592 3374 630 non
3398 578 3517 633 sine
3539 592 3733 645 magno

2152 664 2318 717 animi
2346 664 2474 718 ferri
2507 672 2681 734 potest
2707 679 2961 720 mcerone.
2998 664 3225 731 Quidam
3255 667 3419 721 etiam
3448 682 3555 721 non
3586 681 3736 720 eam-

2152 755 2273 809 dem
2303 752 2695 823 professionem
2722 770 2782 811 se
2812 754 3005 811 fecisse
3033 756 3244 811 mentiti
3267 765 3396 811 sunt
3422 776 3435 811 :
3461 758 3560 812 sed
3582 756 3736 810 testi-

2152 847 2251 900 bus
2280 853 2527 915 patenter
2553 847 2807 913 convicti,
2836 862 2938 916 pro
2958 862 3057 902 sua
3092 849 3430 903 contumacia
3456 848 3736 903 canonica:

2149 938 2483 1007 poenitentia:
2507 947 2635 994 sunt
2663 939 2896 994 subacti.
2922 937 3151 1006 Quidam
3178 956 3328 1003 vero,
3360 940 3470 996 imo
3495 942 3732 994 maxima

2150 1043 2306 1097 pars,
2346 1030 2441 1100 qui
2478 1030 2739 1084 hactenus
2773 1029 2827 1084 in
2864 1030 3191 1099 apostasiam
3221 1031 3459 1101 prolapsi
3493 1029 3731 1091 fuerant,

2150 1134 2330 1175 coram
2381 1121 2685 1184 venientes,
2738 1121 2961 1191 soloque
3010 1137 3070 1177 se
3102 1131 3463 1194 prostrantes,
3497 1122 3732 1178 confessi

2149 1219 2274 1264 sunt
2308 1210 2554 1266 eamdem
2586 1211 2978 1281 professionem
3012 1211 3065 1267 in
3103 1214 3293 1268 eodem
3327 1213 3446 1267 loco
3473 1213 3735 1282 regulari-

2150 1308 2234 1355 ter
2259 1315 2316 1355 se
2336 1302 2673 1371 promisisse,
2708 1304 2899 1373 suique
2934 1304 3217 1369 misereri,
3247 1313 3305 1359 et
3328 1320 3359 1357 a
3388 1305 3621 1359 Domino
3646 1320 3734 1358 vc-

2148 1388 2292 1443 niam
2322 1404 2418 1459 pro
2448 1399 2596 1446 tanto
2632 1392 2871 1447 admisso
2912 1392 3029 1447 dari
3066 1393 3344 1447 humiliter
3385 1391 3728 1463 ﬂagitavere;

2146 1492 2255 1547 qua
2300 1477 2641 1536 confessione
2667 1479 2838 1543 facta,
2885 1480 3115 1536 cucullis
3142 1482 3225 1535 sui
3255 1482 3517 1550 propositi
3544 1496 3729 1536 coram

2146 1576 2293 1622 cmtu
2338 1568 2713 1640 episcoporum
2755 1579 2811 1625 et
2852 1579 3179 1631 ceterorum
3199 1572 3564 1635 sacerdotum,
3601 1586 3732 1626 cun-

2146 1653 2326 1729 c'tique
2356 1663 2631 1731 sequentis
2665 1663 2872 1718 ordinis
2896 1663 3057 1728 cieri,
3088 1662 3456 1733 nobiliumque
3487 1663 3730 1717 virorum

2148 1765 2253 1803 non
2298 1752 2507 1807 modica
2555 1753 2760 1808 circum
2808 1754 3098 1809 assistente
3125 1754 3301 1817 turba,
3330 1768 3391 1807 se
3420 1753 3729 1815 induerunt,

465 1842 706 1913 profectu
737 1856 936 1903 sanctae
960 1849 1236 1912 Ecclesiae,
1265 1858 1320 1904 et
1342 1850 1513 1905 sacris
1534 1849 1846 1916 ordinibus,
1874 1857 1930 1904 et
1956 1850 2042 1905 his
2073 1829 2116 1886 Β
2145 1850 2308 1911 atque
2332 1842 2385 1896 in
2411 1858 2697 1898 commune
2715 1885 2729 1907 ,
2753 1858 2820 1897 ne
2840 1844 3132 1913 aliquando
3161 1844 3318 1899 sicuti
3354 1844 3458 1899 sibi
3505 1844 3733 1913 aliisque

464 1947 582 2000 qua:
612 1936 991 1993 emendatione
1026 1938 1185 2009 digna
1226 1938 1546 1994 videbantur
1565 1978 1579 2004 ,
1610 1946 1876 1993 conventu
1903 1940 2046 2008 apud

464 2021 702 2079 Parisios
734 2025 979 2093 iussione
1026 2036 1208 2083 nostra
1256 2027 1439 2083 habito
1480 2037 1699 2083 strenua
1747 2034 1803 2082 et
1852 2027 2043 2081 devota

462 2112 1259 2181 perspicacitate'tractarent,
1314 2116 1456 2171 inter
1504 2124 1699 2172 caetera
1746 2116 1921 2170 visum
1963 2125 2047 2171 est

462 2201 586 2263 illis,
614 2211 673 2255 ut
697 2206 1085 2260 monasterium
1115 2208 1515 2276 praeclarissimi
1547 2216 1603 2262 et
1635 2207 1816 2260 eximii
1841 2206 2044 2262 Christi

464 2293 721 2363 martyris
748 2294 893 2348 beati
919 2295 1159 2366 Dionysii
1183 2297 1560 2366 sociorumque
1581 2297 1715 2367 ejus,
1743 2295 1885 2364 quod
1912 2310 2043 2351 con-

465 2390 571 2436 stat
596 2392 869 2439 tantorum
901 2398 1198 2458 martyrum
1230 2388 1447 2443 nomine
1484 2387 1594 2443 Deo
1622 2387 1959 2451 dedicatum,
1990 2394 2043 2441 et

465 2485 493 2522 a
525 2470 740 2539 regibus
781 2471 1111 2528 Francorum
1162 2476 1707 2546 progenitoribnsque
1738 2476 1923 2545 gloriae
1940 2490 2040 2530 no-

462 2570 589 2616 stra:
611 2563 960 2633 amplissimis
986 2565 1148 2621 rebus
1179 2567 1432 2634 ditatum,
1459 2583 1567 2638 quo
1599 2568 1649 2621 in
1683 2583 1748 2622 eo
1776 2567 2040 2622 monasti—

462 2663 560 2706 cus
607 2654 741 2709 ordo
783 2655 1036 2725 religiqse
1080 2658 1190 2712 Deo
1244 2658 1579 2737 deserviret,
1623 2674 1819 2728 magna
1860 2673 2041 2714 emeno

461 2743 679 2799 datione
703 2752 759 2799 et
786 2747 1122 2801 correctione
1151 2764 1286 2819 opus
1311 2750 1553 2816 haberet,
1586 2750 1838 2820 quoniam
1877 2752 1945 2805 ab
1977 2764 2041 2805 eo

458 2834 601 2889 idem
623 2834 759 2890 ordo
784 2837 851 2891 ad
874 2837 1167 2893 multorum
1191 2840 1507 2906 discrimen,
1534 2842 1679 2896 nulla
1719 2843 2042 2898 necessitate

459 2925 849 2994 praepediente,
899 2928 1097 2986 nullius
1127 2931 1207 2987 rei
1247 2932 1425 3001 inopia
1454 2920 1783 2998 obsistente,
1824 2931 2042 3004 penitus

456 3024 575 3069 erat
599 3016 837 3072 avulsus.
891 3018 1065 3085 Quam
1092 3036 1348 3087 causam,
1399 3030 1509 3077 tam
1546 3038 1643 3093 per
1680 3039 1741 3079 se
1769 3039 2043 3095 quamque

459 3114 523 3160 et~
541 3122 640 3176 per
661 3107 1021 3165 venerabilem
1044 3111 1471 3182 prndentemque
1490 3113 1661 3166 virum
1708 3113 2039 3178 llilduiunm,

458 3199 743 3252 memorati
788 3201 1103 3256 monasterii
1153 3202 1463 3274 religioéum
1508 3204 1786 3267 abbatem,
1843 3212 2041 3259 nostras

457 3290 771 3345 serenitatis
796 3291 1019 3347 auribus
1046 3293 1454 3360 intimaverunt,
1484 3295 1559 3360 uti
1593 3303 1774 3350 nostra
1797 3295 2040 3364 piissima

458 3380 727 3450 imperiali
752 3390 1019 3452 potestate
1050 3400 1148 3454 per
1172 3400 1360 3441 eorum
1392 3387 1768 3441 auctoritatem
1799 3386 2038 3457 corrige-

460 3477 629 3524 retur.
674 3469 829 3528 Unde
872 3475 1107 3545 dignitas
1144 3475 1358 3546 imperii
1390 3477 1561 3531 nostri
1593 3483 1870 3553 tantorum
1898 3476 2042 3530 viro-

459 3576 577 3614 rum
608 3563 1023 3620 saluberrimam
1062 3567 1503 3629 admonitionem,
1543 3576 1597 3621 et
1621 3566 1857 3635 ejusdem
1880 3583 2041 3644 vene-

459 3655 645 3710 rabilis
702 3656 920 3721 abbatis
971 3656 1206 3712 llilduini
1258 3674 1448 3728 preces
1506 3659 1836 3715 humillimas
1890 3674 2040 3714 more

458 3744 868 3814 tranquillitatis
928 3756 1126 3802 nostra:
1175 3749 1332 3817 solito
1386 3757 1665 3819 gratanter
1705 3748 2041 3820 benigneque

458 3834 781 3901 suscipiens,
832 3844 993 3905 atque
1032 3836 1084 3890 in
1122 3838 1374 3892 omnibus
1407 3837 1747 3892 emendabile
1767 3839 2037 3908 judicans,

456 3938 526 3977 ne
545 3922 681 3975 tanti
709 3923 915 3977 ordinis
948 3924 1205 3994 collapsio
1236 3925 1426 3979 salutis
1458 3932 1657 3979 nostra:
1686 3941 1901 3994 quoquo
1927 3925 2041 3981 mo-

457 4015 525 4069 do
558 4012 711 4068 fleret
734 4014 1027 4074 damnatio.
1052 4015 1123 4068 ad
1150 4016 1366 4071 eosdem
1391 4016 1651 4085 prmsulcs
1678 4015 2039 4071 Ecclesiarum

456 4102 598 4158 idem
632 4104 940 4158 censuimus
980 4104 1169 4159 referri
1213 4106 1511 4175 negotium,
1555 4113 1614 4158 ut
1644 4106 1809 4167 nostri
1841 4106 2041 4174 princi-

459 4201 615 4262 patus
664 4193 992 4247 auctoritate
1039 4208 1337 4263 eorumque
1366 4193 1599 4262 judicio,
1650 4194 1848 4263 quibus
1891 4202 2036 4248 tanta

454 4294 539 4339 est
567 4285 762 4340 collata
794 4294 1034 4354 potestas
1060 4301 1090 4338 a
1122 4284 1381 4349 Domino,
1430 4286 1571 4339 idem
1611 4286 1745 4340 ordo
1774 4286 1825 4340 in
1850 4284 2038 4339 eodem

459 4376 579 4431 loco
623 4377 826 4445 absque
874 4377 1258 4431 retractatione
1313 4377 1707 4431 restitueretur.
1752 4370 2041 4431 Venientes

460 4478 591 4536 ergo
631 4465 883 4522 Aldricus
921 4466 1262 4536 metropolita
1293 4466 1592 4521 Senonicus
1624 4482 1751 4521 cum-
1780 4465 2040 4537 suffraga-

2138 1928 2253 1998 jam
2276 1931 2330 1985 in
2350 1932 2538 1987 eodem
2569 1932 2686 1987 loco
2710 1933 3029 2001 contigerat,
3060 1935 3128 1987 ab
3155 1942 3355 1988 sancta:
3380 1933 3733 2002 professionis

2145 2022 2423 2091 proposito
2452 2022 2719 2077 diaboiieo
2753 2023 3203 2093 propulsarentur
3242 2025 3540 2090 instinctu,
3573 2041 3729 2096 regu-

2147 2110 2314 2165 larem
2334 2110 2750 2180 promissionem
2779 2112 3129 2167 iteraverunt.
3170 2112 3304 2166 Pars
3328 2114 3563 2182 denique
3590 2130 3732 2183 qua:-

2146 2201 2269 2253 dam
2294 2214 2507 2265 eorum,
2535 2200 2611 2257 illi
2644 2200 2851 2255 scilicet
2875 2201 2967 2270 qui
2992 2201 3189 2256 divina:
3221 2202 3595 2271 inspirationis
3616 2220 3730 2257 mn-

2146 2302 2275 2341 nere
2323 2288 2451 2353 acti,
2498 2297 2554 2343 et
2603 2304 2789 2344 amore
2834 2290 3070 2344 devincti
3111 2290 3163 2343 in
3206 2300 3411 2345 sancte
3456 2292 3731 2362 religionis

2144 2382 2423 2450 proposito
2464 2389 2519 2436 et
2550 2382 2767 2444 habitu,
2820 2382 3064 2451 apprime
3112 2382 3319 2450 absque
3357 2382 3462 2436 ulla
3496 2382 3730 2453 refraga-

2144 2471 2291 2525 tione
2320 2477 2414 2524 aut
2456 2470 2872 2540 interpolatioue
2916 2470 3197 2539 elegerunt
3245 2462 3479 2526 viriliter
3522 2488 3731 2541 perma-

2144 2583 2294 2632 nere,
2328 2576 2383 2622 et
2417 2568 2470 2621 in
2501 2567 2638 2622 cella
2668 2565 2907 2634 ejusdem
2946 2565 3167 2635 majoris
3202 2568 3520 2621 monasterii
3542 2609 3556 2631 ,
3588 2578 3729 2637 post-

2144 2674 2303 2728 quam
2336 2659 2517 2714 creteri
2550 2658 2901 2712 monasticam
2937 2659 3102 2712 vitam
3126 2667 3179 2711 et
3203 2658 3451 2712 habitum
3477 2660 3728 2713 deserue»

2145 2759 2288 2815 rant,
2319 2766 2490 2819 usque
2522 2749 2589 2804 ad
2615 2751 2756 2805 hanc
2782 2757 2982 2804 nostra:
3002 2750 3434 2805 demandationis
3465 2750 3725 2821 synodum

2144 2839 2383 2895 habitam
2428 2839 2626 2909 degere
2651 2880 2664 2903 ,
2704 2848 2832 2893 ante
2867 2837 2981 2906 jam
3023 2847 3357 2894 memoratos
3392 2840 3725 2895 venerabiles

2144 2938 2325 3003 patres
2366 2938 2672 2993 venerunt,
2708 2930 2993 2999 locumque
3022 2930 3309 2997 pristinum
3338 2972 3352 2996 ,
3388 2932 3443 2985 in
3476 2947 3586 3000 quo
3608 2947 3723 3001 pro-

2145 3023 2456 3079 missionem
2490 3022 2750 3086 fecerant,
2781 3030 2835 3077 et
2866 3022 3208 3088 regulariter,
3240 3023 3367 3079 licet
3392 3024 3578 3079 minus
3602 3040 3719 3093 per-

2149 3110 2311 3176 fecte,
2342 3113 2623 3177 vixerant,
2667 3112 2768 3167 sibi
2816 3119 2871 3166 et
2922 3126 2979 3166 se
3015 3113 3287 3181 petierunt
3328 3118 3451 3169 loco
3494 3114 3723 3175 restitui,

2146 3218 2376 3273 quorum
2404 3203 2631 3258 semotio
2653 3204 2722 3258 ob
2748 3202 2800 3257 id
2824 3202 3121 3269 acciderat,
3156 3205 3439 3273 quoniam,
3468 3215 3526 3258 ut
3548 3206 3725 3275 praedi-

2146 3294 2343 3359 ximus,
2372 3309 2495 3348 mox
2525 3303 2584 3347 ut
2607 3292 2787 3355 divina
2817 3294 3059 3365 dignatio
3097 3311 3196 3350 nos
3232 3306 3461 3365 paterna
3491 3298 3619 3351 sede
3642 3313 3725 3351 sn—

2143 3393 2326 3455 seepta
2374 3384 2747 3455 imperialibus
2790 3385 3019 3454 sceptris
3071 3386 3229 3439 inniti
3276 3385 3487 3451 voluit,
3516 3388 3618 3456 pia:
3649 3388 3721 3441 in-

2146 3480 2402 3534 tentionis
2433 3485 2631 3533 nostra:
2667 3478 2972 3533 sollicitudo
3007 3481 3230 3549 exsequi
3275 3483 3594 3550 procuravit
3619 3522 3631 3544 ,
3672 3491 3725 3535 ut

2143 3570 2353 3640 religio,
2393 3568 2558 3623 decor
2593 3576 2649 3623 et
2680 3568 2857 3623 omnis
2892 3568 3149 3624 honestas
3191 3585 3222 3623 a
3259 3570 3463 3624 domno
3497 3580 3550 3624 et
3577 3570 3718 3640 geni-

2145 3668 2263 3714 tore
2290 3666 2478 3715 nostro
2506 3659 2642 3715 divae
2666 3659 2941 3713 memoria:
2962 3659 3155 3715 Carolo
3175 3669 3350 3729 coepta
3377 3669 3433 3714 et
3457 3661 3719 3723 instituta,

2144 3745 2347 3819 liquido
2392 3758 2448 3805 et
2492 3749 2787 3813 veraciter,
2841 3756 3045 3804 remota
3075 3750 3223 3806 omni
3258 3750 3641 3814 simulatione,
3674 3752 3721 3805 in

2142 3843 2377 3912 prepriis
2419 3842 2725 3913 quibusque
2774 3851 3019 3896 maneret
3066 3850 3121 3896 et
3168 3841 3375 3910 vigeret
3422 3844 3721 3897 ordinibus.

2148 3931 2299 3987 Unde
2338 3932 2405 3986 ad
2453 3932 2766 3987 monasticae
2803 3932 3155 3986 institutionis
3178 3948 3423 3986 normam
3454 3935 3725 4003 corrigenv

2144 4021 2287 4083 dam,
2320 4020 2454 4075 duos
2480 4020 2757 4090 religiosos
2787 4027 2841 4074 et
2862 4020 3186 4075 venerabilis
3212 4022 3338 4075 vita:
3362 4022 3535 4088 viros,
3562 4022 3723 4077 Bene-

2145 4110 2347 4164 dictum
2373 4118 2425 4163 et
2455 4110 2739 4164 Arnulfum
2770 4110 2991 4165 abbates
3011 4150 3025 4175 ,
3068 4110 3472 4175 constituimus,
3502 4112 3595 4180 qui
3634 4127 3723 4181 per

2150 4208 2393 4255 nostrum
2437 4216 2465 4253 a
2505 4201 2614 4256 Deo
2649 4200 3058 4270 gubernandum
3084 4211 3139 4255 et
3169 4203 3606 4256 conservandum
3633 4205 3727 4255 ἰηι-

2144 4290 2353 4357 perinm
2399 4290 2569 4344 seduli
2598 4290 2725 4344 huic
2753 4290 2968 4360 negotio
3005 4291 3244 4345 studiose
3272 4292 3615 4347 insisterent.
3664 4294 3724 4346 li-

2145 4380 2267 4433 dem
2303 4394 2432 4434 vero
2459 4380 2587 4434 boni
2628 4388 2683 4435 et
2715 4380 2923 4444 devoti,
2975 4380 3070 4434 sed
3104 4379 3493 4449 simplicissimi
3523 4390 3724 4450 patres,

2146 4485 2307 4539 supra
2359 4466 2773 4523 memoratarum
2816 4469 3041 4522 fratrum
3094 4469 3386 4524 calliditate
3427 4478 3486 4525 et
3530 4472 3725 4524 duritia

456 4533 574 4611 neis
610 4557 742 4622 suis,
770 4573 870 4611 nec
900 4573 1003 4611 non
1022 4566 1077 4612 et
1099 4533 1219 4611 libo
1246 4558 1586 4625 metropolita
1616 4533 2036 4613 Durocortorum
2064 4533 2119 4593 D
2148 4533 2352 4628 suaque
2382 4559 2727 4629 simplicitate
2756 4559 3009 4623 abducti,
3050 4574 3159 4612 non
3189 4560 3389 4623 studio,
3420 4561 3519 4615 sed
3553 4562 3727 4615 minus

456 4664 578 4703 cum
603 4648 955 4718 sutiraganeis
988 4649 1100 4703 suis
1128 4649 1195 4702 ad
1230 4657 1586 4704 memoratum
1624 4644 2034 4711 monasterium,

458 4738 645 4792 habito
674 4747 941 4792 conventu
968 4778 982 4803 ,
1020 4738 1255 4807 primum
1285 4738 1428 4807 quod
1465 4738 1604 4811 idem
1646 4740 2036 4795 monasterium

456 4830 632 4883 ordini
664 4829 965 4884 monastico
996 4837 1389 4894 constructum,
1424 4830 1729 4884 dedicatum
1752 4871 1766 4895 ,
1796 4840 1851 4885 et
1878 4832 2037 4886 rebus

455 4917 682 4973 ditatum
710 4917 901 4982 fuerit,
949 4926 1004 4973 et
1051 4919 1105 4972 in
1132 4934 1196 4973 eo
1228 4919 1342 4988 ipse
1368 4918 1503 4973 ordo
1534 4933 1703 4987 usque
1727 4920 1793 4973 ad
1822 4927 2036 4989 tempus

455 5021 563 5074 quo
610 5014 820 5075 sceptra
863 5006 1163 5076 imperialia
1191 5049 1203 5069 ,
1250 5022 1485 5076 superna
1531 5007 1792 5077 largiente
1834 5010 2032 5079 gratia,

458 5094 741 5149 clementia
788 5103 974 5150 nostra
1026 5098 1297 5165 suscepit,
1342 5106 1395 5151 et
1427 5112 1589 5173 supra
1621 5101 1901 5153 memorati
1932 5099 2035 5153 Hil-

460 5185 605 5238 duini
640 5185 847 5240 abbatis
872 5187 1241 5255 prmlationem
1268 5187 1465 5242 ibidem
1484 5198 1758 5259 utcunque
1782 5189 2031 5260 viguerit,

459 5273 760 5329 manifestis
791 5276 1024 5341 indiciis,
1058 5294 1353 5349 regumque
1387 5280 1625 5349 antiquis
1666 5288 1721 5334 et
1762 5282 2036 5336 modernis

456 5368 776 5437 praeceptis,
822 5376 876 5422 et
910 5369 1283 5438 episcoporum
1320 5371 1615 5441 privilegiis
1640 5412 1653 5434 ,
1695 5386 1757 5425 ac
1799 5372 2033 5425 ﬁdelium

459 5458 858 5522 donationibus,
903 5460 1075 5528 palam
1110 5462 1319 5515 cunctis
1352 5470 1433 5515 cst
1466 5460 1686 5541 factum.
1732 5462 1932 5516 Deinde
1959 5463 2037 5516 di-

458 5544 713 5614 ligentem
738 5547 1140 5616 inquisitionem
1173 5550 1419 5607 fecerunt
1454 5566 1619 5619 super
1646 5550 1729 5604 bis
1754 5551 1844 5619 qui
1872 5552 1923 5605 in
1948 5567 2039 5607 eo-

459 5633 579 5688 dem
604 5635 720 5692 loco
746 5640 1043 5709 regularem
1073 5642 1486 5709 promissionem
1508 5640 1775 5695 fecerunt.
1819 5642 1896 5695 Ex
1920 5643 2038 5712 qui-

460 5720 563 5777 bus
602 5727 853 5792 quidam.
907 5730 997 5798 qui
1044 5730 1289 5784 eamdem
1342 5730 1727 5799 profeSSioncm
1774 5730 2034 5796 fecerant,

2147 4650 2329 4706 subtili
2364 4657 2418 4705 et
2460 4649 2766 4704 necessaria
2810 4648 3225 4719 investigatione
3269 4659 3324 4703 et
3359 4652 3725 4719 providentia,

2147 4741 2395 4796 fallentes
2420 4756 2515 4795 eos
2541 4740 2632 4809 qui
2662 4741 2714 4794 in
2742 4740 3013 4794 soliditate
3044 4754 3155 4794 sua:
3182 4738 3442 4809 professa:
3470 4742 3724 4798 salvatio«

2145 4832 2228 4886 nis
2249 4832 2696 4901 perduraverunt,
2724 4847 2754 4884 a
2781 4830 3108 4884 monasterio
3142 4840 3523 4897 removerunt,
3562 4833 3723 4904 atque

2145 4923 2198 4976 in
2246 4929 2543 4976 memorata
2591 4921 2723 4975 cella
2766 4921 3197 4985 collocaverunt;
3235 4931 3291 4976 et
3324 4923 3447 4978 illos
3475 4925 3569 4993 qui
3602 4941 3721 4995 ριό⁴

2134 5012 2271 5080 prim
2298 5010 2589 5065 voluntatis
2623 5010 2803 5065 libitns
2834 5027 2939 5065 non
2970 5010 3168 5065 virtute
3198 5012 3290 5066 scd
3317 5014 3555 5067 versutia
3580 5030 3721 5084 qna:-

2140 5102 2367 5163 sierunt,
2413 5114 2476 5153 ac
2517 5098 2653 5153 collo
2704 5100 2769 5152 de
2800 5099 2900 5153 sub
2936 5098 3068 5169 jugo
3111 5099 3310 5169 regula
3343 5106 3579 5156 excusso
3609 5102 3721 5157 loro

2140 5189 2494 5258 distigatioris
2545 5190 2667 5242 vitae
2711 5187 2889 5252 soluti,
2932 5189 3181 5257 ampliori
3222 5189 3417 5245 itinere
3442 5192 3716 5246 calestem

2139 5279 2367 5351 patriam
2396 5286 2581 5347 petere
2616 5285 2743 5331 sunt
2766 5278 2975 5340 conati,
3027 5278 3080 5331 in
3110 5277 3397 5333 domiciliis
3436 5281 3716 5336 reverendi

2141 5369 2355 5423 habitus
2383 5376 2435 5421 et
2466 5369 2589 5423 vita:
2613 5369 2922 5423 monasticzn
2949 5368 3301 5437 reliquerunt.
3337 5367 3446 5424 Sed
3478 5371 3711 5427 laudabi-

2136 5458 2242 5512 lius
2269 5459 2321 5513 hi
2363 5466 2543 5527 patres
2584 5457 2838 5512 Ecclesia:
2882 5458 3206 5513 auctoritate
3250 5475 3347 5513 sua
3380 5460 3557 5531 digna:
3582 5464 3715 5531 peti-

2136 5551 2268 5604 tioni
2292 5549 2537 5615 fratrum,
2573 5564 2709 5619 quos
2734 5550 2785 5602 in
2815 5564 2925 5603 sum
2953 5549 3230 5620 religionis
3257 5550 3455 5605 virtute
3480 5552 3711 5606 diximus

2136 5636 2529 5711 permansisse,
2568 5632 2694 5708 quia
2720 5640 2798 5695 sic
2827 5640 2994 5694 nostri
3026 5655 3282 5694 assensus
3307 5639 3482 5708 jussio
3522 5642 3708 5703 fuerat,

2138 5738 2434 5785 annnentes
2462 5722 2489 5796 ,’
2523 5728 2915 5783 rationabiliter
2944 5736 2994 5781 et
3018 5730 3278 5784 canonice
3311 5729 3702 5787 satisfecerunt.
