3924 6356
250 406 393 462 1209

1364 399 1766 456 DlPLOMATA
1803 399 2354 458 ECCLESIASTICA.

3366 407 3430 462 1'2
3440 408 3508 461 το

241 532 303 578 et
330 523 401 577 ob
440 519 797 591 suggestionis
835 520 1084 574 notitiam
1113 558 1127 582 ,
1183 526 1241 571 ut
1270 525 1468 572 nostra:
1492 516 1821 586 panderetur
1849 515 1898 574 A
1923 514 2026 585 Ipsi
2075 517 2141 572 de
2188 525 2383 572 caetero
2434 514 2636 571 fratres
2661 556 2674 580 ,
2723 524 2980 587 respectu
3020 517 3203 573 divino
3245 534 3509 589 processu

241 609 553 669 celsitudini
581 650 596 674 ,
641 609 873 678 qualiter
920 609 1004 681 vel
1042 622 1150 677 quo
1185 607 1375 662 ordine
1404 615 1514 660 tam
1540 607 1815 661 devotissi-

244 716 397 756 mum
419 698 625 755 factum
648 699 715 753 ab
738 686 1395 767 eisdein‘religiosissimis
1427 694 1561 749 viris
1586 694 1657 749 sit
1677 693 1826 781 cele-

242 790 463 844 hratum
489 830 505 854 ,
526 790 660 844 duas
678 804 848 859 super
874 789 978 843 hoc
997 787 1145 857 jure,
1167 786 1285 857 pari
1322 794 1529 851 tenore,
1557 785 1828 855 conscrip-

242 879 422 934 tiones
470 878 745 943 fecerunt,
792 892 992 947 easque
1024 877 1272 931 manibus
1310 874 1665 930 ﬁrmaverunt
1694 888 1823 945 pro-

241 970 399 1039 priis,
430 979 488 1025 ut
518 970 686 1024 altera
728 984 916 1024 earum
963 969 1019 1022 in
1061 968 1282 1022 archivo
1315 966 1485 1035 ipsius
1509 965 1824 1020 monasterii

240 1060 313 1113 ob
343 1060 661 1115 memoriam
688 1070 742 1115 et
773 1061 1118 1116 stabilitatem
1146 1062 1275 1116 inibi
1307 1060 1468 1129 hujus
1489 1060 1697 1116 ordinis
1727 1074 1826 1130 per

242 1149 427 1205 futura
468 1160 711 1221 tempora
758 1161 1090 1217 servaretur,
1131 1152 1360 1207 alteram
1389 1159 1587 1205 nostra:
1620 1150 1824 1220 magni-

241 1240 418 1294 tudini
456 1240 787 1309 direxerunt,
816 1251 874 1296 ut
912 1241 1058 1296 illam
1094 1241 1346 1312 palatinis
1371 1240 1825 1310 scriniisjubere-

238 1344 367 1384 mus
408 1330 700 1387 recondere
746 1332 831 1405 ob.
860 1343 1270 1387 monumentum
1312 1340 1366 1387 et
1388 1332 1544 1387 istius
1566 1333 1667 1387 rite
1694 1331 1821 1387 facti

241 1428 558 1488 perpetuam
589 1421 919 1477 firmitatem.
949 1422 1056 1477 Sed
1082 1438 1203 1477 cum
1234 1423 1378 1478 idem
1409 1423 1560 1487 ordo,
1594 1423 1705 1477 Deo
1726 1438 1822 1476 an-

239 1517 465 1573 nuente,
498 1519 755 1578 quantum
779 1510 1034 1565 divinitus
1062 1511 1231 1567 videri
1272 1512 1521 1576 dabatur,
1556 1510 1608 1565 in
1630 1512 1819 1566 eodem

242 1597 364 1653 loco
395 1599 621 1655 feliciter
667 1602 974 1668 incederet,
1025 1603 1279 1679 antiquus
1330 1603 1523 1658 salutis
1572 1603 1822 1657 humanae

242 1686 497 1743 inimicus
517 1690 777 1757 quosdam
808 1704 871 1744 ex
904 1691 1037 1759 ipsis
1066 1689 1325 1746 fratribus
1368 1707 1464 1745 sua
1488 1692 1691 1761 organa
1709 1690 1823 1745 elli-

240 1773 416 1851 ciens,
448 1777 580 1831 adeo
612 1778 928 1832 insidiarum
966 1794 1185 1834 suarum
1216 1779 1375 1834 furiis
1396 1780 1705 1851 exagitavit,
1737 1788 1817 1845 ut,

238 1848 644 1934 conspiratione
690 1877 744 1921 et
786 1869 1163 1938 conjuratione
1193 1870 1335 1926 facta
1355 1912 1369 1936 ,
1406 1880 1460 1927 et
1484 1848 1817 1943 propositum

240 1956 602 2011 monasticum
625 1958 987 2029 abnegarent,
1024 1968 1079 2015 et
1113 1956 1467 2019 sine‘licentia
1498 1964 1580 2019 sui
1606 1965 1818 2020 abbatis

240 2046 557 2116 propriique
603 2048 840 2118 episcOpi
884 2065 948 2106 ac
978 2052 1375 2121 metr0politani
1398 2094 1414 2119 ,
1442 2070 1629 2109 eorum
1658 2054 1815 2125 legati

239 2135 522 2206 dignitatis
569 2147 769 2194 nostrae
809 2141 1231 2198 dominationem
1278 2145 1513 2219 adirent,
1558 2154 1613 2199 et
1647 2146 1816 2200 mole-

238 2226 403 2280 stiam
433 2242 595 2298 super
622 2230 725 2303 hac
750 2231 959 2286 ratione
985 2241 1174 2287 contra
1195 2236 1510 2290 canonicam
1539 2243 1594 2290 et
1622 2250 1818 2306 propo-

238 2313 333 2369 siti
400 2304 491 2371 sui
546 2318 939 2376 institutionem
993 2323 1300 2379 serenitatis
1351 2334 1549 2380 nostrae
1596 2326 1816 2382 auribus

238 2402 443 2459 inferre
472 2417 880 2476 prmsmnerent,
906 2409 1195 2467 offerentes
1224 2413 1379 2468 nobis
1410 2422 1610 2469 tomum
1637 2415 1690 2469 in
1719 2430 1813 2470 ac-

238 2496 575 2553 cusationem
602 2510 656 2555 et
680 2501 1067 2571 blasphemiam
1106 2506 1510 2575 episcopbrum,
1541 2508 1631 2577 qui
1658 2522 1719 2563 se
1747 2508 1816 2563 de

236 2590 533 2655 apostasia,
564 2592 617 2644 in
651 2607 756 2661 qua
786 2596 1162 2657 versabantur,
1192 2606 1417 2667 paterna
1453 2598 1813 2663 sollicitudine

236 2685 426 2732 nostra
482 2683 801 2737 auctoritate
850 2686 1243 2752 correxerant,‘
1277 2698 1332 2742 et
1374 2690 1442 2743 ad
1482 2689 1813 2758 propositum

232 2768 383 2835 quod
431 2769 852 2839 abdicaverant,
925 2776 1102 2833 redire
1155 2778 1493 2844 suaserant;
1549 2772 1813 2833 addentes

232 2854 402 2909 etiam
448 2858 499 2912 in
540 2861 729 2916 eadem
774 2864 1027 2919 schedula
1073 2866 1178 2921 alia
1220 2882 1340 2937 quae
1366 2869 1525 2939 digna
1559 2885 1667 2923 non
1690 2878 1813 2924 sunt

235 2944 606 3014 imperialibus
636 2953 837 3006 nostris
876 2954 1092 3024 scriptis
1120 2955 1389 3012 interseri.
1430 2958 1599 3011 Porro
1627 2966 1809 3013 nostra

233 3033 477 3098 solertia,
505 3038 706 3093 auditis
732 3049 917 3094 eordm
942 3042 1313 3109 querimoniis,
1347 3054 1810 3114 supramemnrato

229 3124 531 3179 venerabili
571 3127 689 3182 viro
727 3127 981 3184 Hilduino
1008 3140 1191 3185 nostra
1223 3132 1385 3202 jussit
1410 3136 1717 3200 clementia,
1749 3146 1809 3190 ut

230 3214 451 3267 eosdem
479 3216 763 3287 episcopos
788 3227 973 3273 contra
1008 3236 1142 3290 quos
1170 3225 1551 3291 querebantur,
1578 3240 1679 3281 nec
1703 3242 1808 3281 non

229 3309 289 3353 et
332 3302 466 3356 alios
504 3304 571 3358 ab
616 3308 958 3362 accusatione
1009 3309 1296 3375 immunes,
1342 3310 1586 3379 jussione
1624 3323 1808 3371 nostra

232 3391 304 3445 ad
352 3392 525 3461 ipsmn
570 3396 753 3449 venire
801 3398 1078 3453 mandaret
1120 3402 1528 3456 monasterium.
1583 3404 1650 3458 Et
1683 3405 1807 3474 quia

230 3480 302 3534 ad
334 3481 580 3536 notitiam
605 3493 847 3539 nostram
874 3487 975 3556 ipsi
1008 3488 1204 3545 fratres
1231 3507 1357 3547 suos
1383 3494 1579 3549 misere
1610 3496 1810 3551 clamo-

228 3583 321 3621 res
344 3607 358 3631 ,
413 3570 554 3624 unde
594 3572 667 3625 nil
714 3576 1019 3643 ambiguum
1062 3586 1117 3633 et
1150 3580 1265 3634 sine
1288 3579 1447 3647 justa:
1477 3582 1808 3641 dillinitionis

230 3656 455 3712 decreto
482 3658 563 3714 fas
590 3670 669 3715 est
702 3661 1016 3728 abscedere,
1049 3669 1406 3736 complurium
1433 3674 1807 3743 episcoporum

228 3744 478 3815 diligenti
517 3753 767 3806 examine
801 3769 912 3808 rem
943 3758 1251 3812 reventilari
1288 3768 1344 3813 et
1379 3764 1640 3818 canonice
1668 3764 1803 3820 dilli-

230 3839 358 3905 niri,
386 3848 443 3895 et
479 3844 749 3913 consopiri
784 3849 1139 3916 praecepimus
1173 3868 1185 3902 :
1217 3865 1324 3904 non
1371 3854 1525 3921 quasi
1567 3856 1634 3909 de
1670 3870 1806 3925 prte-

232 3930 343 3984 l'ata
370 3942 788 3990 memoratorum
814 3946 1028 4006 patrum
1061 3943 1327 3995 sententia
1346 3983 1359 4008 ,
1391 3960 1510 4013 qute
1540 3946 1807 4001 excellen-

232 4019 323 4074 tia:
352 4031 552 4077 nostra:
577 4026 713 4080 bene
738 4028 988 4082 manebat
1028 4044 1125 4099 per
1156 4033 1335 4086 omnia
1377 4035 1611 4102 cognita,
1639 4036 1721 4090 vel
1751 4036 1805 4091 in

229 4108 415 4177 aliquo
442 4110 773 4178 dubitantes,
802 4118 893 4170 sed
924 4125 984 4169 ut
1014 4117 1186 4187 major
1214 4120 1428 4177 Christo
1446 4121 1671 4177 Domino
1697 4125 1805 4179 Deo

231 4205 421 4252 nostro
451 4200 517 4254 de
541 4202 847 4270 percalcato
891 4206 1066 4272 hoste,
1114 4209 1204 4275 qui
1244 4207 1359 4275 jam
1402 4209 1573 4264 dictos
1598 4213 1803 4267 excita-

230 4297 385 4342 verat
407 4289 626 4356 fratres,
681 4294 987 4363 triumphus
1034 4295 1205 4361 ﬁeret,
1257 4306 1311 4352 et
1359 4299 1411 4353 in
1457 4301 1645 4355 eodem
1684 4303 1804 4359 loco

228 4380 481 4447 firmiori,
511 4383 637 4451 quia
668 4385 889 4448 iterata,
922 4387 1263 4456 stipulatione
1287 4389 1426 4443 idem
1451 4392 1584 4447 ordo
1610 4394 1804 4448 confir—

228 4476 487 4521 maretur.
528 4468 594 4522 Et
617 4472 873 4539 quoniam
902 4488 1065 4541 super
1089 4484 1334 4543 pastores
1356 4478 1608 4535 Ecclesia:
1634 4481 1804 4553 digni-

225 4559 327 4612 tati
353 4568 550 4615 nostrae
580 4563 841 4631 imperiali
889 4581 1221 4637 quaecunque
1265 4569 1610 4640 ingerebatur
1642 4589 1803 4628 accu-

226 4648 407 4712 satio,
459 4667 564 4706 non
611 4654 727 4708 sine
771 4666 922 4711 certo
967 4666 1019 4727 et
1072 4661 1373 4715 rationabili
1415 4663 1801 4723 obliteraretur

220 4737 446 4806 judicio,
475 4741 565 4808 qui
589 4741 654 4794 ad
682 4744 988 4798 condictum
1022 4754 1228 4817 tempus
1254 4756 1309 4803 et
1343 4750 1484 4805 diem
1516 4753 1583 4807 ad
1610 4769 1798 4823 supra-

226 4826 486 4893 scriptum
528 4843 723 4884 venere
766 4826 1154 4888 monasterium
1181 4875 1195 4900 ,
1222 4848 1277 4890 et
1302 4832 1437 4906 ipsis
1466 4847 1795 4898 accusatori-

225 4913 330 4967 bus
375 4930 497 4969 cum
539 4919 742 4988 scripto
795 4923 938 4991 quod
967 4923 1263 4980 clementiae
1309 4937 1509 4984 nostra:
1562 4933 1795 4989 tulerant

227 5020 409 5059 coram
441 5007 695 5063 exhibitis
721 5012 749 5075 ,⁷
779 5020 973 5065 cuncta
998 5028 1117 5082 qua:
1151 5014 1203 5068 in
1243 5030 1430 5071 eorum
1458 5022 1799 5077 accusatione

229 5092 480 5147 dixerant
505 5096 588 5149 vel
611 5099 965 5167 scripserant,
999 5100 1130 5155 falsa
1160 5117 1277 5158 esse
1306 5106 1451 5161 veris
1486 5110 1797 5184 assertioni-

228 5183 329 5237 bus
355 5184 667 5255 idoneisque
712 5190 934 5257 prolatis
972 5192 1193 5247 testibus
1223 5183 1618 5264 probaverunt,
1660 5202 1799 5255 sicut

228 5290 294 5328 ex
316 5275 505 5331 ordine
526 5277 785 5349 inscripto
810 5283 1185 5338 manifestatur
1211 5304 1222 5339 :
1252 5289 1394 5356 quod
1415 5286 1484 5344 cx‘
1504 5294 1606 5348 hac
1633 5310 1795 5351 causa

227 5381 256 5417 a
289 5369 519 5422 secunda
550 5374 946 5430 constitutionis
981 5384 1175 5432 nostrae
1208 5384 1413 5449 synodo
1447 5386 1667 5440 archivo
1700 5403 1793 5441 no-

226 5457 327 5511 stri
356 5457 540 5525 palatii
568 5478 689 5516 eum
718 5466 999 5525 chartulis.
1034 5482 1153 5536 quis
1174 5472 1391 5527 nomina
1420 5476 1633 5530 testium
1664 5493 1790 5533 con-

226 5547 401 5601 tinent
430 5551 520 5618 qui
547 5553 790 5624 utrisque
828 5558 1179 5613 conventibus
1224 5561 1602 5630 interfuerunt,
1649 5568 1791 5624 dire-

228 5640 328 5693 ctis
354 5680 367 5703 ,
412 5641 481 5696 ob
528 5652 799 5713 gestorum
846 5649 1159 5703 memoriam
1209 5665 1603 5710 conservatur:
1645 5661 1787 5716 unde

229 5729 372 5785 aliud
411 5732 570 5789 etiam
614 5734 677 5789 ab
717 5738 883 5808 ipsius
918 5744 1229 5798 monasterii
1259 5748 1471 5804 scriniis
1505 5752 1786 5808 retinetur.

1926 608 2183 677 temporis
2210 608 2373 663 corda
2420 605 2634 660 illorum
2668 615 2939 678 tangente,
2965 610 3228 679 propositi
3256 611 3338 665 sui
3363 620 3501 666 stre-

1923 698 2013 752 nui
2054 705 2108 752 et
2131 696 2528 767 prmteritanum
2566 696 3012 768 negligentiarum
3042 702 3382 769 paenitentia:
3415 702 3491 757 de

1926 786 2033 841 voti
2065 794 2414 841 exsecutores
2435 785 2630 853 effecti,
2659 802 2927 851 consensu
2946 791 3150 846 salubri
3172 800 3229 867 et
3246 794 3503 862 prudenti

1926 886 2034 933 tres
2063 876 2337 932 chartulas
2362 876 2820 946 conscripserunt,
2850 888 2914 934 ut
2955 896 3059 934 una
3089 895 3275 937 earum
3315 883 3381 937 ad
3409 899 3470 938 ca

1922 976 2017 1037 put
2043 967 2556 1038 gloriosissimorum
2572 966 2771 1023 Christi
2799 978 3103 1040 martyrum
3126 963 3296 1037 fleret,
3325 973 3497 1027 altera

1924 1059 2084 1131 regia:
2110 1057 2493 1114 dominationis
2521 1066 2718 1113 nostra:
2755 1060 2997 1115 custodia
3041 1063 3243 1116 servari
3275 1062 3498 1117 deman-

1922 1151 2166 1215 daretur,
2198 1151 2413 1205 tertiam
2447 1164 2579 1204 vero
2603 1150 2769 1220 ipsius
2796 1152 3108 1207 monasterii
3140 1152 3306 1207 abbas
3335 1154 3501 1208 habe-

1924 1246 2005 1294 ret
2037 1257 2049 1291 :
2084 1239 2139 1293 iu
2172 1239 2367 1307 quibus
2405 1253 2464 1294 se
2493 1252 2524 1292 a
2553 1239 2712 1293 beato
2742 1246 2895 1308 patre
2920 1239 3209 1296 Benedicto
3229 1282 3243 1306 ,
3271 1242 3505 1297 docente

1921 1337 2108 1385 sancto
2156 1326 2395 1397 Spiritu,
2439 1328 2780 1397 descriptam,
2810 1329 3049 1399 regulam
3104 1340 3231 1386 sunt
3280 1336 3503 1389 servare

1922 1416 2060 1472 velle
2090 1417 2319 1487 professi
2347 1458 2362 1481 ,
2413 1425 2475 1471 ut
2517 1418 2889 1490 unusquisque
2916 1434 3103 1474 eorum
3146 1436 3340 1477 nomen
3369 1439 3497 1492 pro-

1921 1507 2096 1577 prium
2134 1522 2257 1561 cum
2304 1506 2471 1577 gradu
2512 1514 2566 1560 et
2602 1508 2850 1562 monachi
2894 1509 3251 1578 appellatione
3295 1512 3499 1568 eisdem

1922 1596 2124 1650 chartis
2162 1594 2347 1651 subter
2385 1595 2661 1651 limavit:
2686 1611 2917 1666 quarum
2961 1615 3122 1654 unam
3149 1602 3500 1673 benignitatis

1921 1694 2121 1740 nostra:
2158 1686 2459 1754 praesentia:
2494 1686 2887 1752 exhibuerunt,
2918 1690 3197 1745 humiliter
3221 1694 3488 1759 postulan-

1922 1781 2027 1838 tes,
2076 1775 2216 1829 sicut
2256 1781 2313 1829 et
2359 1790 2525 1844 saepe
2550 1778 2838 1832 memorati
2881 1779 3215 1835 venerabiles
3258 1789 3438 1850 patres
3468 1799 3499 1837 a

1848 1847 1895 1907 B
1923 1866 2120 1934 quibus
2146 1865 2430 1935 synodales
2464 1865 2810 1921 diﬂinitiones
2834 1867 3118 1923 celebratae
3145 1847 3289 1935 sunt,
3314 1880 3499 1927 aucto-

1922 1953 2135 2007 ritatem
2152 1963 2391 2008 nostram
2412 1954 2599 2009 sedqu
2619 1956 2913 2024 petierunt,
2938 1965 3205 2026 quatenus
3225 1960 3328 2015 hoc
3350 1964 3497 2032 quod

1920 2052 2029 2097 tam
2058 2045 2241 2099 subtili
2269 2052 2324 2099 et
2362 2045 2609 2115 diligenti
2655 2047 3068 2117 investigatione
3099 2051 3393 2120 inventum,
3444 2063 3499 2110 et

1909 2130 2058 2199 justa
2084 2134 2293 2189 ratione
2322 2132 2634 2199 diﬂinitum,
2675 2152 2771 2191 seu
2800 2138 3003 2193 salubri
3043 2142 3384 2198 restitutione
3412 2161 3498 2200 re-

1917 2230 2163 2289 paratum
2187 2261 2201 2286 ,
2254 2230 2413 2291 atque
2450 2225 2707 2278 canonica
2738 2223 3061 2283 auctoritate
3094 2237 3355 2309 statutum
3377 2248 3499 2289 esse

1918 2312 2275 2382 dignoscitur,
2321 2313 2688 2383 amplitudinis
2730 2325 2927 2372 nostra:
2966 2319 3247 2393 privilegio
3280 2324 3499 2394 scriptis

1917 2402 2289 2471 imperialibus
2316 2404 2761 2461 confirmaremus
2785 2447 2799 2472 ,
2843 2418 2901 2463 ut
2943 2410 3082 2479 quod
3102 2414 3371 2468 canonica
3401 2416 3496 2470 do-

1915 2501 2002 2546 cet
2046 2494 2377 2560 auctoritas,
2425 2504 2479 2549 et
2526 2504 2650 2550 vota
2688 2512 2875 2569 regum
2916 2510 3341 2574 cunctorumque
3369 2507 3497 2563 ﬁde—

1913 2579 2068 2644 lium,
2095 2582 2187 2651 qui
2211 2581 2384 2652 ipsum
2411 2582 2583 2638 locum
2610 2595 2833 2655 propter
2856 2591 3215 2645 monasticum
3243 2594 3490 2649 ordinem

1916 2670 1991 2725 ibi
2019 2672 2343 2726 servandum
2387 2674 2548 2729 rebus
2586 2677 2699 2730 suis
2725 2677 3064 2746 ditaverunt,
3096 2676 3492 2750 demonstrant,

1915 2774 2035 2814 cum
2066 2774 2403 2830 nequaquam
2436 2764 2505 2818 ab
2525 2778 2591 2818 eo
2619 2764 2735 2820 sine
2751 2768 2991 2835 periculo
3019 2778 3072 2825 et
3094 2774 3236 2843 regis
3264 2783 3320 2829 et
3343 2777 3494 2846 regni

1914 2851 2087 2920 possit
2101 2851 2280 2916 avelli,
2304 2862 2484 2908 nostra
2516 2857 2812 2925 imperialis
2826 2853 3062 2928 potestas
3080 2864 3494 2923 confirmatione

1911 2942 2225 3010 provideat,
2276 2959 2343 2997 ne
2388 2959 2453 2998 ex
2495 2947 2682 3000 eodem
2723 2948 2841 3004 loco
2879 2952 3152 3013 modernis
3182 2954 3492 3027 futurisque

1914 3032 2247 3099 temporibus
2278 3033 2415 3087 idem
2445 3036 2578 3090 ordo
2605 3037 2952 3106 destituatur,
2983 3042 3077 3097 sed
3103 3047 3299 3115 potius,
3330 3040 3461 3104 Chri
3480 3081 3493 3092 ι

1913 3125 1999 3171 sto
2024 3119 2251 3174 Domino
2278 3121 2561 3192 largiente,
2590 3126 2655 3179 ad
2681 3129 2951 3184 cumulum
2978 3136 3244 3190 mercedis
3271 3146 3489 3205 nostrzr,

1838 3196 1881 3258 C
1914 3208 2154 3281 conjugis
2189 3226 2416 3297 quoque,
2445 3222 2499 3268 et
2524 3216 2719 3285 prolis,
2765 3233 3061 3290 eorumque
3096 3224 3326 3280 salutem
3365 3196 3494 3297 quo:

1912 3315 2031 3354 rum
2078 3310 2200 3370 post
2237 3294 2441 3357 tantum
2489 3303 2697 3373 lapsum
2750 3312 3021 3377 reparatio
3058 3310 3199 3367 facta
3242 3323 3345 3381 est,
3382 3294 3491 3374 nec

1908 3406 2014 3444 non
2044 3400 2099 3445 ει
2121 3406 2306 3446 eorum
2330 3407 2425 3462 per
2447 3408 2601 3462 quos,
2630 3394 2741 3450 D80
2771 3407 3063 3465 annuente,
3081 3411 3266 3457 nostra
3293 3415 3482 3461 aucto-

1908 3482 2070 3537 ritate
2094 3484 2284 3538 eadem
2321 3486 2590 3553 reparatio
2625 3487 2897 3543 celebrata
2940 3499 3044 3557 est,
3089 3494 3249 3550 simul
3286 3505 3341 3551 et
3378 3498 3490 3555 illo-

1912 3574 2029 3625 rum
2074 3572 2507 3630 informationem
2556 3578 2647 3646 qui
2690 3587 2813 3647 post
2848 3580 2917 3635 ad
2955 3586 3315 3641 monasticam
3342 3592 3491 3646 ordi-

1908 3677 2033 3716 nem
2080 3663 2307 3717 Domino
2354 3664 2651 3734 inspirante
2710 3668 2777 3721 ad
2837 3671 3086 3725 eumdem
3130 3663 3490 3735 confluxerint
3534 3728 3547 3745 ,

1906 3749 2080 3805 locum
2110 3791 2124 3817 ,
2154 3760 2363 3807 remota
2397 3754 2544 3808 omni
2586 3754 2927 3813 simulatione
2967 3773 3181 3830 semper
3216 3763 3269 3818 in
3297 3768 3485 3824 eodem

1907 3843 2237 3896 monasterio
2276 3843 2541 3914 regularis
2597 3844 2733 3900 ordo
2774 3860 3125 3918 permaneat,
3174 3852 3365 3911 ﬂoreat
3430 3869 3486 3914 et

1908 3931 2154 3987 felicibus
2194 3931 2531 4008 successibus
2572 3936 2681 3991 Deo
2712 3954 2869 4008 opem
2906 3940 3112 3998 ferente
3138 3945 3357 4014 polleat.
3419 3950 3488 4004 Et

1907 4032 1966 4076 ut
1996 4025 2108 4079 haec
2136 4026 2430 4080 auctoritas
2452 4066 2467 4091 ,
2516 4042 2677 4094 quam
2709 4031 2778 4084 ob
2804 4031 2899 4083 Dei
2934 4048 3172 4088 amorem
3211 4047 3266 4090 et
3290 4040 3486 4095 animae

1905 4123 2103 4169 nostra:
2148 4115 2389 4185 conjugis
2435 4125 2489 4172 et
2531 4119 2733 4187 prolis,
2776 4129 2836 4175 ut
2858 4125 3224 4193 praediximus,
3254 4130 3481 4186 salutem

1904 4212 2067 4273 atque
2092 4203 2303 4274 imperii
2329 4207 2501 4261 nostri
2531 4216 2729 4263 statum
2758 4213 3158 4282 constituimus,
3187 4217 3479 4277 firmiorem

1904 4295 2147 4349 obtineat
2192 4296 2470 4366 vigorem,
2532 4306 2585 4352 et
2634 4300 2888 4371 deinceps
2941 4304 3257 4379 iuconvulsa
3304 4311 3484 4387 valeat

1904 4384 2219 4452 perdurare,
2260 4384 2395 4439 duas
2423 4387 2544 4441 inde
2569 4390 2683 4458 pari
2716 4381 2901 4447 tenore
2933 4396 3268 4467 conscriptas
3292 4381 3477 4457 firma-

1904 4473 2077 4527 tiones
2100 4472 2217 4528 ﬁeri
2242 4473 2525 4541 jussimus,
2563 4487 2621 4531 ut
2651 4488 2758 4532 una
2792 4479 3089 4549 imperialis
3113 4487 3249 4542 aula:
3283 4504 3477 4545 recon-

1909 4562 2104 4616 ditorio
2146 4562 2401 4631 palatinis
2431 4564 2667 4621 salvetur
2693 4570 2965 4633 excubiis,
3012 4573 3181 4628 altera
3202 4576 3285 4643 ,ab
3310 4578 3479 4649 ipsius

1905 4658 2216 4712 monasterii
2244 4660 2557 4714 custodibus
2600 4662 2651 4714 in
2701 4672 3021 4732 perpetuum
3066 4667 3305 4738 diligenti
3342 4688 3473 4728 cura

1903 4747 2097 4801 debeat
2114 4750 2407 4817 provideri,
2425 4765 2625 4820 easque
2646 4768 2841 4809 manus
2862 4767 3061 4818 nostra:
3081 4760 3474 4831 subscriptione

1902 4837 2087 4891 subter
2112 4836 2465 4902 firmavimus,
2494 4847 2547 4893 et
2570 4840 2635 4894 dc
2663 4843 2860 4897 annulo
2882 4857 3067 4900 nostro
3102 4848 3338 4919 sigillare
3354 4850 3473 4919 jus-

1876 4927 2088 4982 ,simus.

1968 5020 2194 5091 S'gnum
2224 5022 2480 5079 Ludovici
2508 5026 2843 5082 serenissimi
2872 5031 3234 5099 imperatoris.

1968 5110 2345 5167 Hirminmaris
2387 5114 2632 5169 notarius
2676 5115 2741 5169 ad
2784 5118 2958 5173 vicem
2996 5121 3288 5178 Theotonis
3319 5141 3470 5182 τερο-

1896 5202 2053 5269 gnovi
2085 5210 2139 5253 ct
2170 5204 2484 5272 subscripsi.

1964 5289 2099 5343 Data
2128 5306 2197 5343 vn
2234 5290 2499 5347 Kalendas
2528 5293 2886 5363 Septembris,
2919 5314 3079 5365 anno,
3107 5301 3323 5359 Christo
3344 5321 3470 5376 pro—

1894 5379 2048 5449 pitio,
2080 5380 2143 5435 l9
2171 5381 2380 5451 imperii
2406 5383 2584 5438 domui
2601 5384 2852 5443 Ludovici
2879 5391 3206 5447 serenissimi
3232 5393 3464 5464 impera-

1897 5469 2049 5535 toris,
2088 5471 2377 5527 indictione
2408 5473 2491 5527 10.
2548 5474 2740 5531 Actum
2777 5482 3104 5538 monasterio
3144 5487 3312 5541 sancti
3344 5487 3469 5543 Dio-

1897 5562 2035 5632 nysii
2066 5563 2116 5621 iu
2144 5563 2236 5617 Dei
2261 5564 2474 5619 nomine
2500 5564 2746 5623 feliciter.
2778 5569 2967 5631 Amen.
