3924 6318
581 321 708 377 l‘lll

1245 444 1446 499 CLXX.

627 542 725 583 1⁸κο
764 544 1076 584 ΡᾹΒΤΙΤΙΟΧΒ
1113 548 1350 587 Βοχοκυι
1387 553 1695 594 UONASTERII
1733 560 1777 596 8.
1818 562 2057 602 DIONYSII.

1179 621 1348 690 (Anno
1377 625 1525 702 sse.)

743 700 918 772 [Apud
944 704 1163 771 Mabill.,
1193 709 1256 761 de
1286 709 1356 765 Re
1379 700 1615 782 diplom,
1640 735 1759 791 pag.
1790 723 1936 795 £08.]

637 785 692 839 In
737 791 946 845 nomine
990 793 1194 850 Domini
1235 799 1328 852 Dei
1363 809 1417 853 et
1453 802 1745 862 Salvatoris
1785 814 1950 866 nostri
1985 814 2106 869 Jesu

563 876 785 942 Christi,
815 880 1130 951 Ludovicus,
1153 888 1330 944 divina
1348 894 1626 950 ordinante
1649 881 1999 970 providentia,
2016 908 2108 960 im-

566 975 780 1032 perator
803 968 1087 1039 Augustus.

634 1052 688 1106 Si
714 1071 776 1109 ea
799 1071 915 1124 quae
937 1060 1118 1115 ﬁdeles
1145 1063 1351 1132 imperii
1377 1072 1567 1134 nostri,
1593 1088 1688 1141 pro
1711 1085 1851 1132 statu
1876 1091 1931 1134 et
1957 1085 2098 1140 utili-

562 1150 671 1197 tate
694 1144 1051 1202 Ecclesiarum
1072 1165 1133 1204 ac
1152 1167 1424 1220 servorum
1447 1159 1558 1221 Dei,
1589 1164 1813 1220 lideliter
1833 1184 1896 1222 ac
1916 1171 2101 1228 devote

559 1228 627 1281 ob
660 1231 749 1284 Dei
789 1248 1022 1292 amorem
1055 1239 1107 1292 in
1152 1241 1282 1296 locis
1310 1246 1406 1300 sibi
1449 1252 1745 1307 commissis
1778 1265 2096 1328 statuerunt,

558 1319 754 1373 nostris
777 1323 1151 1383 confirmamus
1175 1332 1378 1399 edictis,
1425 1338 1523 1391 hoc
1556 1342 1706 1395 nobis
1731 1349 1912 1411 procul
1939 1351 2098 1406 dubio

555 1407 622 1458 ad
646 1418 898 1465 aeternam
921 1414 1319 1486 beatitudinem,
1345 1432 1400 1476 et
1423 1428 1580 1480 totius
1599 1407 1747 1498 regni
1768 1449 1795 1484 a
1817 1435 1924 1490 Deo
1944 1440 2096 1492 nobis

554 1498 822 1552 commissi
864 1503 1080 1556 tutelam
1121 1520 1424 1563 mansurum
1467 1529 1582 1568 esse
1611 1519 1904 1586 credimus,
1931 1535 1983 1578 et
2012 1543 2094 1580 re-

553 1581 864 1639 tributorem
893 1587 1170 1645 Dominum
1202 1597 1392 1651 exinde
1421 1601 1473 1653 in
1504 1601 1680 1658 futuro
1708 1609 1902 1665 habere
1929 1615 2094 1668 conli-

1675 346 1987 406 LUDOVlCI
2021 351 2041 404 Ι
2081 351 2542 414 COGNOMENTO
2580 361 2664 414 ΡΠ

2141 464 2186 518 Α
2215 461 2279 514 de
2307 465 2468 532 sigale
2509 470 2680 522 modia
2723 482 3017 541 nongenta,
3061 477 3124 530 de
3155 479 3278 533 vino
3313 497 3446 550 puro
3481 488 3544 541 ad
3577 505 3767 551 eorum

3636 384 3773 438 liii

2210 561 2266 605 et
2293 553 2554 622 hospitum
2583 563 3082 631 suprascriptorum,
3113 582 3204 622 seu
3234 571 3300 623 ad
3323 587 3508 630 omnes
3529 586 3770 637 necessia

2210 648 2348 696 tates
2389 643 2624 711 ipsorum
2658 651 2831 704 modia
2875 653 2980 707 duo
3020 656 3182 710 millia
3227 661 3552 731 quingenta,
3589 670 3766 727 bncii

2207 743 2303 796 per
2329 731 2501 786 modia
2533 735 2808 792 duodecim
2837 741 3085 810 triginta,
3124 754 3181 799 et
3214 755 3451 819 exceptis
3478 756 3560 810 bis
3585 759 3762 814 bracii

2209 825 2318 872 tres
2357 820 2420 873 de
2462 823 2625 898 spelta
2652 830 2939 883 secundum
2978 837 3413 892 consuetudinem
3450 857 3547 910 per
3577 848 3760 901 modia

2207 905 2438 972 triginta.
2481 909 2622 963 Inter
2654 911 2887 980 Pascha,
2944 918 3131 975 Natale
3178 921 3421 990 Domini,
3451 905 3531 986 vet
3579 938 3756 989 sancti

2203 991 2436 1063 Dionysii
2500 997 2708 1052 Missam
2778 1002 3101 1072 leguminum
3148 1013 3322 1066 modia
3369 1023 3636 1085 trecenta;
3688 1023 3755 1076 de

2203 1081 2484 1140 formatico
2520 1103 2696 1156 pcnsze
2723 1101 2972 1150 trecentae
3004 1100 3253 1168 triginta;
3295 1105 3358 1159 de
3401 1109 3552 1177 adipe
3575 1081 3750 1166 modia

2201 1169 2417 1236 triginta
2464 1174 2727 1254 quinque;
2793 1182 2859 1234 de
2909 1185 3020 1238 sale
3073 1191 3245 1244 modia
3295 1169 3520 1251 ducenta
3550 1240 3564 1263 ,
3627 1218 3747 1256 cum

2198 1256 2314 1323 ipso
2351 1249 2528 1316 modio
2549 1268 2687 1333 quod
2723 1270 2943 1324 solvitur
2977 1274 3026 1326 in
3067 1279 3270 1333 salinis.
3310 1283 3391 1336 Ad
3430 1289 3748 1346 cordevesos

2196 1352 2248 1398 et
2283 1347 2420 1400 solas
2455 1364 2637 1405 eorum
2667 1361 3054 1425 componendas
3078 1367 3220 1419 uncti
3265 1369 3510 1436 ducenti;
3547 1377 3614 1430 de
3651 1379 3746 1432 bu-

2195 1445 2312 1506 tyro
2335 1444 2556 1504 sestaria
2595 1448 2850 1516 triginta;
2883 1455 3114 1511 volatilia
3147 1471 3326 1516 autem
3365 1465 3506 1518 inter
3537 1467 3742 1522 Pascha

2193 1534 2247 1578 et
2271 1526 2510 1583 Natalem
2546 1532 2752 1588 Domini
2786 1539 2852 1599 de
2891 1541 3026 1595 villis
3057 1544 3213 1611 (sicut
3255 1549 3308 1602 in
3349 1555 3743 1610 constitutionis

2190 1613 2374 1667 charta
2421 1617 2627 1684 prmfati
2679 1627 3000 1681 venerabilis
3047 1631 3144 1684 viri
3189 1637 3442 1703 scriptum
3491 1641 3738 1713 habetur)

2421 1669 2442 1684 τ
2490 1669 2627 1673 ““⁷”⁷”
2691 1669 2999 1681 """'"""""'
3053 1669 3144 1684 "U
3189 1669 3264 1688 οισι
3280 1669 3442 1703 ιγιυιιι
3491 1669 3738 1713 υάπιυῖ)

548 1669 739 1724 dimus.
786 1673 948 1743 Igitur
987 1689 1168 1734 notum
1208 1685 1277 1738 sit
1320 1691 1565 1746 omnibus
1604 1694 1847 1754 ﬁdelibus
1893 1715 2091 1759 saneta:
2119 1769 2160 1785 ﬁ
2190 1716 2310 1755 cum
2339 1704 2674 1774 integritate,
2707 1727 2825 1779 qua:
2853 1729 3012 1783 super
3043 1733 3241 1774 annum
3271 1739 3336 1777 ex
3372 1727 3450 1779 eis
3490 1731 3738 1785 omnibus

550 1756 638 1785 nn:
679 1759 921 1785 D-..I....:...
951 1779 1007 1785 _-
1043 1779 1154 1785 μη-
1194 1771 1204 1781 ο
1444 1767 1456 1779 κ
1541 1779 1572 1785 --
1749 1784 1774 1785 η

2001 1756 2087 1759 _”_
2404 1756 2674 1774 ,_a-_-..-_,
2709 1756 2824 1779 Ί-νν
2853 1756 3002 1783 νει-γυ·
3043 1756 3241 1774 uuuuul
3271 1756 3336 1777 CA
3372 1756 3450 1779 ωδ
3490 1756 3735 1785 υΙΙΙΙΙΙυυδ

548 1756 639 1809 Dei
679 1759 923 1816 Ecclesiae
948 1779 1010 1817 ac
1040 1771 1263 1833 nostris,
1308 1767 1655 1841 prasentibus
1684 1784 1886 1840 scilicet
1919 1796 1971 1842 et
2007 1789 2090 1843 fu-
2114 1769 2161 1828 Β
2187 1804 2250 1843 eo
2288 1799 2488 1858 tenore,
2535 1812 2639 1865 quo
2675 1801 2745 1853 ibi
2786 1804 3037 1872 scriptum
3079 1820 3135 1863 et
3176 1814 3479 1869 ordinatum
3505 1829 3604 1881 est,
3634 1836 3735 1874 una

548 1844 677 1881 lnric
741 1848 862 1881 ηηίσι
907 1852 988 1881 sd-
1021 1859 1336 1881 .m..-....|_:r:_
1376 1861 1455 1881 nn
1481 1865 1490 1881 ι
1535 1867 1543 1876 -
1751 1872 1799 1881 --

545 1844 700 1909 turis,
741 1848 865 1916 quia
907 1852 988 1904 vir
1021 1859 1338 1913 venerabilis
1375 1861 1672 1930 Hilduinus,
1715 1872 1880 1928 abbas
1905 1892 2086 1932 mona-

539 2035 642 2087 que
686 2022 882 2080 Christi
935 2039 1226 2100 martyrum
1275 2037 1548 2110 Dionysii,
1589 2044 1790 2102 Rustici
1834 2060 1887 2104 et
1925 2053 2082 2108 Eleu-

538 2109 832 2196 tberii,’qui
859 2117 1152 2184 peculiares
1176 2128 1387 2189 patroni
1415 2109 1584 2184 nostri
1612 2134 1797 2189 adesse
1817 2139 2076 2205 videntur,

534 2181 731 2252 nostra;
765 2181 1024 2271 suggessit
1052 2181 1355 2280 serenitati,
1392 2219 1531 2283 quod
1567 2236 1663 2288 pro
1706 2222 1797 2278 Dei
1842 2231 2081 2300 omnipo—

533 2288 694 2343 tentis
733 2305 913 2347 amore
957 2305 1012 2349 et
1045 2296 1224 2354 futuro
1250 2302 1485 2369 ejusdem
1530 2317 1954 2381 congregationis
1989 2288 2078 2374 ca-

530 2376 702 2431 vendo
729 2381 982 2448 periculo,
1023 2401 1089 2440 ne
1117 2387 1290 2456 aliqua
1336 2407 1701 2452 successorum
1733 2418 1949 2459 suorum
1985 2426 2077 2464 ne-

525 2465 776 2536 gligentia
823 2481 914 2526 aut
945 2479 1205 2543 parcitate
1248 2484 1379 2538 ordo
1418 2485 1470 2539 in
1517 2503 1579 2542 ea
1626 2499 1948 2554 monasticus
1995 2502 2075 2557 fu-

527 2562 664 2616 turis
716 2568 1041 2636 temporibus
1091 2578 1532 2646 perturharetur,
1585 2584 1725 2639 sicut
1791 2591 2072 2654 praeteritis

524 2653 853 2718 temporibus
896 2659 1233 2718 manifesz
1269 2675 1356 2724 est
1398 2673 1702 2740 contigisse,
1730 2653 1891 2733 veluti
1921 2696 2072 2750 syno-

519 2735 669 2792 dziles
692 2744 1129 2812 conscriptione‘s'
1149 2765 1309 2820 super
1348 2735 1682 2816 restitutione
1718 2765 1869 2820 istius
1900 2735 2068 2825 sancti

518 2825 723 2881 ordinis
753 2828 806 2881 in
845 2832 1030 2886 eodem
1079 2843 1402 2896 monasterio
1448 2853 1501 2900 et
1544 2858 1738 2905 nostrae
1779 2854 2066 2924 imperialis

519 2917 800 2979 potestatis
821 2920 1169 2989 conﬁrmatio,
1197 2942 1295 2982 nec
1313 2947 1416 2985 non
1446 2943 1499 2988 et
1523 2938 1726 3004 praefati
1748 2917 2064 3002 venerabilis

517 3001 727 3060 abbatis
753 3005 980 3064 Hilduini
1005 3016 1412 3086 conscriptionis
1434 3001 1618 3080 charta
1636 3030 1863 3096 pleniter
1878 3047 2062 3089 narrat

515 3107 580 3146 ex
615 3096 801 3151 ordine
837 3101 997 3168 (quod
1034 3103 1154 3159 ideo
1201 3115 1672 3184 praetermisimus,
1716 3126 1966 3190 quoniam
2003 3129 2057 3182 in
2087 3096 2128 3134 h

510 3181 713 3237 eisdem
753 3185 883 3242 locis
908 3189 1105 3258 liquide
1138 3203 1192 3249 et
1230 3208 1420 3256 exacte
1452 3181 1666 3262 constat
1687 3181 1804 3265 esse
1833 3214 2060 3284 descrip-

512 3279 648 3334 tum,
681 3274 758 3326 uti
788 3286 1098 3333 cunctorum
1140 3297 1278 3350 pene
1305 3287 1539 3344 declarat
1560 3296 1768 3366 notitia)
1797 3274 2056 3368 stipendia

511 3375 694 3414 eorum
736 3378 853 3434 qua:
894 3371 1168 3424 annuatim
1224 3374 1277 3426 in
1336 3377 1455 3432 cibo
1507 3382 1751 3450 accipere
1808 3388 2052 3456 debeant,

509 3466 608 3505 nec
642 3468 746 3506 non
773 3465 828 3508 et
859 3455 1115 3523 quasdam
1140 3463 1290 3518 villas
1321 3469 1624 3534 specialiter
1652 3479 2055 3537 necessitatibus

501 3554 690 3594 eorum
741 3543 1115 3605 deserviendas
1176 3556 1539 3612 constituisset
1593 3577 1657 3615 ac
1704 3565 2050 3635 deputasset;

501 3635 665 3695 atque
691 3645 787 3698 per
813 3631 1104 3690 litterarum
1141 3641 1331 3706 seriem
1375 3654 1427 3699 et
1459 3647 1753 3718 largitionis
1770 3631 1890 3709 sua:
1919 3660 2025 3712 scri

497 3725 653 3786 ptum
698 3730 791 3772 sua
833 3722 1164 3793 aliorumque
1202 3729 1457 3788 bonorum
1489 3737 1762 3797 hominum
1809 3746 2052 3801 manibus

499 3803 810 3860 roboratum
839 3810 917 3863 eis
944 3816 1292 3872 concessisset
1337 3835 1400 3874 ac
1427 3822 1718 3894 delegasset
1741 3870 1755 3893 ,
1793 3841 2051 3898 quatenus

496 3893 644 3946 nulla
670 3898 949 3954 occasione
975 3917 1074 3954 nec
1101 3904 1403 3970 reipublica:
1425 3893 1643 3968 servitio
1666 3919 1944 3985 quisquam
1983 3937 2045 3975 ex

494 3985 894 4040 successoribus
933 3989 1044 4042 suis
1085 3990 1518 4061 impedimentum
1547 4001 1650 4057 illis
1680 4003 1734 4056 in
1759 4004 1937 4062 futuro
1972 4010 2050 4062 in-

494 4069 640 4124 ferre
664 4073 940 4140 potuisset,
963 4091 1060 4144 pro
1094 4094 1198 4148 quo
1237 4097 1268 4136 a
1298 4086 1382 4138 via
1424 4089 1755 4147 rectitudinis
1785 4103 1836 4147 et
1867 4097 2047 4150 obser-

496 4160 708 4214 vatione
757 4163 983 4232 regulari
1023 4180 1116 4221 eos
1169 4170 1419 4227 aberrare
1467 4191 1682 4234 necesse
1729 4181 1901 4246 foret,
1953 4187 2043 4240 sed

489 4246 761 4315 deputatis
789 4251 889 4304 sibi
934 4253 1093 4308 rebus
1124 4265 1177 4311 et
1221 4259 1500 4328 stipendiis
1533 4265 1803 4333 contenti,
1843 4273 2042 4341 absque

2185 1895 2304 1932 cum
2328 1896 2488 1935 censu
2519 1887 2606 1951 qui
2636 1887 2686 1939 in
2709 1889 2969 1946 volatibus
3005 1895 3068 1949 de
3097 1898 3410 1955 molendinis
3446 1912 3501 1956 et
3537 1907 3734 1960 cambis

2065 1997 2086 2006 -
2182 1965 2338 2018 debet
2374 1971 2550 2032 exire,
2591 1973 2730 2027 sicut
2764 1991 2791 2027 a
2832 1977 2985 2049 longo
3033 1991 3270 2051 tempore
3304 2003 3420 2042 mos
3448 1990 3587 2054 fuit,
3625 1996 3733 2047 sive

2180 2053 2607 2126 indominicaue,
2659 2063 2770 2118 sive
2817 2066 2870 2118 in
2921 2068 3175 2126 beneﬂcio
3229 2075 3436 2130 donata:
3499 2079 3730 2143 fuerint,

2179 2142 2294 2196 dari
2349 2149 2725 2223 constituimus
2767 2163 2819 2206 et
2863 2156 3258 2216 confirmamus.
3302 2163 3572 2234 Saponem
3610 2185 3731 2224 vero

2177 2231 2242 2285 de
2290 2233 2420 2302 ipsis
2461 2237 2598 2292 villis
2635 2239 2795 2309 (sicut
2829 2243 2880 2296 in
2917 2246 3137 2312 prmfata
3174 2231 3584 2310 conﬁrmatione
3616 2275 3725 2312 me-

2176 2322 2366 2374 morati
2421 2324 2523 2377 viri
2576 2330 2924 2384 constitutum
2969 2333 3214 2407 habetur)
3249 2336 3492 2397 'fratrum
3550 2347 3728 2400 usibus

2171 2496 2290 2564 guis
2332 2498 2525 2553 dentur
2563 2503 2642 2557 eis
2680 2519 2945 2562 mensura:
2971 2549 2985 2573 ,
3037 2525 3152 2579 quae
3197 2517 3346 2570 midi'
3372 2522 3721 2588 appellantur,

2170 2585 2313 2638 mille
2375 2598 2626 2655 centum;
2698 2595 2762 2660 de
2808 2597 2973 2663 (melle
3032 2605 3324 2658 secundum
3377 2585 3721 2666 consuetudi-

2167 2690 2319 2742 nem;
2361 2679 2425 2733 de
2475 2682 2671 2738 tribillo
2701 2698 2855 2739 carra
2901 2689 3051 2754 duo;
3101 2692 3168 2747 de
3216 2697 3408 2750 modiis
3461 2701 3716 2766 sedecim;

2163 2763 2307 2817 olera
2364 2782 2572 2836 quoque
2599 2809 2613 2834 ,
2655 2769 2835 2842 fruges
2871 2777 3152 2844 arborum,
3190 2783 3279 2849 pix
3302 2823 3317 2845 ,
3364 2763 3714 2855 carpentarii.

2162 2853 2346 2908 circuli
2406 2856 2473 2917 ad
2534 2873 2662 2914 vasa
2727 2861 2930 2918 vinaria
2988 2872 3374 2934 praeparanda,
3434 2853 3489 2927 et
3545 2879 3717 2944 operi-

2162 2951 2340 2996 menta
2385 2952 2680 3012 tectorum;
2737 2951 2828 3005 sed
2867 2960 2921 3006 et
2975 2955 3256 3011 :edilicatio
3304 2967 3359 3012 et
3401 2965 3716 3016 restauratio

2160 3029 2526 3098 ofﬁcinarum,
2580 3038 2870 3092 secundum
2933 3043 3074 3108 quod
3136 3044 3190 3098 in
3246 3049 3530 3115 smpedicta
3588 3065 3712 3104 con-

2158 3121 2444 3189 scriptione
2481 3129 2923 3193 supramemorati
2963 3130 3289 3186 honorabilis
3324 3135 3424 3188 viri
3475 3138 3712 3193 contine-

2156 3215 2264 3272 tur,
2297 3209 2530 3264 dictante
2565 3215 2901 3279 necessitate,
2924 3219 3260 3274 ministretur
3293 3231 3347 3276 et
3376 3224 3487 3278 ﬁat.
3519 3226 3603 3280 Ad
3624 3243 3709 3282 ve-

2155 3296 2404 3350 stimenta
2433 3299 2592 3352 etiam
2616 3299 2697 3355 vel
2726 3316 2910 3359 omnes
2935 3320 3116 3360 eorum
3147 3311 3497 3377 necessitates
3523 3327 3709 3367 secun-

2154 3384 2280 3438 dum
2303 3387 2602 3457 regularem
2633 3391 3018 3450 institutionem
3041 3401 3404 3466 procurandas
3434 3404 3707 3458 confirma-

2154 3489 2272 3528 mus
2301 3475 2406 3531 illis
2433 3478 2644 3533 easdem
2671 3467 2846 3548 villas,
2889 3499 3020 3551 quas
3047 3487 3159 3554 ipse
3185 3503 3282 3557 per
3309 3505 3462 3544 suam
3492 3508 3704 3548 conces-

2152 3565 2358 3621 sionem
2383 3568 2463 3623 eis
2490 3571 2636 3625 visus
2656 3580 2746 3627 est
2772 3576 3123 3642 condonasse,
3151 3580 3203 3634 id
3237 3590 3320 3634 est
3349 3583 3600 3640 Murnum
3628 3588 3704 3657 (ut

2152 3654 2450 3721 antiquitus
2477 3659 2786 3725 vocabatur,
2818 3678 2960 3717 nunc
2988 3674 3164 3720 autem
3191 3667 3336 3722 Cella
3379 3675 3555 3727 sancti
3585 3654 3705 3728 Dio-

2150 3739 2330 3810 nysii),
2364 3741 2780 3803 Tosouisvallem
2808 3765 2928 3803 cum
2956 3750 3296 3811 Flaviac0‘et
3329 3761 3580 3815 omnibus
3611 3777 3700 3830 ap-

2147 3831 2404 3899 pendiciis
2432 3835 2560 3898 suis,
2585 3845 2807 3906 excepto
2827 3839 3337 3912 Temeriaco-curte;
3364 3848 3510 3903 Cella
3534 3853 3702 3907 sancti

2149 3919 2358 3974 Martini
2392 3922 2445 3976 in
2481 3933 2661 3980 monte
2690 3926 3011 3985 Jocundiaco
3040 3949 3159 3988 cum
3188 3939 3332 3991 omni
3365 3939 3699 4011 integritate;

2147 4007 2327 4061 villam
2369 4010 2667 4067 Pratariam
2709 4030 2831 4069 cum
2871 4020 2982 4074 suis
3023 4024 3304 4089 omnibus,
3350 4027 3699 4085 Pratariolam

2146 4108 2268 4146 cum
2305 4093 2689 4153 Sichaldicurte
2730 4110 2784 4156 et
2821 4106 3067 4160 omnibus
3096 4110 3163 4162 ad
3190 4126 3247 4166 se
3273 4116 3694 4182 pertinentibus;

2145 4183 2393 4239 Nucitum
2421 4190 2782 4256 superiorem,
2829 4201 3310 4268 cum-appendiciis
3343 4207 3488 4270 suis;
3535 4207 3699 4261 Fran-

2145 4272 2565 4339 corum-villam,
2596 4276 2839 4345 Mallare,
2878 4284 3217 4341 medietatem
3245 4288 3310 4342 de
3338 4290 3560 4358 Baliolo,
3589 4295 3699 4349 Blu-

492 4339 811 4394 necessitate
857 4348 912 4395 et
957 4343 1133 4413 inopia
1196 4351 1493 4418 regularem
1543 4372 1784 4414 normam
1836 4339 2035 4429 tenere,
2066 4389 2118 4446 D
2143 4358 2350 4422 cellam,
2380 4361 2693 4429 Bedolitum,
2720 4367 2994 4434 Villarem,
3023 4371 3552 4434 Waseonem—villam
3577 4396 3694 4436 cum

484 4435 546 4479 et
580 4428 696 4483 sine
720 4433 1172 4501 prazvaricatione,
1208 4450 1462 4508 quantum
1502 4447 1731 4503 humana
1768 4451 1895 4506 sinit
1936 4454 2040 4508 fra-

483 4517 686 4584 gilitas,
727 4523 1014 4578 observare
1043 4526 1354 4594 quivissent.
1393 4532 1542 4588 Unde
1585 4535 1854 4595 humiliter
1887 4544 2039 4610 petiit

485 4607 852 4664 celsitudinem
904 4621 1174 4680 nostram,
1222 4626 1282 4672 ut
1328 4635 1426 4688 pro
1466 4623 1541 4678 rei
1593 4625 1842 4683 ﬁrmitate
1877 4607 2037 4700 super

485 4698 671 4750 eadem
702 4701 1078 4768 constitutione
1119 4708 1450 4764 auctoritatis
1483 4721 1680 4768 nostrae
1713 4698 2033 4786 praeceptum

486 4799 586 4854 pro
630 4786 805 4838 divino
858 4788 1085 4853 intuitu,
1133 4800 1188 4845 et
1240 4795 1475 4862 ipsorum
1528 4811 1831 4858 sanctorum
1885 4823 2033 4863 reve-

2142 4447 2446 4517 integritate
2493 4465 2588 4504 sua
2634 4459 2687 4508 et
2730 4455 2975 4511 omnibus
3021 4463 3379 4528 appendiciis;
3437 4475 3494 4521 et
3539 4483 3694 4523 omne

2142 4535 2405 4592 teloneum
2435 4547 2593 4607 atque
2627 4556 2870 4607 censum,
2899 4547 3041 4614 quod
3076 4550 3140 4603 de
3175 4563 3417 4608 mercato
3444 4559 3694 4612 anniver-

2138 4624 2234 4677 sali
2268 4640 2364 4692 per
2386 4619 2727 4685 festivitatém
2741 4636 2920 4687 sancti
2946 4634 3182 4708 Dionysii
3210 4642 3358 4696 exire
3386 4648 3698 4712 consuevit.

2137 4713 2274 4769 sicut
2313 4714 2462 4770 bona:
2494 4718 2767 4787 beateque
2799 4725 3071 4780 memoriae
3095 4726 3321 4785 domnus
3349 4745 3482 4786 avus
3507 4745 3690 4790 noster

2134 4800 2386 4870 Pippinus
2412 4820 2507 4872 per
2533 4822 2686 4861 suum
2725 4821 3047 4881 praeceptum
3089 4815 3168 4870 eis
3205 4817 3383 4882 dedit,
3430 4823 3686 4891 quidquid

487 4873 656 4927 rentia
695 4873 810 4929 ﬁeri
846 4874 1185 4944 juberemus,
1238 4899 1335 4952 per
1377 4889 1517 4955 quod
1563 4890 1775 4947 inantea
1826 4897 2032 4952 stabilis

2167 4891 2322 4946 xinde
2355 4909 2478 4962 pars
2508 4896 2619 4951 lisci
2647 4907 2855 4966 poterat
2877 4911 3147 4969 exactare,
3176 4921 3274 4963 nec
3300 4924 3406 4963 non
3434 4921 3492 4965 et
3517 4913 3686 4966 Trim-

483 4971 540 5018 ct
585 4964 834 5020 inviolata
869 4980 1227 5038 permaneret.
1277 4976 1382 5031 Nos
1424 4994 1550 5033 vero
1586 4982 1826 5050 petitioni
1871 4987 2029 5054 illius,

482 5052 608 5118 quia
648 5055 943 5108 necessaria
974 5065 1027 5110 ct
1061 5060 1390 5118 rationabilis
1415 5074 1551 5130 erat,
1600 5084 1782 5124 aurem
1823 5087 2028 5129 accom-

483 5141 791 5205 modantes,
843 5143 1001 5200 veluti
1043 5151 1401 5216 postulaverat
1433 5156 1546 5211 ﬁeri
1583 5160 2021 5228 adjudicavimus.

478 5227 813 5299 Quapropter
861 5236 1144 5292 statuimus
1193 5249 1353 5310 atque
1394 5227 1681 5313 iubemus,
1735 5254 2024 5309 secundum

476 5322 620 5389 quod
661 5324 714 5375 in
737 5323 882 5379 illius
920 5327 1255 5384 ordinatione
1281 5333 1602 5398 continetur,
1641 5345 1700 5390 ut
1729 5339 1922 5394 dentur
1941 5343 2026 5397 .eis

475 5411 630 5464 annis
654 5412 871 5481 singulis
900 5413 966 5467 de
995 5416 1170 5471 tritico
1205 5434 1357 5487 puro,
1389 5422 1454 5475 ad
1479 5438 1660 5476 eorum
1684 5420 2024 5496 et‘liospitum

478 5501 531 5553 in
583 5502 914 5557 refcetorium
945 5507 1264 5562 venientium
1301 5526 1433 5577 Opus
1458 5553 1470 5575 ,
1524 5516 1698 5568 modia
1731 5518 1833 5570 duo
1866 5518 2026 5571 millia

481 5600 710 5646 centum.
750 5594 825 5650 Ad
863 5599 1199 5666 prcebcndam
1231 5600 1540 5656 famulorum
1576 5605 1674 5658 illis
1704 5608 2024 5661 set‘vcntium

2130 4978 2294 5032 lidum
2343 4995 2406 5034 ac
2445 4982 2860 5054 Villam-pictam
2911 5004 3032 5044 cum
3078 4995 3223 5047 omni
3270 4995 3577 5067 integritate
3625 5015 3684 5054 ac

2127 5070 2377 5125 omnibus
2403 5074 2726 5140 appendiciis
2749 5077 2816 5132 ad
2843 5092 2934 5134 eas
2960 5083 3377 5152 pertinentibus;
3407 5088 3687 5156 Ilajorem-

2128 5160 2307 5214 villam
2348 5178 2470 5217 cum
2500 5165 2843 5236 integritate:
2886 5170 2940 5223 in
2983 5171 3098 5242 ipso
3127 5174 3244 5230 vico
3279 5192 3496 5234 mansos
3530 5181 3678 5244 duos,

2131 5258 2186 5303 et
2215 5252 2526 5306 mansionile
2554 5255 2608 5308 in
2634 5264 2811 5312 monte
2841 5257 3024 5314 Sautia
3050 5277 3172 5316 cum
3201 5267 3514 5345 adiacentiis
3540 5271 3678 5335 suis;

2132 5354 2290 5409 super
2326 5339 2628 5411 Sequanam
2655 5361 2784 5402 vero
2810 5347 3078 5418 Capellam
3122 5357 3293 5411 sancti
3331 5343 3571 5414 Audbeni
3613 5361 3678 5413 ad

2133 5431 2265 5485 retia
2317 5434 2604 5504 piscatoria
2655 5439 2980 5495 emendanda
3031 5443 3116 5498 vel
3164 5446 3499 5512 ordinanda,
3559 5464 3674 5504 uim

2133 5537 2316 5577 manso
2343 5540 2446 5579 uno
2479 5527 2530 5579 in
2565 5526 2818 5598 Bonogilo
2847 5546 2966 5584 cum
3001 5533 3308 5603 integritate
3339 5552 3463 5598 sua;
3503 5540 3554 5592 in
3583 5539 3670 5590 Al-

2134 5613 2308 5668 vcrnis
2340 5629 2551 5669 mansos
2581 5616 2732 5682 duos,
2762 5625 2812 5671 et
2845 5618 2895 5672 iu
2927 5618 3269 5696 Campiniago
3304 5643 3518 5682 mansos
3544 5628 3667 5680 duos
