3924 6360
197 347 217 367 ⁸
259 376 402 432 teis
1363 381 1752 438 [meum
1796 384 2354 443 ECCLESIASTICA.
3360 397 3497 456 tau

248 499 321 552 ad
356 497 741 565 piscationem;
777 498 966 552 Villam
996 499 1234 553 Exonam
1262 517 1382 555 cum
1412 516 1574 556 censu
1609 509 1661 556 et
1691 502 1824 555 inte-
1853 504 1900 561 Α
1932 507 2038 553 tam
2089 502 2339 555 studeant
2387 501 2694 565 custodire;
2751 511 2804 556 et
2850 502 3066 572 speciali
3117 504 3498 563 sollicitudinis

243 588 448 658 gritate
473 603 600 651 sua;
637 602 729 642 seu
757 596 810 642 et
839 604 1052 644 mansos
1081 600 1135 643 et
1161 591 1345 645 vineas
1376 592 1427 645 in
1459 593 1618 646 Belna
1639 633 1652 657 ,
1691 608 1826 662 quas

245 676 448 732 Franci
479 679 722 734 homines
751 680 917 748 ipsius
942 682 1369 750 congregationis
1397 681 1654 736 fratribus
1681 682 1822 736 dele-

247 776 546 846 gaverunt;
584 785 681 824 nec
709 786 812 824 non
851 771 905 825 in
937 772 1237 835 Vanicolas,
1268 773 1404 827 sicut
1433 774 1740 828 continetur
1768 774 1820 826 in

247 868 553 914 memorato
579 860 811 930 scripto;
850 876 1066 916 censum
1097 863 1258 916 etiam
1289 860 1504 917 solitum
1532 863 1598 918 de
1626 878 1818 929 venna,

243 967 372 1020 qua:
420 961 503 1006 est
548 967 710 1022 super
734 951 952 1007 ﬂuvium
983 953 1128 1007 Loch
1151 993 1164 1018 ,
1214 962 1267 1008 et
1314 954 1379 1009 de
1425 969 1560 1024 pago
1591 955 1816 1018 Pontiu,

241 1051 412 1112 atque
444 1058 667 1098 censum
696 1043 761 1098 de
793 1043 1089 1107 Flandriis,
1131 1043 1271 1098 sicut
1309 1045 1637 1098 consuetudo
1676 1043 1813 1107 fuit;

240 1133 428 1188 villam
459 1134 722 1202 siquidem
750 1149 868 1202 quae
898 1134 1095 1187 dicitur
1121 1133 1458 1197 Brinevallis,
1491 1148 1590 1187 nec
1623 1148 1729 1187 non
1764 1141 1820 1188 et

241 1239 425 1278 mares
453 1233 506 1279 et
530 1225 859 1294 piscaturam
904 1224 958 1278 in
988 1223 1152 1278 Tellis
1185 1237 1305 1278 cum
1332 1223 1478 1276 omni
1510 1223 1816 1292 integritate

237 1323 354 1369 tam
384 1317 436 1370 in
464 1332 629 1370 censu
654 1331 813 1386 quam
845 1317 897 1369 in
924 1315 1254 1384 appendiciis
1275 1330 1492 1379 eorum;
1521 1323 1582 1368 et.
1599 1329 1814 1368 mansos

239 1406 296 1460 in
331 1407 556 1474 Bracio,
602 1419 657 1462 et
700 1408 1059 1478 Cabaregium
1106 1408 1158 1460 in
1201 1408 1464 1476 Bagasino
1507 1423 1626 1462 cum
1668 1408 1811 1460 omni

236 1499 550 1569 integritate
581 1508 635 1554 et
664 1499 997 1568 appendiciis
1036 1499 1176 1562 suis,
1222 1499 1289 1552 de
1333 1498 1525 1565 quibus
1569 1497 1811 1566 quadam

234 1591 522 1659 conjacent
567 1591 619 1643 in
663 1605 800 1660 pago
827 1589 1180 1644 Constantino
1219 1589 1284 1642 ad
1315 1588 1630 1657 capiendum
1660 1602 1809 1641 cras-

232 1696 356 1734 sum
401 1681 620 1750 piscem.
674 1680 780 1734 llas
827 1681 988 1749 igitur
1027 1679 1180 1733 villas
1220 1693 1341 1732 cum
1386 1677 1714 1746 appendiciis
1757 1686 1811 1730 et

1928 603 2054 642 cura
2084 590 2431 658 provideant,
2472 605 2541 642 ne
2570 589 2747 658 aliqua
2779 593 2984 659 antiqui
3017 593 3188 647 hostis
3217 603 3494 665 satagente

1924 678 2216 734 calliditate
2257 681 2379 734 inde
2419 695 2571 734 sacer
2611 681 2742 734 ordo
2785 691 3126 747 amoveatur,
3179 693 3274 738 aut
3314 687 3492 742 minus

1922 769 2161 837 perfecte
2185 787 2347 841 quam
2376 772 2607 825 humana
2635 773 2762 826 sinit
2788 771 3049 842 fragilitas
3078 776 3132 828 in
3153 777 3348 837 eodem
3374 777 3499 833 loco

1921 861 2244 929 praavalente
2273 862 2597 932 negligentia
2630 864 2932 933 gradiatur;
2967 866 3060 919 sed
3087 867 3226 921 sicut
3255 883 3353 923 nos
3379 871 3491 924 sin-

1921 950 2160 1020 gularem
2190 967 2376 1007 curam
2395 993 2411 1018 ,
2448 954 2574 1022 quia
2604 955 2677 1008 ita
2708 955 3133 1024 przedecessores
3159 967 3213 1012 et
3239 962 3489 1032 progeni-

1920 1048 2067 1096 tores
2095 1043 2426 1098 excellentia:
2470 1052 2666 1098 nostrte
2711 1045 2965 1099 habuisse
3002 1056 3330 1116 compertum
3369 1061 3482 1116 est,

1918 1146 2079 1200 quam
2126 1133 2256 1187 inibi
2300 1134 2388 1203 pia
2435 1132 3098 1204 sepultorum‘corporum
3144 1139 3486 1206 amplectitur

1916 1236 2102 1275 eorum
2132 1224 2388 1277 memoria
2410 1263 2424 1286 ,
2478 1237 2576 1276 nos
2623 1223 2784 1276 etiam
2825 1225 2948 1280 inde
2983 1227 3183 1281 habere
3217 1228 3483 1295 videmur,

1916 1312 2144 1368 sollicite
2168 1314 2420 1368 studeant
2446 1313 2628 1367 divino
2658 1313 2874 1378 intuitu,
2903 1330 2969 1371 ne
2998 1316 3182 1370 talium
3213 1328 3483 1374 rectorum

1915 1403 2164 1459 manibus
2198 1402 2313 1472 jam
2344 1404 2544 1457 dictum
2576 1404 2999 1458 sacratissimum
3029 1405 3202 1460 locum
3238 1408 3485 1461 commit-

1915 1500 2059 1556 tant,
2087 1508 2316 1562 quorum
2347 1493 2582 1546 versutia
2623 1500 2715 1546 aut
2751 1492 3077 1563 negligentia
3110 1496 3176 1548 ab
3206 1510 3270 1549 eo
3298 1496 3485 1566 religio

1912 1583 2159 1647 decidat,
2207 1593 2263 1637 et
2306 1584 2482 1652 inepia
2515 1583 2598 1638 vel
2627 1585 2860 1655 torporis
2893 1585 3214 1654 negligentia
3252 1594 3481 1649 crescat,

1911 1671 2001 1724 sed
2027 1673 2205 1741 potius
2229 1673 2301 1726 ita
2324 1673 2568 1726 eumdem
2600 1672 3024 1728 sacratissimum
3047 1671 3226 1728 locum
3253 1674 3482 1729 sollicite

233 1771 535 1826 redditibus
560 1771 640 1824 vel
671 1770 973 1838 mancipiis,
1006 1769 1118 1823 sive
1142 1784 1263 1823 cum
1294 1768 1543 1822 omnibus
1568 1783 1686 1836 quae
1714 1782 1810 1835 per
1908 1760 2100 1828 pieque
2132 1768 2382 1824 tractent.
2411 1769 2680 1830 quatenus
2708 1762 2862 1816 nobis
2891 1771 2944 1815 et
2971 1761 3075 1816 illis
3108 1771 3323 1817 εἰει-ηπ
3353 1763 3480 1817 bea-

229 1861 510 1930 precarias
535 1870 623 1914 aut
648 1876 744 1930 per
764 1859 1026 1914 beneﬁcia
1053 1858 1247 1912 exinde
1273 1858 1520 1911 homines
1554 1858 1806 1920 retinent,
1839 1841 1884 1899 Β
1916 1851 2154 1906 tiludinis
2183 1851 2350 1921 gloria
2383 1852 2504 1905 inde
2526 1851 2742 1907 Christo
2773 1866 2927 1933 opem
2953 1847 3158 1908 ferente
3187 1862 3400 1907 maneat
3426 1863 3484 1908 et

229 1961 292 2006 ut
316 1962 436 2021 post
461 1967 645 2008 eorum
670 1953 949 2007 decessum
975 1950 1043 2005 ad
1065 1965 1194 2004 usus
1216 1948 1442 2004 fratrum
1466 1955 1520 2002 et
1545 1948 1807 2018 stipendia

228 2051 529 2096 memorata
561 2049 918 2106 revertantur,
950 2040 1211 2096 fratribus
1239 2039 1406 2109 ipsius
1435 2038 1806 2108 congregatio-

227 2135 317 2187 nis
345 2133 411 2186 ad
442 2133 700 2202 speciales
724 2148 910 2187 eorum
936 2131 1305 2194 necessitates,
1333 2129 1594 2205 imperiali
1623 2121 1806 2182 aucto-

229 2222 395 2276 ritate
437 2230 489 2276 et
533 2221 862 2292 indulgentia
903 2236 1000 2290 per
1026 2221 1129 2274 hoc
1157 2228 1482 2290 prmeeptum
1515 2218 1805 2273 conﬁrma-

231 2311 652 2374 tionis‘nostraz,
698 2311 837 2366 sicut
879 2308 1164 2378 praedictus
1192 2307 1514 2362 venerabilis
1544 2306 1710 2361 abbas
1748 2307 1802 2360 in

229 2417 330 2455 sua
356 2401 693 2455 conﬁrmavit
719 2400 1122 2461 constitutione,
1151 2398 1330 2453 stabili
1359 2398 1480 2468 jure
1509 2397 1588 2452 eis
1613 2412 1804 2454 conce-

227 2494 406 2546 dimus
433 2503 487 2546 ct
512 2492 892 2546 conﬁrmamus
921 2510 932 2544 :
963 2489 1334 2560 praecipientes
1361 2497 1419 2542 ut
1443 2489 1618 2544 nullus
1639 2489 1802 2544 abba-

225 2588 338 2634 tum
369 2595 466 2649 per
494 2581 862 2636 successiones
904 2580 1046 2647 quod
1087 2578 1287 2634 salubri
1327 2580 1436 2648 egit
1479 2580 1702 2634 consilio
1744 2591 1801 2635 et

221 2683 412 2728 nostro
437 2683 518 2728 est
547 2673 859 2730 roboratum
885 2672 1081 2734 edicto,
1106 2671 1423 2725 subtrahere
1449 2670 1530 2724 vel
1558 2671 1801 2726 minuere

221 2760 435 2823 audeat,
467 2761 549 2814 vel
581 2761 646 2814 ad
675 2775 807 2814 usus
836 2774 963 2813 suos
991 2765 1326 2827 retorqueat,
1354 2757 1436 2812 vel
1461 2757 1619 2812 alicui
1646 2759 1800 2826 quid-

221 2851 349 2904 da-m
383 2851 505 2904 inde
534 2850 588 2904 in
615 2851 938 2905 beneficium
968 2849 1204 2914 tribuat;
1250 2849 1343 2904 sed
1375 2864 1548 2918 neque
1579 2850 1796 2904 servitia

219 2957 289 2995 ex
317 2941 394 2996 eis
419 2940 557 2995 villis
582 2948 812 3005 exactet,
834 2955 1010 3009 neque
1035 2937 1393 3007 paraveredos
1416 2947 1509 2991 aut
1533 2952 1797 3006 expensas

219 3033 288 3086 ad
315 3032 584 3102 hospitum
606 3031 976 3100 susceptiones
999 3029 1242 3098 recipiat,
1265 3038 1357 3083 aut
1381 3028 1515 3083 ullas
1541 3029 1594 3082 in
1615 3028 1792 3095 aliqua

217 3139 279 3178 re
312 3123 618 3186 exactiones
650 3129 741 3176 aut
769 3121 1191 3175 mansionaticos
1232 3121 1354 3175 inde
1378 3121 1561 3190 exigat
1589 3121 1791 3188 absque

217 3211 512 3265 inevitabili
544 3211 886 3273 necessitate,
918 3217 1113 3278 praeter
1137 3209 1636 3264 consuetudinarias
1664 3224 1791 3277 ope-
1821 3190 1863 3250 Ο

215 3301 456 3355 rationes
498 3317 616 3370 quae
664 3301 716 3353 in
762 3301 1044 3369 smpedicta
1080 3301 1359 3354 memorati
1389 3301 1489 3354 viri
1525 3301 1788 3355 constitu-

212 3393 378 3447 tionis
398 3394 590 3463 pagina
612 3393 893 3462 descriptae
914 3394 1197 3456 habentur,
1223 3394 1418 3462 quibus
1441 3393 1572 3447 nihil
1595 3395 1792 3448 addere

209 3477 501 3559 quisquam
541 3499 775 3552 unquam
816 3491 1126 3551 praesumat.
1185 3482 1562 3553 Suprascripta
1607 3494 1786 3537 autem

211 3575 282 3628 ad
304 3583 519 3628 centum
545 3575 928 3644 quinquaginta
952 3569 1338 3628 monachorum
1365 3589 1644 3628 numerum
1665 3582 1791 3627 sunt

209 3666 505 3729 ordinata:
554 3679 618 3718 ex
663 3665 858 3733 quibus
902 3664 974 3717 nil
1021 3665 1266 3731 cuiquam
1311 3665 1562 3717 abbatum
1607 3665 1788 3718 licebit

211 3771 448 3825 unquam
476 3756 824 3818 subtrahere;
863 3769 1058 3824 angere
1090 3769 1218 3807 vero
1249 3753 1339 3821 qui
1368 3752 1508 3806 forte
1535 3753 1781 3817 voluerit,

207 3849 582 3918 multiplicatis
611 3849 677 3902 ad
713 3863 867 3902 usum
900 3862 1085 3902 eorum
1117 3846 1306 3915 opibus
1327 3885 1341 3909 ,
1391 3845 1693 3900 accmnulct
1731 3855 1785 3898 et

205 3940 414 3994 servitii
459 3939 624 3993 divini
667 3939 940 3994 cultores:
977 3939 1066 4008 qui
1096 3953 1223 3992 vero
1255 3936 1432 3991 facere
1464 3937 1619 3991 aliter
1647 3952 1785 4006 prae-

204 4029 520 4096 sumpserit,
549 4036 602 4082 et
627 4036 747 4097 post
777 4029 1072 4083 discessum
1101 4036 1345 4081 nostrum
1377 4027 1516 4080 hanc
1539 4035 1790 4080 nostram.

204 4116 673 4171 confirmationem
699 4133 860 4187 quam
887 4129 1050 4186 super
1077 4116 1314 4185 prmdirti
1336 4115 1657 4170 venerabilis
1681 4116 1781 4169 viri

204 4207 444 4261 iiilduini
476 4208 859 4262 constitutione
890 4206 1132 4270 fecimus,
1157 4205 1354 4259 violare
1379 4205 1626 4269 voluerit,
1651 4217 1781 4273 que-

203 4296 315 4350 rela
348 4297 415 4351 ad
441 4311 780 4351 successores
809 4303 1045 4360 nostros,
1069 4293 1160 4362 qui
1189 4302 1314 4348 tunc
1343 4293 1601 4362 temporis
1626 4292 1781 4348 nobis

200 4389 525 4459 superstites
551 4387 771 4453 fuerint,
802 4387 1065 4448 deveniat,
1097 4386 1303 4454 ipsique
1335 4385 1516 4454 agnita
1546 4384 1780 4439 auctori-

202 4490 316 4535 tate
346 4491 529 4536 nostra
564 4489 762 4535 nostra:
791 4478 1192 4534 constitutionis
1220 4485 1420 4532 statuta
1453 4475 1775 4540 defendant,

199 4579 257 4624 et
282 4585 392 4624 suae
419 4569 756 4624 auctoritatis
781 4577 1052 4638 praecepto
1079 4567 1429 4632 conﬁrment,
1476 4567 1614 4621 sicut
1651 4582 1680 4620 a
1719 4583 1776 4621 se

198 4662 338 4715 bene
364 4668 514 4730 gesta
538 4659 752 4714 defendi
777 4668 832 4713 et
853 4657 1160 4713 conﬁrmari
1187 4671 1216 4709 a
1241 4657 1353 4710 suis
1374 4656 1775 4711 successoribus

199 4748 314 4802 Deo
342 4755 611 4802 annuente
640 4747 936 4808 voluerint,
969 4744 1198 4814 qualiter
1223 4745 1417 4798 futuris
1446 4744 1774 4813 temporibus

197 4835 398 4890 fratres
436 4837 487 4890 in
530 4835 776 4890 cmnobio
810 4833 1119 4904 supradicto
1148 4832 1388 4902 regulam
1426 4833 1567 4887 beati
1597 4832 1768 4888 Bene-

195 4926 328 4980 dicti
357 4935 652 4990 servantes,
683 4926 884 4993 absque
914 4923 1317 4993 perturbatione
1344 4924 1454 4978 Deo
1483 4924 1649 4978 libere
1679 4925 1770 4978 de-

195 5015 404 5071 servire
449 5023 690 5085 queant,
737 5015 998 5082 nobisque
1047 5026 1144 5081 pro
1192 5021 1307 5066 rata
1357 5011 1763 5067 conﬁrmatione

195 5120 404 5160 merces
448 5106 500 5158 in
541 5113 796 5173 perpetua
828 5111 1266 5170 recompensetur
1293 5103 1615 5156 aeternitate.
1659 5101 1764 5156 Ob-

195 5189 321 5250 nixe
342 5196 504 5249 etiam
530 5209 594 5249 ac
617 5193 958 5248 devotissizne
979 5203 1165 5246 omnes
1191 5205 1532 5246 successores
1551 5199 1764 5244 nostros

194 5302 292 5356 per
309 5286 729 5354 omnipotentem
757 5284 1040 5339 Dominum
1069 5293 1125 5336 et
1150 5291 1367 5337 mter-na:
1395 5281 1763 5337 retributionis

194 5391 432 5432 amorem
483 5383 537 5429 et
582 5375 725 5444 piam
771 5374 1132 5436 reverentiam
1182 5373 1403 5426 istorum
1449 5372 1758 5440 specialium

193 5475 556 5538 protectorum
586 5475 897 5521 nostrorum
944 5465 997 5518 in
1039 5465 1141 5518 hoc
1179 5459 1364 5518 sancto
1399 5463 1763 5532 reputavimus

191 5558 329 5621 loco,
357 5571 457 5613 nec
483 5573 590 5612 non
615 5565 670 5610 et
692 5558 832 5611 hanc
856 5554 1252 5611 constitutionis
1278 5552 1759 5615 conﬁrmationem,

194 5664 353 5717 quam
382 5649 448 5702 ad
484 5648 869 5702 monachorum
897 5645 1254 5716 providendas
1281 5643 1554 5711 regulares
1584 5657 1766 5696 ncces-

194 5739 380 5793 sitates
421 5737 682 5806 imperiali
715 5736 1047 5790 ﬁrmavimus
1078 5733 1426 5795 auctoritate,
1473 5733 1760 5786 intemera-

1911 1951 2207 1997 acerescat.
2245 1943 2312 1996 Et
2338 1951 2398 1997 ut
2427 1943 2540 1997 haec
2569 1943 2893 2004 auctoritas,
2927 1956 3088 2010 quam
3115 1943 3182 1996 ob
3209 1942 3302 1996 Dei
3332 1957 3481 1996 amo—

1906 2047 2022 2086 rem
2052 2041 2106 2086 et
2131 2033 2326 2087 animae
2359 2042 2559 2086 nostrae
2591 2031 2887 2086 remedium
2921 2033 3239 2097 statuimus,
3279 2031 3480 2085 ﬁrmio-

1907 2138 2019 2177 rem
2050 2123 2291 2178 obtineat
2314 2123 2577 2193 vigorem,
2607 2131 2663 2177 et
2687 2123 2942 2193 deinceps
2969 2123 3281 2178 inconvulsa
3307 2124 3479 2177 valeat

1905 2215 2230 2282 perdurare,
2271 2230 2465 2268 manus
2493 2223 2693 2268 nostra:
2722 2215 3116 2283 subscriptione
3151 2229 3270 2268 eam
3296 2213 3480 2269 subter

1907 2306 2262 2371 firmavimus,
2288 2316 2344 2361 et
2371 2305 2569 2360 annulo
2597 2313 2780 2360 nostro
2807 2305 3028 2374 sigillari
3048 2303 3328 2373 jussimus.

1977 2396 2200 2467 Signum
2229 2398 2480 2453 Ludovici
2511 2397 2842 2452 serenissimi
2873 2392 3235 2466 imperatoris.

1973 2487 2355 2542 Hirminmaris
2399 2489 2644 2543 notarius
2688 2488 2756 2542 ad
2793 2487 2966 2542 vicem
2995 2487 3286 2544 Theotonis
3326 2502 3478 2544 reco—

1901 2578 2084 2646 gnovit
2113 2586 2169 2636 et
2193 2578 2534 2648 subscripsit.

1971 2666 2104 2720 Data
2124 2683 2205 2720 vn
2243 2667 2362 2721 Kal.
2393 2667 2667 2736 Septemb.
2697 2683 2860 2734 anno,
2892 2668 3110 2724 Christo
3131 2670 3382 2740 propitio,
3408 2671 3472 2728 i9

1901 2757 2112 2826 imperii
2142 2758 2323 2812 domni
2350 2757 2608 2813 Ludovici
2640 2759 2972 2814 serenissimi
3010 2760 3367 2830 imperatoris,
3395 2762 3474 2815 in-

1900 2847 2135 2902 dictione
2158 2847 2241 2901 10.
2273 2846 2467 2901 Actum
2493 2849 2820 2904 monasterio
2842 2849 3013 2904 sancti
3036 2850 3274 2920 Dionysii
3301 2850 3354 2904 in
3377 2850 3472 2904 Dei

1899 2941 2117 2995 nomine
2142 2939 2396 2995 feliciter.
2424 2939 2617 2995 Amen.

2569 3028 2798 3084 CLXXI.

2022 3136 2122 3175 PRO
2161 3135 2496 3176 ΙΙΟΝΑΒΤΕΒΙΟ
2534 3135 2719 3175 ΒΛΝΕΤΙ
2759 3136 2984 3178 ιιΑιιτιιςι
3025 3138 3362 3179 τυιιοκειτεις.

2510 3210 2683 3280 (Amm
2713 3210 2860 3282 832.)

1898 3301 1998 3372 [Ex
2023 3302 2307 3358 Chartario
2330 3303 2385 3360 S.
2406 3303 2638 3367 Martini,
2663 3304 2801 3372 apud
2827 3303 3001 3369 Mart,
3020 3303 3269 3358 Thesaur.
3285 3303 3468 3359 anecd.

2427 3381 2557 3426 tom.
2590 3372 2639 3437 l,
2679 3388 2800 3442 pag.
2828 3372 2943 3444 29.]

1963 3484 2020 3537 In
2061 3485 2279 3538 nomine
2316 3483 2530 3538 Domini
2571 3482 2666 3535 Dei
2706 3491 2762 3535 et
2803 3481 3097 3536 Salvatoris
3138 3482 3302 3535 nostri
3342 3479 3469 3536 Jesu

1890 3573 2113 3639 Christi,
2131 3573 2455 3637 Ludovicus,
2477 3571 2657 3627 divina
2679 3571 2961 3626 ordinante
2989 3571 3346 3640 providentia,
3371 3571 3469 3626 im-

1890 3673 2110 3734 perator
2138 3663 2430 3734 Augustus.

1959 3755 2015 3809 Si
2046 3755 2178 3808 locis
2210 3753 2320 3807 Deo
2353 3753 2546 3806 dicatis
2576 3751 2831 3824 quiddam
2866 3750 3087 3804 honoris
3115 3749 3465 3812 conferimus,

1885 3854 1939 3900 et
1964 3845 2072 3899 Deo
2099 3845 2152 3898 in
2177 3845 2257 3899 eis
2283 3843 2660 3896 famulantium
2691 3842 2839 3911 pacis
2869 3849 2923 3895 et
2948 3839 3350 3909 tranquillitatis
3375 3853 3468 3895 cu-

1886 3955 2000 3994 ram
2035 3942 2293 4012 gerimus,
2330 3948 2385 3995 et
2423 3939 2491 3994 ad
2533 3938 2892 3994 ministerium
2926 3953 3082 3992 suum
3120 3937 3343 3991 liberius
3372 3951 3469 3991 ex-

1885 4033 2218 4102 sequendum
2246 4047 2403 4100 opem
2427 4031 2669 4094 ferimus,
2696 4030 2796 4082 hoc
2825 4030 2978 4082 nobis
3002 4027 3188 4096 procul
3213 4027 3375 4081 dubio
3395 4027 3465 4080 ad

1883 4129 2085 4177 statum
2124 4123 2276 4192 regni
2315 4120 2485 4175 nostri
2523 4118 3009 4182 corroborandum,
3054 4125 3110 4171 et
3145 4117 3211 4170 ad
3250 4124 3467 4171 aeternas

1884 4212 2006 4265 vitm
2054 4210 2445 4266 beatitudinem
2493 4206 2914 4278 capessendam,
2963 4205 3298 4276 profuturum
3343 4220 3471 4260 esse

1883 4302 2172 4373 credimus,
2203 4299 2410 4354 idcirco
2439 4307 2628 4352 notum
2655 4297 2771 4352 fieri
2798 4296 3044 4366 volumus
3069 4295 3318 4351 omnibus
3341 4293 3465 4350 ﬁde-

1882 4392 2022 4447 libus
2066 4398 2269 4447 sancta:
2315 4389 2406 4444 Dei
2449 4387 2704 4442 Ecclesiae
2744 4394 2800 4441 et
2840 4385 3059 4450 nostris,
3105 4385 3467 4454 pauentibus

1883 4481 2088 4535 scilicet
2113 4490 2169 4534 et
2196 4480 2408 4541 futuris,
2434 4478 2576 4546 quod
2603 4475 2930 4531 venerabilis
2958 4474 3125 4528 abbas
3154 4473 3465 4543 Fridegisus

1883 4569 2198 4623 monasterii
2245 4568 2301 4622 S.
2347 4567 2557 4621 Martini
2603 4566 2814 4636 patroni
2861 4567 3050 4630 nostri,
3095 4565 3150 4619 in
3197 4579 3304 4635 quo
3343 4565 3462 4635 ipse

1880 4674 2106 4728 corpore
2130 4658 2438 4728 requiescit,
2468 4657 2700 4712 innotuit
2727 4655 3031 4710 celsitudini
3063 4663 3262 4711 nostra:
3289 4655 3459 4727 quali-

1879 4756 1962 4802 ter
1997 4748 2138 4802 idem
2177 4749 2291 4816 ipse
2326 4747 2524 4816 partim
2553 4761 2649 4814 per
2684 4745 3072 4814 ignorantiam,
3105 4745 3304 4814 partim
3331 4759 3462 4799 vero

1877 4854 1975 4908 per
2013 4839 2406 4908 suggestionem
2447 4836 2800 4904 quorumdam
2844 4835 3152 4898 hominum,
3195 4833 3456 4903 quasdam

1875 4929 2028 4983 villas
2058 4930 2297 5001 ejusdem
2333 4928 2643 4983 monasterii
2673 4927 2773 4981 sibi
2802 4925 3162 4979 servientibus
3204 4924 3258 4978 in
3293 4924 3456 4978 bene.

1870 5020 2051 5073 ﬁcium
2080 5021 2338 5083 dedisset,
2371 5034 2488 5088 qua:
2511 5018 2576 5072 ad
2605 5033 2763 5072 usum
2791 5016 3015 5071 fratrum
3045 5015 3099 5068 in
3123 5015 3313 5068 eodem
3342 5029 3450 5067 mo-

1868 5111 2108 5163 nasterio
2128 5110 2434 5179 degentium
2460 5109 2589 5162 olim
2619 5108 2885 5175 deputata:
2907 5105 3150 5165 fuerant;
3175 5111 3229 5156 et
3257 5103 3326 5156 ob
3352 5103 3455 5158 hoc

1869 5201 2191 5255 vestimenta
2231 5206 2287 5254 et
2325 5207 2569 5267 sumptus
2606 5197 2942 5250 necessarios
2974 5194 3056 5249 eis
3094 5193 3324 5262 pleniter
3351 5193 3450 5245 mi.

1869 5294 2102 5347 nistrare
2127 5306 2243 5363 pou
2271 5298 2472 5360 posset.
2501 5288 2859 5356 Quamobrem
2886 5287 3028 5340 idem
3055 5285 3172 5353 ipse
3198 5291 3251 5336 et
3274 5282 3453 5338 omnis

1871 5384 2214 5454 congregatio
2244 5381 2426 5437 Sancti
2456 5381 2664 5435 Martini
2697 5380 2853 5448 petiit
2875 5386 3071 5431 nostra!
3097 5373 3453 5442 conscriptio-

1873 5477 1959 5529 nis
1999 5475 2377 5529 auctoritatem
2417 5472 2519 5527 sibi
2546 5471 2682 5536 dari,
2719 5486 2818 5539 per
2843 5483 3001 5538 quam
3031 5465 3243 5536 repulsa
3275 5463 3450 5520 omnis

1872 5567 2088 5620 occasio
2126 5575 2310 5620 nostra
2347 5563 2696 5619 concessione
2731 5570 2893 5628 atque
2928 5557 3192 5628 permissu
3231 5555 3448 5608 easdem

1874 5659 2026 5712 villas
2065 5659 2117 5710 in
2155 5673 2308 5711 suum
2347 5653 2642 5710 dominium
2679 5653 2818 5706 idem
2857 5650 3023 5704 abbas
3057 5652 3363 5707 revocaret,
3395 5653 3450 5698 et

1876 5761 1984 5804 tam
2030 5750 2144 5817 ipse
2181 5761 2340 5816 quam
2384 5753 2435 5799 et
2465 5756 2805 5798 successores
2842 5738 2955 5807 ejus
2980 5753 3043 5791 eo
3071 5736 3225 5792 modo
3255 5737 3333 5788 eis
3357 5732 3446 5787 de-
