3924 6352
468 385 607 440 ms

1569 372 1889 434 LUDOVlCl
1927 372 1949 429 Ι
1987 369 2458 430 COGNOMENTO
2495 366 2583 423 ΡΠ

3604 365 3745 420 lilii

461 504 576 560 bita
602 498 871 571 stipendia
909 504 964 552 et
990 495 1314 550 vestimenta
1353 491 1767 547 subministrare
1804 496 2046 560 possent,
2078 494 2130 550 Α
2154 495 2265 541 tum
2291 485 2511 541 uberius
2544 484 2947 552 exsequendum
2976 482 3331 547 sustollimus,
3361 483 3539 553 digna:
3568 498 3744 537 remu-

464 588 917 663 quemadmodum
948 584 1283 655 temporibus
1316 582 1775 652 praedecessorum
1804 579 1921 648 ejus
1948 579 2057 634 fra-

467 684 639 737 tribus
670 679 760 748 qui
792 686 919 731 tunc
946 674 1204 745 temporis
1232 672 1363 728 inibi
1389 671 1762 727 consistebant
1782 670 2059 724 ministra-

469 774 687 827 bantur.
720 768 960 835 Quorum
990 764 1239 835 petitioni
1276 762 1632 817 libentissime
1665 761 1972 825 annuimus,
2004 768 2062 814 et

468 860 612 915 hanc
633 866 836 925 nostrae
855 853 1273 924 eonscriptionis
1292 852 1669 908 auctoritatem
1691 850 1807 905 ﬁeri
1828 849 2061 904 eisdem-

470 963 577 1018 que
597 946 861 1001 fratribus
884 945 1011 999 dare
1033 943 1392 1006 decrevimus,
1415 956 1512 1010 per
1533 954 1698 1009 quam
1718 938 2061 993 decernimus

469 1047 634 1108 atque
654 1037 909 1107 jubemus
926 1040 986 1088 ut
1009 1038 1343 1088 memoratus
1368 1031 1536 1086 abbas
1566 1029 1758 1100 suique
1786 1044 2063 1085 successo-

473 1136 562 1182 res
588 1127 657 1180 ad
685 1126 791 1181 hoc
817 1124 1036 1179 easdem
1068 1122 1224 1177 villas
1257 1122 1313 1175 in
1342 1136 1498 1176 usum
1519 1161 1532 1184 ,
1570 1120 1977 1189 dispositionem
2008 1126 2065 1174 et

470 1216 870 1270 ordinationem
896 1213 1152 1278 habeant,
1183 1221 1244 1267 ut
1272 1212 1397 1267 inde
1428 1212 1685 1266 fratribus
1714 1210 1803 1279 qui
1840 1219 1896 1264 et
1927 1225 2065 1279 pra:-

474 1305 614 1360 senti
639 1313 695 1359 et
720 1304 919 1358 futuris
943 1303 1276 1372 temporibus
1305 1302 1436 1357 inibi
1463 1300 1573 1355 Deo
1597 1300 1960 1363 militaverint,
1986 1298 2065 1351 sic

472 1394 706 1462 pleniter
747 1392 1001 1447 victualia
1042 1400 1099 1447 et
1133 1392 1457 1445 vestimenta
1500 1388 1796 1443 ministrari
1842 1387 2061 1470 faciant,

473 1484 928 1555 quemadmodum
950 1483 1289 1552 temporibus
1310 1482 1571 1553 genitoris
1597 1480 1767 1535 nostri
1787 1478 1963 1533 Caroli
1987 1478 2065 1532 eis

476 1591 505 1628 a
538 1574 795 1629 Wulfado
823 1583 880 1629 et
905 1574 1109 1629 ltberio
1136 1575 1295 1644 hujus
1322 1573 1631 1629 monasterii
1660 1570 1946 1625 abbatibus
1972 1585 2069 1625 ex-

472 1670 643 1725 hibita
669 1678 833 1740 atque
863 1669 1169 1725 ministrata
1198 1670 1437 1725 fuerunt.
1467 1669 1541 1722 De
1568 1668 1781 1723 caneris
1808 1680 1939 1720 vero
1969 1664 2068 1718 vil-

476 1759 541 1814 lis
568 1774 687 1829 qua:
724 1759 775 1813 in
806 1759 1133 1815 beneﬁcium
1161 1760 1301 1814 datae
1339 1766 1496 1823 sunt,
1524 1756 1778 1826 jubcmus
1810 1763 1870 1809 ut
1904 1754 2065 1810 tertia

2158 578 2455 634 nerationis
2475 576 2699 645 praemio
2718 591 2818 631 nos
2840 591 2871 630 a
2896 575 3124 630 Domino
3149 576 3487 629 remunerari
3517 574 3747 631 ﬁdeliter

2159 669 2447 725 credimus.
2486 669 2654 738 Igitur
2691 667 2930 722 omnium
2970 665 3210 720 ﬁdelium
3244 678 3590 729 nostrorum,
3636 676 3748 721 tam

2158 760 2507 831 praesentium
2551 774 2713 829 quam
2757 767 2812 813 et
2852 757 3190 823 futurorum,
3233 759 3517 813 industria:
3560 767 3749 813 notum

2160 867 2282 908 esse
2306 850 2572 915 volumus,
2600 850 2835 920 qualiter
2863 849 3058 904 dilecta
3096 848 3293 917 coniux
3342 857 3529 904 nostra
3561 848 3749 903 Juditb

2159 942 2399 1011 Augusta
2426 941 2697 1011 suggessit
2720 940 2878 995 nobis
2902 948 2961 995 ut
2988 938 3280 1009 quamdam
3300 939 3503 997 villam.
3529 940 3752 993 nomine

2161 1030 2521 1096 Cambonem,
2555 1045 2676 1099 quae
2704 1038 2786 1085 est
2821 1016 2884 1085 in
2913 1044 3051 1100 pago
3084 1028 3329 1083 Blisense
3360 1028 3446 1083 vel
3474 1028 3748 1091 Dunense,

2162 1122 2493 1176 monasterio
2522 1121 2578 1175 S.
2607 1120 2845 1185 Martini,
2870 1122 3013 1191 quod
3033 1130 3118 1176 est
3140 1129 3509 1176 constructum
3536 1122 3591 1174 in
3614 1137 3752 1191 pago

2165 1209 2431 1264 Turonico
2455 1225 2616 1280 super
2642 1210 2815 1280 ripam
2848 1209 3075 1281 Ligeris,
3109 1218 3164 1264 et
3190 1219 3415 1265 vocatur
3444 1210 3616 1279 Major
3646 1210 3752 1264 M0»

2165 1303 2462 1356 nasterium
2481 1342 2496 1366 ,
2530 1302 2584 1355 in
2615 1316 2723 1370 quo
2751 1302 2895 1357 idem
2923 1303 3039 1371 ipse
3071 1302 3513 1372 prteclarissimus
3546 1301 3753 1356 confes-

2166 1405 2265 1445 sor
2282 1392 2482 1446 Christi
2520 1391 2839 1462 regulariter
2861 1406 2986 1446 cum
3014 1401 3193 1446 turma
3228 1391 3621 1446 monachorum
3654 1391 3754 1445 Do-

2168 1482 2315 1537 mino
2352 1482 2636 1547 militavit,
2665 1499 2764 1553 per
2788 1492 2990 1539 nostrre
3022 1483 3435 1552 conscriptionis
3462 1484 3754 1537 auctorita-

2168 1578 2276 1624 tem
2315 1572 2663 1626 concedimus
2688 1572 2716 1611 δ
2748 1572 2816 1626 ad
2859 1574 3084 1628 emenda
3131 1572 3360 1626 fratrum
3404 1572 3609 1626 ibidem
3649 1573 3754 1627 Deo

2169 1660 2544 1716 famulantium
2597 1663 2939 1719 vestimenta.
3000 1664 3152 1719 Unde
3202 1665 3505 1735 pmsentia:
3559 1674 3753 1719 nostra:

2171 1757 2533 1806 strumentum
2561 1752 2923 1820 protulerunt,
2951 1753 3183 1823 qualiter
3201 1754 3521 1824 jamdudum
3554 1755 3625 1809 ad
3650 1768 3757 1809 me-

475 1864 604 1917 pars
634 1850 699 1903 de
724 1841 1033 1904 volatilibus
1063 1864 1186 1903 cum
1215 1849 1333 1904 ovis
1358 1849 1563 1903 eisdem
1590 1846 1849 1902 fratribus
1880 1847 2067 1901 minis-
2094 1836 2141 1893 Β
2169 1849 2440 1895 moratum
2481 1843 2871 1898 monasterium
2908 1846 3156 1914 quazdam
3205 1843 3315 1899 Deo
3359 1853 3605 1907 sacrata,
3648 1844 3753 1900 (Ida

476 1947 668 1993 tretnr.
694 1939 954 1995 Volumus
979 1942 1141 1995 etiam
1170 1949 1331 2009 atque
1357 1939 1563 1994 eisdem
1593 1937 1853 1993 fratribus
1872 1951 2068 1992 conce-

476 2029 678 2096 dimus,
708 2031 801 2101 qui
833 2039 889 2085 et
925 2033 1178 2101 prmsenti
1208 2041 1450 2100 tempore
1478 2031 1610 2085 inibi
1637 2030 1859 2101 degere,
1897 2038 1951 2084 et
1989 2027 2069 2083 fu-

480 2121 619 2175 turis
640 2122 973 2191 temporibus
993 2122 1061 2176 ad
1081 2121 1496 2176 inhabitandum
1516 2129 1571 2175 et
1590 2119 1701 2175 Deo
1723 2119 2067 2175 serviendum

481 2211 764 2283 aggregari
792 2211 1063 2265 voluerint
1094 2229 1107 2264 :
1142 2217 1201 2264 ut
1237 2211 1303 2266 de
1336 2209 1590 2264 omnibus
1625 2222 1745 2278 qute
1786 2208 1852 2262 ad
1893 2207 2072 2276 sepul—

479 2319 634 2358 crum
662 2302 962 2357 beatissimi
995 2301 1209 2371 patroni
1236 2301 1406 2356 nostri
1434 2298 1491 2356 S.
1517 2299 1733 2354 Martini
1756 2316 1785 2353 a
1810 2299 1977 2353 Deum
2004 2298 2071 2352 ti-

481 2391 756 2445 mentibus
792 2389 1166 2453 conferuntur,
1198 2390 1413 2443 tertiam
1448 2396 1659 2457 partem
1700 2387 1967 2455 accipiant
2003 2385 2073 2440 ad

480 2479 837 2535 necessitates
879 2474 981 2534 sibi
1012 2478 1392 2543 consulendas,
1422 2478 1667 2547 exceptis
1701 2478 1767 2533 de
1804 2478 1890 2532 his
1916 2477 2074 2531 vesti-

482 2568 682 2623 mentis
707 2578 763 2623 et
788 2569 1071 2637 speciebus
1098 2583 1218 2639 quae
1244 2570 1312 2623 ad
1333 2568 1638 2639 sepulcrum
1668 2568 1830 2632 illius,
1863 2568 2074 2623 decoris

483 2672 539 2717 et
566 2663 865 2718 honestatis
900 2678 1084 2737 qausa,
1112 2670 1373 2732 perpetuo
1408 2660 1691 2716 retinenda
1725 2670 1904 2715 erunt.
1936 2658 2072 2714 Cera

486 2761 669 2806 autem
694 2760 750 2806 et
779 2752 958 2807 oleum
984 2752 1053 2807 ad
1080 2750 1369 2806 luminaria
1405 2752 1456 2804 in
1484 2750 1673 2804 eadem
1698 2749 1925 2805 ecclesia
1951 2764 2073 2804 eon-

485 2842 757 2896 cinnanda
780 2842 1124 2897 decemimus
1151 2849 1209 2894 ut
1236 2842 1591 2895 retineantur.
1618 2838 1927 2893 Statuentes
1948 2853 2076 2908 ergo

486 2946 583 3000 per
613 2931 757 2985 hanc
790 2940 1035 2986 nostram
1069 2930 1447 2984 auctoritatem
1475 2928 1837 2998 przecipimus,
1866 2938 1925 2981 ut
1959 2928 2077 2981 nul-

486 3018 572 3074 lus
601 3020 946 3089 prmlatordm
985 3027 1077 3073 aut
1116 3026 1397 3074 auctorum
1436 3016 1594 3085 hujus
1630 3017 1944 3071 monasterii
1984 3032 2078 3087 pa-

489 3110 632 3163 troni
660 3111 829 3165 nostri
857 3110 1155 3165 beatissimi
1183 3110 1398 3164 Martini
1429 3109 1569 3163 hanc
1595 3117 1836 3163 nostram
1858 3096 2079 3164 Conces-

2168 1932 2409 1996 nomine,
2447 1946 2585 1986 uxor
2615 1932 2852 1988 Eodonis
2879 1935 3031 1989 ducis
3063 1950 3163 2003 per
3187 1934 3521 1991 venditionis
3551 1934 3755 1988 titulum

2170 2022 2415 2075 eamdem
2443 2020 2629 2075 villam
2662 2037 2786 2076 cum
2826 2023 2941 2079 suis
2967 2024 3299 2093 appendiciis
3335 2025 3754 2079 condonaverat.

2169 2110 2335 2179 Cujus
2358 2112 2602 2181 petitioni
2632 2122 2853 2184 pmpter
2881 2129 3121 2169 amorem
3141 2124 3194 2170 et
3223 2115 3493 2169 honorem
3506 2131 3573 2170 ac
3605 2131 3757 2171 vene-

2173 2204 2437 2259 rationem
2470 2206 2754 2261 memorati
2778 2207 2991 2275 patroni
3018 2208 3190 2262 nostri
3214 2208 3521 2263 beatissimi
3553 2207 3755 2262 Martini

2171 2295 2404 2351 libenter
2429 2296 2820 2366 acquievimus,
2850 2306 2905 2352 et
2933 2308 3286 2354 memoratam
3314 2299 3506 2353 villam
3536 2299 3756 2355 Cambo«

2170 2404 2318 2453 nem,
2346 2404 2509 2459 quam
2543 2389 2598 2443 in
2624 2390 2941 2459 praescripto
2965 2406 3103 2460 pago
3129 2390 3375 2457 Blisense
3398 2390 3488 2445 vel
3519 2391 3756 2446 Dunense

2173 2481 2333 2535 sitam
2355 2494 2474 2535 esse
2495 2480 2749 2542 diximus,
2771 2494 2895 2535 cum
2922 2481 3008 2536 his
3034 2482 3238 2536 locellis
3264 2498 3385 2552 quae
3410 2482 3484 2537 ad
3504 2498 3626 2537 eam
3648 2498 3754 2552 per-

2173 2569 2347 2622 tinere
2384 2576 2705 2634 noscuntur,
2747 2568 2799 2622 id
2828 2579 2913 2625 est
2949 2568 3190 2635 Galiaeo,
3228 2571 3532 2637 Bitarilias,
3567 2570 3755 2626 Varen-

2174 2671 2294 2720 nas,
2323 2655 2599 2723 Culturas,
2618 2657 2800 2712 villam
2827 2658 3058 2725 Aitardi,
3076 2658 3158 2713 vel
3184 2661 3349 2714 etiam
3373 2676 3501 2716 cum
3527 2662 3756 2715 terminis

2175 2753 2230 2798 et
2256 2744 2508 2800 omnibus
2533 2747 2696 2802 rebus
2718 2747 2785 2802 ad
2808 2762 2871 2802 se
2889 2734 3309 2817 pertinentibus,
3340 2750 3601 2805 videlicet
3621 2751 3752 2804 basi-

2177 2835 2315 2898 licis,
2342 2836 2590 2891 domibus
2614 2837 2939 2908 ceterisque
2956 2839 3219 2905 aediﬁciis,
3242 2842 3442 2906 vineis,
3464 2841 3636 2905 silvis,
3662 2850 3756 2896 ter-

2178 2926 2278 2990 ris,
2304 2927 2494 2996 pratis,
2521 2929 2747 2998 campis,
2772 2930 3006 2998 pascuis,
3029 2931 3185 3000 aquis
3215 2945 3555 3000 aquarumve
3582 2933 3753 2985 decur-

2178 3015 2347 3080 sibus,
2386 3015 2728 3076 molendinis.
2761 3019 2921 3073 cultis
2949 3019 3084 3075 locis
3118 3029 3175 3075 et
3212 3021 3471 3087 ineultis,’
3486 3021 3756 3076 mobilibus

2180 3107 2343 3160 rebus
2382 3114 2436 3160 et
2475 3108 2861 3176 immobilibus,
2901 3126 2965 3165 ac
3006 3112 3209 3181 seipsas
3243 3113 3609 3177 moventibus,
3648 3128 3754 3167 enm

488 3199 696 3255 sionem
734 3208 897 3269 atque
931 3207 1136 3255 statuta
1175 3199 1497 3264 convellere,
1528 3207 1619 3253 aut
1648 3198 1851 3253 nullum
1882 3199 1937 3253 in
1962 3214 2079 3253 mo-
2105 3183 2149 3244 C
2182 3196 2466 3265 mancipiis
2494 3205 2551 3251 et
2587 3198 2874 3253 accolabus
2912 3200 3113 3255 diversi
3159 3216 3323 3256 sexus
3368 3211 3424 3256 et
3464 3204 3659 3265 aetatis,
3697 3202 3756 3256 ad

489 3292 619 3346 dum
648 3292 934 3346 immutare
960 3299 1279 3360 przesumat,
1314 3274 1406 3347 sed
1443 3291 1717 3361 perpetuis
1747 3292 2081 3360 temporibus

490 3375 876 3431 inviolabiliter
923 3392 988 3431 ea
1032 3385 1354 3431 conservent
1398 3386 1450 3431 et
1492 3377 1594 3431 sibi
1643 3377 1952 3431 conservari
2002 3377 2081 3431 fa—

488 3467 656 3521 ciant.
696 3466 764 3520 Et
788 3474 850 3519 ut
878 3468 993 3521 haec
1023 3474 1223 3521 nostrae
1253 3466 1619 3521 concessionis
1656 3476 1710 3521 et
1739 3467 2083 3522 constitutio-

492 3558 577 3611 nis
602 3542 897 3611 auctoritas
924 3557 1135 3610 ﬁrmum
1178 3567 1233 3611 et
1276 3556 1636 3611 inviolabilem
1665 3558 1908 3612 obtineat
1934 3558 2082 3627 v’go—

493 3661 626 3710 rem,
660 3661 824 3700 manu
854 3647 1073 3715 propria
1100 3647 1286 3701 subter
1312 3661 1431 3701 eam
1462 3645 1817 3712 ﬁrmavimus,
1847 3655 1903 3702 et
1930 3662 2084 3703 more

492 3743 682 3791 nostro
713 3736 989 3806 signaculo
1011 3737 1169 3791 bulla:
1195 3736 1439 3806 insigniri
1460 3736 1742 3804 jussimus.

566 3826 791 3898 Signum
823 3827 1080 3881 Ludovici
1110 3828 1442 3882 serenissimi
1470 3832 1830 3899 imperatoris.

565 3918 965 3974 Hirminmarus
1004 3919 1250 3975 notarius
1284 3919 1352 3974 ad
1387 3922 1560 3977 vicem
1594 3922 1887 3981 Theotonis
1929 3940 2084 3982 reco-

496 4009 680 4081 guovL

567 4097 700 4152 Data
726 4113 856 4152 xvln
888 4096 1158 4152 Kalendas
1185 4096 1519 4164 Decembris,
1542 4114 1707 4165 anno,
1732 4100 1950 4156 Christo
1968 4117 2089 4172 pro-

492 4188 649 4257 pitio,
681 4188 747 4242 l9
776 4189 989 4256 imperii
1028 4188 1213 4242 domui
1257 4187 1514 4243 Ludovici
1557 4190 1785 4265 piissimi
1826 4192 2084 4263 Augusti,

498 4277 790 4332 indictione
816 4278 903 4331 ll.
928 4278 1123 4332 Actum
1155 4278 1387 4334 Turonis
1414 4282 1746 4337 monasterio
1776 4281 1833 4337 S.
1868 4284 2085 4339 Martini

500 4367 554 4421 in
585 4367 680 4423 Dei
705 4369 923 4424 nomine
942 4369 1195 4425 feliciter.

1168 4459 1422 4515 CLXXII.

902 4564 927 4593 ³
967 4568 1068 4607 1)κο
1106 4567 1294 4608 MAIORI
1334 4568 1686 4610 MONASTERIO.

1124 4642 1297 4713 (Anno
1327 4644 1477 4714 832.)

502 4729 607 4802 [Ex
636 4728 976 4806 Chartulario
1005 4730 1246 4806 ejusdem
1283 4736 1629 4799 monasterii,
1666 4736 1808 4806 apud
1847 4736 1908 4789 D.
1942 4736 2084 4792 Bou-

630 4800 801 4869 quet.,
834 4800 1045 4856 Recueil
1072 4802 1163 4856 des
1194 4804 1341 4869 hist,
1376 4814 1505 4859 tom.
1534 4805 1621 4871 ιν,
1652 4800 1775 4877 pag.
1805 4806 1957 4879 583.]

575 4911 633 4966 In
673 4913 889 4968 nomine
930 4913 1142 4967 Domini
1183 4914 1277 4969 Dei
1318 4922 1376 4970 et
1412 4913 1709 4971 Salvatoris
1747 4916 1918 4971 nostri
1960 4914 2086 4971 Jesu

510 5002 727 5071 .‘lliristi,
755 5002 1077 5069 Ludovicus,
1100 4997 1281 5059 divina
1296 5006 1582 5061 ordinante
1604 5007 1961 5076 providentia,
1981 5009 2085 5063 im-

504 5099 726 5160 perator
753 5093 1045 5164 Augustus.

579 5181 637 5235 Si
676 5183 820 5239 illius
853 5200 1056 5251 amore,
1092 5186 1245 5257 cujus
1272 5202 1495 5243 munere
1528 5188 1740 5243 caeteris
1773 5190 2091 5246 mortalibus

505 5272 716 5339 pmlati
762 5264 977 5338 sumus,
1026 5276 1141 5332 loca
1180 5278 1360 5332 divino
1399 5278 1565 5333 cultui
1605 5288 1920 5334 consecrata
1964 5295 2091 5335 cou-

505 5363 658 5431 gruis
680 5364 1062 5421 muniﬁcentia:
1086 5376 1285 5422 nostra:
1315 5367 1590 5423 beneﬁciis
1616 5369 1683 5423 ad
1711 5370 1950 5424 divinum
1978 5371 2092 5425 cul-

580 5536 607 5565 ι
647 5522 825 5595 liuius
843 5526 1096 5595 prcecepti
1133 5525 1408 5595 meminit,
1442 5524 1686 5595 illudque
1722 5525 1862 5580 male
1901 5526 2087 5581 tribuit

510 5608 651 5666 anno
677 5594 781 5666 853
807 5593 1051 5666 Labbeus
1080 5595 1133 5647 in
1161 5593 1658 5666 MiscellsCurios”
1701 5612 1821 5666 pag.
1854 5595 1986 5659 457;
2028 5596 2088 5648 il-

514 5661 613 5735 lud
649 5663 811 5735 refert
846 5662 1110 5729 Cointius,
1153 5671 1282 5717 tom.
1322 5665 1433 5719 Vlll
1472 5665 1663 5735 Annal.
1703 5661 1919 5726 eccles.,
1962 5681 2083 5735 pag.

513 5730 639 5791 185.
668 5732 729 5786 ad
758 5748 955 5788 annum
984 5735 1102 5797 85!,
1140 5749 1168 5787 a
1204 5735 1354 5803 cujus
1385 5752 1568 5790 mense
1606 5733 1908 5804 Septembri
1946 5730 2081 5791 inei-

2182 3289 2539 3343 memn'ratum
2562 3293 2951 3347 monasterium
2968 3294 3260 3348 venerandi
3275 3295 3610 3351 confessoris
3624 3294 3760 3350 Chri-

2181 3378 2251 3433 sti
2289 3381 2462 3435 sancti
2488 3381 2723 3446 Martini,
2753 3383 2896 3452 quod
2921 3392 3294 3439 constructum
3318 3400 3441 3441 esse
3482 3386 3539 3440 in
3574 3402 3758 3440 memo-

2183 3477 2302 3525 rato
2346 3486 2485 3541 pago
2527 3466 2796 3527 Turonico
2832 3467 3009 3543 super-
3035 3474 3207 3543 ripam
3253 3473 3466 3545 Ligeris
3506 3475 3759 3539 diximus;

2182 3564 2275 3619 ubi
2305 3566 2556 3633 praesenti
2588 3574 2830 3635 tempore
2867 3566 3196 3621 venerabilis
3228 3567 3437 3621 Tbeoto
3468 3567 3633 3622 abbas
3659 3567 3761 3623 Deo

2185 3653 2542 3707 deservientis
2567 3654 3000 3725 congregationis
3025 3664 3215 3724 pastor
3247 3664 3303 3710 et
3325 3664 3512 3710 rector
3539 3670 3655 3711 esse
3684 3674 3764 3712 co-

2184 3741 2484 3808 gnoscitur,
2521 3757 2619 3811 per
2651 3742 2791 3797 hanc
2820 3752 3021 3798 nostra:
3052 3743 3355 3814 largitionis
3393 3747 3763 3801 auctoritatem

2186 3830 2449 3893 donamus
2464 3840 2637 3900 atque
2663 3833 2945 3897 tradimus,
2972 3848 3035 3888 ea
3064 3834 3314 3889 videlicet
3339 3837 3556 3892 ratione
3580 3848 3638 3892 ut
3660 3855 3766 3910 per-

2185 3929 2347 3989 petuo
2364 3920 2486 3988 jure
2514 3922 2683 3991 ipsius
2710 3924 3023 3978 monasterii
3051 3925 3311 3979 consistat
3336 3925 3406 3980 ad
3436 3929 3686 3993 emenda,
3714 3937 3769 3983 ut

2186 4012 2559 4082 praediximus,
2588 4014 2909 4067 vestimenta
2949 4014 3178 4070 fratrum
3216 4016 3415 4071 ibidem
3459 4017 3572 4072 Deo
3600 4017 3764 4071 famu-

2188 4100 2412 4156 lantium
2444 4121 2456 4157 :
2492 4112 2548 4157 et
2587 4103 2763 4158 nullus
2807 4102 3044 4165 ﬁdelium
3087 4115 3419 4170 nostrorum,
3460 4107 3547 4161 vel
3585 4109 3759 4169 etiam,

2188 4190 2298 4245 Deo
2329 4192 2668 4262 disponente,
2712 4208 3086 4248 successorum
3118 4203 3426 4250 nostrorum
3469 4198 3636 4257 ullam
3676 4199 3764 4252 ha-

2188 4281 2315 4335 beat
2340 4290 2662 4351 potestatem
2692 4282 2937 4337 eamdem
2960 4283 3267 4350 villamyvel
3298 4285 3385 4339 illa
3416 4302 3539 4355 quzc
3563 4288 3631 4341 ad
3658 4304 3765 4342 eam

2188 4371 2462 4440 pertinere
2510 4379 2829 4435 noscuntur,
2885 4372 2953 4426 de
2998 4371 3121 4439 jure
3170 4372 3412 4441 ejusdem
3460 4378 3766 4431 monasterii

2191 4457 2540 4515 abstrahendi
2564 4458 2648 4512 vel
2675 4458 3031 4515 diminorandi
3062 4479 3073 4515 :
3106 4463 3220 4528 sed,
3251 4463 3391 4517 sicut
3420 4466 3770 4533 supra'inser-

2113 4522 2165 4583 D
2193 4561 2306 4607 tum
2334 4562 2465 4617 est,~
2485 4562 2781 4608 memorata
2821 4553 3164 4625 congregatio
3196 4571 3659 4629 successoresque
3692 4572 3771 4613 eo-

2192 4664 2312 4702 rum
2341 4649 2410 4702 ad
2426 4648 2490 4710 id
2521 4647 2665 4718 quod
2693 4646 2904 4717 praefati
2936 4662 3144 4713 sumus,
3185 4647 3251 4703 de
3280 4648 3472 4703 eadem
3501 4650 3627 4703 villa
3655 4666 3766 4706 cum

2190 4741 2305 4796 suis
2336 4740 2690 4811 appendiciis,
2730 4740 2991 4809 quidquid
3028 4740 3151 4795 inde
3179 4740 3421 4811 quolibet
3448 4744 3612 4798 modo
3637 4745 3767 4813 exigi

2192 4838 2387 4899 potest,
2417 4832 2653 4887 habeant
2674 4838 2994 4901 potestatem
3022 4830 3285 4897 faciendi,
3316 4824 3629 4899 ordinandi,
3661 4836 3768 4889 exis

2194 4921 2351 4991 gendi
2400 4929 2509 4975 tam
2557 4921 2911 4990 przesentibus
2957 4938 3119 4996 quam
3167 4922 3363 4977 futuris
3412 4926 3765 4995 temporibus,

2189 5012 2505 5082 disponendi
2532 5019 2713 5081 atque‘
2725 5011 2977 5066 faciendi.
3006 5012 3112 5067 Sed
3141 5020 3197 5067 et
3222 5013 3268 5067 si
3293 5014 3417 5082 quis
3439 5029 3506 5067 es
3535 5013 3769 5070 ﬁdelibus

2192 5100 2401 5169 imperii
2440 5101 2611 5156 nostri
2648 5101 2729 5155 eis
2765 5099 2831 5153 ad
2870 5100 3029 5171 bujus
3056 5100 3134 5153 rei
3164 5102 3543 5156 necessitatem
3578 5102 3766 5181 aliquid

2192 5204 2390 5260 augere
2414 5189 2495 5244 vel
2523 5190 2745 5245 titulare
2780 5189 3064 5260 placuerit,
3091 5189 3338 5245 volumus
3374 5200 3436 5245 ut
3468 5207 3500 5244 a
3530 5192 3676 5247 nullo
3699 5194 3769 5248 eis

2194 5279 2394 5334 auferri
2430 5280 2620 5345 liceat;
2660 5288 2927 5349 quatenus
2951 5280 3028 5335 eis
3052 5278 3275 5335 liberius
3306 5296 3404 5350 pro
3432 5292 3621 5337 nostra
3662 5299 3767 5339 suc-

2194 5385 2577 5441 eessorumque
2627 5379 2938 5426 nostrorum
2984 5370 3160 5425 salute
3205 5370 3420 5426 Domini
3469 5373 3765 5429 misericor-

2196 5525 2377 5599 piebat
2406 5525 2629 5599 indictio
2658 5526 2901 5599 decima;
2938 5525 3255 5596 initiumque
3287 5528 3501 5599 imperii
3524 5529 3762 5587 Ludovici

2196 5597 2287 5679 hic
2310 5596 2507 5679 repetit
2535 5597 2601 5679 ab
2632 5612 2772 5678 anno
2801 5597 2924 5679 8l5.

2196 5736 2229 5787 ἀ
2268 5665 2294 5704 b
2335 5664 2426 5718 Sic
2475 5664 2670 5736 legitur
2715 5667 2768 5723 in
2817 5665 3177 5732 cbartulario;
3232 5667 3554 5737 legendum,
3606 5688 3766 5726 concc-

2232 5752 2451 5787 oremus.

2232 5752 2451 5789 oremus.
