3924 6384
208 421 360 481 ΙΞΠ

1320 428 1712 490 DIPLOMATA
1747 432 2302 491 ECCLESIASTICA.

3332 448 3465 497 1218

202 537 362 596 diam
389 540 674 612 implorare
704 541 946 598 delectet.
988 538 1055 596 Et
1084 550 1143 597 ut
1168 543 1289 599 haec
1318 555 1515 600 nostrae
1544 547 1787 601 donatio—
1814 550 1865 607 Α
1960 545 2092 598 Data
2133 561 2186 598 IV
2216 544 2334 597 Kal.
2376 542 2621 609 Januar.,
2646 560 2809 609 anno,
2842 543 3057 613 Christo
3089 546 3351 616 propitio,
3399 549 3464 601 18

207 633 302 686 uis
331 641 491 703 atque
522 634 821 689 traditionis
855 633 1149 689 auctoritas
1186 642 1503 705 perpetuum
1535 646 1590 691 et
1625 637 1793 690 invio-

1895 637 2107 705 imperii
2133 636 2388 691 Ludovici
2402 636 2627 706 piissimi
2648 635 2893 706 Augusti,
2920 638 3209 692 indictione
3225 639 3457 694 decima.

212 719 434 776 labilem
463 724 707 779 obtineat
726 724 991 793 vigorem,
1023 739 1186 778 manu
1215 725 1431 795 propria
1461 726 1648 781 subter
1673 740 1795 781 eam
1893 725 2085 781 Actum
2127 726 2452 782 Cenomanis
2479 727 2699 782 civitate
2726 727 2779 781 in
2821 727 2916 783 Dei
2962 727 3179 784 nomine
3208 726 3461 783 feliciter.

204 811 584 881 ﬁrmavimus,
634 822 690 869 et
738 814 924 869 annuli
972 816 1142 870 nostri
1192 816 1544 886 impressione
1593 819 1793 888 signari

198 916 491 969 jussimus.

282 992 511 1063 Signum
536 992 797 1049 Ludovici
823 993 1154 1049 serenissimi
1184 994 1547 1064 imperatoris.

285 1083 668 1141 Hirminmaris
718 1087 962 1142 notarius
1018 1087 1086 1141 ad
1134 1087 1310 1143 vicem
1361 1087 1654 1144 Theotonis
1702 1102 1791 1143 re-

203 1175 484 1242 cognovit.

281 1262 415 1318 Data
439 1279 534 1317 xm
558 1264 674 1319 Kal.
713 1264 987 1330 Decemb.,
1015 1280 1176 1332 anno,
1199 1265 1416 1322 Christo
1441 1267 1694 1336 propitio,
1724 1268 1791 1323 l9

203 1350 423 1422 imperii
450 1354 630 1408 domui
654 1354 911 1411 Ludovici
940 1356 1168 1425 piissimi
1203 1355 1461 1426 Augusti,
1499 1358 1790 1414 indictione

202 1442 300 1496 10.
345 1444 537 1497 Actum
581 1443 833 1514 Caduppa
875 1444 999 1499 villa
1045 1445 1101 1499 in
1148 1445 1243 1501 Dei
1283 1445 1497 1501 nomine
1535 1445 1784 1503 feliciter.

198 1534 398 1589 Amen.

857 1626 1133 1682 CLXXIII.

382 1733 482 1773 PRO
518 1734 746 1773 ABBATIA
784 1733 1055 1773 VINCENTII
1097 1735 1230 1774 APUD
1269 1732 1602 1775 CENOHANOS.

816 1807 988 1878 (Anno
1028 1808 1176 1880 832.)

348 1897 526 1969 [Apud
569 1898 779 1963 Baluz.,
824 1898 1065 1963 Miscell.,
1100 1908 1229 1954 tom.
1272 1899 1320 1965 1,
1372 1915 1492 1971 pag.
1523 1900 1636 1971 84.]

276 1985 334 2040 In
363 1988 578 2042 nomine
604 1987 817 2043 Domini
866 1988 961 2043 Dei
992 1998 1047 2043 et
1096 1989 1395 2045 Salvatoris
1440 1993 1608 2046 nostri
1651 1992 1778 2047 Jesu

194 2072 427 2140 Christi,
444 2077 770 2142 Ludovicus,
790 2078 971 2133 divina
991 2079 1275 2134 ordinante
1298 2081 1655 2149 providentia,
1682 2082 1778 2135 im-

196 2174 421 2233 perator
442 2168 733 2236 Augustus.

270 2255 537 2311 Omnibus
557 2256 801 2311 ﬁdelibus
841 2266 1043 2313 sanctae
1074 2257 1169 2313 Dei
1193 2257 1448 2315 Ecclesiae
1473 2267 1527 2314 et
1555 2260 1773 2326 nostris,

193 2345 555 2414 praesentibus
595 2345 805 2400 scilicet
840 2353 896 2400 et
923 2346 1139 2411 futuris,
1166 2355 1353 2401 notum
1386 2362 1505 2402 esse
1528 2347 1776 2403 volumus

193 2432 435 2502 qualiter
462 2433 527 2486 ad
550 2434 797 2488 notitiam
822 2443 1061 2491 nostram
1085 2436 1150 2489 de
1179 2435 1349 2489 tribus
1372 2435 1521 2490 cellis
1546 2450 1773 2504 perven-

194 2534 313 2579 tum
336 2533 439 2590 est,
463 2540 583 2594 quae
606 2540 709 2580 una
738 2541 925 2580 earum
950 2526 1091 2581 intra
1132 2541 1316 2581 muros
1341 2525 1666 2581 Cenomanis
1698 2527 1775 2580 ci-

192 2617 382 2671 vitatis
404 2618 507 2671 sita
530 2625 613 2672 est
643 2626 697 2672 et
718 2618 893 2672 dicata
918 2621 970 2671 in
994 2618 1201 2672 honore
1223 2619 1394 2672 sancti
1424 2618 1623 2683 Albini,
1651 2619 1774 2672 reli-

189 2722 319 2777 quae
346 2722 473 2762 vero
500 2710 618 2762 duae
645 2708 698 2761 in
728 2707 984 2761 suburbio
1032 2715 1341 2761 memoratae
1372 2708 1608 2761 civitatis
1646 2722 1773 2761 con-

193 2807 441 2864 structas,
470 2806 526 2852 et
561 2798 731 2851 altera
754 2812 939 2851 earum
975 2798 1029 2852 in
1056 2799 1261 2853 honore
1285 2799 1455 2852 sancti
1484 2798 1770 2861 Vincentii,

192 2889 367 2946 altera
394 2907 523 2947 vero
546 2892 598 2945 in
625 2894 828 2947 honore
850 2892 1020 2947 sancti
1045 2892 1287 2959 Audoeni
1319 2893 1496 2946 dicata
1522 2892 1766 2952 habetur,

190 2993 334 3050 quas
359 2982 607 3051 praesenti
636 2989 876 3049 tempore
918 2981 1167 3035 Aldricus
1193 2982 1474 3051 episcopus
1516 2982 1615 3035 sub
1651 2980 1773 3048 jure

189 3073 521 3142 praescripta:
545 3072 693 3126 urbis
719 3072 1047 3140 possidebat,
1068 3072 1209 3140 quod
1238 3086 1341 3125 non
1362 3069 1508 3138 juste
1537 3071 1602 3124 ad
1625 3085 1773 3125 eam-

191 3162 319 3216 dem
348 3163 559 3225 urbem,
592 3162 686 3216 sed
711 3161 777 3215 ad
808 3162 1077 3231 publicum
1110 3171 1349 3216 nostrum
1372 3162 1643 3229 pertinere
1674 3161 1770 3215 de-

190 3251 404 3307 berent.
445 3254 523 3306 Ad
547 3267 709 3321 quam
736 3266 953 3307 causam
986 3252 1270 3322 diligenter
1308 3267 1406 3321 per
1443 3252 1695 3305 meliores
1717 3260 1771 3306 et

190 3343 505 3399 veraciores
530 3343 777 3397 homines
811 3342 1228 3410 circumquaque
1271 3350 1583 3395 memoratae
1623 3340 1772 3395 urbis

188 3437 554 3490 consistentes
604 3434 980 3502 inquirendam
1033 3433 1293 3501 uobisque
1357 3432 1771 3487 renuntiandam

187 3527 587 3581 destinavimus
634 3525 845 3579 ﬁdelem
897 3533 1143 3579 nostrum
1181 3523 1466 3579 Widonem
1512 3524 1767 3589 nomine;

189 3617 286 3687 qui
332 3631 455 3671 cum
483 3616 551 3670 ad
589 3631 687 3669 nos
720 3630 969 3669 reversus
1006 3624 1172 3676 esset,
1214 3613 1398 3668 retulit
1428 3614 1604 3679 nobis,
1633 3614 1773 3668 sicut

191 3706 461 3761 relatione
485 3705 748 3758 bonorum
783 3704 1059 3757 hominum
1104 3702 1247 3755 circa
1288 3701 1419 3755 ﬁnes
1462 3710 1771 3756 memorata:

186 3797 428 3852 civitatis
474 3796 880 3850 consistentium
927 3810 1048 3848 cum
1095 3795 1419 3855 sacramenti
1470 3795 1769 3848 assertione

186 3887 493 3949 invenerat,
520 3884 665 3953 quod
707 3884 1035 3953 praescriptas
1065 3881 1210 3937 cella:
1239 3897 1345 3936 non
1390 3882 1457 3937 ad
1495 3883 1768 3952 publicum

186 3986 439 4030 nostrum
469 3973 829 4043 pertinebant,
855 3973 946 4027 sed
969 3971 1068 4026 sub
1086 3972 1208 4041 jure
1252 3981 1564 4027 memoratae
1594 3972 1765 4027 Ceno-

184 4061 368 4119 manis
390 4063 629 4119 ecclesiae
643 4063 789 4132 juste
811 4071 864 4116 et
890 4062 1125 4131 legitime
1154 4077 1273 4116 esse
1304 4062 1582 4117 deberent.
1613 4061 1769 4116 Cum-

182 4167 297 4225 que
323 4168 393 4207 ex
432 4152 710 4207 memorati
766 4152 935 4205 ﬁdelis
986 4151 1158 4205 nostri
1212 4150 1461 4205 Widonis
1508 4151 1770 4205 relatione

183 4258 289 4314 per
321 4243 503 4297 omnia
553 4241 628 4294 ita
679 4254 865 4295 verum
910 4256 1029 4295 esse
1060 4240 1517 4309 cognovissemus,
1548 4250 1769 4310 propter

184 4334 400 4389 futuras
426 4333 740 4388 occasiones
778 4340 833 4385 et
857 4331 1235 4386 resultationes
1256 4331 1471 4399 penitus
1512 4331 1771 4401 repellen-

183 4426 287 4481 das
313 4434 369 4479 et
397 4422 746 4491 abjiciendas,
786 4408 1110 4491 complacuit
1136 4424 1291 4477 nobis
1317 4423 1415 4477 hoc
1445 4432 1642 4477 nostrae
1670 4439 1766 4477 au-

1891 818 2084 876 Amen.

2537 910 2812 967 CLXXIV.

2186 1018 2286 1057 PRO
2322 1017 2508 1057 EABEI
2538 1018 2768 1057 ΔΒΒΛἸῚΔ
2806 1016 2853 1057 S.
2892 1018 3185 1059 VINCENTII.

2478 1092 2651 1163 (Anno
2706 1092 2855 1161 8'52.)

2352 1182 2530 1254 [Apud
2564 1183 2772 1247 Baluz.,
2810 1182 2966 1237 ibid.‘

1958 1269 2018 1324 In
2057 1271 2276 1326 nomine
2304 1272 2514 1327 Domini
2568 1272 2662 1327 Dei
2692 1282 2749 1326 et
2776 1272 3073 1329 Salvatoris
3116 1275 3287 1329 nostri
3332 1273 3459 1330 Jesu

1888 1358 2113 1425 Christi,
2131 1359 2455 1427 Ludovicus,
2479 1361 2662 1416 divina
2676 1362 2959 1417 ordinante
2979 1364 3334 1431 providentia,
3362 1366 3461 1417 im-

1889 1457 2112 1518 perator
2150 1449 2444 1521 Augustus.

1957 1539 2015 1595 Si
2040 1541 2517 1610 supplicationibus
2557 1543 2925 1608 sacerdotum,
2973 1543 3188 1612 quando
3214 1557 3315 1612 pro
3347 1544 3461 1597 suis

1884 1630 1971 1685 vel
2016 1632 2361 1687 ecclesiarum
2423 1634 2523 1688 sibi
2579 1634 2984 1689 commissarum
3041 1634 3457 1688 necessitatibus

1887 1721 2088 1791 aliquid
2115 1721 2269 1778 nobis
2308 1723 2561 1779 intimare
2599 1722 2889 1789 voluerint,
2928 1739 3114 1778 aurem
3151 1723 3455 1793 benigniter

1891 1818 2056 1879 atque
2092 1810 2321 1866 libenter
2350 1814 2843 1878 accommodamus,
2892 1828 3184 1882 eorumque
3206 1811 3377 1880 justas
3403 1822 3459 1865 et

1808 1882 1854 1940 Β
1883 1900 2232 1956 rationabiles
2270 1902 2558 1970 petitiones
2602 1903 2671 1957 ad
2702 1910 2944 1972 optatum
2984 1900 3230 1957 eﬁ‘ectum
3267 1916 3457 1969 perve—

1878 1987 1998 2041 nire
2024 1985 2273 2053 i‘acimus,
2303 2006 2409 2046 non
2454 1991 2624 2045 solum
2674 1991 2876 2061 regiam
2923 1999 3083 2059 atque
3113 1989 3445 2058 imperialem

1877 2078 2319 2133 consuetudinem
2368 2080 2421 2134 in
2461 2081 2565 2135 hoc
2598 2095 2933 2147 exercemus,
2987 2081 3081 2135 sed
3120 2080 3284 2134 etiam
3331 2094 3452 2134 eos-

1874 2164 1997 2219 dem
2020 2167 2329 2221 sacerdotes
2356 2168 2425 2222 ad
2464 2167 2677 2222 Domini
2719 2169 3145 2224 misericordiam
3176 2182 3273 2236 pro
3296 2168 3452 2222 nobis

1874 2254 2205 2307 exorandam
2230 2256 2595 2324 promptiores
2634 2265 2797 2325 atque
2848 2257 3154 2312 devotiores
3196 2257 3446 2311 facimus.

1874 2338 2077 2396 Idcirco
2104 2353 2291 2398 notum
2339 2344 2455 2399 ﬁeri
2486 2346 2730 2402 volumus
2774 2348 3015 2401 omnium
3065 2346 3303 2402 ﬁdelium
3353 2362 3450 2401 uo-

1873 2436 2129 2493 strorum,
2161 2440 2269 2486 tam
2308 2436 2655 2503 praesentium
2698 2452 2861 2505 quam
2914 2436 3242 2502 futurorum,
3291 2437 3449 2491 indu—

1872 2520 2018 2574 stria:
2038 2522 2272 2590 qualiter
2292 2538 2415 2578 cum
2456 2540 2555 2579 nos
2580 2525 2643 2579 de
2670 2525 2954 2595 Aquitania
2981 2535 3447 2581 reverteremuret

1873 2610 1925 2663 in
1956 2612 2146 2665 urbem
2176 2612 2498 2669 Cenomanis
2521 2618 2971 2684 pervenissemus,
3015 2617 3264 2672 Aldricus
3298 2618 3444 2688 ejus--

1872 2700 1992 2753 dem
2022 2700 2168 2755 urbis
2196 2704 2516 2759 venerabilis
2556 2703 2841 2773 episcopus
2888 2706 3150 2760 accedens
3184 2706 3249 2760 ad
3279 2721 3444 2760 aures

1872 2796 2085 2842 nostras
2118 2790 2303 2844 retulit
2334 2792 2488 2847 nobis
2534 2792 2601 2848 de
2632 2794 2861 2862 quadam
2900 2794 3025 2848 villa
3053 2810 3172 2864 qum
3200 2796 3445 2865 Brogilus

1871 2889 2094 2934 vocatur
2113 2890 2168 2936 et
2189 2882 2464 2938 Novavilla
2490 2887 2822 2951 nominatur,
2854 2903 2973 2957 quae
3017 2897 3140 2942 ante
3168 2889 3267 2942 hos
3297 2904 3445 2943 com-

1870 2970 2051 3039 plures
2075 2989 2243 3028 annos
2285 2976 2349 3030 de
2370 2974 2493 3042 jure
2521 2977 2758 3044 ejusdem
2802 2979 3046 3034 ecclesiae
3088 2993 3210 3032 cum
3247 2994 3444 3047 appen-

1871 3060 2026 3117 diciis
2045 3071 2097 3116 et
2118 3065 2367 3119 omnibus
2389 3067 2457 3120 ad
2480 3082 2537 3121 se
2560 3069 2951 3136 pertinentibus
2979 3070 3253 3122 subtracta
3279 3076 3443 3137 atque

1873 3150 1940 3203 ad
1969 3152 2242 3219 publicum
2295 3164 2540 3209 nostrum
2596 3157 2844 3219 redacta,
2898 3158 3155 3211 moderno
3203 3166 3443 3227 tempore

1873 3239 1940 3291 ab
1971 3238 2323 3295 Heremberto
2353 3244 2583 3298 vassallo
2628 3254 2813 3299 nostro
2860 3246 2915 3298 in
2957 3245 3277 3301 beneﬁcium
3319 3247 3441 3301 data

1873 3329 2254 3397 possideretur,
2291 3341 2345 3387 et
2373 3335 2451 3388 sic
2486 3336 2805 3402 praecedenti
2843 3344 3079 3405 tempore
3100 3337 3165 3391 de
3188 3338 3438 3391 manibus

1872 3430 2143 3473 rectorum
2189 3424 2457 3492 praedicta:
2485 3425 2635 3478 urbis
2673 3426 2915 3479 eamdem
2945 3426 3125 3479 villam
3174 3442 3297 3481 cum
3343 3442 3439 3497 ap-

1870 3510 2131 3578 peudiciis
2161 3520 2215 3565 et
2244 3514 2491 3567 omnibus
2538 3514 2603 3567 ad
2656 3529 2714 3568 se
2757 3515 3153 3583 pertinentibus
3188 3517 3440 3586 elapsam

1872 3614 2009 3654 esse.
2045 3602 2149 3655 Sed
2188 3617 2308 3656 cum
2356 3619 2454 3659 nos
2496 3605 2561 3657 ad
2588 3606 2665 3659 rei
2696 3607 2981 3660 veritatem
3020 3606 3327 3676 diligentius
3358 3623 3444 3661 ve-

1872 3692 2173 3760 stigandam
2204 3693 2389 3749 ﬁdeles
2432 3703 2645 3750 nostros
2674 3696 2945 3750 Simonem
2984 3699 3359 3769 presbyterum
3388 3710 3443 3753 et

1872 3782 2229 3835 venerabilem
2282 3784 2526 3838 abbatem
2580 3794 2633 3839 et
2684 3786 3093 3841 Hildemannum
3153 3788 3439 3842 vassallum

1871 3880 2112 3926 nostrum
2146 3875 2503 3941 mitteremus,
2532 3878 2975 3932 renuntiaverunt
3006 3880 3161 3934 nobis
3206 3895 3303 3949 per
3332 3895 3442 3933 om-

1873 3964 1960 4015 nia
1990 3963 2063 4016 ita
2087 3980 2271 4019 verum
2293 3980 2433 4020 esse.
2465 3964 2704 4034 Cumque
2726 3982 2912 4022 eorum
2947 3968 3204 4024 relatione
3240 3984 3441 4023 memo«

1874 4061 2045 4105 ratum
2077 4054 2395 4107 beneﬁcium
2435 4054 2766 4109 llerembcrti
2810 4072 2913 4110 non
2955 4058 3020 4110 ad
3051 4058 3319 4126 publicum
3348 4075 3441 4113 uo-

1870 4149 2037 4194 strum
2068 4144 2159 4196 sed
2188 4144 2255 4197 ad
2282 4142 2371 4209 jus
2393 4145 2661 4213 prmdictze
2684 4147 2924 4201 ecclesiae
2956 4146 3278 4203 Cenomanis
3294 4148 3442 4217 juste

1868 4233 2137 4300 pertinere
2164 4235 2622 4304 cognovissemus,
2659 4237 2979 4305 complacuit
3016 4238 3313 4294 clementia:
3341 4256 3437 4294 no-

1869 4331 1993 4377 stra:
2021 4322 2302 4391 praefatum
2341 4324 2659 4380 beneﬁcium
2693 4326 3047 4394 lleremberti,
3080 4329 3131 4382 id
3162 4338 3266 4394 est,
3297 4329 3438 4383 forc-

1869 4422 2005 4468 stem
2034 4414 2178 4467 illam
2228 4429 2345 4483 quae
2395 4414 2761 4470 Gauciacinsis
2805 4417 3016 4479 dicitur,
3066 4433 3187 4471 cum
3234 4419 3441 4473 duabus

182 4514 457 4570 maritalis
497 4522 656 4581 atque
685 4512 959 4566 memoria;
994 4512 1358 4581 conscriptum
1387 4528 1550 4582 super
1578 4512 1762 4580 hujus-
1792 4534 1843 4593 Ι)
1870 4504 2140 4559 forestulis
2175 4521 2294 4575 quae
2335 4506 2538 4560 Dovera
2573 4515 2628 4561 et
2660 4506 2941 4575 Tulpiacus
2989 4518 3267 4572 vocantur,
3315 4526 3439 4565 cum

183 4601 397 4658 cemodi
436 4601 637 4655 factum
668 4600 1028 4663 conscribere,
1075 4613 1171 4667 per
1212 4615 1375 4668 quam
1421 4601 1763 4669 praecipimus

183 4700 347 4762 atque
371 4692 618 4763 jubemus
645 4700 704 4744 ut
731 4691 942 4759 repulsa
966 4690 1184 4744 omnino
1212 4690 1422 4759 publica
1460 4700 1515 4744 et
1529 4689 1762 4757 judicia-

184 4783 269 4838 ria
306 4790 571 4851 potestate
607 4781 843 4850 praefata
893 4780 1039 4835 celle
1072 4789 1333 4848 perpetuo
1373 4780 1428 4835 in
1470 4779 1593 4848 jure
1645 4798 1759 4837 me-

188 4878 411 4930 moratae
434 4870 755 4925 Cenomanis
780 4868 1020 4923 ecclesiae
1046 4869 1367 4935 consistant,
1410 4884 1609 4938 easque
1649 4886 1759 4923 me-

186 4969 432 5018 moratus
472 4960 718 5015 Aldricus
769 4959 964 5029 praesul
1006 4959 1193 5027 suique
1250 4974 1596 5015 successores
1638 4961 1759 5030 jure

185 5048 559 5105 ecclesiastico
586 5048 837 5112 habeant,
884 5056 1101 5101 teneant
1139 5055 1300 5116 atque
1327 5050 1660 5116 possideant,
1710 5059 1762 5104 et

186 5140 313 5195 inde
366 5138 567 5192 faciant
613 5138 872 5207 quidquid
922 5152 1020 5208 pro
1069 5138 1347 5191 commodo
1399 5138 1482 5193 vel
1536 5139 1763 5193 utilitate

186 5236 497 5284 memoratae
523 5228 847 5283 Cenomanis
891 5226 1131 5281 ecclesia:
1175 5228 1479 5282 faciendum
1524 5243 1644 5282 esse
1671 5228 1763 5282 de-

184 5318 474 5372 creverint.
507 5318 573 5370 Et
609 5326 668 5370 ut
702 5318 816 5372 haec
840 5326 1037 5371 nostrae
1066 5317 1404 5373 auctoritatis
1433 5320 1761 5387 conscriptio

184 5404 391 5459 ﬁrmior
418 5405 679 5460 habeatur
701 5416 756 5462 et
780 5424 811 5461 a
836 5406 1079 5461 ﬁdelibus
1107 5408 1307 5462 nostris
1346 5408 1537 5462 melius
1570 5411 1761 5464 creda-

183 5504 273 5547 tur
297 5504 353 5547 et
412 5494 723 5562 diligentius
786 5506 1151 5561 conservetur,
1206 5498 1270 5551 de
1331 5497 1530 5551 annulo
1579 5508 1761 5555 nostro

184 5583 374 5638 subtus
402 5598 521 5636 eam
552 5582 811 5650 jussimus
839 5575 1081 5656 sigillari.

252 5675 651 5731 Hirminmarus
698 5680 1055 5734 notarius‘ad
1100 5681 1268 5735 vicem
1323 5681 1580 5737 Thetonis
1611 5699 1757 5738 reco-

182 5766 340 5836 gnovi
368 5776 419 5819 et
444 5767 757 5836 subscripsi.

1870 4595 2110 4651 aediﬁciis
2144 4598 2197 4649 in
2224 4597 2409 4651 eadem
2439 4600 2779 4661 constructis,
2810 4614 2925 4666 qum
2956 4598 3165 4654 Brolius
3194 4601 3438 4654 nomina-

1870 4694 1975 4751 tur,
2026 4701 2233 4740 necnon
2271 4696 2326 4741 et
2374 4686 2758 4741 Novamvillam
2805 4704 2925 4742 cum
2974 4692 3221 4744 omnibus
3264 4691 3331 4744 ad
3380 4706 3439 4745 se

1866 4774 2279 4841 pertinentibus,
2328 4775 2380 4829 id
2423 4784 2526 4835 est,
2576 4774 2894 4839 Salvariam,
2933 4777 3258 4841 Colonicam,
3294 4778 3435 4833 Cau-

1865 4863 2139 4930 queriolas
2201 4872 2408 4918 curtem
2467 4865 2770 4919 ilerilavan.
2832 4866 3123 4931 Fetrarias,
3190 4868 3435 4923 villarem

1867 4950 2230 5015 Saviniacum,
2265 4953 2539 5019 Buxarias,
2569 4954 2620 5007 in
2651 4954 2964 5009 Monticellis
2987 4957 3243 5026 capellam
3274 4972 3431 5011 unam

1865 5057 1986 5096 cum
2029 5045 2281 5099 omnibus
2302 5045 2367 5097 ad
2418 5058 2474 5098 se
2521 5046 2934 5113 pertinentibus,
2962 5054 3015 5099 et
3065 5048 3117 5099 in
3163 5043 3435 5101 Caliniaco

1864 5133 2143 5187 dimidium
2174 5149 2441 5198 mansum,
2472 5143 2525 5187 et
2555 5135 2608 5188 in
2654 5136 2922 5191 V'iucariis
2969 5152 3213 5191 mansum
3243 5153 3432 5201 unum,

1863 5227 1998 5280 etin
2040 5226 2227 5295 Cipido
2259 5236 2419 5295 atque
2452 5227 2637 5282 Belino
2679 5243 2771 5283 eos
2800 5244 2936 5296 quos
2974 5229 3332 5298 jumentarios
3358 5230 3433 5283 di-

1862 5324 2012 5379 cunt,
2045 5331 2167 5369 cum
2216 5316 2512 5369 redditione
2559 5330 2751 5370 census
2806 5332 2962 5386 quem
3007 5317 3231 5386 singulis
3276 5318 3432 5371 annis

1864 5404 2074 5459 solvere
2102 5414 2415 5469 noscuntur,
2441 5404 2493 5458 id
2534 5413 2636 5470 est,
2678 5406 2781 5460 mel
2802 5416 2852 5461 et
2875 5422 3077 5473 ceram,
3102 5415 3156 5460 et
3179 5407 3233 5461 in
3262 5406 3432 5462 Caba-

1862 5494 1990 5547 nido
2019 5508 2113 5548 eos
2142 5509 2278 5563 quos
2302 5496 2574 5561 porcarios
2612 5505 2825 5558 vocant,
2874 5506 2928 5551 et
2966 5511 3059 5550 eos
3105 5497 3195 5563 qui
3240 5497 3294 5550 in
3340 5496 3427 5549 illa

1860 5588 1989 5641 ruba
2022 5602 2139 5655 quae
2181 5599 2263 5641 est
2308 5594 2495 5641 contra
2535 5588 2796 5641 orientem
2843 5603 3064 5642 manere
3109 5598 3424 5651 noscuntur,

1858 5692 2065 5736 necnon
2094 5688 2147 5731 et
2175 5678 2293 5732 illos
2318 5678 2409 5746 qui
2452 5692 2611 5745 super
2636 5676 2853 5732 ﬂuvium
2883 5680 2974 5747 qui
3000 5678 3194 5732 dicitur
3231 5677 3426 5731 Sartlta

1855 5770 2151 5825 consistere
2181 5777 2495 5834 noscuntur,
2527 5768 2774 5823 similiter
2807 5779 2860 5823 et
2907 5770 3249 5825 medietatem
3292 5767 3426 5822 telo-
