3924 6386
421 426 558 483 1219

1517 421 1842 484 ιυῡονῑοι
1880 424 1901 480 1
1940 422 2408 481 COGNOMENTO
2446 422 2532 479 ΡΠ

3531 423 3668 477 42ὲο

408 542 499 596 nei
532 539 674 610 quod
701 539 764 594 de
794 539 883 593 illo
917 547 1071 608 porto
1103 539 1256 593 annis
1289 537 1515 608 singulis
1554 538 1898 608 persolvitur,
1937 545 1991 592 et
2019 543 2068 598 Α
2097 537 2256 592 rebus
2282 534 2504 589 decima:
2535 543 2589 589 et
2616 549 2767 590 nonte
2792 536 3034 605 partibus
3069 536 3399 604 prmscripta:
3423 534 3668 591 ecclesia:

407 621 865 699 quemadmodum
914 630 1230 698 smpedictus
1285 628 1672 682 Herembertus
1725 641 1990 680 memora-

407 729 523 774 tum
551 718 870 774 beneﬁcium
897 734 1022 774 cum
1048 720 1195 773 omni
1229 719 1560 788 integritate,
1605 719 1743 773 sicut
1771 717 1864 772 illa
1904 717 1991 772 die

407 812 512 866 sub
533 808 657 879 jure
691 818 893 864 nostra:
917 806 1300 864 dominationis
1338 817 1457 862 erat
1499 809 1716 877 quando
1763 823 1793 860 a
1831 807 1993 877 largi-

405 900 555 954 tione
581 906 763 953 nostra
786 899 964 968 ipsum
992 897 1311 953 beneﬁcium
1336 898 1608 966 accepisse
1632 903 1864 960 constat,
1895 911 1992 965 pro

402 990 777 1045 emolumento
836 991 1030 1044 animae
1096 998 1296 1044 nostra:
1347 996 1649 1043 memorato
1697 987 1994 1042 venerabili

407 1080 626 1135 Aldrico
654 1081 907 1149 episcopo
933 1079 1000 1134 ad
1022 1087 1232 1149 partem
1253 1078 1586 1148 prrescriptaa
1615 1091 1726 1132 suae
1751 1076 1995 1132 ecclesiae

405 1169 657 1234 reddere,
687 1171 825 1224 utin
859 1178 1182 1239 perpetuum
1225 1170 1281 1222 in
1322 1169 1586 1222 utilitates
1611 1175 1667 1222 et
1691 1183 1826 1221 usus
1854 1166 1996 1234 ejus-

407 1263 533 1318 dem
561 1265 807 1319 ecclesia).
859 1265 1075 1333 Deoque
1124 1264 1178 1317 in
1230 1279 1293 1318 ea
1360 1261 1776 1317 deservientium
1831 1257 1997 1330 perti-

403 1362 556 1408 neat.
607 1354 812 1408 idcirco
860 1361 1183 1423 suggerente
1243 1361 1407 1420 atque
1459 1361 1684 1420 rogante
1737 1349 1997 1419 praedicto

405 1442 704 1496 venerabili
749 1443 1003 1512 episcOpo
1049 1442 1191 1496 hanc
1235 1449 1436 1495 nostrae
1461 1437 1894 1494 conﬁrmationis
1922 1444 1999 1489 at-

403 1547 514 1602 que
543 1533 862 1588 redditionis
896 1533 1311 1603 praceptionem
1338 1532 1390 1587 ei
1431 1531 1516 1586 vel
1546 1529 1612 1583 ad
1644 1536 1852 1599 partem
1881 1528 1997 1598 iam

409 1621 567 1676 dicta
594 1621 746 1676 urbis
776 1621 1196 1690 ﬁerijussimus,
1223 1636 1321 1690 per
1348 1635 1510 1689 quam
1539 1616 1882 1672 decernimus
1913 1623 1993 1668 at-

406 1725 516 1780 que
540 1711 792 1780 iubemus
819 1720 881 1766 ut
925 1710 1106 1766 nullus
1138 1710 1377 1765 ﬁdelium
1412 1716 1722 1764 nostrorum
1751 1705 1817 1760 de
1859 1720 2000 1774 pra:-

409 1799 558 1854 dicta
585 1798 714 1854 villa
741 1799 828 1854 vel
850 1800 916 1854 de
953 1799 1041 1854 his
1073 1799 1332 1853 mnibus
1365 1811 1484 1866 qua
1506 1796 1579 1850 ad
1620 1792 1846 1866 praefata
1881 1793 1998 1848 loca

2093 626 2277 681 Sancti
2305 626 2547 681 Gcrvasii
2575 636 2630 682 et
2659 626 2884 680 fratrum
2929 627 3063 681 inibi
3108 628 3523 681 consistentium
3551 628 3671 699 ple.

2091 716 2232 769 niter
2255 725 2310 769 et
2337 716 2540 784 absque
2564 714 2668 768 ulla
2693 716 2949 770 dilatione
2980 716 3432 785 persolverentur,
3460 726 3514 770 et
3540 717 3666 771 redi-

2094 807 2214 861 ﬁcia
2262 805 2500 874 ejusdem
2552 809 2796 862 ecclesiae
2850 810 2961 862 sive
3005 808 3196 862 domus
3238 810 3555 878 episcopalis
3609 825 3675 865 ac

2094 896 2323 951 fratrum
2368 899 2498 952 inibi
2541 899 2844 969 degentium
2884 899 3101 954 refecta:
3139 909 3193 953 ct
3235 909 3551 955 restaurata:
3579 901 3676 956 lle-

2095 999 2216 1045 rent
2239 1004 2285 1043 ι.
2328 991 2552 1061 Insuper
2580 993 2855 1047 humiliter
2897 992 3204 1064 ﬂagitantes
3227 995 3570 1062 postularunt
3612 1004 3675 1048 ut

2094 1079 2345 1134 villarum
2383 1082 2603 1134 nomina
2630 1097 2693 1136 ex
2725 1083 2921 1150 quibus
2965 1098 3120 1138 nonae
3147 1093 3198 1137 et
3228 1084 3450 1138 decimae
3496 1084 3562 1137 ad
3593 1099 3680 1138 su-

2094 1171 2393 1238 pradictam
2436 1171 2720 1225 ecclesiam
2752 1172 2984 1240 persolvi
3017 1172 3213 1226 debent
3244 1174 3296 1227 in
3337 1174 3538 1228 nostra:
3580 1190 3681 1227 au-

2095 1261 2362 1316 ctoritatis
2402 1271 2672 1330 praecepto
2737 1262 3055 1317 nominatim
3098 1265 3298 1318 ascribi
3354 1265 3678 1333 praecipere-

2094 1365 2236 1414 mus,
2265 1366 2333 1405 ne
2358 1351 2536 1420 aliquo
2563 1353 2704 1406 malo
2730 1353 2944 1421 ingenio
2989 1361 3082 1406 aut
3108 1353 3344 1421 qualibet
3373 1354 3678 1408 calliditate

2095 1450 2187 1496 aut
2217 1442 2458 1511 potentia
2501 1442 2727 1512 alicujus
2777 1442 2961 1496 divitis
3006 1442 3090 1496 vel
3135 1442 3372 1512 potentis
3412 1443 3496 1496 hae
3541 1441 3683 1497 villa

2096 1531 2180 1586 vel
2215 1533 2299 1586 ha
2339 1546 2429 1587 res
2478 1547 2509 1586 a
2556 1533 2679 1602 jure
2727 1532 2965 1601 ejusdem
3019 1533 3262 1587 ecclesiae
3301 1533 3548 1586 alienatae
3598 1531 3683 1585 fu-

2096 1623 2238 1677 turis
2265 1622 2456 1676 ﬁerent
2481 1623 2816 1692 temporibus
2853 1632 2948 1675 aut
2995 1639 3150 1678 nonae
3193 1624 3274 1678 vel
3317 1624 3540 1679 decimae
3566 1625 3682 1678 sive

2094 1727 2293 1766 census
2316 1711 2400 1767 vel
2424 1713 2844 1767 restaurationes
2866 1712 2982 1783 jam
3010 1713 3166 1769 dicte
3194 1714 3436 1768 ecclesiae
3488 1714 3683 1769 ablata:

2099 1800 2212 1855 ﬁeri
2241 1810 2478 1871 possent.
2500 1801 2738 1867 Quorum
2761 1803 3170 1872 deprecationes
3194 1814 3416 1873 propter
3438 1819 3681 1859 amorem

409 1891 689 1959 pertinere
738 1899 1040 1946 noscuntur
1086 1895 1389 1943 memorato
1429 1882 1727 1940 venerabili
1778 1882 2000 1937 Aldrico
2029 1878 2073 1937 Β
2101 1891 2196 1944 Dei
2231 1891 2460 1946 libenter
2483 1893 2804 1958 audivimus,
2835 1905 2889 1948 et
2914 1895 3054 1949 sicut
3085 1894 3358 1963 deprecati
3389 1902 3539 1958 sunt,
3567 1908 3680 1947 mo-

410 1983 671 2053 episcopo
709 1983 822 2036 sive
847 1981 1256 2036 suceessorilms
1300 1978 1416 2049 ejus
1458 1977 1568 2031 ullo
1595 1988 1833 2044 unquam
1862 1981 1996 2028 tem»

410 2087 541 2142 pore
569 2071 993 2141 inquietudinem
1025 2071 1204 2125 facere
1226 2079 1318 2122 aut
1341 2067 1642 2136 quamlibet
1667 2062 1997 2120 calumniam

410 2163 660 2234 ingerere
689 2170 1012 2230 praesumat;
1063 2160 1160 2214 sed
1202 2158 1367 2212 liceat
1409 2157 1462 2212 ei
1489 2164 1546 2210 et
1593 2153 1999 2211 successoribus

405 2252 530 2322 ejus
561 2251 744 2320 quieto
789 2250 979 2304 ordine
1019 2246 1322 2302 memorata
1349 2245 1468 2301 loca
1492 2260 1621 2302 eum
1660 2245 1910 2300 omnibus
1933 2243 2000 2298 ad

409 2359 472 2398 se
509 2343 904 2414 pertinentibus
924 2341 1047 2410 jure
1086 2340 1458 2395 ecclesiastico
1503 2348 1688 2393 tenere
1733 2345 1790 2393 et
1825 2336 2001 2407 possi-

417 2435 570 2497 dere,
614 2441 668 2486 et
699 2431 958 2502 quidquid
988 2447 1084 2502 pro
1114 2431 1514 2500 opportunitate
1542 2439 1598 2484 et
1617 2429 2001 2485 commoditate

414 2523 655 2596 praefata:
680 2523 924 2578 ecclesias
951 2523 1145 2577 exinde
1185 2521 1367 2577 facere
1392 2521 1746 2584 decreverint,
1772 2520 2001 2574 liberam

413 2617 468 2670 in
493 2616 744 2671 omnibus
772 2615 1011 2671 habeant
1048 2622 1378 2685 potestatem
1404 2611 1657 2666 faciendi.
1700 2611 1771 2666 Ut
1819 2619 2000 2664 autem

415 2709 535 2762 inec
574 2714 756 2761 nostra
807 2705 1102 2760 auctoritas
1142 2711 1458 2774 perpetuam
1507 2701 1749 2756 obtineat
1787 2700 2005 2755 ﬁrmita-

427 2804 558 2859 tem,
592 2793 656 2848 de
685 2793 884 2848 annulo
918 2801 1102 2847 nostro
1122 2791 1381 2860 jussimus
1404 2788 1647 2860 sigillari.

485 2886 886 2942 Hirminmarus
915 2886 1159 2939 notarius
1182 2886 1260 2947 ad
1281 2884 1450 2938 vicem
1482 2880 1775 2936 Theotenis
1810 2893 2003 2950 recog-

419 2975 547 3031 novi
578 2983 631 3030 et
659 2973 978 3044 subscripsi.

488 3066 627 3119 Data
668 3081 721 3118 vt
766 3064 888 3118 ldus
926 3061 1172 3126 Januar.,
1211 3077 1373 3127 anno,
1400 3058 1616 3114 Christo
1641 3060 1900 3129 propitio,
1939 3056 2000 3110 Π

420 3157 634 3227 imperii
687 3155 890 3210 domini
955 3152 1208 3208 Ludovici
1264 3149 1494 3220 piissimi
1555 3148 1817 3219 Augusti,
1867 3146 2008 3200 iudi-

414 3216 598 3300 ctione
631 3243 718 3299 to.
745 3243 942 3298 Actum
972 3242 1073 3297 Bes
1117 3240 1242 3294 villa
1266 3216 1336 3294 ’ίιι
1360 3238 1458 3294 Dei
1503 3216 1720 3292 nomine
1747 3236 1998 3291 feliciter.
2033 3216 2076 3277 C

418 3336 614 3389 Amen.

1083 3399 1340 3456 CLXXV.

727 3489 828 3530 P30
860 3489 1036 3528 BADEI
1075 3487 1300 3527 ABBATIA
1330 3484 1373 3523 S.
1404 3483 1696 3523 VINCENT‘“.

1041 3535 1213 3612 (ginno
1236 3538 1396 3612 833.)

860 3607 1365 3684 [Apud'Baluzium,
1378 3607 1383 3609 ⁷
1396 3607 1550 3679 ibid]

490 3709 549 3762 ln
594 3705 812 3761 nomine
847 3703 1064 3758 Domini
1100 3701 1197 3756 Dei
1237 3709 1295 3754 et
1324 3698 1624 3753 Salvatoris
1668 3696 1838 3752 nastri
1878 3695 2006 3751 Iesu

421 3796 646 3860 Christi,
662 3793 985 3858 Ludovicus,
1003 3791 1183 3846 divina
1208 3787 1494 3844 ordinante
1517 3784 1878 3854 providentia,
1908 3784 2008 3837 im-

425 3899 646 3960 perator
672 3888 968 3958 Augustus.

502 3978 559 4033 Si
589 3977 675 4032 his
701 3977 793 4045 qui
823 3975 934 4030 Deo
955 3973 1194 4028 debitum
1219 3969 1476 4025 exhibent
1500 3966 1822 4020 famulatum
1857 3966 2010 4035 quid-

425 4072 546 4125 dam
594 4066 818 4122 honoris
860 4063 1210 4123 couferimus,
1247 4068 1301 4115 et
1345 4059 1412 4112 ad
1446 4073 1601 4112 suum
1647 4056 2011 4110 ministerium

425 4160 651 4215 liberius
674 4154 1077 4226 exsequendum
1107 4167 1264 4222 opem
1299 4149 1547 4212 ferimus,
1573 4147 1676 4200 hoc
1708 4145 1865 4199 nobis
1887 4160 2012 4214 pro-

426 4249 518 4303 cul
545 4248 709 4302 dubio
734 4246 802 4298 ad
833 4252 1030 4300 statum
1058 4240 1260 4296 terreni
1287 4237 1436 4308 regni
1466 4234 1928 4290 corroborandnm
1958 4241 2014 4286 et

425 4338 498 4391 ad
529 4344 748 4390 aeterna:
776 4333 900 4386 vitae
939 4328 1332 4386 beatitudinem
1363 4324 1745 4394 capessendam
1773 4321 2015 4392 profutu-

426 4441 550 4481 rum
584 4441 706 4480 esse
750 4422 1090 4478 conﬁdimus.
1142 4419 1342 4472 Notum
1390 4416 1556 4484 igitur
1602 4428 1723 4468 esse
1767 4412 2014 4465 volumus

2099 1981 2337 2035 nasteria
2363 1981 2446 2036 vel
2469 1982 2688 2037 cellulas
2718 1999 2810 2038 seu
2840 1986 2987 2039 vicos
3015 1985 3100 2039 vel
3134 1985 3288 2038 villas
3315 2000 3452 2053 quas
3493 1995 3680 2039 nostra

2098 2071 2381 2142 largitione
2424 2089 2489 2128 ex
2531 2072 2654 2141 jure
2704 2073 2938 2143 prteﬁxae
2986 2075 3227 2130 ecclesia:
3273 2077 3446 2129 nostri
3495 2075 3680 2130 ﬁdeles

2100 2160 2300 2216 habere
2327 2161 2714 2233 dignoscantur
2740 2164 3058 2219 nominatim
3088 2165 3141 2218 in
3170 2165 3271 2220 hoc
3298 2175 3569 2235 praecepto
3605 2166 3682 2218 in-

2101 2266 2284 2306 serere
2325 2250 2620 2319 jussimus,
2659 2262 2719 2306 ut
2759 2251 2952 2308 futuris
3003 2255 3334 2322 temporibus
3373 2255 3427 2307 in
3463 2255 3587 2324 jure
3631 2263 3681 2307 et

2103 2340 2599 2409 dominationejam
2626 2343 2782 2396 dicta:
2823 2342 3065 2397 ecclesiae
3099 2358 3224 2397 eum
3268 2346 3416 2398 omni
3463 2344 3680 2412 integri-

2100 2439 2213 2486 tate
2241 2442 2630 2500 permaneant:
2663 2433 2714 2486 id
2742 2442 2852 2497 est,
2899 2435 3289 2488 monasterium
3320 2433 3506 2488 Sancti
3538 2434 3680 2489 Petri

2102 2522 2246 2590 quod
2275 2521 2567 2579 Bertranus
2600 2526 2880 2594 episc0pns
2915 2525 3218 2588 aediﬁcavit,
3253 2541 3377 2580 cum
3416 2537 3685 2580 monaste-

2102 2612 2240 2668 riolo
2269 2611 2455 2667 Sancti
2499 2614 2713 2668 Martini
2749 2615 2803 2668 in
2846 2616 3193 2681 Ponteleuve,
3224 2626 3281 2670 et
3324 2616 3683 2670 monasterio-

2103 2701 2215 2755 lum
2264 2702 2447 2757 Sancti
2476 2702 2734 2768 Victurii,
2776 2705 2826 2758 in
2858 2721 2966 2775 quo
2999 2707 3111 2774 ipse
3140 2707 3370 2760 domnus
3411 2705 3682 2760 Victurius

2103 2807 2327 2861 corpore
2356 2795 2662 2864 requiescit,
2690 2803 2744 2850 et
2773 2796 3214 2851 monisteriolum
3253 2796 3470 2850 Sancta:
3500 2796 3679 2850 Maria

2105 2883 2248 2952 quod
2278 2891 2360 2938 est
2402 2893 2770 2940 constructum
2798 2887 2938 2940 intra
2967 2902 3178 2940 murum
3224 2887 3461 2940 civitatis
3487 2896 3545 2940 et
3585 2885 3678 2939 ﬁu-

2106 2973 2251 3025 vinm
2296 2972 2540 3037 Sarthze,
2577 2989 2703 3028 cum
2748 2976 3129 3031 monasteriolo
3177 2974 3364 3030 Sancti
3413 2975 3680 3030 Ricomeri

2108 3061 2249 3115 ultra
2292 3061 2511 3117 fluvium
2554 3063 2763 3118 Sartbce
2803 3065 2872 3119 ad
2898 3079 3024 3119 eum
3067 3067 3388 3134 pertinente,
3417 3075 3470 3119 et
3509 3081 3682 3120 mona-

2109 3154 2333 3207 sterium
2363 3153 2574 3208 Sancta:
2604 3154 2969 3219 Scholasticae,
2998 3163 3051 3209 et
3081 3157 3525 3210 monasteriolum
3557 3155 3681 3210 Sano

2110 3243 2181 3298 eti
2215 3241 2471 3298 Germani
2520 3244 2658 3298 ultra
2706 3244 2924 3299 ﬂuvium
2975 3245 3208 3310 Sarthte,
3239 3255 3296 3300 et
3330 3248 3681 3301 monasterio-

2109 3334 2220 3389 lum
2246 3335 2330 3389 vel
2359 3335 2744 3406 synodochium
2775 3335 2986 3391 Sanctae
3011 3337 3214 3406 Maria),
3240 3337 3295 3390 in
3323 3353 3433 3406 quo
3461 3337 3681 3392 domnus

2112 3423 2383 3481 l’aduinus
2427 3427 2715 3494 requiescit
2738 3427 2794 3480 in
2836 3442 3085 3496 corpore,
3112 3436 3166 3480 et
3208 3427 3458 3481 cellulam
3503 3425 3680 3482 Sancti

2113 3513 2338 3570 Victurii
2362 3515 2501 3571 infra
2524 3516 2820 3582 civitatem,
2849 3525 2903 3570 et
2927 3517 3310 3570 monasterium
3337 3515 3521 3570 Sancti
3543 3516 3684 3571 Cart-

2112 3607 2230 3674 lefi,
2271 3609 2325 3663 in
2369 3624 2476 3678 quo
2525 3609 2639 3679 ipse
2671 3609 2897 3664 domnus
2947 3609 3237 3677 requiescit
3269 3608 3322 3660 in
3355 3622 3603 3675 corpore,
3632 3617 3684 3663 α

2111 3701 2553 3755 monasteriolum
2581 3700 2764 3755 Sancti
2785 3699 3004 3764 Juliani,
3036 3701 3087 3753 in
3117 3714 3223 3769 quo
3252 3699 3368 3767 ipse
3391 3698 3686 3769 requiescit

2113 3790 2166 3842 in
2191 3805 2437 3858 corpore.
2463 3801 2518 3844 et
2541 3789 2925 3844 monasterium
2956 3788 3141 3842 Sancti
3163 3787 3401 3858 Georgii,
3425 3788 3685 3843 monaste-

2112 3879 2252 3932 rium
2283 3878 2450 3944 lllidi,
2481 3887 2538 3933 et
2575 3879 2960 3932 monasterium
3005 3877 3281 3941 Tussiaco,
3326 3886 3381 3930 et
3421 3885 3687 3930 monaste-

2115 3968 2253 4020 rium
2285 3967 2468 4021 Sancti
2493 3967 2713 4022 Joannis
2741 3977 2796 4022 et
2845 3966 3029 4022 Sancti
3073 3965 3284 4020 Trechii
3331 3967 3386 4019 in
3423 3965 3682 4020 Buxiolo:

2113 4064 2167 4110 et
2197 4057 2632 4112 monasteriolum
2671 4056 2854 4112 Sancti
2892 4056 3107 4110 Martini
3154 4057 3209 4109 in
3246 4055 3603 4117 Diableutico,
3634 4062 3687 4109 et

2116 4147 2500 4201 monasterium
2531 4146 2748 4201 Sanctae
2777 4147 2953 4200 Mariae
2994 4147 3048 4200 in
3091 4146 3390 4209 Aurionno,
3420 4156 3478 4200 et
3507 4161 3688 4200 mona-

2112 4238 2338 4291 sterium
2367 4237 2591 4302 Buxido,
2619 4248 2674 4292 et
2704 4239 2951 4292 cellulam
2989 4238 3295 4301 Seruiliam,
3340 4247 3395 4291 et
3425 4247 3688 4293 monaste-

2115 4328 2256 4381 rium
2300 4327 2556 4383 Caladon.
2587 4329 2712 4383 llzec
2740 4330 2942 4393 omnia,
2986 4329 3130 4382 sicut
3155 4329 3444 4397 diligenter
3474 4330 3687 4398 inquisi-

2119 4425 2232 4470 tum
2272 4418 2552 4482 habemus,
2583 4435 2703 4471 cum
2727 4419 2982 4473 omnibus
3019 4420 3084 4472 ad
3124 4435 3181 4472 se
3218 4419 3614 4486 pertinentibus
3639 4428 3690 4473 et

428 4518 681 4572 omnibus
712 4514 961 4569 ﬁdelibus
987 4511 1209 4574 nostris,
1237 4508 1592 4579 praesentibus
1621 4505 1827 4560 scilicet
1851 4513 1906 4557 et
1933 4502 2012 4556 fu-
2037 4551 2088 4609 Β
2118 4509 2173 4561 in
2202 4509 2417 4578 scriptis
2439 4509 2765 4562 authenticis
2792 4507 2973 4563 Sancti
3001 4509 3599 4574 Gcrvasiiinvenimus,
3626 4511 3688 4564 ad

429 4597 601 4675 turis,
638 4609 764 4678 quia
813 4623 914 4662 nos
963 4607 1028 4661 de
1075 4603 1363 4674 Aquitania
1411 4609 1764 4664 revertentes,
1795 4615 1918 4654 cum
1954 4598 2008 4650 in

429 4700 619 4754 urbem
668 4695 990 4753 Cenomanis
1039 4694 1504 4763 pervenissemus,
1546 4704 1708 4760 quam
1760 4688 2010 4742 Aldricus

432 4788 761 4844 venerabilis
805 4787 1090 4856 episcopus
1121 4797 1307 4853 regere
1350 4781 1582 4844 videtur,
1610 4779 1793 4835 clerici
1831 4786 1890 4832 et
1914 4776 2011 4832 Dei

433 4880 577 4935 servi
618 4879 749 4934 inibi
786 4877 1143 4932 consistentes
1169 4874 1223 4927 in
1253 4879 1494 4926 nostram
1521 4868 1852 4924 advenerunt
1875 4884 2012 4938 prmo

434 4968 686 5032 sentiam,
711 4974 765 5020 et
793 4965 1072 5035 conquesti
1120 4971 1245 5017 sunt
1285 4961 1428 5030 quod
1464 4974 1635 5013 nonas
1659 4967 1713 5013 et
1752 4958 2012 5022 decimas,

436 5043 580 5114 unde
624 5056 962 5112 necessarios
1003 5063 1247 5122 sumptus
1277 5051 1475 5106 habere
1519 5049 1802 5111 debebant,
1832 5048 2016 5102 ﬁdeles

434 5149 608 5206 nostri
644 5148 736 5218 qui
765 5162 855 5201 res
904 5144 1090 5200 Sancti
1130 5143 1374 5198 Gervasii
1418 5156 1644 5195 munere
1671 5137 2015 5193 beneﬁciario

435 5238 814 5308 possidebant,
849 5243 942 5287 aut
990 5231 1319 5302 negligenter
1349 5231 1753 5301 persolverent,
1786 5236 1878 5281 aut
1921 5245 2015 5298 pe-

434 5328 584 5381 nitus
614 5325 836 5379 reddere
862 5321 1168 5384 diﬁ'errent;
1197 5322 1576 5390 petieruntque
1613 5329 1666 5373 et
1706 5317 2016 5386 suppliciter

435 5414 713 5485 deprecati
739 5421 867 5468 sunt
890 5428 988 5467 nos
1016 5421 1076 5465 ut
1121 5419 1306 5466 nostra
1351 5409 1643 5479 imperialis
1673 5417 1914 5478 potestas
1940 5406 2018 5460 ef-

437 5506 624 5561 ﬁceret
652 5505 883 5575 qualiter
912 5504 1207 5559 secundum
1250 5501 1526 5569 antiquam
1573 5499 2011 5554 consuetudinem

434 5605 493 5648 et
520 5595 815 5663 iussionem
844 5593 1045 5654 domini
1075 5601 1132 5647 et
1173 5591 1436 5661 genitoris
1464 5591 1634 5644 nostri
1661 5588 1839 5643 Caroli
1875 5603 2014 5657 prai-

435 5683 757 5738 stantissimi
796 5683 1022 5753 Augusti
1055 5696 1119 5737 ac
1154 5689 1397 5735 nostram
1437 5679 1662 5748 pleniter
1709 5678 1772 5732 de
1807 5678 2011 5731 eisdem

513 5801 538 5829 ι
580 5791 709 5845 Vide
740 5791 831 5845 lib.
862 5807 876 5845 ι
906 5790 1157 5863 Capitul.,
1187 5805 1232 5844 c.
1264 5789 1385 5853 157,
1414 5798 1467 5841 et
1503 5788 1596 5842 lib.
1631 5803 1688 5853 ιι,
1721 5803 1770 5842 c.
1801 5786 1889 5852 21,
1916 5786 2002 5839 22.

2112 4599 2419 4668 praedictam
2447 4599 2732 4653 ecclesiam
2758 4600 2927 4652 sancti
2945 4597 3189 4652 Gervasii
3211 4600 3354 4668 juste
3376 4609 3430 4653 et
3455 4600 3690 4668 lcgaliter

2111 4689 2403 4758 pertinent.
2446 4688 2525 4742 Ex
2554 4689 2748 4756 quibus
2770 4687 3022 4754 jubenies
3058 4689 3402 4756 prtecipimus
3449 4698 3506 4741 ut
3549 4688 3695 4747 festi-

2113 4779 2372 4832 vitatibus
2417 4777 2630 4832 illorum
2678 4786 2989 4832 sanctorum
3038 4777 3091 4829 in
3143 4791 3374 4846 quorum
3417 4784 3694 4839 memoriis

2112 4868 2229 4936 ipsa
2275 4863 2520 4921 cmnobia
2573 4868 2748 4922 dicata
2796 4882 2915 4921 esse
2961 4875 3280 4930 noscuntur,
3311 4882 3408 4936 per
3459 4873 3695 4942 singulos

2116 4971 2289 5011 annos
2333 4957 2400 5010 ad
2444 4956 2721 5025 prmﬁxam
2766 4965 2992 5010 matrem
3033 4964 3089 5010 et
3126 4956 3367 5014 civitatis
3413 4961 3693 5014 ecclesiam

2118 5062 2313 5102 census
2346 5048 2413 5101 ab
2440 5048 2570 5115 ipsis
2594 5047 2685 5115 qui
2723 5047 2906 5101 eadem
2943 5047 3184 5100 emnobia
3217 5062 3406 5106 nostro
3438 5050 3696 5105 beneﬁcio

2121 5145 2306 5191 tenent
2333 5137 2561 5192 libenter
2587 5136 2652 5190 ad
2695 5151 2830 5205 opus
2854 5136 3093 5204 episcopi
3124 5141 3209 5193 vel
3241 5140 3475 5193 fratrum
3503 5139 3576 5192 ibi
3609 5139 3694 5192 de-

2120 5226 2356 5297 gentium
2377 5235 2431 5282 et
2451 5226 2516 5280 ad
2547 5227 2717 5296 ipsam
2736 5225 3018 5280 ecclesiam
3045 5232 3462 5284 resuurandam
3484 5239 3539 5283 et
3560 5244 3696 5283 nunc

2119 5327 2174 5371 ct
2217 5317 2410 5373 futuris
2449 5318 2778 5386 temporibus
2818 5317 3218 5386 persolvuntur,
3255 5331 3305 5374 et
3345 5319 3573 5374 refectio
3609 5335 3694 5372 ca-

2120 5412 2326 5465 nonicis
2354 5411 2533 5466 Sancti
2565 5409 2808 5464 Gervasii
2835 5403 3036 5479 optima
3075 5417 3142 5468 ab
3169 5413 3356 5467 eodem
3389 5412 3588 5465 abbate
3609 5410 3692 5478 qui

2119 5501 2291 5568 ipsum
2322 5502 2627 5555 coenobium
2672 5514 2797 5554 tunc
2843 5504 3104 5570 temporis
3133 5502 3330 5556 habere
3378 5500 3612 5563 videtur,
3643 5499 3692 5551 in

2113 5590 2369 5656 prmdicta
2402 5591 2690 5644 festivitate
2721 5588 2904 5644 libenti
2933 5595 3119 5646 animo
3145 5591 3258 5653 ﬁat,
3285 5590 3430 5643 Sicut
3461 5597 3690 5643 nostram

2113 5683 2343 5753 gratiam
2369 5692 2422 5738 et
2453 5684 2565 5752 ipsa
2593 5681 2854 5739 beneﬁcia
2886 5683 3081 5738 habere
3126 5681 3427 5746 voluerint;
3461 5689 3520 5734 ut
3545 5678 3690 5733 nobis
