3924 6358
1648 10 3273 61 3.25
3286 10 3365 61 ⁵³⁵.
3330 22 3387 57 ιῖ³
3404 12 3429 49 3
3446 14 3467 33 ³⁵

240 411 374 468 1221
1154 464 1169 477 ,
1376 418 1668 475 DIPLOMA
1680 420 1766 473 TA
1813 418 2338 477 EL‘CLLSIASTICA
2350 460 2363 473 .

3343 437 3364 482 1
3375 435 3482 486 222

231 546 330 585 seu
391 529 762 585 decessoribus
806 530 887 584 vel
942 531 1270 598 genitoribus
1336 535 1537 588 nostris
1587 542 1804 604 prepter
1832 536 1881 595 Α
1907 532 2119 599 Corma,
2170 544 2224 589 et
2263 536 2570 596 Noviomor.
2620 549 2671 595 et
2717 544 3004 600 Bostiliaco
3049 548 3180 603 vicis
3223 550 3469 617 publicis.

229 619 557 673 ablationem
606 619 691 675 vel
740 621 1151 675 minorationem
1209 622 1401 683 barum
1467 638 1646 679 rerum
1692 624 1805 693 jam

229 709 394 765 dictae
433 698 673 765 ecclesiae
712 711 928 781 aliquod
969 713 1346 768 detrimentum
1388 723 1480 769 aut
1508 716 1805 784 periculum
1907 721 2051 800 sunt,
2093 724 2153 768 ut
2185 714 2298 783 iam
2327 698 2681 786 dictumiesl.
2726 724 3023 780 evidentius
3065 737 3119 782 et
3166 730 3479 800 diligentius

226 798 383 867 regni
434 814 538 853 ηοη
569 808 863 866 accrescat,
902 800 994 855 sed
1040 802 1294 870 perennis
1325 806 1657 874 ιθιηροτίδυε
1705 805 1807 861 sub
1905 799 2283 871 investigatum
2333 805 2624 869 habemus,
2672 819 2724 864 et
2775 811 2826 866 iu
2875 816 3199 872 authenticis
3236 798 3475 888 ejusdem

1909 622 2032 679 llaec
2075 635 2253 681 autem
2300 630 2482 683 omnia
2527 645 2646 699 quae
2690 637 3009 691 nominatim
3059 654 3219 709 supra
3267 642 3472 700 inserta

224 888 350 957 jure
394 889 631 960 ejusdem
676 892 919 947 ecclesia:
963 904 1333 961 permaneant.
1376 896 1566 952 Divitis
1594 908 1619 937 ι
1657 897 1801 951 enim

224 979 771 1035 canonicis'omnibus
795 987 850 1035 et
877 982 1122 1038 ecclesiis
1149 984 1553 1053 baptismalibu‘s
1586 986 1639 1041 in
1666 1002 1802 1057 prae-

1906 889 2404 963 ecclesiaa‘scriptis
2441 896 2573 965 ipsis
2603 898 2813 955 clericis
2839 905 3284 963 nonobstantibus
3323 923 3475 978 repe-

1902 979 2093 1045 rimus,
2126 982 2238 1037 sive
2264 984 2398 1040 alias
2427 986 2577 1042 villas
2621 1003 2739 1058 quae
2762 1004 2981 1062 propter
3002 996 3364 1064 prolixitatem
3390 1001 3476 1056 vel

224 1068 386 1123 dieue
431 1070 581 1124 urbis
623 1072 879 1139 parocbia
935 1074 1388 1141 consistentibus,
1433 1076 1781 1147 cujuscunqui

1899 1077 2123 1138 propter
2164 1072 2518 1143 ignorantiam
2546 1078 2819 1134 nominum
2850 1082 3094 1137 villarum
3125 1088 3175 1139 in
3207 1088 3304 1144 hoc
3331 1104 3470 1157 prte-

224 1155 361 1223 juris
394 1152 524 1222 sint,
553 1173 746 1214 census
774 1170 998 1216 cunctos
1026 1168 1136 1216 tam
1164 1163 1219 1217 in
1248 1163 1368 1218 oleo
1395 1180 1557 1234 quam
1586 1165 1641 1219 in
1674 1180 1799 1221 cera

224 1247 342 1302 sive
389 1249 622 1305 denariis
672 1249 903 1320 pleniter
957 1254 1204 1323 partibus
1249 1253 1487 1324 praefatae
1533 1256 1796 1322 ecclesia),

222 1336 366 1392 sicut
408 1338 462 1393 in
501 1338 759 1407 plenariis
793 1348 847 1397 et
881 1343 1168 1398 breviariis
1206 1342 1445 1413 ejusdem
1485 1347 1676 1401 matris
1704 1362 1795 1402 ec-

223 1427 404 1484 clesiaa
434 1431 792 1498 continentur,
820 1448 918 1502 per
963 1434 1200 1506 singulos
1240 1450 1410 1492 annos
1445 1439 1649 1509 absque
1688 1439 1792 1494 ulla

1899 1168 2055 1228 cepto
2087 1176 2192 1214 non
2239 1172 2363 1217 sunt
2409 1164 2644 1231 insertae,
2690 1168 2757 1222 ad
2800 1170 2912 1240 jam
2958 1172 3153 1228 dictam
3184 1177 3466 1233 ecclesiam

1891 1243 2039 1313 juste
2063 1256 2118 1301 et
2146 1248 2387 1319 legaliter
2412 1254 2712 1321 pertinere;
2737 1270 2899 1326 super
2919 1261 3114 1328 quibus
3136 1262 3235 1318 bas
3268 1277 3468 1322 nostra:

1896 1338 2235 1394 auctoritatis
2275 1339 2487 1396 litteras
2514 1341 2630 1398 ﬁeri
2662 1345 3017 1413 decrevimus,
3066 1365 3163 1420 per
3186 1367 3321 1421 quas
3359 1364 3470 1410 sta-

1897 1432 2112 1481 tuentes
2128 1429 2377 1485 omnibus
2404 1430 2497 1501 qui
2522 1430 2575 1485 in
2608 1437 2859 1503 priesenti
2891 1444 3129 1508 tempore
3155 1450 3248 1497 aut
3275 1443 3470 1500 futuris

223 1519 652 1576 contradictione
698 1530 792 1577 aut
839 1538 992 1579 mora
1039 1525 1274 1594 persolvi
1309 1527 1663 1597 pmipimug,
1719 1529 1797 1584 De
1896 1516 2228 1584 temporibus
2250 1533 2315 1572 ex
2348 1530 2660 1578 memoratis
2696 1525 2887 1581 matris
2925 1528 3169 1584 ecclesia:
3207 1531 3469 1591 beneﬁcia

222 1606 360 1661 vicis
401 1622 528 1664 vero
556 1608 784 1677 publicis
810 1625 876 1667 ac
894 1612 1133 1682 propriis
1166 1613 1251 1668 vel
1276 1614 1472 1670 villulis
1491 1614 1604 1684 jam
1638 1616 1781 1673 dicta

1893 1608 2127 1661 assecuti
2154 1616 2279 1663 sunt
2322 1619 2415 1664 aut
2446 1612 2658 1681 assequi
2698 1622 3008 1682 potuerunt,
3036 1620 3373 1690 praecipimus
3401 1634 3465 1679 ut

222 1693 487 1760 ecclesia,
527 1710 665 1765 quas
703 1696 891 1754 ﬁdeles
933 1701 1104 1757 uestri
1139 1702 1653 1775 nostra'largitione
1696 1706 1793 1760 ba-

221 1781 382 1847 bent,
411 1784 629 1841 omnino
673 1786 1016 1858 praecipimus
1057 1798 1118 1844 ut
1140 1807 1299 1847 nona:
1326 1801 1383 1847 et
1416 1794 1634 1849 decimae
1665 1809 1791 1865 par-

1895 1691 1961 1746 de
1993 1695 2246 1751 omnibus
2267 1696 2793 1756 conlaborationibus
2817 1705 3000 1769 te’rraa,
3032 1714 3140 1761 tam
3170 1706 3275 1763 feni
3302 1726 3463 1781 quam

1894 1796 2119 1844 annuum
2155 1786 2395 1841 omnium
2435 1802 2714 1856 generum,
2743 1799 2851 1846 tam
2877 1792 2945 1848 de
2979 1803 3074 1849 sua
3100 1797 3465 1858 dominatione

223 1871 371 1928 tibus
400 1875 723 1945 praescripta:
746 1879 935 1934 matris
964 1878 1207 1936 ecclesiae
1226 1880 1295 1937 ab
1318 1882 1519 1938 eisdem
1550 1861 1781 1941 ﬁdelibus

1894 1885 2054 1939 quam
2089 1882 2145 1928 et
2184 1874 2249 1929 de
2279 1876 2629 1932 vassallorum
2654 1895 2896 1948 suorum,
2930 1883 2998 1939 de
3025 1885 3293 1945 vivericiis
3329 1907 3464 1962 quo-

222 1961 427 2016 nostris
468 1962 699 2019 libenter
722 1970 777 2020 et
810 1965 1041 2036 pleniter
1067 1969 1457 2036 persolvantur,
1486 1980 1541 2027 et
1566 1972 1791 2028 aediﬁcia

221 2047 462 2116 ejusdem
491 2051 734 2108 ecclesia;
769 2053 885 2110 sive
908 2056 1189 2112 domorum
1221 2059 1287 2112 ad
1322 2074 1443 2114 eam
1488 2062 1627 2117 infra
1667 2063 1794 2118 civi-

221 2143 387 2191 tatem
439 2141 821 2208 pertinentium
867 2146 1197 2203 reaediﬁcare
1230 2148 1315 2203 vel
1360 2158 1664 2207 restaurare
1708 2152 1790 2207 fa-

218 2227 389 2294 ciant,
422 2229 473 2284 id
500 2238 602 2295 est,
640 2231 708 2288 de
744 2235 874 2291 villa
916 2235 1136 2302 Taviala,
1169 2240 1235 2294 de
1264 2240 1387 2294 villa
1419 2240 1697 2312 Lugdune,
1724 2245 1792 2301 de

217 2317 345 2372 villa
375 2318 628 2387 Baladon,
658 2322 725 2379 de
754 2324 877 2379 villa
910 2341 1029 2395 qua:
1059 2325 1308 2399 Brogilus
1356 2326 1480 2386 sive
1515 2330 1789 2388 Novavilla

218 2418 581 2480 nuncupatur,
606 2414 676 2469 de
699 2414 823 2469 villa
854 2414 1133 2483 Pradellis,
1160 2418 1225 2473 de
1252 2419 1544 2487 Murniaco,
1569 2423 1635 2478 de
1662 2424 1788 2478 villa

217 2497 420 2562 Guilis,
463 2501 527 2557 de
574 2504 731 2559 tertia
764 2516 917 2575 parte
954 2507 1019 2562 de
1062 2507 1197 2563 cella
1244 2508 1431 2565 Sancti
1458 2511 1679 2578 Almiri,
1722 2515 1790 2569 de

218 2588 380 2641 tertia
407 2598 557 2657 parte
583 2590 649 2646 de
672 2591 806 2647 cella
831 2592 1016 2649 Sancti
1044 2595 1260 2661 Ull‘acii,
1283 2606 1337 2651 et
1366 2598 1432 2654 de
1456 2601 1613 2667 tertia
1636 2610 1791 2671 parte

216 2677 284 2731 de
322 2677 453 2731 cella
501 2677 682 2734 Sancti
727 2680 982 2753 Rigmiri,
1021 2684 1090 2740 de
1124 2684 1249 2739 villa
1292 2685 1533 2750 Boulido,
1568 2690 1633 2744 de
1677 2689 1787 2744 An-

215 2780 375 2834 gono,
411 2766 477 2820 de
514 2766 780 2824 Solemnis
822 2771 971 2836 villa,
998 2781 1054 2827 et
1082 2774 1203 2829 vico
1232 2782 1286 2829 et
1329 2775 1461 2830 cella
1505 2777 1781 2845 Virmero;

213 2862 271 2907 et
318 2855 384 2909 de
414 2856 536 2909 villa
565 2856 827 2927 Apiliaco,
853 2869 908 2916 et
936 2861 1000 2917 de
1041 2860 1287 2928 Aldrino,
1329 2872 1383 2918 et
1410 2863 1684 2931 Clausido,
1719 2868 1785 2922 de

214 2941 510 3009 Noviliaco,
560 2955 615 3001 et
663 2948 1003 3014 Fanisnonia,
1048 2958 1104 3005 et
1145 2966 1334 3022 campo
1377 2950 1627 3023 Sigirico,
1674 2955 1779 3010 Lu-

214 3034 388 3099 ciaco,
417 3044 471 3089 et
509 3047 710 3103 monte,
733 3048 788 3093 et
817 3041 883 3095 de
911 3040 1148 3097 Commis
1171 3042 1304 3097 cella
1351 3042 1535 3100 Sancti
1578 3045 1780 3102 Leodc-

212 3124 373 3193 garii,
396 3125 601 3192 Angor,
619 3136 684 3182 ‘et
708 3127 913 3193 Boulir,
936 3131 1003 3186 de
1028 3129 1372 3203 Vinogabron
1398 3148 1518 3188 cum
1548 3135 1660 3191 suis
1687 3151 1782 3207 ap-

1892 1973 1996 2027 que
2038 1969 2091 2015 et
2138 1963 2454 2031 perdonato,
2496 1966 2562 2021 de
2590 1968 2927 2036 pastionibus
2960 1980 3015 2027 et
3048 1979 3364 2045 pascuariis,
3395 1981 3463 2037 de

1890 2049 2187 2108 berbaticis
2226 2064 2281 2109 et
2316 2056 2497 2124 pullis,
2526 2058 2591 2113 de
2636 2060 3024 2129 piscationibus
3051 2074 3107 2119 ct
3139 2069 3457 2135 pastionati-

1890 2136 1991 2201 cis,
2022 2139 2075 2194 id
2100 2149 2205 2205 est,
2234 2142 2300 2197 de
2333 2144 2673 2213 glandeticis,
2698 2149 2764 2202 de
2794 2150 2972 2211 melle.
2997 2159 3052 2205 et
3080 2153 3457 2210 collaboratio-

1890 2227 2050 2284 nibus
2083 2244 2202 2298 qua:
2238 2232 2292 2285 in
2333 2234 2504 2288 hortis
2532 2244 2691 2300 sunt,
2730 2238 2796 2292 de
2838 2242 3220 2299 nutriminibus
3246 2248 3454 2301 anima~

1889 2315 2019 2372 lium
2051 2327 2105 2374 et
2139 2322 2312 2377 caseis
2341 2324 2432 2392 qui
2474 2323 2631 2391 ﬁunt,
2670 2326 2736 2383 de
2762 2330 3064 2397 vaccaritiis
3088 2332 3461 2402 dominicatis;

1887 2421 1953 2461 ac
1976 2408 2041 2461 de
2069 2411 2316 2466 omnibus
2345 2414 2732 2471 redditionibus
2764 2433 2882 2486 quae
2913 2421 2980 2475 ab
3010 2421 3317 2480 hominibus
3345 2441 3459 2480 me—

1886 2507 2105 2553 morata;
2132 2502 2318 2556 matris
2360 2503 2604 2583 ecclesia:
2646 2508 3000 2577 recipiuntur,
3029 2524 3253 2583 excepto
3286 2515 3457 2573 hosti-

1886 2584 2058 2650 leuse,
2089 2587 2145 2642 id
2183 2596 2284 2653 est,
2316 2591 2381 2645 de
2410 2582 2587 2648 bubus
2624 2602 2679 2649 et
2708 2597 2951 2666 conjecto
2991 2602 3056 2656 ad
3100 2582 3285 2658 carros
3330 2620 3461 2659 con-

1885 2678 2184 2732 struendos.
2211 2680 2284 2733 De
2306 2682 2393 2736 his
2420 2692 2598 2738 autem
2628 2687 2879 2742 omnibus
2905 2692 3244 2761 praecipimus
3266 2702 3321 2749 et
3340 2710 3462 2750 cen-

1884 2778 2001 2819 sum
2036 2765 2333 2837 legitimum
2378 2780 2432 2825 et
2475 2787 2645 2828 nonas
2688 2783 2743 2829 et
2781 2776 3017 2834 decimas
3046 2782 3201 2837 annis
3233 2783 3461 2856 singulis

1882 2854 2125 2923 partibus
2170 2860 2496 2931 prmscriptze
2546 2865 2736 2919 matris
2803 2867 3046 2924 ecclesiae
3105 2854 3458 2943 absque'uila

1881 2946 2195 3002 marritione
2228 2948 2312 3004 vel
2347 2950 2603 3007 dilatione
2646 2954 2890 3021 reddere,
2934 2958 3152 3029 insuper
3188 2972 3460 3021 restaura-

1882 3034 2056 3089 tiones
2079 3044 2185 3091 tam
2213 3039 2264 3092 in
2287 3040 2505 3108 praeﬁxa
2527 3043 2755 3099 ecclesia
2775 3062 2939 3116 quam
2962 3049 3016 3103 in
3042 3050 3286 3108 domibus
3301 3055 3463 3127 juxta

1882 3138 2003 3179 eam
2029 3124 2394 3194 adiacentibus
2423 3130 2478 3185 in
2522 3136 2847 3204 tegumentis
2873 3146 2928 3193 et
2965 3124 3453 3204 restaurationibus

211 3188 795 3285 ᾖεηάίοῇεξέιἈίιῑηο
833 3188 952 3273 vico
986 3188 1217 3289 publico,
1256 3228 1311 3275 et
1342 3221 1562 3277 Bruslor
1588 3232 1643 3277 et
1685 3188 1782 3279 SB-
1809 3188 1853 3249 C
1886 3227 1983 3281 pro
2028 3216 2383 3283 possibilitate
2426 3234 2606 3276 rerum
2649 3239 2784 3292 quas
2815 3227 2868 3281 in
2918 3228 3232 3288 beneﬁcium
3261 3238 3456 3294 exinde

210 3316 387 3371 gonna
420 3303 553 3358 vicis
589 3305 836 3373 publicis,
881 3314 936 3361 et
965 3306 1215 3373 Silviaco,
1248 3318 1302 3365 et
1331 3310 1397 3365 de
1421 3312 1547 3367 villa
1578 3312 1784 3370 Viliaeo

209 3400 267 3445 et
309 3392 577 3460 Triciono,
622 3404 677 3451 et
719 3396 978 3468 Silgiaco,
1020 3408 1075 3455 et
1118 3398 1410 3468 Sabololio,
1448 3411 1504 3457 et
1555 3404 1784 3461 Vinonio

210 3482 330 3536 vico
354 3484 585 3551 publico,
612 3494 667 3541 et
698 3487 764 3542 de
791 3488 915 3543 villa
952 3490 1177 3561 longua,
1206 3500 1262 3546 et
1303 3493 1369 3547 de
1399 3493 1524 3547 villa
1557 3494 1783 3566 Campa-

210 3571 386 3637 niaco,
414 3580 471 3627 et
500 3574 564 3628 de
602 3574 939 3642 Tonedralio,
984 3579 1053 3633 de
1096 3578 1311 3635 Geneda
1356 3582 1492 3638 vicis
1525 3583 1777 3652 publicis,

209 3670 264 3717 et
293 3663 359 3717 de
384 3664 506 3717 villa
533 3665 709 3729 Didas,
739 3675 794 3722 et
825 3668 893 3722 de
927 3668 1211 3735 Tredento,
1239 3680 1295 3725 et
1332 3673 1563 3739 Vitlena,
1595 3674 1780 3732 Tauri-

210 3753 406 3819 miaco,
430 3754 675 3821 Calsano,
705 3764 759 3812 et
783 3758 966 3813 villare
997 3759 1063 3813 de
1104 3760 1282 3817 Verno
1303 3770 1357 3815 et
1387 3763 1689 3820 Adilianitaa
1722 3777 1778 3821 et

209 3842 397 3911 Vigra,
441 3852 496 3898 et
536 3844 827 3913 Fontanas,
856 3857 912 3903 et
960 3846 1248 3915 Sanmuro,
1288 3860 1342 3906 et
1377 3853 1621 3918 Brallalo,
1654 3855 1778 3911 Fol-

209 3932 376 3997 caria,
404 3932 769 4000 Domnoiorio,
800 3946 855 3991 et
897 3945 1106 4007 partem
1154 3941 1219 3994 de
1266 3939 1575 4008 Fraxinido,
1621 3944 1773 3999 Man.-

208 4020 383 4085 daria,
426 4020 679 4092 Dirigeto,
717 4025 901 4081 villare
937 4028 1006 4082 de
1046 4029 1241 4093 Verno,
1274 4029 1559 4087 Clermicio
1597 4041 1652 4087 et
1678 4033 1778 4089 Ca-

208 4109 447 4175 miliaco,
479 4111 544 4166 de
588 4112 975 4181 Traximarias,
1006 4126 1059 4173 et
1099 4118 1333 4176 Cexiaco
1377 4122 1497 4178 vico
1540 4125 1771 4192 publico,

206 4205 261 4250 et
296 4198 420 4252 villa
461 4199 777 4266 Antoniaco,
814 4205 880 4259 de
915 4206 1037 4260 villa
1068 4207 1303 4271 Bonali‘a,
1335 4219 1390 4264 et
1424 4210 1491 4265 de
1527 4215 1775 4270 omnibus

206 4287 352 4343 villis
374 4305 492 4358 qua:
516 4290 580 4344 ad
619 4292 807 4347 cellam
836 4294 1018 4350 Sancti
1049 4296 1263 4351 Martini
1289 4298 1427 4354 inl‘ra
1458 4316 1671 4355 murum
1704 4304 1778 4358 ci-

206 4378 391 4433 vitatis
432 4382 720 4449 pertinent,
747 4396 801 4437 et
828 4384 893 4439 de
923 4384 1188 4455 Caugiaco
1215 4387 1336 4442 vico
1360 4389 1593 4457 publico,
1626 4402 1680 4448 et
1705 4393 1773 4449 de

206 4464 332 4518 villa
363 4464 685 4533 Limbriaco,
716 4476 770 4523 et
795 4471 1115 4537 Verincella,
1148 4482 1202 4533 et
1244 4475 1525 4543 Verniaco,
1565 4489 1627 4535 et
1648 4482 1770 4537 vitia

207 4554 277 4610 de
320 4554 592 4622 Ferciaco,
622 4531 679 4612 et
703 4560 767 4614 de
798 4560 1084 4628 Ponciaco,
1112 4563 1178 4618 de
1207 4562 1489 4631 Cariliaco,
1522 4569 1767 4638 Priliaco,
1796 4531 1848 4589 Β

206 4645 274 4699 de
302 4643 485 4715 Vigra,
527 4655 582 4701 et
626 4648 695 4702 de
723 4648 984 4705 beneﬁcio
1013 4651 1263 4723 Hadingi,
1293 4663 1347 4709 et
1383 4656 1449 4711 de
1493 4658 1675 4715 villare
1717 4670 1771 4717 et

204 4731 277 4785 de
299 4732 436 4787 valle
464 4733 711 4799 Bovonis,
740 4744 792 4790 et
828 4738 894 4792 de
925 4738 1202 4805 Breviaco,
1229 4750 1284 4797 et
1310 4744 1375 4798 de
1403 4744 1767 4814 Carbonariis,

204 4831 260 4875 et
286 4821 352 4876 de
392 4822 653 4889 Ruiliaco,
683 4834 737 4880 et
779 4827 845 4881 de
889 4828 1211 4899 Sidrego,et
1238 4831 1305 4886 de
1346 4832 1571 4890 Paciaco
1614 4848 1770 4906 portu

202 4929 367 4982 super
409 4913 725 4981 Garronam,
760 4926 813 4973 et
852 4920 918 4975 de
971 4919 1232 4983 Gaureco,
1274 4930 1328 4976 et
1367 4922 1434 4978 de
1482 4926 1618 4980 cella
1652 4942 1771 4996 quae

200 5002 462 5073 Longolin
496 5014 735 5071 vocatur,
769 5016 824 5063 et
858 5009 923 5064 de
958 5009 1238 5080 Gajureco,
1272 5021 1326 5065 et
1352 5013 1417 5067 de
1436 5013 1677 5081 Floreeo,
1717 5027 1772 5075 et

202 5092 273 5146 de
298 5094 419 5147 vico
449 5092 798 5163 Diablentico,
828 5106 883 5152 et
910 5100 975 5153 de
999 5100 1130 5155 cella
1156 5100 1430 5168 Arciacas,
1465 5110 1519 5158 et
1551 5107 1616 5160 de
1643 5108 1770 5163 villa

203 5180 536 5245 Camariaco,
580 5193 635 5238 et
668 5185 930 5251 Eviriaco,
967 5200 1021 5243 et
1067 5190 1234 5256 Calla,
1276 5200 1329 5247 et
1374 5192 1765 5262 Commoriaco,

202 5278 257 5323 et
282 5270 347 5324 de
372 5271 495 5324 villa
533 5272 840 5339 Andoliaco,
868 5287 922 5330 et
951 5278 1016 5333 de
1045 5280 1166 5334 villa
1195 5282 1463 5344 Griniaco,
1489 5291 1545 5337 et
1581 5284 1766 5340 Marti-

200 5357 382 5421 niaco,
423 5368 478 5413 et
515 5360 804 5425 Liverolas,
848 5373 901 5419 ct
943 5364 1202 5433 Sisciaco,
1249 5378 1304 5425 et
1333 5371 1397 5425 de
1426 5372 1561 5426 cella
1597 5373 1765 5431 Domo

200 5448 345 5517 regis
373 5456 428 5503 et
453 5450 520 5505 de
558 5466 691 5521 pago
717 5453 1050 5522 Ardunense,
1078 5458 1131 5512 in
1169 5474 1275 5528 quo
1314 5469 1439 5516 sunt
1484 5472 1765 5520 manentes

200 5536 339 5590 villa:
363 5535 547 5595 Sancti
586 5539 850 5610 Gervasii,
876 5554 931 5599 et
957 5546 1023 5601 de
1048 5558 1197 5604 eurte
1224 5550 1456 5617 Busane,
1486 5563 1539 5609 et
1565 5555 1631 5610 de
1661 5555 1764 5611 No-

202 5624 399 5689 viomo,
445 5636 499 5681 et
529 5626 861 5699 Scomoiaco,
895 5640 949 5687 et
990 5634 1298 5700 Camiliaco,
1333 5648 1387 5693 et
1413 5640 1665 5708 Comaco,
1710 5654 1765 5698 et

271 5745 297 5773 ι
333 5736 441 5789 Vox
472 5748 743 5806 corrupta.

1885 3304 2121 3371 possidet
2149 3304 2329 3363 facere
2374 3326 2480 3365 non
2517 3314 2817 3386 negligatis,
2860 3319 2907 3375 si
2944 3324 3169 3391 gratiam
3214 3337 3460 3384 nostram

1882 3401 1937 3448 et
1982 3397 2169 3452 eadem
2222 3400 2481 3458 beneﬁcia
2525 3409 2891 3479 unusquisque
2954 3423 3192 3471 vestrum
3258 3419 3460 3477 habere

1884 3482 2133 3539 voluerit.
2185 3486 2503 3561 Pmscripta
2531 3510 2661 3552 vero
2696 3496 2955 3556 beneﬁcia
3005 3505 3125 3560 volo
3166 3515 3225 3561 ut
3274 3507 3454 3567 ﬁdeles

1882 3572 2054 3627 nostri
2092 3578 2400 3645 supradicto
2428 3596 2593 3638 censu
2624 3600 2744 3641 cum
2768 3604 3028 3647 consensu
3057 3602 3112 3648 et
3139 3596 3454 3655 benevolen-

1882 3662 1955 3716 tia
1982 3664 2221 3733 ejusdem
2249 3670 2489 3727 ecclesiae
2515 3674 2746 3745 episcopi
2778 3688 2993 3736 teneant
3020 3699 3186 3754 usque
3208 3688 3332 3742 dum
3362 3690 3449 3745 illa

1881 3767 2001 3806 cum
2028 3755 2108 3810 eis
2135 3771 2255 3826 quae
2283 3774 2350 3813 ex
2388 3771 2575 3817 nostra
2601 3766 2815 3823 datione
2844 3769 3041 3828 habere
3073 3775 3316 3831 videntur
3340 3794 3449 3834 mu-

1880 3850 1994 3896 tare
2038 3847 2305 3913 possimus
2333 3859 2390 3904 et
2427 3850 2729 3921 smpedicta:
2773 3859 3016 3916 ecclesiae
3054 3880 3174 3933 qua:
3209 3866 3354 3935 juste
3395 3880 3450 3925 et

1878 3928 2137 4000 legitime,
2159 3943 2219 3988 ut
2232 3936 2543 4005 inquisitum
2563 3943 2841 4013 habemus,
2860 3928 3138 4018 debentur,
3155 3928 3448 4015 auxiliante

1879 4021 2123 4089 Domino,
2156 4029 2364 4083 restitui
2414 4039 2575 4100 atque
2616 4036 2839 4092 reddere
2878 4055 3198 4099 mereamur.
3245 4048 3312 4102 Et
3338 4050 3442 4107 hoc

1876 4112 2123 4168 omnibus
2152 4116 2302 4171 vobis
2344 4128 2528 4175 notum
2576 4124 2681 4188 sit,
2725 4127 2865 4194 quod
2900 4130 2943 4183 si
2980 4131 3175 4202 aliquis
3206 4147 3445 4196 vestrum

1874 4203 2140 4258 exstiterit
2176 4207 2269 4275 qui
2310 4208 2451 4265 hanc
2474 4210 2769 4280 jussionem
2797 4227 3035 4276 nostram
3081 4235 3173 4278 aut
3208 4239 3447 4285 contem-

1876 4294 2052 4357 nendo
2089 4304 2183 4350 aut
2208 4297 2523 4370 negligenda
2551 4304 2842 4374 adimplere
2881 4309 3168 4378 distulerit,
3201 4318 3325 4385 quia
3350 4335 3459 4377 vo-.

1873 4382 2049 4440 lumus
2095 4396 2256 4457 atque
2299 4392 2639 4461 praecipimus
2678 4405 2734 4449 ut
2778 4403 3103 4470 praescripta:
3149 4382 3297 4464 urbis
3325 4413 3442 4481 epi-

1875 4490 2068 4546 sc0pus
2109 4479 2162 4532 in
2186 4478 2309 4547 jure
2354 4482 2593 4552 ejusdem
2636 4486 2877 4544 ecclesiis
2920 4506 3030 4547 suae
3059 4494 3112 4547 in
3161 4512 3313 4553 suam
3356 4478 3441 4557 vel

1873 4567 2252 4630 canonieorum
2292 4585 2510 4625 suorum
2545 4582 2863 4641 potestatem
2896 4580 2981 4635 vel
3024 4582 3441 4646 dominationem

1872 4657 2089 4711 easdem
2131 4674 2218 4714 res
2248 4676 2504 4718 revocare
2534 4662 2689 4719 faciat
2713 4682 2891 4744 usque
2926 4671 3050 4726 dum
3096 4675 3173 4730 illi
3213 4681 3301 4747 qui
3324 4680 3439 4749 jam

1875 4745 2030 4799 dicta:
2071 4746 2311 4802 ecclesiae
2350 4764 2437 4804 res
2480 4751 2567 4806 vel
2615 4753 2873 4811 beneﬁcia
2926 4770 3107 4815 nostra
3154 4745 3442 4836 largiti-one

1875 4837 2142 4893 habebant
2168 4840 2222 4893 in
2245 4849 2486 4896 nostram
2514 4844 2727 4899 veniant
2750 4851 3088 4915 praesentiam
3117 4868 3214 4922 pro
3246 4859 3437 4915 eadem

1874 4926 2195 4996 negligentia
2235 4936 2396 4998 atque
2446 4940 2753 5003 contemptu
2802 4939 3034 4995 rationes
3082 4945 3322 5002 reddere.
3370 4950 3436 5005 Et

1871 5014 2162 5081 prevideat
2196 5017 2564 5088 unusquisque
2602 5036 2669 5075 ne
2696 5022 2838 5077 illam
2883 5016 2955 5081 ibi
2999 5030 3181 5086 audiat
3223 5044 3439 5090 senten-

1874 5104 2022 5167 tiam,
2048 5104 2152 5169 Qui
2179 5108 2387 5177 negiigit
2409 5124 2641 5176 censum,
2661 5114 2841 5182 perdat
2868 5133 3074 5187 agrum,
3101 5128 3155 5175 et
3174 5137 3269 5192 per
3291 5126 3432 5183 hanc

1870 5198 2276 5262 auctoritatem,
2306 5198 2419 5253 sive
2464 5215 2562 5269 pro
2595 5217 2779 5257 eorum
2818 5207 3135 5277 negligentia
3174 5214 3256 5268 vel
3302 5231 3432 5271 con-

1867 5294 2067 5355 temptu
2093 5287 2203 5356 ipsa
2233 5290 2463 5357 perdant
2484 5291 2740 5348 beneﬁcia
2756 5294 2803 5349 b.
2830 5296 2897 5351 Et
2923 5307 2980 5351 ut
3009 5301 3122 5357 haec
3141 5302 3317 5370 jussio
3334 5324 3431 5362 no-

1870 5385 1983 5429 stra
2008 5376 2188 5431 verius
2212 5379 2465 5433 credatur
2484 5390 2540 5435 et
2558 5380 2861 5452 diligentius
2880 5400 3248 5457 conservetur,
3269 5404 3435 5463 atque

1868 5481 1965 5534 per
1991 5467 2169 5521 omnia
2196 5482 2225 5521 a
2260 5468 2408 5523 vobis
2435 5468 2741 5539 perﬁciatur
2768 5484 2821 5527 et
2849 5474 3053 5533 ﬁrmius
3077 5478 3270 5535 futuris
3299 5493 3434 5537 tem-

1869 5553 2085 5622 poribus
2108 5563 2371 5621 teneatur,
2392 5556 2459 5611 de
2479 5559 2675 5614 annulo
2696 5570 2880 5617 nostro
2901 5567 3085 5620 subter
3105 5568 3199 5623 bas
3222 5569 3430 5631 litteras

1869 5651 2082 5699 nostras
2104 5644 2366 5713 iussimus
2390 5647 2634 5717 sigillari.

1939 5753 1967 5793 ι
2000 5753 2130 5809 Vide
2159 5753 2483 5825 Capitularia
2507 5756 2704 5824 Caroli,
2735 5760 2817 5814 tit.
2845 5762 2894 5823 7,
2923 5775 2970 5815 c.
3000 5760 3085 5816 69.
