3924 6324
455 399 593 458 1225

1603 400 1927 458 LUDOVICI
1958 400 1987 455 ἰ
2020 394 2497 453 COGNOMENTO
2534 392 2619 447 ΡΗ

3584 389 3732 443 im

521 515 921 570 Hirminmarus
961 515 1204 571 notarius
1234 516 1301 572 ad
1326 517 1498 571 vicem
1546 516 1838 571 Theotonis
1885 528 2035 569 reco-
2064 515 2113 573 Α
2142 510 2399 566 Vulvinns
2434 508 2672 573 nomine,
2714 522 2836 562 cum
2872 505 3124 574 episcopo
3166 498 3437 554 Brixiame
3478 499 3739 555 Ecclesia:

451 604 611 674 gnovi
638 612 693 659 et
718 603 1033 673 subscripsi.

523 689 657 744 Data
676 690 723 745 ll
745 688 862 745 Kal.
878 689 1128 758 Januar.,
1152 705 1313 754 anno,
1331 689 1550 746 Christo
1568 692 1822 761 prepitio,
1851 690 1916 745 l9
1941 691 2039 744 im-

449 782 589 852 perii
611 781 795 837 domui
817 780 1071 839 Ludovici
1098 780 1324 851 piissimi
1347 781 1597 852 Augusti,
1623 782 1925 836 indictione
1948 780 2036 834 10.

450 871 646 926 Actum
675 871 1003 927 Cenomanis
1050 870 1271 925 civitate
1308 871 1364 925 in
1395 871 1492 926 Dei
1534 871 1753 927 nomine
1789 870 2035 927 feliciter.

449 960 645 1017 Amen.

1101 1050 1385 1108 CLXXVI.

556 1158 791 1199 DIPLOIIA
817 1158 1071 1199 LOTKARII
1114 1156 1215 1197 PRO
1249 1156 1586 1197 IONASTERIO
1619 1156 1932 1197 VERONENSI.

1060 1228 1236 1301 (Anno
1271 1229 1422 1300 835.)

618 1318 880 1391 [Ughelli,
907 1318 1070 1372 Italia
1106 1335 1284 1385 sacra,
1315 1328 1448 1374 tom.
1476 1321 1543 1385 ν,
1574 1336 1698 1391 pag.
1726 1318 1874 1391 7l7.]

519 1407 579 1462 ιη
618 1408 835 1462 nomine
877 1407 1088 1462 Domini
1132 1408 1302 1462 nostri
1337 1406 1465 1463 Jesu
1506 1408 1725 1473 Christi,
1755 1407 2047 1461 Lolliarius

449 1499 721 1571 Augustus
744 1498 1082 1557 invictissimi
1106 1499 1307 1554 domini
1329 1500 1673 1570 imperatoris
1692 1498 1948 1555 Ludovici
1982 1496 2043 1550 ti-

450 1590 575 1645 lius.

523 1680 797 1751 Quidquid
823 1681 967 1735 enim
999 1681 1051 1735 in
1083 1690 1269 1736 nostra
1296 1682 1383 1737 vel
1416 1697 1699 1753 procerum
1733 1690 2043 1738 nostrorum

451 1771 741 1842 praesentia
776 1780 927 1826 recto
965 1770 1184 1825 tramite
1219 1774 1513 1828 secundum
1552 1773 1723 1843 legem
1764 1770 2042 1827 definitum

2141 600 2476 656 (Iliuniherto
2507 599 2723 653 nomine
2758 602 3208 658 commutaverat,
3245 602 3303 647 et
3340 608 3372 648 e
3408 601 3590 647 contra
3626 590 3739 646 sibi

2141 691 2397 761 placitam
2427 696 2714 760 acceperat
2744 685 3255 743 commutationem:
3281 698 3401 754 qua:
3428 684 3554 738 dum
3575 682 3742 737 utilia

2140 788 2261 851 post
2309 778 2514 847 aliquot
2557 778 2673 832 dies
2716 779 2859 832 idem
2911 776 3171 831 Bataldus
3215 788 3400 827 vener.
3448 773 3744 841 episcopus

2141 869 2378 938 praefata:
2414 866 2471 923 S.
2513 867 2747 924 Zenonis
2782 866 3031 922 Ecclesia:
3070 877 3191 919 esse
3228 863 3585 934 cognovisset,
3637 862 3743 916 da-

2141 961 2213 1015 tis
2243 960 2295 1013 in
2330 959 2830 1029 recompensatione
2859 958 3001 1029 pacti
3035 957 3306 1027 prmdicta:
3348 955 3615 1008 Brixiana:
3648 966 3744 1007 ec-

2142 1050 2319 1105 clesite
2362 1051 2783 1121 congruentibus
2830 1051 3015 1111 rebus,
3062 1063 3127 1102 ac
3169 1047 3451 1115 mancipiis
3496 1062 3527 1099 a
3570 1046 3744 1099 Petro

2142 1143 2414 1211 quondam
2462 1141 2703 1211 ejusdem
2757 1140 2998 1196 ecclesite
3042 1141 3294 1209 episcopo
3350 1137 3703 1192 commutatis
3726 1176 3740 1195 ,

2142 1230 2283 1300 pacti
2326 1231 2729 1300 przenominatte
2773 1230 2831 1285 S.
2859 1230 3092 1285 Zenonis
3130 1229 3373 1284 ecclesia:
3407 1227 3747 1296 conquisivit

2089 1342 2094 1346 ί
2142 1321 2209 1375 ad
2232 1320 2575 1376 habendum:
2600 1322 2693 1376 sed
2718 1321 2844 1390 quia
2869 1320 3031 1390 regia:
3053 1319 3337 1389 potestatis
3367 1319 3567 1373 missus
3595 1317 3747 1370 inter

2143 1413 2242 1466 has
2270 1412 2513 1467 defuerat
2544 1413 2994 1467 commutationes
3024 1425 3124 1480 pro
3161 1408 3466 1480 hujusmodi
3499 1407 3749 1463 occasio-

2144 1502 2302 1556 nibus
2325 1502 2644 1566 adimendis,
2677 1517 2746 1556 ne
2776 1502 2896 1556 ideo
2922 1502 2988 1555 ab
3015 1501 3205 1555 eadem
3232 1498 3461 1557 ecclesia
3482 1498 3747 1551 auferan-

2145 1600 2254 1657 tur,
2282 1592 2538 1661 quoniam
2566 1591 2809 1663 legaliter
2837 1594 3042 1661 absque
3078 1591 3226 1660 regio
3256 1590 3423 1645 misso
3451 1605 3560 1644 non
3591 1596 3751 1657 pote-

2146 1693 2268 1736 rant
2310 1683 2664 1747 commutari,
2706 1683 2850 1737 hanc
2884 1670 3123 1736 nostram
3163 1679 3541 1735 auctoritatem
3580 1691 3751 1747 super

2144 1773 2399 1845 praefatas
2428 1773 2882 1829 commutationes
2922 1773 3119 1827 addere
3156 1770 3345 1832 libuit,
3374 1785 3473 1839 per
3497 1784 3638 1838 quas
3658 1768 3752 1835 ju-

452 1865 637 1929 t‘uerit,
679 1872 896 1938 oportet
933 1864 1133 1917 nostris
1167 1864 1493 1921 conﬁrmare
1530 1865 1785 1927 oraculis,
1827 1872 1887 1918 ut
1919 1863 2042 1932 jure
2076 1885 2116 1941 Β
2147 1864 2338 1918 bemus
2381 1878 2569 1917 sanum
2612 1877 2926 1916 mansurum
2952 1879 2965 1914 :
2990 1861 3263 1915 sancimus
3300 1870 3359 1912 ut
3395 1858 3578 1912 nullus
3612 1858 3749 1913 ﬁde-

449 1956 763 2011 firmissimo
810 1964 1027 2009 maneat
1073 1955 1469 2011 inconvulsum.
1521 1958 1687 2028 igitur
1730 1966 1919 2010 notum
1967 1956 2039 2009 sit

447 2044 691 2098 omnium
728 2043 965 2098 fidelium
1005 2050 1337 2109 nostrorum,
1367 2048 1713 2116 priesentium
1746 2046 1953 2101 scilicet
1986 2053 2041 2099 et

448 2132 775 2197 futurorum,
814 2134 1119 2203 sagacitati,
1153 2136 1274 2205 quia
1303 2150 1425 2190 cum
1469 2136 1622 2189 missi
1656 2135 1829 2194 nostri
1869 2135 1923 2188 in
1956 2134 2044 2187 Pi-

449 2224 625 2277 scaria
670 2223 736 2276 ad
782 2223 1160 2279 universorum
1204 2239 1399 2279 causas
1434 2225 1759 2288 audiendas,
1798 2232 1853 2277 et
1895 2230 2041 2277 recte

449 2309 650 2378 judicia
682 2311 1023 2365 terminanda
1066 2313 1423 2378 resedissent,
1459 2312 1638 2381 ibique
1672 2312 1894 2366 veniens
1930 2311 2041 2368 Leo

454 2401 646 2463 abbas,
679 2408 733 2454 et
763 2401 1054 2455 advocatus
1080 2401 1274 2457 Sancti
1292 2404 1524 2457 Zenonis
1545 2401 1925 2456 Garimbaldus
1954 2417 2043 2456 no-

448 2491 612 2555 mine,
644 2494 785 2545 unde
820 2491 959 2545 idem
997 2492 1105 2546 Leo
1134 2509 1231 2562 per
1259 2489 1657 2548 ordinationem
1700 2491 1915 2546 Rataldi
1954 2508 2043 2544 ve-

450 2582 710 2637 nerabilis
738 2584 971 2653 episcopi
999 2596 1120 2639 esse
1148 2585 1453 2649 videbatur,
1482 2585 1906 2654 interpellavisse
1943 2582 2044 2635 lia-

452 2673 741 2743 gilcusum,
772 2681 827 2753 et
860 2673 1209 2745 Ragipertum
1243 2676 1535 2730 advocatos
1568 2673 1769 2729 Goradi
1807 2672 2039 2735 comitis,

452 2762 721 2828 dicentes,
749 2764 891 2831 quod
918 2779 1043 2831 pars
1078 2763 1287 2833 praefati
1315 2758 1515 2819 δυνάᾶί
1544 2763 1890 2838 εἱινίιηιιίιυω
1917 2762 2045 2816 dici-

454 2861 543 2905 tur
571 2853 819 2917 Hostilia,
853 2863 908 2907 et
934 2868 1133 2923 pascua
1163 2855 1550 2924 pertinentem,
1574 2864 1629 2909 et
1642 2854 1765 2925 jure
1788 2852 1845 2908 S.
1867 2853 2041 2908 Zeno-

452 2943 536 2997 nis
584 2958 683 2998 suo
718 2943 844 3012 jure
899 2960 1196 3014 occupasse
1246 2945 1431 3000 illicite
1477 2953 1532 2999 et
1583 2953 1772 2999 contra
1836 2944 2038 3015 legem;

452 3048 616 3103 quam
648 3049 761 3088 rem
798 3034 925 3089 dum
956 3034 1169 3104 praefati
1201 3036 1351 3090 missi
1382 3036 1550 3090 nostri
1593 3049 1687 3104 per
1727 3050 1784 3090 se
1821 3034 2043 3089 minime

452 3125 678 3180 definire
707 3126 1030 3194 potuissent,
1058 3128 1112 3181 in
1138 3138 1379 3182 nostram
1413 3129 1552 3183 hanc
1578 3128 1810 3197 plcniter
1834 3127 2041 3183 delibe-

2144 1955 2275 2008 lium
2311 1963 2512 2009 sancta:
2542 1954 2637 2007 Dei
2666 1952 2920 2008 Ecclesia:
2950 1960 3388 2021 nostrorumque,
3419 1951 3486 2004 ab
3527 1950 3661 2004 hinc
3692 1949 3746 2002 in

2148 2052 2307 2098 antea
2351 2043 2476 2098 inde
2516 2043 2749 2111 aliquam
2787 2042 2930 2112 pacti
2975 2055 3119 2111 saepe
3156 2039 3285 2094 dicti
3326 2039 3649 2094 monasterii
3688 2038 3744 2093 S.

2144 2133 2379 2189 Zenonis
2413 2132 2613 2187 inferre
2646 2139 2935 2201 praesumat
2963 2130 3429 2193 contrarietatem,
3462 2128 3561 2183 sed
3591 2129 3751 2183 liceat

2144 2227 2230 2290 ei,
2274 2234 2334 2279 ut
2372 2224 2519 2293 justo
2565 2224 2782 2277 tramite
2839 2222 3157 2291 acquisivit,
3200 2222 3380 2292 quiete
3442 2221 3749 2275 rectoribus

2144 2317 2385 2372 ecclesia:
2432 2316 2685 2371 ordinare
2729 2323 2892 2385 atque
2928 2315 3214 2383 disponere
3250 2312 3512 2382 quidquid
3544 2311 3748 2365 utilitas

2145 2407 2415 2473 pnudictae
2465 2404 2752 2459 dictaverit
2795 2404 3057 2459 ecclesiae.
3107 2402 3164 2457 Si
3208 2417 3371 2467 vero,
3420 2403 3567 2471 quod
3610 2401 3747 2455 fulu-

2146 2508 2265 2545 rum
2287 2508 2390 2547 non
2409 2493 2701 2557 credimus,
2731 2491 2927 2560 aliquis
2948 2492 3078 2556 dux,
3098 2505 3303 2559 comes,
3332 2500 3427 2545 aut
3456 2490 3745 2560 cusjnlibet

2145 2584 2655 2648 administrationis,
2689 2592 2782 2638 aut
2818 2584 3029 2654 privata
3064 2599 3298 2653 persona
3339 2592 3531 2639 contra
3564 2589 3744 2640 omnia

2146 2674 2455 2744 supradicta
2499 2675 2674 2729 moliri
2719 2673 2918 2744 aliquid
2953 2674 3378 2743 prtesumpserit,
3418 2689 3515 2727 seu
3554 2673 3744 2727 infrin-

2144 2780 2292 2837 gere,
2323 2766 2405 2820 vel
2434 2780 2784 2835 corrumpere
2812 2778 2880 2819 ex
2906 2774 3082 2835 parte,
3121 2774 3214 2819 aut
3252 2780 3319 2819 ex
3358 2774 3473 2820 toto
3503 2774 3745 2820 tentare-

2148 2858 2249 2921 rit,
2313 2856 2452 2911 sciat
2499 2872 2558 2911 se
2608 2856 3035 2926 compositurum
3090 2855 3235 2911 mille
3284 2870 3576 2910 mancusos
3625 2854 3745 2909 auri

2146 2947 2354 3018 obryzi,
2397 2946 2743 3001 medietatem
2776 2961 3007 3001 camera:
3048 2950 3265 3008 nostrae,
3308 2953 3363 3000 et
3391 2946 3739 3000 medietatem

2137 3038 2252 3107 jam
2280 3040 2425 3094 dicto
2457 3039 2787 3093 monasterio
2831 3038 2887 3092 S.
2932 3038 3182 3101 Zenonis,
3232 3038 3275 3092 si
3318 3037 3496 3107 aliqua
3534 3048 3744 3091 contra-

2147 3132 2357 3187 rietatis
2387 3130 2640 3185 violentia
2682 3129 2826 3184 illata
2858 3128 3043 3186 fuerit.
3094 3130 3158 3183 Et
3201 3137 3259 3182 ut
3300 3130 3402 3183 hoc
3438 3130 3739 3183 certissime

459 3218 627 3271 randa
654 3215 916 3285 jussimus
954 3218 1139 3272 venire
1170 3218 1537 3288 praesentiam.
1588 3217 1701 3285 Qua
1726 3217 1793 3272 de
1825 3233 1881 3273 re
1914 3220 2039 3273 dum
2070 3252 2114 3314 Ο
2149 3222 2429 3287 credatur,
2469 3229 2526 3275 et
2567 3220 2879 3290 diligentius
2925 3220 3263 3285 observetur,
3313 3235 3477 3274 manu
3522 3220 3736 3289 propria

453 3308 691 3378 diligenti
722 3308 959 3363 adhibita
998 3308 1411 3379 investigatione
1436 3309 1514 3363 rei
1538 3308 1821 3362 veritatem
1864 3308 2042 3377 inqui-

454 3412 717 3461 reremus,
748 3397 939 3452 detulit
966 3398 1254 3468 praedictus
1287 3399 1453 3453 abbas
1487 3397 1684 3467 optatis
1718 3396 2042 3470 [obtutibus]

454 3488 659 3542 nostris
686 3498 952 3559 praecepta
980 3492 1325 3559 antiquorum
1350 3505 1558 3560 regum,
1597 3506 1695 3545 nec
1730 3506 1834 3544 non
1864 3499 1918 3544 et
1948 3490 2046 3543 bo-

456 3596 538 3634 na:
563 3580 837 3634 memoriae
865 3582 947 3633 avi
976 3582 1144 3636 nostri
1173 3582 1377 3636 domini
1400 3581 1579 3636 Caroli
1608 3583 2044 3652 prmslanlissimi

455 3668 826 3739 imperatoris,
851 3685 1036 3724 verum
1073 3673 1234 3725 etiam
1271 3679 1327 3725 et
1360 3672 1607 3726 avunculi
1633 3673 1801 3727 nostri
1832 3672 2044 3742 Pippfni

454 3760 726 3828 quondam
767 3760 984 3830 gloriosi
1020 3761 1184 3830 regis,
1219 3760 1529 3831 dominique
1570 3770 1625 3816 et
1656 3762 1917 3832 genitoris
1952 3777 2047 3816 no-

454 3849 553 3902 stri
595 3848 851 3903 Ludovici
892 3850 1222 3903 serenissimi
1264 3850 1514 3920 Augusti,
1555 3865 1675 3919 qua:
1716 3851 1843 3904 dum
1882 3850 2043 3922 relegi

456 3936 790 4002 fecissemus,
826 3937 1192 4007 comperimus
1216 3936 1362 4005 juste
1389 3945 1445 3992 et
1473 3938 1869 3997 rationabiliter
1889 3950 2045 4007 pacta

455 4029 773 4083 monasterii
805 4027 861 4082 S.
890 4027 1122 4082 Zenonis
1150 4029 1202 4082 in
1233 4030 1483 4085 omnibus
1507 4044 1830 4099 pascuorum
1848 4071 1862 4095 ,
1887 4040 1942 4085 et
1963 4046 2048 4086 ca-

456 4120 588 4191 puli,
633 4134 727 4174 seu
762 4120 1006 4185 decimte,
1046 4129 1101 4174 et
1139 4136 1355 4176 omnem
1392 4123 1731 4177 exactionem
1775 4124 2047 4192 pertinere

455 4218 661 4284 absque
688 4216 928 4283 qualibet
955 4215 1008 4269 in
1036 4229 1187 4284 parte
1227 4217 1443 4285 aliquod
1484 4216 1862 4271 redhibitionis
1900 4219 2047 4274 debi-

462 4320 595 4375 tum,
635 4311 786 4365 salvo
827 4325 925 4365 suo
959 4310 1083 4380 jure
1121 4311 1174 4364 in
1208 4312 1475 4381 integrum
1504 4312 1796 4373 territorio,
1828 4313 1919 4367 ubi
1949 4312 2051 4367 llo-

458 4402 600 4457 stilia
627 4412 988 4472 nuncupatur,
1022 4403 1175 4472 cujus
1207 4402 1340 4458 fines
1372 4410 1522 4466 sunt,
1563 4418 1591 4456 a
1624 4402 1773 4457 Pado
1802 4419 1971 4473 usque
1995 4404 2046 4456 in

457 4509 707 4563 campum
740 4494 1053 4558 Turmioni,
1084 4502 1139 4547 et
1164 4508 1194 4546 a
1222 4492 1366 4548 fossa
1407 4493 1577 4547 Lubia
1620 4508 1792 4562 usque
1835 4495 1901 4548 ad
1926 4492 2047 4548 'fos-

460 4602 577 4640 sam
621 4586 868 4657 Regiam,
913 4593 967 4640 et
1010 4586 1317 4655 pollicinem
1352 4586 1505 4655 juxta
1552 4593 1788 4639 castrum
1831 4584 2044 4637 lieveri.
2074 4578 2126 4635 D

460 4677 691 4745 ideoque
719 4675 784 4729 ad
818 4674 1100 4745 pnefatum
1137 4684 1386 4729 sanctum
1433 4689 1497 4728 ac
1535 4673 1897 4728 venerabilem
1946 4674 2046 4747 hos

461 4773 662 4818 nostra:
692 4763 1033 4817 auctoritatis
1078 4763 1258 4830 apices
1296 4762 1410 4815 fieri
1447 4760 1730 4829 jussimus.
1772 4776 1867 4830 per
1908 4776 2045 4830 quos

462 4855 665 4921 absque
696 4854 935 4920 qualibet
968 4853 1334 4920 inquietudine
1371 4852 1568 4906 abhinc
1594 4851 1649 4905 in
1677 4850 1912 4905 futurum
1944 4858 2041 4905 no-

464 4948 579 4994 stra
608 4941 930 4993 auctoritate
969 4930 1177 5002 tenca‘t,
1212 4939 1461 5009 justeque
1494 4940 1718 4996 fruendo
1748 4942 2041 5009 possideat.

464 5028 683 5097 Insuper
718 5028 901 5081 retulit
933 5030 1086 5082 nobis
1115 5029 1374 5083 Rataldus
1404 5030 1703 5099 episcopus,
1740 5030 1824 5084 cui
1852 5029 2046 5099 prmia-

466 5130 576 5173 tum
619 5108 1002 5173 monasterium
1044 5130 1229 5174 nostra
1274 5124 1597 5175 auctoritate
1646 5120 1711 5174 ad
1755 5122 2042 5190 regendum

465 5210 817 5263 commissum
848 5218 987 5273 erat,
1014 5223 1079 5261 co
1109 5210 1251 5278 quod
1278 5210 1525 5264 Goradus
1549 5225 1730 5264 comes
1757 5210 1965 5277 aliquas
1996 5211 2044 5266 ei

467 5298 663 5353 inferat
703 5308 891 5353 contra
930 5298 1271 5353 causationes
1311 5299 1375 5354 de
1412 5300 1730 5367 quibusdam
1775 5300 1956 5362 rebus,
1992 5310 2047 5355 et

467 5391 768 5461 mancipiis,
814 5406 935 5461 qum
980 5390 1108 5447 olim
1155 5391 1515 5459 praedecessor
1563 5389 1772 5459 praefati
1821 5389 2041 5456 Goradi,

540 5557 563 5585 ι
604 5544 729 5599 Haec
762 5545 984 5599 donatio
1010 5543 1149 5597 facta
1181 5552 1263 5597 est
1309 5559 1338 5596 a
1386 5543 1656 5597 Ludovico
1706 5543 1948 5611 Augusto
1990 5544 2042 5596 in

471 5615 695 5681 gratiam
722 5616 945 5668 oratorii
977 5614 1149 5668 beata:
1180 5612 1386 5674 Mariae,
1419 5613 1563 5680 quod
1612 5612 1894 5666 Hilduiuus
1923 5624 2045 5665 ante

472 5684 622 5749 pedes
662 5682 941 5737 beatorum
971 5690 1266 5751 martyrum
1295 5682 1677 5742 mdilicaverat,
1709 5682 1961 5733 nimirum
1989 5682 2042 5734 in

473 5760 657 5821 crypta
683 5753 1053 5816 subterranea,
1091 5751 1181 5804 ubi
1212 5751 1375 5805 etiam
1405 5765 1545 5803 nunc
1566 5750 1864 5804 oratorium
1896 5751 2042 5803 istud

2146 3313 2543 3376 roboravimus,
2572 3320 2627 3366 et
2663 3311 2845 3366 annuli
2890 3312 3061 3385 nostri
3106 3311 3462 3380 impressione
3496 3309 3740 3379 insigniri

2140 3400 2425 3469 jussimus.

2218 3492 2611 3548 Dructemirius
2655 3492 3019 3547 subdiaconus
3067 3501 3229 3561 atque
3276 3500 3390 3545 not.
3449 3493 3515 3546 ad
3571 3493 3736 3547 vicem

2150 3584 2415 3639 llermenl‘
2414 3584 2526 3639 redi
2569 3583 2781 3652 scripsi.

2220 3676 2352 3729 Data
2386 3690 2518 3727 xvni
2548 3673 2665 3727 Kal.
2703 3672 2888 3737 Febr.,
2915 3688 3079 3738 anno,
3104 3673 3324 3729 Christo
3365 3673 3619 3744 pr0pitio,
3644 3675 3741 3725 im-

2147 3765 2283 3835 perii
2310 3765 2454 3818 dom.
2488 3762 2742 3817 Ludovici
2789 3764 3122 3817 serenissimi
3160 3764 3406 3831 imperat.
3437 3762 3529 3818 ΞΟ.
3556 3770 3611 3816 et
3641 3762 3740 3815 Lo-

2151 3854 2315 3908 lharii
2349 3854 2436 3911 il.
2480 3854 2664 3907 indici.
2693 3853 2753 3906 ll
2792 3851 2926 3924 [1‘3].
2977 3854 3169 3907 Actum
3208 3850 3441 3906 Mantuae
3465 3854 3519 3907 in
3546 3852 3736 3922 palatio

2130 3946 2293 4014 regis
2326 3946 2377 3998 in
2409 3945 2502 3999 Dei
2536 3946 2755 4000 nomine
2777 3945 3025 3999 feliciter.
3051 3944 3241 3998 Amen.

2789 4056 3092 4113 CLXXVII.

2465 4163 2565 4203 PRO
2600 4163 2939 4203 NONASTERIO
2978 4164 3036 4201 SA
3046 4160 3414 4201 NDIOSYSIANO.

2760 4239 2934 4309 (Anno
2968 4236 3119 4303 855.)

2535 4343 2782 4383 LUDOVICI
2830 4342 2940 4380 IMP.
2983 4340 3334 4381 PBJECEPTUI.

2151 4416 2465 4469 Mintn'acus
2504 4418 2557 4469 in
2589 4434 2721 4487 pago
2755 4416 3050 4470 Parisiensi
3092 4416 3352 4469 Ililduino
3392 4415 3569 4469 abbati
3602 4415 3727 4469 Dio-

2624 4488 2845 4555 nysiano
2872 4486 3176 4539 conceditur
3206 4501 3255 4539 τι.

2322 4575 2500 4646 [Apud
2529 4574 2755 4639 Mabill.,
2784 4574 2848 4627 de
2871 4573 2948 4627 Re
2973 4574 3213 4643 diplom.,
3251 4591 3376 4645 pag.
3408 4576 3560 4646 54L]

2223 4666 2278 4720 ln
2311 4667 2526 4720 nomine
2568 4665 2781 4718 Domini
2812 4663 2909 4717 Dei
2940 4670 2995 4717 et
3040 4662 3341 4718 Salvatoris
3388 4665 3559 4718 nostri
3606 4662 3729 4717 Jesu

2153 4757 2350 4812 Christi
2380 4756 2702 4820 Ludovicus,
2725 4754 2907 4810 divina
2938 4755 3221 4809 ordinante
3250 4754 3607 4824 providentia,
3632 4754 3729 4807 im-

2154 4856 2372 4916 perator
2397 4847 2689 4917 Augustus.

2225 4937 2598 4991 Sollicitudine
2622 4938 2886 5007 imperiali
2916 4948 2970 4993 et
2998 4936 3322 4993 Christiana:
3350 4936 3623 5008 religionis
3649 4953 3728 4991 ar-

2154 5030 2283 5084 dore
2315 5044 2378 5083 ac
2405 5028 2585 5083 cultus
2613 5029 2781 5083 divini
2809 5030 2990 5083 studio
3035 5043 3421 5098 permonemur
3446 5045 3544 5099 pro
3573 5041 3727 5082 vene-

2156 5118 2402 5171 rabilium
2432 5117 2669 5172 locorum
2698 5119 2937 5187 cogitare
2960 5128 3253 5187 augmento
3273 5128 3329 5173 et
3353 5134 3606 5172 mansuro
3627 5128 3724 5169 sta-

2153 5210 2467 5273 bilimento,
2527 5208 2781 5278 quoniam
2834 5208 3192 5278 spiritualium
3252 5210 3600 5277 pratmiorum
3646 5218 3720 5259 est

2154 5305 2538 5368 munificentia,
2572 5318 2695 5358 cum
2719 5302 2812 5357 Dei
2840 5302 2895 5356 in
2924 5301 3163 5356 Ecclesia
3190 5301 3309 5369 'piis
3338 5308 3395 5353 et
3421 5299 3551 5352 locis
3581 5313 3720 5351 reve-

2154 5396 2489 5450 rendissimis
2525 5410 2553 5448 a
2591 5394 2747 5449 nobis
2794 5391 3011 5448 Christo
3040 5391 3260 5460 auspice
3284 5397 3553 5460 potestate
3582 5402 3719 5441 con;-

2152 5550 2357 5602 visitur.
2387 5547 2462 5601 De
2487 5546 2791 5604 Mintriaco,
2817 5543 3002 5613 Mitry,
3033 5543 3236 5613 mentio
3265 5549 3350 5595 est
3379 5539 3435 5613 in
3452 5538 3629 5613 libello
3650 5536 3717 5591 De

2153 5616 2505 5672 translatione
2537 5615 2706 5668 sancti
2740 5615 2868 5673 Viti,
2904 5608 3049 5665 num.
3081 5611 3145 5665 16
3177 5612 3230 5664 in
3255 5609 3439 5665 saeculi
3478 5624 3530 5663 tv
3552 5608 3712 5661 Bene-

2153 5686 2339 5741 dictiui
2362 5693 2516 5754 parte
2548 5701 2594 5747 l,
2627 5700 2726 5753 pag
2758 5683 2880 5737 555.
