3924 6328
468 345 603 402 1227

1590 341 1904 398 LUDOVICI
1946 344 1962 395 l
2004 342 2472 400 COGE‘iOMENTO
2509 345 2591 399 PII

3590 346 3729 401 1228

465 473 519 517 et
546 461 1115 529 eleemosynmnostm
1145 466 1431 530 augmento
1462 459 1801 528 dispendere,
1821 468 1871 513 et
1900 460 2037 512 sicut
2066 464 2111 521 Α
2143 458 2520 513 auctoritatem
2548 501 2560 521 ,
2621 466 2839 529 propter
2888 457 3246 513 reverentiam
3302 468 3729 515 memoratarum

465 568 605 622 srrpe
645 551 831 620 scripti
869 549 1041 604 ﬁdelis
1072 552 1239 605 nostri
1269 551 1527 620 obsequio
1580 552 1882 607 rationabili
1913 567 2036 621 pro-

469 642 635 697 xideri
666 640 953 696 annuimus
989 659 1000 692 :
1043 640 1136 695 scd
1190 642 1287 695 sub
1314 642 1564 709 specialis
1599 642 1838 696 custodis
1868 682 1882 705 ,
1943 642 2035 711 qui

466 730 637 785 ﬁdelis
660 770 674 795 ,
720 730 1034 798 religiosus,
1068 737 1122 783 et
1148 728 1407 799 regularis
1435 729 1609 784 cidem
1639 730 1822 783 divino
1863 729 2037 783 domi-

461 823 587 877 rilio
613 836 827 890 semper
847 821 1058 874 abbatis
1076 830 1132 874 et
1148 819 1372 875 fratrum
1394 821 1656 875 electione
1671 822 2035 891 deputabitur,

462 913 861 981 dispensatione
882 919 936 965 et
965 910 1304 965 ordinatione
1336 912 1452 965 luce
1480 911 1698 967 donatio
1728 919 1912 967 nostra
1954 928 2038 967 so—

454 1008 588 1063 lerti
628 1008 990 1063 sollicitudine
1015 1013 1302 1075 procurata
1326 1021 1425 1075 pro
1453 1005 1734 1061 destinatis
1756 1014 1812 1061 et
1842 1006 2038 1061 debitis

462 1108 679 1153 :cternre
734 1097 1104 1151 retributionis
1154 1097 1376 1150 obtentu
1430 1095 1658 1151 ﬁdeliter
1705 1094 2033 1150 conferatur.

462 1188 822 1241 Successores
846 1185 1196 1239 nihilominus
1216 1194 1430 1238 nostros
1454 1184 1653 1247 obnixe
1676 1185 2034 1253 deposcimus,

462 1287 519 1330 ut
547 1277 702 1331 sicuti
728 1292 791 1331 ea
820 1291 940 1344 quae
963 1276 1063 1346 ipsi
1090 1290 1186 1345 pro
1207 1291 1303 1329 sua
1333 1276 1505 1330 salute
1531 1276 1844 1341 statuerint,
1870 1290 1899 1329 a
1926 1276 2038 1330 suis

461 1366 837 1421 decessoribus
864 1363 1135 1418 voluerint
1159 1363 1471 1429 observari,
1502 1364 1576 1417 ita
1603 1364 1745 1418 hanc
1774 1363 2036 1417 constitu-

464 1457 662 1510 tionem
693 1462 956 1520 nostram,
982 1469 1142 1524 quam
1164 1470 1262 1524 pro
1290 1453 1647 1524 prosperitate
1669 1460 1873 1517 nostra,
1904 1467 2034 1506 con-

458 1545 630 1616 jugis,
663 1554 717 1600 et
748 1546 936 1615 prolis,
956 1554 1012 1600 et
1043 1552 1184 1599 statu
1211 1546 1422 1615 imperii
1448 1544 1852 1610 conﬁrmamus,
1880 1543 2033 1597 ﬁrma

462 1636 756 1691 stabilitate
794 1635 1165 1691 inconvulsam
1196 1650 1417 1690 manere
1442 1676 1458 1701 ,
1500 1644 1554 1690 et
1599 1635 1705 1690 ﬁne
1735 1641 1892 1689 tenus
1917 1648 2037 1704 per-

462 1730 640 1799 petuis
670 1729 1004 1801 temporibus
1030 1728 1341 1782 inviolatam
1378 1740 1698 1783 conservare
1721 1732 2031 1795 procurent.

2138 560 2481 615 sanctorum,
2514 558 2567 603 et
2594 558 2809 603 mternae
2841 547 3209 603 retributionis
3238 545 3507 612 fructum,
3540 560 3731 605 nostra

2139 642 2584 699 conﬁrmaremns
2620 644 2960 699 auctoritate.
3010 640 3177 709 Cujus
3211 640 3459 708 petitioni
3493 641 3733 695 libenter

2140 741 2471 795 auuuentes,
2511 735 2779 801 postulata
2812 733 3213 796 concessimus,
3259 738 3313 785 et
3352 746 3416 785 ea
3456 747 3553 801 per
3582 733 3731 785 hanc

2139 831 2380 876 nostram
2405 824 2782 877 auctoritatem
2804 822 3209 877 conﬁrmamus.
3228 821 3570 889 Quapropter
3588 837 3731 891 pr:e~

2138 912 2399 980 cipienles
2421 911 2674 981 jubemus
2705 922 2763 965 ut
2791 911 2969 966 nullus
2991 911 3155 979 judex
3184 911 3459 980 publicus,
3501 912 3583 963 vel
3620 911 3733 965 alia

2138 1001 2389 1068 quaglibet
2422 1002 2724 1071 judiciarim
2768 1002 3051 1071 potestatis
3088 1002 3316 1071 praedita
3343 1015 3579 1070 persona
3602 1043 3617 1065 ,
3672 1002 3732 1053 in

2137 1090 2425 1156 ecclesias,
2459 1100 2551 1144 aut
2578 1091 2694 1145 loca
2713 1131 2725 1154 ,
2757 1091 2840 1145 vel
2868 1106 3055 1162 agros,
3102 1106 3199 1146 seu
3234 1090 3473 1160 reliquas
3503 1106 3736 1161 posses-

2139 1180 2316 1233 siones
2346 1182 2627 1234 memorati
2658 1182 2994 1246 monasterii,
3028 1196 3162 1249 quas
3189 1180 3452 1239 moderno
3481 1190 3733 1248 tempore

2138 1270 2190 1323 in
2218 1266 2544 1337 quibuSlibet
2574 1271 2727 1341 pagis
2757 1279 2811 1325 et
2839 1272 3128 1325 territoriis
3156 1270 3299 1324 infra
3329 1271 3587 1324 ditionem
3626 1271 3734 1323 im-

2138 1359 2270 1427 perii
2304 1360 2473 1413 nostri
2501 1360 2647 1429 justo
2673 1368 2726 1414 et
2752 1360 2998 1429 legaliter
3024 1360 3285 1427 possidet,
3316 1358 3399 1412 vel
3426 1374 3547 1426 quae
3575 1359 3734 1411 dein-

2138 1464 2264 1517 ceps
2299 1450 2351 1503 in
2382 1448 2506 1518 jure
2535 1451 2704 1519 ipsius
2732 1452 2905 1505 sancti
2937 1451 3041 1505 loci
3070 1450 3299 1504 voluerit
3334 1449 3517 1503 divina
3550 1451 3734 1518 pietas

2139 1540 2360 1608 augeri,
2411 1540 2477 1592 ad
2517 1555 2712 1593 causas
2751 1538 3042 1607 judiciario
3077 1554 3227 1592 more
3260 1539 3593 1601 audiendas,
3646 1538 3735 1589 vel

2138 1626 2288 1681 freda
2312 1627 2600 1698 exigenda.
2629 1637 2723 1683 aut
2743 1629 3052 1686 mansiones
3074 1627 3158 1681 vel
3182 1637 3402 1696 paratas
3426 1626 3730 1690 faciendas.

2140 1724 2234 1769 aut
2264 1716 2607 1785 ﬁdejussores
2639 1716 2900 1770 tollendos
2922 1756 2937 1781 ,
2978 1726 3071 1770 aut
3099 1716 3350 1770 homines
3398 1716 3571 1784 ipsius
3609 1730 3733 1768 mo-

468 1797 535 1873 Ut
563 1834 696 1873 vero
725 1797 1020 1888 pleniorem
1047 1819 1291 1874 obtineat
1317 1818 1590 1877 ﬁrmitatis
1616 1818 1852 1887 vigorem
1871 1856 1886 1881 ,
1912 1830 2032 1869 eam
2064 1797 2109 1855 Β
2139 1807 2382 1873 nasterii,
2409 1816 2517 1861 tam
2541 1808 2803 1877 ingenuos
2828 1822 2991 1875 quam
3021 1815 3075 1860 et
3100 1821 3304 1871 servos,
3334 1821 3501 1875 super
3528 1814 3733 1859 terram

462 1925 623 1963 manu
647 1917 833 1964 nostra
860 1910 1046 1965 subter
1066 1908 1421 1973 ﬁrmavimus,
1446 1916 1500 1962 et
1538 1908 1604 1961 de
1625 1906 1827 1961 annulo
1847 1914 2035 1961 nostra

464 1999 702 2069 sigillare
719 1999 1004 2067 jussimus.

538 2092 761 2161 Signum
788 2089 1043 2148 Ludovici
1068 2088 1399 2144 serenissitui
1425 2088 1786 2158 imperatoris.

535 2177 919 2233 Hirminmaris
952 2179 1197 2234 notarius
1238 2179 1303 2233 ad
1333 2178 1505 2233 vicem
1554 2178 1847 2239 Theotenis
1888 2194 2039 2234 mce-

465 2270 623 2339 gnovi
657 2278 711 2323 et
736 2270 1053 2338 subscripsi.

536 2360 667 2411 Data
721 2358 930 2414 decimo
976 2359 1139 2415 tertio
1191 2358 1457 2414 Kalendas
1488 2357 1767 2414 Februarii
1798 2401 1813 2426 ,
1872 2375 2036 2426 anno,

465 2451 680 2506 Christo
704 2452 957 2521 propitio,
990 2451 1200 2507 decimo
1237 2466 1379 2506 nouo
1405 2452 1616 2522 imperii
1647 2453 1829 2507 domui
1859 2452 2039 2509 Ludo-

467 2543 575 2596 vici
598 2542 825 2613 piissimi
850 2541 1097 2613 Augusti,
1128 2542 1422 2598 indictione
1445 2542 1531 2595 Η.
1558 2543 1752 2597 Actum
1778 2542 1923 2598 Vern
1948 2558 2041 2613 pa-

467 2633 593 2687 latio
617 2634 765 2703 regio
795 2633 848 2687 in
880 2631 975 2693 Dei
1014 2632 1227 2688 nomine
1248 2631 1506 2688 feliciter.
1539 2631 1732 2687 Amen.

1091 2744 1411 2800 CLXXVIII.

662 2878 760 2917 PRO
798 2877 1079 2920 SENONENSI
1116 2876 1163 2917 8.
1200 2877 1457 2917 COLUMBE
1498 2876 1856 2919 BONASTENO.

1085 2950 1257 3022 (Anno
1285 2951 1435 3020 855.)

575 3040 676 3114 [Ex
706 3040 1056 3112 autograpbo,
1096 3041 1235 3108 apud
1262 3039 1324 3094 D.
1354 3040 1638 3109 Bouquet.,
1669 3048 1799 3094 tom.
1826 3036 1937 3110 VL]

2142 1898 2309 1968 ipsius
2338 1906 2744 1952 commaneutes
2771 1898 2970 1967 injuste
2997 1897 3416 1967 distringendos,
3446 1906 3562 1962 aut,
3589 1897 3733 1951 sicut

2139 1992 2192 2047 in
2209 1988 2463 2057 prredieta
2487 1988 2809 2044 auctoritate
2825 1988 3006 2042 domui
3032 1988 3373 2056 imperatoris
3396 1988 3730 2051 continetur,

2138 2080 2644 2135 consuetudinerios
2670 2079 3091 2149 distringendos.
3119 2087 3212 2133 aut
3240 2079 3517 2133 teloueum
3547 2080 3732 2133 tollen-

2140 2170 2266 2223 dum
2286 2210 2299 2234 ,
2341 2177 2434 2222 aut
2460 2168 2599 2223 ullas
2624 2170 3013 2223 redhibitioues
3043 2177 3137 2223 aut
3164 2169 3386 2222 illicitas
3414 2169 3734 2221 occasiones

2140 2258 2515 2326 requirendas,
2563 2256 2669 2311 ullo
2697 2271 2936 2325 unquam
2966 2263 3211 2327 tempore
3247 2256 3461 2324 ingredi
3494 2254 3692 2308 audeat
3714 2295 3728 2317 .

2139 2347 2224 2407 vel
2272 2362 2338 2404 ea
2379 2362 2499 2416 quae
2541 2362 2701 2415 supra
2745 2355 3043 2400 memorata
3084 2356 3213 2402 sunt
3252 2346 3474 2415 penitus
3515 2346 3732 2415 exigere

2140 2444 2452 2506 praesumat.
2491 2435 2598 2491 Sed
2627 2435 2788 2489 liceat
2815 2444 3118 2489 memorato
3142 2433 3323 2488 abbati
3354 2435 3584 2503 suisque
3610 2449 3729 2487 suc-

2142 2526 2449 2581 cessoribus
2482 2541 2569 2580 res
2596 2526 2835 2595 prmdieti
2875 2524 3189 2579 monasterii
3232 2524 3338 2579 sub
3365 2524 3725 2578 immanitatis

2144 2626 2342 2673 nostra:
2373 2617 2684 2672 defensione
2710 2617 2894 2686 quieto
2922 2616 3111 2671 ordine
3137 2616 3441 2684 possidere.
3480 2616 3549 2668 Et
3578 2616 3727 2684 quid-

2144 2710 2273 2779 quid
2301 2708 2496 2763 exinde
2528 2708 2694 2762 ﬁscus
2729 2721 2950 2777 sperare
2979 2706 3213 2776 poterit,
3266 2713 3442 2759 totum
3482 2720 3592 2758 nos
3634 2719 3729 2773 pro

2143 2811 2345 2857 aeterna
2374 2800 2813 2856 remuneratione
2850 2795 3079 2867 praefato
3105 2798 3440 2851 monasterio
3469 2797 3723 2850 concedi-

2148 2906 2298 2955 mus,
2340 2898 2400 2943 ut
2435 2891 2489 2943 iu
2530 2888 2784 2945 alimonia
2814 2902 3110 2957 pauperum
3141 2895 3197 2941 et
3236 2886 3508 2954 stipendia
3538 2901 3725 2939 monac

2146 2986 2368 3037 chorum
2392 2980 2590 3034 ibidem
2615 2979 2723 3033 Deo
2748 2977 3120 3032 famulantinm
3146 2976 3465 3045 perenniter
3486 2967 3730 3045 proﬁciat

2146 3072 2201 3124 in
2229 3068 2551 3139 augmentis.
2590 3067 2667 3123 De
2694 3067 2837 3122 villis
2862 3082 2993 3121 vero
3022 3066 3273 3135 superius
3303 3066 3620 3128 nominatis,
3652 3066 3732 3124 vel

539 3152 595 3206 In
639 3151 858 3207 nomine
896 3149 1107 3204 Domini
1150 3149 1246 3206 Dei
1288 3159 1343 3205 et
1385 3147 1682 3204 Salvatoris
1723 3148 1891 3203 nostri
1917 3146 2045 3203 Jesu
2074 3147 2117 3207 Ο
2150 3161 2216 3214 de
2239 3158 2489 3213 omnibus
2521 3159 2682 3212 rebus
2706 3157 2959 3227 prazsenﬁ
2991 3165 3232 3225 tempore
3262 3156 3411 3225 juste
3436 3156 3727 3224 possessis,

468 3240 695 3307 Christi,
712 3240 1033 3305 Ludovicus,
1054 3240 1233 3293 divina
1254 3239 1539 3294 ordinante
1565 3238 1921 3309 providentia,
1945 3237 2043 3291 im-

466 3342 688 3403 perator
714 3333 1009 3403 Augustus.

542 3423 599 3479 Si
632 3423 984 3493 petitionibus
1020 3435 1299 3476 servorum
1330 3421 1422 3475 Dei
1452 3418 1616 3488 justis
1652 3427 1706 3473 et
1744 3418 2041 3472 rationabi-

470 3514 608 3568 libus
637 3513 802 3567 divini
832 3512 1007 3567 cultus
1033 3524 1216 3565 amore
1242 3508 1507 3575 favemus,
1539 3508 1712 3579 digna:
1737 3507 2049 3564 retributio-

468 3604 555 3657 nis
588 3604 810 3672 prasmio
836 3618 938 3658 nos
975 3618 1004 3657 a
1038 3601 1266 3656 Domino
1299 3599 1635 3657 remunerari
1672 3597 1902 3652 ﬁdeliter
1929 3610 2047 3652 cre-

470 3695 669 3749 dimus.
706 3694 910 3750 Idcirco
936 3694 1146 3754 noverit
1174 3693 1413 3748 omnium
1443 3691 1678 3747 ﬁdelium
1707 3698 2044 3754 nostrorum,

473 3796 584 3839 tam
616 3784 963 3853 prmsentium
988 3799 1149 3852 quam
1193 3790 1247 3837 et
1289 3781 1595 3836 futurorum
1626 3781 1877 3846 solertia,
1922 3781 2046 3850 quia

470 3876 556 3931 vir
602 3873 923 3932 venerabilis
970 3865 1239 3941 Sulpicius
1286 3870 1455 3928 abbas
1498 3871 1811 3926 monasterii
1860 3869 1917 3925 S.
1948 3870 2049 3925 Co-

472 3955 668 4025 lumba:
706 3963 961 4034 martyris
996 3960 1195 4016 Christi
1227 4000 1242 4024 ,
1286 3960 1345 4015 in
1391 3974 1499 4030 quo
1529 3960 1697 4029 ipsius
1733 3966 1788 4012 et
1824 3956 1880 4013 S.
1914 3958 2048 4025 Lupi

472 4056 804 4111 confessoris
827 4052 1028 4109 Christi
1069 4066 1294 4120 corpora
1334 4052 1555 4105 humata
1585 4043 1929 4114 venerantur,
1958 4048 2050 4103 de-

474 4148 597 4202 tulit
624 4146 902 4202 obtutibus
949 4144 1147 4198 nostris
1191 4142 1479 4211 quamdam
1525 4140 1901 4197 audtoritatem
1945 4138 2048 4191 im-

474 4236 754 4294 munitatis
801 4234 983 4290 domui
1037 4239 1092 4287 et
1147 4230 1407 4301 genitoris
1456 4228 1628 4283 nostri
1675 4226 1851 4284 Caroli
1899 4226 2051 4281 boum

476 4326 751 4382 memoriae
798 4323 1023 4394 piissimi
1071 4320 1339 4391 Augusti,
1388 4320 1442 4372 in
1486 4333 1590 4387 qua
1632 4324 1749 4372 erat
1791 4316 2051 4369 insertum

476 4415 709 4484 qualiter
734 4413 874 4467 idem
905 4412 1020 4480 ipse
1056 4417 1111 4463 et
1144 4415 1517 4464 antecessores
1552 4406 1687 4476 ejus,
1718 4418 1873 4474 reges
1905 4402 2053 4457 vider

475 4480 603 4557 licet
629 4501 983 4563 Francorum,
1010 4496 1324 4567 praedictum
1352 4494 1743 4555 monasterium
1762 4522 1789 4559 ,ε
1808 4491 1877 4547 ob
1903 4507 2050 4546 amo-
2075 4480 2127 4539 D

478 4610 590 4649 rem
635 4594 725 4647 Dei
776 4589 1324 4661 tranquillitatemque
1362 4587 1592 4641 fratrum
1632 4585 1828 4641 ibidem
1872 4584 2047 4639 censi.-

475 4685 729 4739 steutium
757 4725 771 4749 ,
824 4684 923 4739 sub
960 4681 1273 4752 plenissima
1319 4680 1545 4734 tuitione
1591 4686 1648 4734 et
1692 4676 2049 4731 immanitatis

475 4774 783 4830 defensione
803 4772 1140 4829 habuissent.
1171 4767 1558 4825 Continebatur
1584 4766 1748 4821 etiam
1779 4764 1833 4818 in
1861 4764 2047 4819 eadem

477 4865 798 4919 auctoritate
828 4862 970 4932 quod
1000 4859 1288 4913 Lotharius
1320 4866 1377 4912 et
1408 4856 1743 4927 Dagobertus
1776 4854 2047 4923 quondam

478 4968 631 5024 reges
674 4953 848 5007 eidem
890 4948 1219 5003 monasterio
1261 4944 1520 5015 quasdam
1547 4943 1700 4997 villas
1740 4941 2041 4997 concessis-

476 5052 629 5106 sent,
660 5054 887 5110 quarum
912 5035 1171 5092 vocabula
1204 5042 1356 5097 sunt,
1396 5032 1681 5087 Cersiacus
1709 5038 1763 5085 et
1790 5028 2048 5084 Grandis-

479 5134 714 5202 Campus
740 5150 753 5184 :
788 5130 1114 5195 easdemque
1138 5125 1295 5179 villas
1325 5123 1404 5176 vel
1430 5121 1687 5189 quidquid
1718 5134 1782 5175 eo
1810 5128 2051 5187 tempore

474 5225 620 5293 juste
662 5230 715 5276 et
761 5215 1152 5273 rationabiliter
1179 5213 1490 5285 prazdictum
1523 5211 1826 5280 possidebat
1866 5224 2050 5269 mona—

480 5313 704 5368 sterium
723 5349 738 5374 ,
772 5309 910 5363 idem
939 5306 1167 5360 domnus
1202 5304 1494 5371 imperator
1522 5314 1617 5368 per
1643 5297 1885 5351 eamdem
1916 5311 2047 5350 con-

481 5401 715 5456 ﬁrmarit
739 5398 1128 5459 auctoritatem,
1163 5403 1220 5447 ut
1246 5407 1343 5451 suo
1369 5400 1424 5445 et
1449 5403 1819 5443 successorum
1851 5396 2053 5455 tempe.

482 5492 632 5544 ribus
673 5488 793 5559 jure
836 5495 1094 5558 perpetuo
1125 5499 1153 5536 a
1183 5480 1421 5553 prmlatis
1470 5486 1523 5531 et
1569 5476 1848 5545 agentibus
1889 5474 2055 5543 ipsius

485 5579 796 5633 monasterii
837 5577 1260 5648 possiderentur.
1313 5571 1393 5626 0b
1422 5568 1727 5621 ﬁrmitatem
1766 5576 1939 5619 tamen
1978 5566 2053 5618 rei

486 5669 769 5737 postulavit
793 5686 887 5721 nos
911 5667 1197 5736 prmdirtus
1223 5659 1490 5729 Sulpicius
1514 5658 1676 5711 abbas
1699 5666 1754 5707 ut
1780 5665 2055 5725 paternum

2150 3248 2228 3302 sic
2250 3248 2306 3302 in
2326 3246 2526 3303 ditione
2549 3246 2715 3315 ipsius
2737 3246 3049 3300 monasterii
3072 3255 3331 3314 perpetuo
3356 3254 3730 3313 permaneant.

2151 3338 2291 3393 sicut
2336 3337 2389 3389 iu
2440 3336 2763 3389 auctoritate
2806 3335 2988 3388 domui
3022 3342 3091 3388 .et
3135 3334 3397 3402 genitoris
3439 3334 3612 3387 nostri
3649 3333 3731 3387 vel

2148 3428 2603 3501 prmdecessorum
2646 3441 2833 3495 regum
2880 3425 3223 3480 continetur:
3272 3434 3549 3493 quatenus
3589 3426 3733 3492 ipsos

2154 3518 2466 3580 monachos,
2494 3515 2583 3584 qui
2618 3515 2813 3569 ibidem
2845 3514 2955 3569 Deo
2983 3513 3339 3576 famulantur,
3370 3527 3471 3581 pro
3500 3514 3657 3566 nobis
3680 3522 3733 3565 et

2154 3605 2379 3676 conjuge
2406 3604 2663 3674 proleque
2689 3612 2895 3668 nostra,
2922 3613 3083 3673 atque
3112 3602 3412 3656 stabilitate
3442 3603 3609 3655 totius
3634 3601 3736 3663 im,-

2153 3694 2286 3763 perii
2317 3693 2487 3747 nostri
2519 3708 2547 3746 a
2577 3694 2686 3746 Deo
2714 3692 2870 3745 nobis
2898 3691 3138 3745 concessi
3160 3731 3174 3754 ,
3222 3689 3453 3758 ejusque
3493 3689 3735 3743 ciemu-

2156 3785 2363 3837 tissima
2423 3783 2768 3838 miseratione
2818 3796 2912 3850 per
2968 3781 3293 3836 immensum
3324 3779 3734 3845 conservandi.

2148 3871 2349 3941 jugiter
2374 3872 2582 3926 Domini
2608 3871 3033 3925 misericordiam
3056 3886 3281 3925 exorare
3303 3870 3555 3925 delectet.
3584 3868 3735 3923 [lane

2157 3967 2339 4033 itaque
2372 3967 2748 4020 auctoritatem
2774 4005 2790 4029 ,
2840 3974 2900 4018 ut
2936 3964 3234 4032 pleniorem
3283 3964 3337 4018 in
3382 3963 3479 4017 Dei
3521 3962 3737 4018 nomine

2155 4057 2397 4110 obtineat
2418 4056 2678 4124 vigorem,
2707 4064 2761 4108 et
2788 4070 2817 4108 a
2848 4054 3091 4109 fidelibus
3122 4061 3337 4107 sanetae
3354 4053 3450 4107 Dei
3479 4052 3737 4107 Ecclesia

2157 4154 2211 4199 et
2235 4145 2435 4199 nostris
2454 4144 2633 4199 verius
2657 4145 2929 4207 credatur,
2952 4152 3007 4196 et
3030 4143 3341 4212 diligentius
3359 4151 3734 4203 conservetur.

2159 4251 2320 4289 manu
2365 4233 2579 4301 propria
2627 4233 2813 4287 subter
2839 4232 3200 4296 ﬁrmavimus,
3226 4238 3283 4292 et
3329 4230 3518 4285 annuli
3567 4231 3735 4285 nostri

2160 4322 2510 4392 impressione
2534 4321 2731 4390 signari
2755 4321 3034 4389 jussimus.

2228 4412 2451 4482 Signum
2475 4408 2728 4464 Ludovici
2757 4410 3088 4463 serenissimi
3116 4409 3481 4478 imperatoris.

2223 4501 2548 4570 Maginarius
2596 4498 2841 4557 notarius
2891 4498 2959 4552 ad
3001 4498 3177 4556 vicem
3224 4497 3525 4553 Theotonis
3576 4510 3731 4551 reco-

2149 4591 2354 4662 gnovit.

2225 4680 2358 4733 Data
2380 4693 2431 4731 tv
2451 4678 2571 4730 ldus
2590 4674 2755 4741 Junii,
2776 4688 2938 4736 anno,
2961 4672 3177 4727 Christo
3195 4673 3452 4742 propitio,
3474 4674 3544 4727 20
3565 4674 3732 4741 impe-

2153 4768 2217 4825 rii
2236 4766 2411 4820 domui
2430 4764 2681 4817 Ludovici
2704 4762 3033 4816 serenissimi
3057 4762 3424 4829 imperatoris,
3439 4761 3733 4816 indictione

2154 4855 2240 4907 ll.
2278 4853 2468 4906 Actum
2491 4851 2786 4905 Wormatia
2812 4849 3026 4903 civitate
3050 4850 3102 4901 in
3126 4848 3221 4901 Dei
3241 4849 3461 4902 nomine
3482 4848 3728 4904 feliciter.

2152 4944 2339 5001 Amen.

2796 5005 3075 5061 CLXXIX.

2452 5116 2551 5155 PRO
2588 5112 2923 5155 MONASTEI‘UO
2961 5109 3199 5150 CORDEIE
3240 5110 3419 5150 κονιε.

2752 5189 2924 5258 (Δηηο
2971 5185 3119 5254 855.)

2219 5294 2393 5366 [Apud
2423 5291 2679 5356 Sehaten,
2709 5288 2936 5343 Annales
2968 5286 3443 5352 Paderbornenses,
3474 5301 3528 5355 p.
3558 5284 3672 5358 9L]

2219 5385 2277 5439 lu
2320 5384 2534 5438 nomine
2566 5382 2777 5435 Domini
2812 5379 2905 5433 Dei
2950 5386 3005 5430 et
3050 5375 3350 5430 Salvatoris
3392 5378 3563 5431 nostri
3601 5376 3725 5433 Jesu

2151 5474 2371 5538 Christi,
2393 5473 2715 5535 Ludovicus,
2738 5469 2914 5527 divina
2939 5466 3219 5521 crdinante
3242 5465 3602 5535 providentia,
3630 5464 3719 5520 im-

2154 5576 2370 5637 perator
2397 5564 2689 5632 Augustus.

2223 5654 2481 5714 Omnibus
2514 5662 2710 5705 sanctm
2750 5650 2839 5702 Dei
2874 5647 3162 5710 Ecclesim,
3204 5649 3515 5715 nostrisque
3560 5646 3722 5700 ﬁdeli-
