3924 6350
289 398 429 455 12⁶Ξ9

1423 400 1813 460 DIPLOMATA
1854 404 2405 461 ECCLESIASTICA.

3400 423 3537 478 19.30

289 514 424 573 hus,
472 512 825 581 prtesentibus
876 529 901 567 s
934 513 1079 567 ilicet
1126 522 1179 570 et
1225 512 1455 582 futuris,
1507 526 1688 573 notum
1716 533 1851 581 esse
1881 519 1929 578 Α
1956 526 2425 603 quantumcunque
2466 522 2513 574 in
2566 524 2751 593 eodem
2790 525 2898 585 salo
2946 527 3143 593 habere
3176 532 3273 586 visi
3325 549 3528 596 sumus.

284 604 536 658 volumus
562 605 829 673 quomodo
850 604 1175 659 Corbeiense
1200 608 1581 663 monasterium
1613 610 1665 663 in
1692 609 1860 664 Saxo-

286 683 412 757 nia,
460 695 785 763 propitiante
832 696 1091 760 Domino,
1144 711 1266 750 cum
1313 711 1579 755 consensu
1626 699 1859 753 ﬁdelium

285 797 635 854 nostrorum,
685 790 739 844 in
788 791 994 845 honore
1042 789 1099 845 S.
1142 790 1400 863 Stephani
1450 790 1862 861 protomartyris

281 879 487 935 Clu-isti
526 882 871 936 devotissima
918 882 1215 937 intentione
1256 881 1633 948 tundavimus,
1685 890 1738 935 et
1786 881 1857 935 ibi

282 974 643 1044 competentia
674 975 944 1040 Subsidia,
975 989 1203 1044 quaeque
1232 988 1343 1050 pra:
1368 974 1616 1029 manibus
1653 972 1860 1027 inveni-

281 1079 423 1133 mus,
467 1066 647 1120 debita
687 1066 935 1138 largitate
977 1067 1233 1137 prtedicto
1258 1065 1700 1122 sanctiﬁcationis
1741 1064 1858 1118 loco

280 1164 469 1209 nostra
516 1156 570 1209 in
616 1156 956 1228 eleemosyna
1003 1158 1369 1213 contulimus:
1406 1158 1626 1227 insuper
1650 1156 1814 1210 etiam
1838 1197 1852 1219 ,

277 1245 408 1315 quia
441 1246 613 1301 locum
645 1247 995 1303 mercationis
1022 1248 1138 1317 ipsa
1169 1248 1318 1317 regio
1343 1245 1642 1317 indigebat,
1674 1260 1856 1300 mone—

280 1344 391 1391 tam
436 1347 632 1393 nostraa
662 1339 1003 1396 auctoritatis
1036 1337 1303 1409 publicam
1333 1338 1474 1392 ultra
1522 1337 1593 1391 ibi
1640 1350 1855 1406 semper

276 1424 456 1480 inesse
504 1424 719 1481 Christo
766 1425 1124 1483 militantibus
1175 1424 1472 1495 proﬁcuam
1525 1425 1849 1488 statuimus,

273 1524 542 1584 quatenus
576 1531 698 1571 cum
740 1516 885 1571 omni
932 1516 1262 1587 integritate,
1303 1518 1508 1586 absque
1536 1515 1697 1571 ullius
1720 1531 1852 1580 con-

274 1604 598 1660 tradictione
633 1604 719 1659 vel
763 1606 1133 1675 impedimenti
1178 1606 1491 1672 occasione,
1538 1608 1690 1665 locus
1736 1607 1850 1676 ipse

270 1694 577 1750 sanctitatis
603 1710 816 1751 omnem
857 1697 982 1752 inde
1013 1697 1243 1753 reditum
1288 1705 1486 1763 nostra:
1513 1698 1849 1756 auctoritatis

268 1784 545 1854 publicum
572 1786 848 1857 possideat
870 1826 885 1851 ,
934 1794 987 1840 ct
1025 1786 1346 1841 utilitatibus
1378 1788 1689 1841 monasterii
1728 1802 1848 1856 per-

1963 618 2218 685 perpetuo
2264 610 2544 674 consistat,
2593 614 2734 668 sicut
2775 615 3028 681 diximus,
3076 617 3143 671 ad
3189 623 3538 683 necessitates

1961 711 2239 751 servorum
2283 698 2375 753 Dei
2426 700 2477 753 in
2527 712 2824 758 memorato
2862 710 3188 764 monasterio
3233 711 3536 784 degentium

1961 784 2271 858 fulciendas.
2324 788 2390 843 Et
2417 798 2473 843 ut
2522 791 2634 845 hsce
2678 801 2875 849 nostrae
2903 794 3202 867 largitionis
3246 804 3540 859 auctoritas

1962 875 2163 943 ﬁrmior
2204 879 2486 948 habeatur,
2515 882 2580 934 de
2610 884 2810 939 annulo
2848 894 3035 951 nostro
3062 890 3248 945 subter
3277 906 3397 949 eam
3417 893 3535 964 jus—

1959 969 2126 1024 simus
2148 970 2401 1041 sigillare.

2031 1062 2355 1133 Maginarius
2406 1066 2652 1119 notarius
2699 1068 2763 1120 ad
2817 1070 2986 1131 vicem
3038 1072 3341 1145 Theogenis
3388 1086 3537 1132 reco-

1957 1156 2135 1223 gnavi.

2028 1246 2160 1312 Data
2186 1262 2234 1300 vt
2265 1246 2389 1302 ldus
2434 1248 2576 1318 Junii
2619 1249 2729 1323 [ΑΙ.
2761 1269 2860 1308 ms.
2902 1266 3071 1335 vetus,
3096 1272 3147 1312 γι
3184 1256 3302 1314 Kal.
3344 1258 3534 1335 Junii],

1958 1351 2113 1398 anno,
2157 1336 2371 1393 Christo
2405 1339 2657 1411 propitio,
2684 1341 2755 1397 20
2800 1344 3011 1417 imperii
3055 1347 3238 1403 domui
3278 1349 3537 1427 Ludovici

1956 1427 2286 1481 serenissimi
2318 1428 2681 1499 imperatoris,
2712 1435 2901 1492 indict.
2948 1438 3033 1503 ll,
3068 1439 3119 1493 in
3166 1440 3263 1499 Dei
3296 1445 3543 1514 nomine,

1962 1515 2148 1572 Amen.

2607 1614 2885 1670 CLXXXI.

2005 1715 2297 1761 εαυοιιιυυ
2329 1720 2788 1768 ςιΑκκΑι-οιιευδε
2813 1722 3121 1766 ῖοεειτειιει
3152 1727 3478 1780 δσωιςιτωι.

2552 1795 2727 1867 (Anno
2756 1796 2906 1870 835.)

270 1877 450 1948 petuis
484 1878 814 1946 temporibus
841 1878 1251 1949 multiplicatum
1283 1888 1525 1949 nostrum
1556 1881 1657 1945 hoc
1686 1866 1844 1950 largi-
1876 1858 1921 1917 Β
1950 1878 2179 1952 [Baluz.,
2208 1881 2464 1955 Capitul.,
2498 1858 2627 1941 tom.
2646 1888 2749 1961 _ll,_
2772 1858 2899 1961 pag:
2923 1870 3173 1961 labiis:
3196 1894 3527 1961 chartulariq

267 1966 434 2035 tionis
458 1968 656 2025 donum
694 1968 958 2038 proﬁciat.
1010 1970 1076 2024 Et
1115 1977 1175 2033 ut
1215 1970 1449 2028 ﬁduciali
1487 1971 1842 2041 perpetuitate

266 2055 387 2112 haec
413 2058 593 2112 omnia
624 2058 959 2114 auctoritatis
996 2068 1195 2115 nostra:
1223 2060 1363 2114 dona
1398 2059 1499 2115 sibi
1534 2060 1769 2129 potiatur
1791 2070 1844 2123 et

268 2155 482 2215 teneat,
522 2149 704 2204 annuli
736 2150 905 2205 nostri
939 2151 1293 2221 impressione
1323 2150 1510 2216 subter
1540 2151 1843 2207 roborando

266 2238 489 2295 ﬁrmare
514 2239 869 2299 decrevimus.

340 2320 565 2400 Signum
592 2329 848 2386 Ludovici
879 2330 1210 2387 serenissimi
1239 2331 1599 2402 imperatoris.

337 2421 734 2478 Hirminmarus
778 2422 1021 2477 notarius
1058 2422 1126 2477 ad
1152 2423 1321 2477 vicem
1350 2421 1653 2493 Theogenis
1692 2437 1838 2478 reco-

263 2512 425 2580 gnovi
452 2519 506 2565 et
532 2513 849 2580 subscripsi.

336 2598 471 2654 Data
500 2600 724 2655 Kalend.
755 2600 1101 2667 Junii,anno,
1129 2600 1346 2657 Christo
1366 2601 1616 2671 propitio,
1641 2601 1713 2657 20
1742 2603 1841 2656 im-

257 2688 399 2760 perii
443 2688 624 2743 domui
667 2688 922 2754 Ludovici
966 2690 1195 2760 piissimi
1226 2688 1455 2761 Augusti
1479 2731 1494 2755 ,
1534 2690 1718 2746 indict.
1750 2691 1835 2745 ll.

256 2777 455 2834 Actum
495 2778 796 2839 Wormatia
842 2780 1059 2836 civitate
1096 2781 1150 2837 in
1196 2781 1292 2837 Dei
1327 2782 1545 2836 nomine
1594 2781 1837 2835 feliciter.

258 2866 455 2923 Amen.

900 2959 1156 3020 CLXXX.

713 3069 813 3110 PlO
838 3070 1013 3111 εουευ
1043 3069 1397 3113 κοκλετειιιο.

855 3145 1028 3218 (Anno
1059 3144 1207 3216 851.)

608 3234 783 3308 [Apud
812 3234 1068 3302 Schaten,
1098 3236 1244 3300 ibid.,
1277 3251 1329 3307 p.
1355 3234 1469 3307 92.]

326 3321 383 3376 in
413 3322 629 3379 nomine
672 3322 890 3382 Domini
937 3323 1031 3379 Dei
1066 3332 1121 3379 et
1165 3322 1470 3379 Salvaton's
1499 3325 1669 3383 nostri
1704 3323 1831 3381 Iesu

254 3407 476 3474 Christi,
502 3410 820 3477 Ludovicus,
843 3410 1021 3469 divina
1049 3414 1330 3474 ordinante
1350 3415 1703 3486 providentia,
1725 3417 1831 3472 im-

254 3508 475 3570 perator
495 3502 785 3575 Augustus.

326 3588 383 3645 Si
414 3591 749 3648 liberalitatis
778 3602 975 3648 nostrae
1011 3608 1233 3654 mansne
1260 3595 1324 3649 de
1347 3594 1626 3652 beneﬁciis
1656 3614 1685 3656 a
1722 3599 1830 3661 Deo

251 3680 409 3753 nobis
435 3681 643 3736 collatis
674 3683 804 3755 locis
842 3684 952 3739 Deo
996 3685 1185 3743 dicatis
1233 3684 1432 3754 aliquid
1478 3687 1825 3757 conferimus,

2366 1958 2682 2012 monasterii
2709 1958 3100 2034 Fossatensis]

2014 2060 2071 2129 in
2099 2063 2317 2118 nomine
2346 2063 2441 2120 Dei
2470 2074 2525 2122 et
2564 2066 2866 2124 Salvatoris
2898 2072 3072 2127 nostri
3124 2072 3253 2137 Jesu
3300 2075 3526 2155 Christi,

1946 2148 2274 2221 Ludovicus,
2303 2152 2483 2208 divina
2508 2156 2794 2213 ordinante
2828 2160 3185 2234 providentia,
3233 2148 3532 2241 imperator

1944 2239 2241 2311 Augustus.

2010 2332 2071 2396 Si
2118 2335 2468 2407 petitionibus
2508 2354 2794 2403 servorum
2837 2345 2939 2401 Dei
2984 2346 3149 2417 iustis
3193 2357 3250 2411 et
3292 2355 3529 2417 rationa-

1942 2422 2139 2480 bilibus
2173 2425 2339 2482 divini
2384 2428 2559 2486 cultus
2600 2448 2786 2489 amore
2830 2435 3095 2506 favemus,
3143 2454 3375 2511 superna
3426 2460 3527 2513 nos

1938 2514 2113 2604 gratia
2142 2518 2341 2572 muniri
2370 2535 2478 2587 non
2503 2521 2814 2587 difﬁdimus.
2846 2524 3070 2584 Noverit
3109 2544 3239 2601 ergo
3277 2534 3517 2604 omnium

1942 2601 2177 2679 ﬁdelium
2216 2613 2324 2660 tam
2372 2613 2723 2679 praesentium
2768 2615 2974 2671 scilicet
3015 2634 3178 2687 quam
3213 2601 3515 2691 futurorum

1941 2691 2157 2749 solertia
2183 2697 2329 2767 quod
2356 2703 2681 2761 venerabilis
2718 2720 2899 2763 comes
2938 2709 3137 2784 Rorigo
3180 2690 3400 2771 nomine

1942 2780 2067 2841 tulit
2110 2786 2387 2843 serenitati
2424 2798 2623 2869 nostra:
2657 2795 2889 2863 qualiter
2916 2780 3189 2869 quoddam
3207 2808 3516 2869 uenobium

1940 2869 2003 2970 in.
2032 2884 2172 2954 pago
2197 2873 2484 2970 Andegayo
2510 2879 2708 2970 inloco
2732 2885 2827 2953 qui
2850 2886 3046 2943 dicitur
3092 2889 3513 2970 Glannatolinm,

1938 2959 2111 3056 situm
2126 2976 2287 3056 super
2300 2963 2531 3056 lluvium
2560 2968 2815 3042 Ligerim,
2848 2990 2957 3044 quo
2984 2981 3292 3037 venerabile
3316 2959 3515 3056 corpus

1936 3050 2113 3108 Sancti
2144 3051 2333 3122 Mauri,
2357 3058 2528 3125 patris
2556 3058 2833 3119 Benedicti
2861 3065 3126 3136 discipuli,
3147 3068 3295 3139 jacet
3320 3050 3510 3140 binim?

1940 3149 2083 3237 tum,
2101 3146 2188 3237 ubi
2218 3146 2346 3203 olim
2380 3149 2496 3219 ipse
2540 3151 2652 3207 Deo
2696 3154 2925 3212 dilectus
2960 3166 3071 3214 tum
3098 3161 3201 3217 sibi
3256 3165 3514 3237 subjectis

1936 3235 2118 3291 multis
2138 3236 2395 3294 fratribus
2414 3241 2515 3297 sub
2528 3251 2713 3299 sancta
2737 3244 2937 3318 Regula
2960 3249 3163 3322 degoit,
3182 3235 3513 3319 destructum

1933 3328 2227 3393 inveniens,
2258 3332 2622 3392 admonitione
2652 3336 2833 3392 divina
2862 3351 3183 3411 wmmotus,
3214 3348 3285 3403 ob
3304 3351 3509 3415 tedam:

1926 3420 2167 3488 ptionem
2209 3436 2320 3477 suae
2366 3423 2579 3492 animae,
2616 3428 2865 3484 eumdem
2896 3429 3070 3488 locum
3098 3451 3221 3499 cum
3247 3453 3345 3494 sua
3372 3456 3504 3508 con-

1924 3508 2053 3583 juge
2104 3510 2362 3571 Bilebilde
2397 3526 2678 3589 aesumpto
2735 3518 2922 3578 labore
2978 3538 3293 3588 restaurare
3340 3542 3395 3586 et
3449 3536 3516 3591 ad

1929 3599 2217 3668 pristinum
2248 3611 2451 3665 statum
2476 3620 2576 3674 pro
2601 3622 2758 3676 posse
2791 3613 3077 3672 restituere
3101 3631 3333 3677 curaret.
3357 3623 3510 3689 Post-

1929 3690 2145 3744 modum
2179 3706 2305 3749 vero
2334 3694 2693 3759 venerabilem
2730 3700 2979 3760 abbatem
3001 3704 3371 3779 Engilbertuin
3397 3731 3510 3775 cce:

252 3768 307 3827 id
353 3770 508 3872 nobis
533 3780 599 3878 et
642 3772 708 3826 ad
756 3781 994 3878 nostram
1052 3773 1329 3833 mortalew
1382 3776 1550 3878 vitam
1602 3777 1828 3878 feliciter
1928 3781 2073 3835 nobii
2099 3782 2139 3835 F
2144 3786 2438 3843 ossatensis
2462 3790 2725 3856 evocavit,
2743 3792 3023 3864 eidemque
3045 3768 3112 3854 et
3120 3802 3221 3858 sibi

249 3858 671 3973 transigendain,
702 3870 757 3918 et
784 3860 851 3973 ad
875 3871 1132 3973 aeternam
1156 3864 1559 3973 Aperpetuaiiter
1585 3868 1829 3925 obtinen-
1928 3870 2194 3973 l'ratribus
2234 3877 2511 3938 commisit
2552 3888 2613 3935 ut
2660 3883 2853 3954 religio
2895 3858 3158 3959 regularis

247 3948 389 4012 dam,
434 3947 773 4019 profuturum
819 3951 1022 4022 liquido
1054 3954 1347 4025 credimus.
1392 3954 1602 4012 Idcirco
1643 3968 1825 4014 notum

1942 3960 2062 4018 sicut
2088 3960 2308 4057 dudum,
2645 3947 3077 4033 conservare—tur.

245 4038 365 4095 ne"-
413 4038 656 4105 volumus
695 4043 936 4136 omnium
980 4040 1215 4108 ﬁdelium
1260 4052 1590 4136 nostrorum,
1637 4056 1747 4108 tam
1772 4058 1826 4104 et
1924 4053 2078 4107 nobis
2102 4053 2405 4122 patefactis,
2441 4058 2758 4117 exhortatus
2782 4071 2868 4127 est
2897 4038 3501 4136 magnitudinis-mest;

244 4130 590 4238 Pramum")
614 4130 1219 4238 qnamctnfuturorum.
1249 4134 1503 4238 solet-tias,
1545 4138 1669 4238 quia
1697 4154 1822 4194 cum
1920 4143 2301 4238 excellentiam
2328 4154 2398 4238 ut
2436 4148 2614 4217 ipsum
2652 4150 2828 4213 locum
2854 4130 2955 4212 sub
2989 4130 3183 4228 unum
3226 4130 3503 4238 είιερέρέιξέ

244 4235 345 4275 nos
370 4222 755 4285 monasterium
783 4220 838 4276 in
861 4220 1101 4281 Saxonia
1113 4222 1436 4295 propitiante
1461 4224 1687 4287 Domino
1700 4245 1821 4285 cum

1942 4232 2266 4309 lignaremur
2307 4234 2617 4303 defensione
2660 4250 2715 4297 et
3147 4220 3503 4325 vtuitionepe‘t

243 4310 778 4418 οουεειιευιίίαξιλυξξ
796 4313 1207 4418 summa,
1230 4314 1434 4418 bonam
1474 4315 1540 4418 εχ
1561 4318 1821 4418 Steph-ni
1916 4325 2578 4418 ιιιιςωαάωοάιιιιξεεειετξ
2623 4333 2846 4393 abbates
2871 4312 3257 4401 mam
3278 4310 3501 4418 ραὲαζζ

240 4400 653 4470 protomartyris
708 4398 907 4457 Christi
955 4400 1301 4462 devotissima
1353 4404 1649 4463 intentione
1693 4410 1818 4467 luo-

1942 4412 2127 4505 ierium
2157 4415 2313 4483 nobis
2338 4398 2595 4477 divinitus
2636 4436 2951 4484 concessmn

242 4489 427 4546 ωωω
448 4489 839 4595 habuissemus,
868 4505 1170 4595 nomenque
1194 4491 1619 4595 Corbeia
1635 4509 1815 4573 aptas-
1837 4529 1890 4593 Ι)
1916 4501 2063 4575 litum
2088 4519 2211 4561 cum
2238 4505 2430 4563 abbate
2451 4516 2505 4563 et
2531 4513 2807 4573 monachis
2834 4524 2888 4571 et
2907 4489 3066 4582 rebus
3086 4489 3171 4579 vel

242 4592 443 4673 scmus,
484 4586 649 4650 atque
675 4578 749 4634 ibi
789 4580 1148 4673 competentia
1176 4583 1414 4639 subsidia
1444 4600 1670 4656 qumque
1701 4606 1813 4673 prae

241 4668 494 4725 manibus
516 4669 893 4728 inveneramus
914 4670 1093 4726 debita
1132 4672 1378 4744 largitate
1403 4676 1664 4745 pmdicto

240 4756 584 4815 ctiﬁcationis
603 4757 723 4817 loco
743 4758 797 4812 in
816 4768 1001 4823 nostra
1020 4760 1357 4833 eleemosyna
1380 4764 1811 4838 contulissemus,

243 4848 497 4905 Warinus
537 4862 695 4919 quem
736 4850 791 4914 in
831 4850 1022 4908 eodem
1050 4856 1380 4913 monasterio
1404 4857 1650 4917 abbatem
1679 4877 1813 4932 prae-

240 4941 489 5007 fecimus,
518 4942 852 5018 suggerendo
898 4943 1054 5013 petiit
1087 4944 1392 5007 celsitudini
1431 4959 1647 5018 nostrae,
1678 4962 1739 5008 ut
1760 4955 1811 5008 in

240 5037 535 5093 memorato
566 5030 761 5086 ducatu
808 5029 1063 5095 Samnite
1095 5032 1271 5089 locum
1297 5038 1697 5105 provideremus
1720 5042 1811 5098 ubi

241 5116 323 5172 sal
350 5116 463 5174 ﬁeri
494 5119 559 5172 ad
587 5120 738 5179 cibos
760 5122 1147 5178 monachorum
1181 5124 1235 5178 in
1265 5125 1452 5181 eodem
1483 5133 1807 5188 monasterio

239 5221 338 5277 per
371 5216 606 5277 tempora
636 5209 940 5282 degentium
987 5212 1256 5273 saliendos
1287 5224 1449 5286 atque
1482 5221 1809 5280 condicudos

237 5299 541 5375 potuisset;
580 5302 718 5373 quod
748 5310 801 5357 et
833 5319 930 5373 per
960 5304 1061 5359 hoc
1088 5314 1286 5367 nostrae
1307 5310 1647 5370 auctoritatis
1672 5329 1809 5382 prae-

235 5397 447 5479 ceptum
496 5391 549 5444 in
607 5393 800 5449 ducatu
880 5396 1262 5467 Budinisvelt',
1334 5410 1808 5479 quantumcunque

224 5478 368 5550 juris
393 5483 563 5537 nostri
593 5483 645 5537 in
675 5484 767 5539 illo
801 5486 939 5555 sale,
964 5488 1105 5556 quod
1141 5498 1224 5550 est
1263 5504 1425 5559 super
1452 5491 1668 5549 ﬂuvium
1694 5478 1801 5568 [ΑΙ.

236 5588 331 5627 ms.
359 5582 538 5627 uetus:
587 5576 752 5630 nostri
796 5576 849 5631 in
879 5577 970 5643 illo
996 5586 1049 5632 et
1075 5577 1218 5633 fonte
1264 5582 1352 5647 qui
1397 5590 1480 5646 est
1520 5598 1682 5654 super
1707 5587 1807 5641 ﬁu-

235 5663 400 5734 vium]
452 5664 681 5729 Wisera,
732 5678 848 5721 erat
885 5670 937 5722 in
985 5685 1122 5743 pago
1169 5672 1316 5745 Logi.
1367 5673 1469 5739 Per
1519 5676 1664 5742 quod
1693 5686 1803 5743 sta-

1918 4595 2091 4651 eidem
2136 4599 2464 4655 monasterio
2509 4602 2655 4671 iuste
2702 4602 2959 4678 Subiectis
3002 4613 3303 4675 censistcre
3352 4618 3496 4681 tm.

1918 4700 2129 4778 remus,
2150 4695 2207 4741 et
2224 4700 2323 4757 per
2360 4699 2575 4746 nostros
2601 4691 2906 4769 imperiales
2932 4700 3115 4769 apices
3146 4706 3326 4763 abbati
3350 4709 3494 4778 jam-

1917 4773 2063 4827 dicto
2090 4775 2431 4839 Fossatensis
2460 4782 2691 4840 caanobii
2721 4788 3035 4859 cunctisque
3057 4791 3176 4863 eius
3213 4773 3492 4855 successo-

1918 4863 2068 4961 ribus
2113 4867 2504 4935 providentiam
2552 4879 2608 4928 et
2649 4874 3069 4935 dominationem
3109 4892 3269 4955 atque
3312 4892 3491 4961 subje-

1914 4954 2169 5022 ctionem,
2196 4972 2265 5012 ne
2285 4972 2316 5010 a
2354 4960 2615 5030 regularis
2659 4964 2865 5023 ordinis
2899 4972 3111 5028 tramite
3136 4954 3363 5047 amplius
3397 4954 3489 5037 de-

1914 5045 2077 5139 cidat,
2334 5053 2769 5111 concederemus.
2814 5056 2975 5128 Cujus
3004 5045 3337 5136 petitionem,
3362 5073 3486 5139 quia

1914 5135 2286 5193 rationabilem
2326 5139 2434 5197 imo
2474 5140 2584 5198 Deo
2625 5147 2910 5205 amabilem
2951 5166 3072 5209 esse
3114 5135 3481 5228 cognovimus,

1910 5223 2139 5280 libenter
2188 5230 2541 5303 suscepimus,
2586 5243 2640 5289 et
2683 5236 2827 5299 sicut
2870 5242 3041 5309 petiit,
3089 5223 3484 5306 itaetconces;

1910 5314 2098 5378 simus.
2136 5318 2393 5376 Volumus
2434 5338 2562 5394 ergo
2606 5337 2663 5380 ut
2708 5330 2995 5398 prmdictus
3041 5336 3206 5392 abbas
3244 5339 3360 5394 sive
3399 5357 3481 5401 re-

1912 5416 2090 5466 ctores
2110 5413 2404 5480 supradicti
2429 5412 2743 5475 monasterii
2767 5431 2927 5491 atque
2949 5424 3145 5482 fratres
3170 5429 3277 5485 Deo
3303 5432 3477 5489 devoti

1908 5499 2073 5577 ipsius
2100 5499 2204 5566 loci
2230 5502 2400 5575 ipsum
2427 5504 2620 5574 locum,
2664 5510 2731 5564 de
2754 5526 2861 5579 quo
2901 5515 3038 5573 ratio
3065 5518 3263 5587 agitur,
3294 5521 3479 5577 videli-

1905 5597 1989 5653 cet
2029 5589 2259 5655 Glanna,
2285 5604 2545 5663 perpetuo
2578 5599 2827 5668 habeant,
2865 5610 3083 5663 teneant
3120 5616 3279 5675 atque
3306 5614 3476 5678 possi-

1905 5680 2062 5743 deant
2094 5691 2147 5736 et
2176 5685 2494 5754 gubernem,
2529 5704 2885 5769 magnamque
2916 5695 3305 5762 providentiam
3336 5716 3474 5754 sem-

238 5758 447 5807 tucntes
495 5754 830 5811 decernimus
870 5764 927 5811 ut
973 5760 1071 5813 sub
1112 5760 1230 5823 jure
1279 5762 1433 5821 istius
1468 5769 1795 5837 monasterii,
1902 5786 1996 5825 uer
2018 5773 2083 5827 de
2112 5775 2298 5833 eodem
2327 5776 2441 5831 loco
2465 5754 2713 5851 habeant,
2747 5754 3055 5840 in'stan-tiam
3082 5754 3191 5841 sum
3220 5789 3474 5845 sollicitu-
