3924 6340
402 372 535 426 1951

1540 378 1861 436 LUDOVICI
1901 380 1919 435 Ι
1960 380 2430 439 COGNOMENTO
2466 383 2548 437 Pll

3538 384 3691 439 liii

402 488 544 544 diuis
581 495 687 542 tam
717 486 835 543 loco
877 504 1039 559 quam
1077 492 1474 562 congregationi
1526 493 1770 564 vigilanti
1804 508 1990 547 curam
2017 476 2419 558 Almembranze
2467 513 2573 553 uno
2622 505 2827 564 tenore,
2882 507 2939 551 ut
2982 512 3085 552 una
3136 499 3234 553 sub
3287 500 3443 555 theca
3498 499 3683 555 sancti

398 581 651 636 omnibus
691 580 1001 637 adhibeant.
1054 582 1213 639 Tales
1259 600 1472 654 quoque
1522 585 1721 639 ibidem
1752 596 1983 655 praepo-

398 679 530 727 nant
574 672 885 743 provisores
918 681 1082 745 atque
1126 679 1403 741 rectores,
1424 676 1720 747 magistros
1756 687 1809 731 et
1843 692 1985 747 pra:-

396 764 621 833 positos,
652 778 883 834 quorum
928 775 1061 821 nutu
1106 773 1271 838 atque
1302 768 1650 838 dispositione
1677 776 1869 822 cuncta
1902 782 1985 823 se-

395 855 631 910 cundum
662 855 757 910 Dei
804 857 1134 915 voluntatem
1184 869 1347 931 atque
1397 862 1691 917 secundum
1743 863 1981 934 regulam

395 947 574 1029 sancti
602 946 878 1004 Benedicti
924 951 1151 1007 interius
1176 960 1231 1007 et
1255 954 1499 1009 exterius
1526 954 1901 1024 perﬁciantur,
1932 965 1985 1011 et

397 1038 465 1093 ad
495 1037 713 1095 modum
740 1048 795 1095 et
843 1042 1253 1099 similitudinem
1297 1043 1638 1102 Fossatensis
1668 1034 1981 1102 monasterii

393 1127 611 1185 Christo
654 1130 766 1187 Deo
795 1132 985 1188 devote
1014 1132 1359 1199 famulentur,
1388 1145 1443 1191 et
1484 1136 1538 1191 in
1585 1136 1838 1193 omnibus
1863 1142 1980 1192 eam

395 1231 672 1277 sectentur
696 1221 929 1279 formam
953 1233 1013 1279 ut
1034 1227 1245 1282 cunctis
1272 1226 1631 1298 peculiaribus
1672 1230 1984 1299 postpositis

388 1310 545 1379 juxta
604 1313 952 1368 traditionem
1009 1316 1358 1385 apostolicam
1420 1327 1614 1373 cuncta
1674 1319 1983 1388 possideant

399 1403 729 1469 communia,
780 1412 841 1459 ut
876 1405 980 1461 sibi
1024 1403 1253 1463 salutem
1306 1418 1620 1465 mereantur
1667 1419 1979 1481 perpetuam

397 1494 704 1565 acquirere,
737 1504 901 1566 atque
930 1512 1145 1571 semper
1188 1499 1562 1565 dominationi,
1605 1500 1981 1571 gubernationi

392 1594 444 1639 et
478 1585 737 1655 potestati
766 1586 926 1641 unius
950 1588 1161 1643 abbatis
1198 1587 1554 1659 subjiciantur
1577 1604 1641 1644 ac
1670 1588 1982 1643 obedientes

391 1675 646 1731 existant.
691 1675 761 1731 Et
799 1676 1056 1747 quoniam
1076 1677 1141 1731 in
1184 1676 1299 1747 jam
1340 1677 1493 1733 dicto
1528 1677 1649 1734 loco
1674 1678 1978 1736 Fossatensi

392 1774 555 1821 nemo
586 1765 916 1831 mortalium,
941 1767 1147 1837 absque
1180 1768 1260 1823 eis
1285 1769 1375 1838 qui
1404 1768 1475 1823 ibi
1503 1769 1555 1823 in
1592 1768 1808 1825 Christo
1836 1769 1979 1823 mili-

2088 586 2255 641 Mauri
2297 586 2581 653 habeatur,
2610 597 2664 644 et
2702 589 2870 644 altera
2899 604 2930 643 a
2971 588 3228 658 prmdicto
3265 590 3459 646 abbate
3492 592 3684 662 Engil-

2086 677 2241 731 berto
2270 678 2324 730 in
2369 677 2677 733 Fossatensi
2723 679 2971 734 coenobio
3013 690 3384 735 conservetur.
3439 682 3494 736 Si
3542 682 3684 752 quis

2085 775 2262 821 autem
2295 768 2516 824 insanus
2540 777 2593 824 et
2618 768 2727 825 Deo
2755 772 3062 826 contrarius
3083 770 3270 837 fuerit,
3294 774 3386 841 qui
3429 774 3525 828 hoc
3566 789 3681 829 no-

2084 864 2209 911 stra:
2234 859 2571 914 auctoritatis
2618 868 2946 931 praeceptum
2990 861 3195 917 violare
3236 864 3675 935 praesumpserit,

2086 961 2116 999 a
2163 946 2437 1004 liminibus
2482 958 2681 1005 sancta:
2727 952 2821 1006 Dei
2864 951 3117 1007 Ecclesia:
3164 954 3441 1022 expulsus,
3493 964 3545 1009 et
3594 955 3677 1009 ab

2086 1038 2334 1093 omnibus
2362 1040 2627 1110 episcopis
2674 1042 2836 1097 totius
2863 1041 3053 1097 Galliae
3080 1046 3598 1110 exeommunicatns,
3639 1060 3676 1097 ει

2085 1138 2227 1185 coetu
2253 1129 2453 1186 Christi
2484 1132 2720 1187 ﬁdelium
2765 1133 2835 1188 sit
2861 1144 3194 1206 segregatus,
3234 1146 3293 1191 et
3316 1153 3439 1191 cum
3461 1137 3670 1207 Caipha

2084 1234 2139 1277 et
2178 1222 2372 1289 Pilato,
2415 1223 2551 1281 Juda
2601 1241 2815 1296 quoque
2860 1228 3125 1283 traditore
3170 1228 3380 1283 Domini
3407 1270 3423 1291 ,
3475 1245 3674 1299 paruas

2082 1320 2315 1367 mternas
2342 1316 2624 1381 sustineat,
2659 1324 2821 1387 atque
2854 1333 2978 1372 cum
3007 1318 3251 1389 principe
3277 1318 3666 1375 daemoniorum

2084 1405 2265 1460 sedem
2321 1406 2670 1475 gehennalem
2701 1450 2717 1473 ,
2776 1424 2897 1463 cum
2946 1425 2977 1464 a
3039 1425 3264 1480 corpore
3312 1409 3429 1478 ejus
3480 1412 3665 1464 anima

2084 1495 2301 1561 exierit,
2330 1496 2431 1551 sibi
2471 1505 2713 1565 paratam
2745 1497 3000 1551 inveniat.
3048 1499 3117 1554 Ut
3144 1515 3274 1576 ergo
3318 1501 3432 1554 haec
3472 1508 3665 1555 auclo-

2084 1588 2217 1642 ritas
2241 1588 2483 1644 obtineat
2506 1588 2815 1645 ﬁrmitatem
2836 1605 2933 1659 per
2952 1591 3145 1645 sarcula
3167 1593 3429 1647 industria
3453 1592 3664 1665 [Fort(,

2085 1676 2477 1749 inconvulsam]
2527 1678 2835 1749 bujusmodi
2885 1696 3048 1733 manu
3101 1680 3381 1736 ﬁrmantes
3422 1683 3666 1752 propria,

2083 1780 2202 1822 eam
2230 1766 2428 1822 annulo
2456 1779 2641 1824 nostro
2661 1767 2921 1838 jussimus
2958 1770 3200 1841 sigillari.

390 1864 524 1918 tant,
558 1854 758 1912 nullam
799 1858 1247 1913 consuetudinem
1292 1867 1385 1913 aut
1431 1859 1848 1914 redhibitionem
1896 1874 1978 1913 re-
2006 1850 2055 1909 B
2154 1855 2377 1927 Signum
2401 1857 2657 1914 Ludovici
2684 1858 3046 1928 imperatoris.

389 1948 609 2017 quirere
639 1947 745 2003 nisi
776 1947 976 2019 injuste
1016 1947 1182 2014 valet,
1220 1947 1274 2003 iu
1300 1948 1463 2003 simili
1492 1950 1703 2004 ratione
1729 1948 1977 2004 eumdem

389 2028 570 2096 locum
596 2040 1042 2097 commandamus
1067 2041 1381 2111 persistere.
1413 2039 1621 2096 Cuncta
1651 2050 1832 2095 autem
1861 2054 1981 2109 qua:

392 2147 538 2187 nunc
567 2131 770 2187 habere
797 2138 1115 2197 noscuntur,
1144 2130 1226 2186 vel
1250 2131 1505 2202 deinceps
1522 2129 1667 2201 justo
1697 2129 1981 2198 acquirere

392 2221 653 2292 poterint,
686 2221 787 2277 sub
836 2229 1025 2276 nostra
1056 2218 1370 2276 defensione
1400 2228 1455 2275 et
1496 2218 1855 2275 immunitatis
1885 2218 1984 2272 tu’i-

389 2304 537 2366 tione
564 2310 893 2380 per-sistam.
934 2309 1002 2364 Et
1037 2308 1292 2379 iubemus
1330 2315 1492 2379 atque
1528 2307 1705 2363 modis
1728 2306 1982 2362 omnibus

386 2400 733 2457 decernimus
759 2406 819 2453 ut
854 2397 1033 2453 nullus
1059 2398 1216 2453 nobis
1250 2410 1557 2463 successor,
1584 2408 1692 2452 non
1713 2409 1844 2461 rex,
1874 2409 1979 2449 non

387 2492 696 2561 episcopus,
724 2505 834 2545 non
857 2488 1291 2557 archidiaconus,
1315 2505 1428 2545 non
1446 2504 1648 2555 comes,
1678 2503 1786 2545 non
1809 2486 1979 2557 judex

389 2582 664 2653 publicus,
697 2581 779 2636 vel
810 2581 1037 2653 quilibet
1065 2597 1131 2637 ex
1173 2582 1458 2653 judiciaria
1499 2589 1792 2651 potestate,
1827 2579 1982 2651 quid-

390 2639 520 2741 quid
556 2686 624 2726 ex
649 2639 751 2726 'his
927 2639 1241 2741 ipsius‘idci
1268 2678 1394 2726 sunt
1423 2639 1522 2727 vel.
1551 2671 1750 2727 fuerint
1779 2639 1862 2726 in.
1884 2686 1980 2726 sua

392 2758 764 2815 dominatione
810 2758 1055 2829 redigere
1097 2770 1416 2831 priscumat,
1457 2775 1569 2816 -nec
1618 2760 1674 2815 in
1725 2760 1981 2816 ecclesias

391 2860 485 2906 aut
530 2851 650 2907 loca
683 2850 769 2907 vel
803 2865 963 2922 agros
1009 2866 1103 2907 seu
1148 2852 1389 2924 rdiquas
1422 2853 1804 2923 possessiones
1834 2868 1980 2923 prae-

390 2944 524 2999 dicti
576 2943 913 3009 monasterii,
968 2958 1107 3014 quas
1142 2945 1401 3007 moderno
1450 2952 1695 3017 tempore
1735 2946 1883 3020 juste
1926 2954 1982 3001 et

392 3034 793 3091 rationabiliter
820 3034 1099 3105 possidere
1139 3036 1352 3091 videtur
1395 3036 1446 3091 in
1475 3036 1807 3107 quibuslibet
1830 3038 1984 3110 pagis

2154 1943 2371 2000 Glorius
2395 1947 2638 2001 notarius
2664 1948 2733 2001 ad
2760 1949 2932 2002 vicem
2958 1947 3198 2019 Hugonis
3219 1949 3554 2020 recognovit.

2155 2036 2286 2090 Data
2310 2052 2403 2090 vm
2438 2036 2556 2090 Kal.
2594 2036 2923 2108 Septembr.,
2953 2053 3138 2105 anno,.
3156 2036 3376 2093 Christo
3402 2039 3661 2107 propitio,

2084 2124 2294 2195 imperii
2316 2125 2519 2181 domini
2549 2126 2809 2182 Ludoarici
2838 2128 3169 2184 serenissimi
3196 2128 3541 2199 imperatoris
3568 2128 3661 2191 20.

2082 2216 2374 2275 indictione
2404 2216 2487 2270 ll.
2517 2216 2710 2295 Actum
2736 2216 3061 2293 Aquisgrani
3087 2218 3286 2291 palatio
3312 2220 3461 2290 regio
3487 2219 3545 2273 in
3568 2218 3664 2272 Dei

2081 2307 2297 2363 nomine
2323 2305 2569 2361 feliciter.
2598 2306 2790 2362 Amen.

2710 2397 3020 2455 CLXXXII.

2203 2504 2455 2545 LOTIIARII
2496 2502 2825 2543 PILECEPTUII
2863 2503 2963 2547 PRO
2998 2502 3247 2543 εοοιεειι
3284 2502 3543 2543 Αιεπεελ.

2694 2578 2867 2651 (Anno
2894 2579 3059 2651 εδδ.»

2261 2667 2492 2740 [llgbelli
2511 2709 2525 2734 ,
2554 2666 2717 2722 Italia
2744 2684 2918 2733 sacra,
2950 2678 3082 2722 tom.
3110 2666 3151 2733 l,
3178 2681 3301 2739 pag.
3333 2667 3484 2741 illi]

2150 2760 2216 2815 in
2244 2760 2462 2816 nomine
2493 2759 2705 2814 Domini
2733 2758 2902 2813 nostri
2933 2756 3060 2814 Iesu
3092 2757 3293 2815 Christi
3321 2759 3418 2815 Dei
3450 2760 3665 2826 ataui,

2080 2846 2400 2915 Lotharius,
2429 2847 2611 2904 divina
2643 2847 2924 2904 ordinante
2966 2848 3327 2919 providentia,
3371 2849 3668 2920 imperator

2080 2941 2375 3014 Augustus.

2155 3034 2425 3106 Quidquid
2445 3034 2614 3101 divini
2636 3034 2837 3092 amoris
2857 3036 3019 3092 ductu
3045 3035 3178 3091 locis
3196 3035 3533 3092 conferimus
3557 3035 3669 3091 Deo

389 3135 447 3184 et
475 3126 785 3192 territoriis,
809 3126 1072 3199 quidquid
1105 3127 1305 3183 ibidem
1328 3136 1552 3199 propter
1577 3128 1815 3185 divinum
1838 3145 1990 3187 amo.
2026 3196 2056 3199 _
2088 3126 2318 3192 devotis,
2342 3127 2395 3183 id
2416 3128 2559 3183 veris
2577 3134 2631 3183 et
2650 3122 2866 3183 tetemis
2889 3126 3272 3183 muniﬁcentiis
3293 3127 3673 3197 respondendo

392 3234 509 3275 rem
545 3218 801 3276 collatum
828 3196 975 3285 luit;
999 3230 1228 3292 quasque
1270 3196 1447 3275 etiam
1475 3220 1734 3294 deinceps
1762 3222 1815 3276 in
1862 3220 1984 3292 jure
2009 3196 2059 3263 (ἶ
2089 3217 2311 3294 minime
2334 3217 2713 3273 dubitavimus.
2744 3216 2917 3289 igitur
2946 3224 3135 3271 notum
3159 3217 3231 3273 sit
3254 3196 3511 3271 omnibus
3532 3217 3669 3272 ﬁde-

392 3311 559 3382 ipsius
604 3312 779 3367 sancti
818 3310 920 3366 ioci
967 3310 1201 3366 voluerit
1231 3310 1411 3366 divina
1442 3311 1616 3385 pietas
1666 3312 1870 3383 augeri,
1914 3312 1982 3368 ad

390 3420 585 3461 causas
614 3404 931 3469 audiendas,
958 3403 1043 3459 vel
1066 3403 1217 3459 {reda
1242 3404 1528 3476 exigenda,
1553 3414 1645 3461 aut
1671 3405 1983 3461 mansiones

393 3496 476 3551 vel
526 3505 744 3567 paratas
798 3496 1094 3561 faciendas,
1154 3503 1250 3551 aut
1297 3494 1645 3565 ﬁdeiussores
1697 3496 1980 3561 tollendos,

391 3604 492 3644 nec
510 3589 762 3645 homines
779 3588 951 3659 ipsius
978 3587 1083 3644 loci
1105 3596 1213 3643 tam
1238 3588 1499 3660 ingenuos
1517 3604 1678 3659 quam
1700 3596 1755 3643 et
1777 3602 1983 3655 servos,

2086 3287 2227 3362 libus
2252 3315 2452 3362 sancta:
2472 3305 2566 3362 Del
2588 3287 2841 3363 Ecclesiae
2860 3316 2915 3363 et
2935 3308 3157 3373 nostris,
3181 3308 3543 3377 praesentibus
3564 3309 3672 3364 sei-

2085 3396 2213 3456 licet
2243 3408 2299 3456 et
2334 3399 2560 3465 futuris,
2592 3400 2720 3470 quia
2748 3414 2848 3455 nos
2877 3399 2943 3455 ad
2971 3399 3338 3469 precationem
3366 3399 3514 3455 Petri
3543 3415 3665 3455 ven.

2084 3491 2423 3548 Aretinensis
2442 3492 2697 3548 Ecclesiae
2722 3491 2981 3562 episcopi,
3005 3492 3374 3548 concessimus
3402 3493 3472 3547 ad
3498 3491 3673 3548 eccle-

2086 3584 2223 3638 siam
2266 3582 2324 3638 S.
2366 3582 2582 3649 Donati,
2626 3582 2717 3637 ubi
2762 3582 2877 3652 ipse
2916 3583 2969 3637 in
3007 3597 3235 3654 corpore
3275 3585 3587 3653 requiescit,
3614 3592 3673 3639 et

394 3681 487 3751 qui
521 3694 686 3751 super
712 3686 914 3735 terram
960 3680 1131 3751 ipsius
1175 3677 1414 3734 residere
1464 3679 1740 3744 videntur,
1786 3678 1986 3749 injuste
2087 3674 2242 3731 sedes
2288 3674 2548 3757 episcopi.
2574 3687 2697 3751 esse
2738 3672 3102 3744 dignoscitur,
3154 3688 3254 3743 pro
3305 3673 3674 3729 emolumento

393 3770 824 3842 distringendos,
870 3784 973 3824 nec
1017 3770 1156 3823 ullas
1204 3769 1593 3824 redhibitiones
1638 3778 1732 3824 aut
1770 3768 1985 3824 illicitas
2086 3765 2281 3819 anima:
2321 3770 2550 3827 nostrze,
2589 3763 2876 3833 quamdam
2913 3761 3196 3818 ecclesiam
3226 3762 3282 3818 ln
3313 3764 3574 3819 honorem
3604 3763 3668 3820 Β.

393 3864 713 3920 occasiones
758 3859 1131 3931 requirendos,
1179 3859 1290 3914 ullo
1333 3873 1571 3929 unquam
1619 3868 1861 3929 tempore
1905 3859 1988 3913 in-
2086 3851 2232 3906 Petri
2272 3851 2650 3914 constitutam,
2687 3865 2811 3905 cum
2840 3851 3090 3907 omnibus
3118 3851 3463 3921 pertinentiis
3487 3861 3543 3907 et
3576 3853 3672 3906 ad-

394 3952 545 4022 gredi
585 3942 800 4015 audeat,
834 3948 918 4005 vel
949 3964 1011 4003 ea
1049 3964 1171 4019 quae
1199 3964 1360 4018 supra
1403 3958 1699 4023 memorata
1744 3955 1872 4005 sunt
1898 3962 1991 4019 pe-
2088 3940 2362 4017 luerentiis
2390 3940 2525 4004 suis,
2557 3939 2716 3994 sitam
2744 3938 2797 3993 in
2824 3938 2943 3994 loco
2971 3939 3064 4009 qui
3089 3939 3286 3995 dicitur
3309 3939 3582 3995 Castalius
3613 3941 3671 3995 in

394 4045 544 4101 nitus
581 4042 804 4114 exigere
830 4048 1143 4112 praesumat.
1193 4039 1463 4109 Quidquid
1492 4050 1675 4096 autem
1719 4039 1787 4094 de
1825 4039 1988 4095 rebus
2090 4032 2367 4088 territorio
2391 4030 2713 4086 Aretinense
2743 4047 2756 4083 :
2790 4044 2911 4084 eam
2942 4030 3223 4095 videlicet,
3258 4045 3424 4100 quam
3462 4031 3671 4101 pridem

396 4137 609 4210 praelati
638 4134 954 4191 monasterii
990 4134 1153 4189 ﬁscus
1175 4147 1395 4202 sperare
1421 4140 1654 4203 poterat,
1686 4130 1857 4188 totum
1888 4147 1989 4187 nos
2090 4122 2357 4179 avunculo
2386 4129 2572 4176 ηοδῑτο
2599 4119 2824 4191 Pippino
2852 4119 3088 4191 ειοτῑοεο
3128 4120 3272 4190 tesi;
3314 4120 3675 4176 Barbati“!!!

392 4244 497 4300 pro
535 4236 741 4284 aeterm
774 4224 1211 4281 remuneratione
1241 4222 1341 4293 ipsi
1385 4221 1507 4277 loco
1534 4221 1903 4286 concedimus,
1930 4230 1990 4275 ut
2090 4212 2360 4285 Quondam
2403 4212 2705 4285 presbyter,
2748 4226 2814 4267 ex
2858 4226 2956 4266 sua
2995 4210 3327 4282 proprietate
3370 4211 3677 4266 contulerat

395 4316 652 4389 perennis
682 4315 1012 4386 temporibus
1062 4313 1116 4368 in
1153 4312 1463 4367 alimoniam
1492 4326 1788 4389 pauperum
1817 4319 1872 4368 et
1894 4311 1993 4365 sti-
2092 4305 2162 4359 ad
2184 4302 2515 4367 habendam,
2544 4311 2599 4356 et
2624 4301 2876 4372 presenti
2912 4310 3154 4371 tempore
3170 4300 3500 4371 impauidus
3522 4314 3675 4370 pres-

393 4408 1067 4481 peudiummonachorum
1097 4405 1293 4461 ibidem
1322 4405 1433 4459 Deo
1470 4403 1844 4459 famulandum
1867 4417 1984 4474 pro-

2094 4396 2250 4467 byter
2276 4395 2376 4450 sub
2399 4392 2645 4449 annalem
2673 4392 3047 4457 redditionem,
3073 4399 3129 4446 et
3148 4399 3332 4447 nostra
3355 4391 3674 4446 muniﬁcen-

397 4480 546 4557 liciat
589 4501 644 4556 in
691 4506 1061 4569 augmentum,
1093 4482 1147 4553 et
1182 4512 1394 4567 semper
1438 4497 1634 4552 habeat
1661 4495 1990 4553 defensionis
2017 4544 2067 4569 ἢ
2098 4488 2169 4541 lia
2210 4485 2408 4541 habere
2438 4484 2790 4555 όὶεηοευίιυτν
2828 4481 2922 4538 8εά
2943 4493 3045 4553 ιπο
3074 4481 3352 4537 “mnam
3376 4481 3574 4552 Βηῑίδο
3604 4480 3672 4539 id

398 4601 600 4649 nostra;
644 4544 845 4661 regaliis
863 4590 1179 4645 “libertatem
1230 4544 1435 4658 absque
1478 4588 1700 4643 militari
1740 4587 1983 4653 servitio,

2094 4574 2341 4651 eum’dem
2367 4544 2616 4630 sanctum
2643 4580 2699 4628 et
2726 4586 2907 4627 vener.
2938 4571 3136 4636 locuni,
3167 4571 3309 4625 hanc
3338 4580 3525 4625 nostra
3548 4584 3673 4625 auc-

400 4702 432 4740 a
472 4699 580 4756 quo
631 4659 883 4738 eumdem
929 4679 1107 4735 locum
1159 4679 1489 4735 absolvimus
1539 4694 1636 4748 per
1676 4678 1879 4762 omnia.
1922 4677 1989 4739 Et
2093 4665 2455 4762 loritalofel'i
2472 4663 2758 4735 lius-ﬁmus,
2807 4671 2867 4716 ut
2887 4661 3073 4762 Pullus
3101 4659 3672 4762 quilibet'velquaeli'

402 4749 840 4847 quandoquidem
886 4771 1063 4827 divina
1106 4773 1391 4828 vocatione
1434 4770 1775 4848 supradictus
1821 4753 1984 4825 abbas

2094 4758 2185 4812 bet
2219 4754 2427 4825 publica
2476 4767 2726 4823 persona,
2772 4751 3007 4822 praefatae
3049 4751 3183 4805 eccl.
3236 4749 3321 4804 vel
3344 4750 3672 4807 rectoribus

403 4864 748 4937 Engilbertus
770 4861 857 4917 vel
883 4876 1228 4917 successores
1255 4860 1371 4930 ejus
1399 4861 1467 4916 ab
1508 4861 1609 4915 hac
1646 4860 1764 4915 luce
1795 4861 1991 4939 migra-

403 4957 602 5022 verint,
634 4954 725 5010 ille
765 4952 858 5024 qui
895 4952 1214 5007 substitutus
1264 4951 1425 5007 fuerit
1454 4952 1510 5007 ei
1553 4951 1799 5006 eamdem
1840 4959 1992 5027 pote-

405 5054 601 5101 statem
645 5052 703 5100 et
735 5041 1158 5100 dominationem
1200 5040 1474 5112 possideat
1514 5056 1673 5111 quam
1706 5047 1759 5095 et
1789 5040 1993 5109 praede-

408 5150 593 5191 cessor
621 5149 773 5200 suus,
821 5132 948 5188 dum
991 5130 1147 5196 vixit,
1193 5127 1403 5185 habuit.
1450 5129 1832 5199 Praecipientes
1865 5143 1994 5202 ergo

410 5225 800 5281 auctoritamus
844 5230 1006 5293 atque
1054 5220 1438 5276 conﬁrmamus
1477 5227 1538 5274 ut
1581 5218 1761 5274 nullus
1803 5217 1993 5289 judex,

409 5334 518 5375 non
547 5319 864 5389 imperator,
892 5330 1000 5371 non
1043 5330 1160 5380 rex,
1190 5328 1296 5369 non
1327 5313 1628 5384 episcopus,
1659 5327 1766 5367 non
1789 5326 1993 5377 comes,

412 5419 505 5465 aut
528 5408 816 5477 iudiciaria
851 5414 1092 5478 potestas
1134 5404 1237 5461 hoc
1265 5411 1463 5458 nostra
1492 5402 1827 5459 excellentia:
1854 5398 1991 5472 pra:-

411 5512 626 5572 ceptum
653 5500 851 5555 audeat
892 5497 1136 5563 violare;
1187 5495 1301 5558 sed,
1348 5494 1451 5549 hac
1489 5495 1602 5550 visa
1645 5495 1987 5559 auctoritate,

414 5591 555 5643 sicut
595 5604 691 5644 sua
718 5586 951 5643 voluerit
990 5594 1108 5641 acta
1133 5598 1253 5640 esse
1286 5585 1441 5637 ﬁrma
1472 5590 1525 5637 et
1568 5582 1806 5649 stabilia,
1832 5582 1909 5636 ita
1938 5594 1988 5637 et

414 5681 517 5733 hoc
554 5689 800 5735 nostrum
834 5678 1017 5734 sinant
1042 5676 1243 5731 factum
1271 5686 1490 5728 manere
1518 5672 1872 5739 inviolatum;
1916 5674 1990 5727 ita

416 5769 664 5825 videlicet
722 5778 782 5825 ut
835 5770 934 5823 sub
984 5768 1086 5824 hac
1137 5766 1343 5820 ratione
1404 5763 1521 5817 dua:
1580 5764 1992 5820 conscribuntur

2094 4846 2231 4916 ejus,
2256 4846 2365 4901 ullo
2378 4860 2629 4915 unquam
2648 4855 2907 4914 tempore,
2931 4844 2998 4899 de
3026 4841 3251 4913 praefata
3269 4841 3521 4904 ecclesia,
3546 4856 3671 4896 cum

2093 4920 2239 4994 omni
2266 4935 2619 5007 pertinentia,
2652 4935 2737 4990 vel
2765 4933 3109 4989 adhaerentiis
3135 4933 3277 4997 suis,
3305 4946 3370 4986 ac
3398 4931 3675 5000 pertinet»

2091 5028 2207 5094 tiis,
2254 5026 2549 5097 quamlibet
2593 5033 2881 5095 praesumat
2936 5022 3138 5078 inferre
3184 5022 3528 5085 molestiam,
3580 5030 3674 5075 aut

2094 5110 2540 5186 controversiam,
2573 5119 2670 5174 sed
2698 5117 2878 5189 quiete
2903 5127 2958 5173 et
2995 5131 3184 5173 secure
3227 5116 3383 5171 liceat
3422 5117 3670 5172 eamdem

2094 5212 2398 5276 ecclesiam,
2441 5224 2565 5266 cum
2601 5206 2852 5264 omnibus
2886 5208 3001 5263 suis
3028 5206 3374 5277 pertinentiis
3399 5214 3456 5260 et
3495 5206 3677 5260 adhae-

2099 5304 2307 5369 rentiis,
2334 5303 2637 5359 rectoribus
2664 5299 2903 5371 ejusdem
2942 5294 3239 5368 possidere,
3282 5306 3447 5365 atque
3484 5310 3679 5349 secun-

2098 5395 2224 5451 dum
2255 5392 2397 5448 iiiius
2438 5392 2540 5448 loci
2570 5390 2872 5454 utilitatem,
2915 5396 3078 5457 prout
3105 5386 3343 5451 libuerit,
3376 5398 3569 5455 regere
3595 5392 3678 5437 at-

2097 5503 2203 5559 que
2232 5487 2535 5556 disponere.
2565 5483 2643 5537 -Et
2678 5491 2738 5536 ut
2774 5482 2890 5537 hzec
2925 5480 3219 5536 auctoritas
3253 5476 3558 5549 largitionis
3581 5492 3679 5531 no-

2098 5568 2225 5636 stra:
2270 5578 2566 5650 pleniorem
2613 5575 2669 5628 in
2710 5574 2805 5628 Dei
2849 5572 3069 5627 nomine
3114 5569 3358 5626 obtineat
3398 5569 3676 5640 vigorem.

2099 5685 2261 5725 manu
2304 5668 2517 5739 propria
2564 5666 2751 5721 subter
2796 5663 3133 5732 scripsimus,
3178 5670 3234 5717 et
3272 5659 3459 5716 annuli
3505 5658 3676 5715 nostri

2100 5749 2449 5830 impressione
2478 5755 2740 5827 assignari
2765 5741 3040 5823 jussimus.
