3924 6316
267 387 288 438 I
303 387 414 442 9.35

1399 372 1785 434 DiPLOMATA
1831 369 2380 427 ECCLESIAS'HCA.

3377 362 3510 416 123i

342 503 568 570 Signum
594 497 834 552 Lotbarii
863 493 1202 566 imperatoris
1227 491 1560 546 invictissimi
1588 487 1831 559 Augusti.
1865 488 1913 547 Α
1939 486 2096 557 gilius
2123 486 2289 541 abbas
2312 500 2415 540 una
2437 500 2559 539 cum
2590 484 2784 545 lt‘urvo,
2813 491 2867 535 et
2893 480 3028 536 Urso
3054 478 3332 563 advocatis
3355 492 3511 531 suos:

342 583 633 645 Protomus
651 587 1010 643 subdiaconus
1037 593 1200 654 atque
1224 576 1467 637 notarius
1491 579 1702 650 scripsi.

347 673 478 735 Data
504 694 539 732 ιι
567 678 746 732 Nonas
757 675 1028 739 Octobris,
1055 687 1216 737 anno,
1241 670 1440 726 Christi
1456 667 1841 739 prttpiti0,855,

269 762 484 842 imperii
507 767 569 824 D.
594 769 832 836 Lotharii
855 761 1195 837 imperatoris
1221 764 1301 830 l3,
1327 757 1510 817 indict.
1534 760 1588 824 4,
1614 760 1842 831 apud....

272 862 456 930 ιιι,ῡεὶ
485 859 698 917 nomine
725 859 974 917 feliciter.

900 939 1220 1006 CLXXXIII.

725 1047 824 1097 tuo
860 1055 1106 1095 EPISCOPO
1144 1052 1396 1093 Αιιετικο.
1450 1093 1459 1103 ,

894 1126 1066 1202 (Ληηο
1097 1128 1244 1199 835.)

279 1222 414 1281 Acta
447 1215 819 1301 controversiis.
838 1225 973 1277 inter
1008 1219 1220 1275 Petrum
1253 1217 1850 1301 episgopquAretjrmm

350 1306 398 1349 et
447 1286 1310 1364 Vigilium_ablmtern_monasterii
1355 1286 1853 1364 S._.«l_nthen‘tiinpro

350 1353 664 1418 monasterio
694 1361 751 1417 S.
784 1359 927 1416 Petri
956 1361 1019 1414 de
1046 1360 1180 1421 Axe,
1207 1354 1709 1427 coramﬁAgipmndo
1730 1353 1854 1407 Flo-

354 1435 552 1487 rentino
581 1433 801 1503 aliisque
828 1431 1078 1503 episcopis
1103 1437 1151 1482 et
1177 1428 1348 1503 missis
1377 1424 1611 1503 Letharii
1639 1424 1665 1478 Ι
1694 1426 1850 1494 impe-

349 1504 559 1566 ratoris,
591 1495 1109 1569 cum'sententia'pro
1142 1499 1381 1569 episcopo
1408 1495 1643 1550 Aretino.

275 1593 456 1666 [Apud
488 1590 777 1655 Muratori,
833 1587 1088 1659 Antiquit.
1121 1585 1299 1651 Italic.
1341 1594 1471 1640 tum.
1506 1584 1571 1648 ν,
1615 1599 1667 1652 p.
1702 1580 1852 1652 925,]

346 1684 405 1740 In
434 1681 543 1737 Dei.
567 1680 784 1747 nomine
819 1695 917 1749 per
939 1677 1393 1734 excellentissimo
1428 1677 1606 1732 denuo
1637 1684 1692 1730 et
1730 1674 1856 1744 piis-

277 1771 400 1827 simi
427 1778 484 1826 ct
510 1769 682 1840 aDeo
715 1775 974 1831 coronato
997 1767 1238 1822 Hlotario
1259 1766 1506 1837 (Augusto
1534 1780 1726 1836 magno
1756 1765 1856 1818 im-

1951 601 1968 626 ι
2017 577 2227 632 Veritas
2266 582 2385 639 est,
2428 576 2552 644 quia
2597 573 2868 629 habemus
2893 582 2948 627 et
2990 581 3233 626 tenemus
3281 557 3517 638 prodicta

1947 667 2274 721 monasterio
2324 667 2492 721 sancti
2534 665 2677 719 Petri
2723 665 2790 718 de
2840 663 2983 718 Asse
3027 678 3149 718 cum
3194 662 3516 731 pertinentia

1946 746 2190 824 sua,.séd
2221 774 2327 812 non
2357 765 2542 814 contra
2585 756 2851 828 legc,.nec
2891 754 3035 809 male
3055 753 3299 818 hordinc,
3326 768 3424 823 pro
3454 765 3520 808 et)

1947 848 2088 919 quod
2133 864 2275 904 eeee'
2308 855 2616 919 prcceptum
2667 855 2855 901 sancte
2901 843 3290 900 recordationis
3336 842 3515 897 domui

1949 940 2126 997 Caroli
2169 940 2279 1009 regi
2325 955 2419 1009 pre
2455 937 2700 993 manibus
2727 937 3006 1000 habemus,
3049 934 3278 1004 qualiter
3300 949 3396 1004 pro
3425 947 3519 987 sua

1951 1033 2146 1087 mercis
2168 1047 2264 1101 per
2289 1033 2434 1087 locas
2458 1031 2768 1100 designatas
2802 1028 3069 1084 concessit
3089 1026 3260 1097 Cugiu
3282 1026 3393 1089 illo,
3429 1027 3517 1095 qui

1952 1130 2172 1177 vocatur
2198 1122 2475 1187 Ciciliano,
2519 1121 2584 1176 ad
2612 1129 2765 1190 parte
2794 1119 2964 1176 sancti
3007 1117 3263 1181 Antemi,
3296 1125 3349 1170 et
3383 1117 3522 1173 infra

1952 1213 2096 1282 ipsas
2132 1212 2278 1266 locas
2317 1212 2622 1280 designatas
2656 1211 2772 1281 ipso
2814 1209 3140 1265 monasterio
3169 1217 3251 1263 est
3280 1218 3524 1262 constru-

1952 1313 2116 1359 ctum.
2155 1323 2174 1356 ι
2212 1303 2278 1356 Ει
2306 1303 2433 1356 dum
2474 1303 2627 1357 nobis
2671 1300 3017 1371 suprascripti
3053 1299 3202 1354 missi
3247 1299 3363 1367 ipso
3399 1313 3523 1366 pre-

1953 1402 2107 1464 cepto
2137 1394 2300 1463 relegi
2345 1393 2768 1449 fecissemus"...
2799 1393 2852 1447 in
2873 1407 3016 1456 eum,
3045 1391 3275 1460 qualiter
3299 1389 3526 1445 domnus

1954 1485 2180 1552 Carolus
2203 1499 2294 1538 rex
2327 1491 2665 1540 concesserat
2694 1481 3060 1552 suprascripto
3083 1479 3253 1549 Cugio
3282 1479 3349 1534 ad
3375 1486 3526 1548 parte

1955 1581 2131 1636 sancti
2153 1581 2388 1644 Antemi,
2415 1595 2510 1650 per
2536 1579 2680 1635 locas
2705 1578 3098 1634 deuominative
3122 1576 3445 1646 designatas,
3473 1582 3529 1628 et

1956 1672 2092 1727 infra
2123 1672 2269 1727 locas
2312 1673 2619 1742 designatas
2649 1670 2936 1740 quodquod
2976 1675 3316 1725 concesserat
3359 1667 3526 1721 deno-

1958 1764 2202 1818 minatim
2227 1770 2587 1817 concesserat.
2617 1760 2723 1815 Sed
2751 1761 2972 1815 minime
3000 1760 3197 1815 ibidem
3224 1758 3528 1812 cortincbat

277 1869 550 1931 peratore,
577 1859 771 1917 directi
794 1857 1083 1916 fuissemus
1109 1873 1208 1913 nos
1235 1856 1570 1928 Agiprandus
1596 1868 1620 1896 ει
1656 1863 1856 1910 sanctae
1889 1845 1930 1903 Β
1959 1857 2024 1912 de
2045 1855 2353 1925 supradicto
2379 1854 2705 1910 monasterio
2728 1854 2897 1908 sancti
2923 1851 3067 1907 Petri
3098 1851 3163 1905 ad
3194 1851 3358 1914 Axso,
3387 1851 3528 1918 quod

280 1953 588 2009 Florentine
611 1932 1174 2023 Ecclesiuepiscopus,
1206 1967 1298 2007 seo
1322 1950 1515 2007 Petrus
1541 1958 1723 2005 sancte
1749 1949 1854 2004 Vo-

280 2040 593 2102 loterrensis
626 2045 865 2102 Ecclesie
906 2045 1209 2115 episcopus,
1249 2060 1348 2116 pro
1381 2058 1548 2098 causa
1585 2042 1728 2098 beati
1760 2041 1855 2095 Do-

280 2137 392 2192 nati
431 2136 650 2192 Aretine
686 2137 954 2200 Ecciesie,
998 2144 1054 2191 et
1091 2135 1310 2191 Petroni
1348 2135 1582 2205 episcupi
1617 2131 1854 2202 ejusdem

279 2225 529 2288 eeclesic,
563 2227 940 2297 inquirendum
971 2225 1112 2279 inter
1140 2225 1312 2296 ipsum
1339 2223 1626 2279 Petronem
1652 2223 1856 2294 episco-

281 2334 430 2389 pum,
462 2335 562 2375 nec
589 2335 693 2376 non
717 2328 770 2374 et
793 2318 1020 2391 Vigilius
1046 2319 1211 2374 abbas
1233 2333 1299 2374 ex
1331 2316 1659 2372 monasterio
1686 2315 1853 2369 sancti

283 2411 494 2468 Antemi
537 2413 810 2468 territorio
848 2413 1086 2469 Clusino.
1136 2413 1204 2467 Et
1240 2413 1363 2467 dum
1395 2411 1856 2482 coniunxissemus

285 2498 425 2554 Sena
464 2502 698 2567 civitate,
733 2511 788 2558 et
819 2502 1194 2559 rescderemus
1218 2518 1314 2558 nos
1351 2502 1402 2555 in
1436 2500 1637 2569 judicio
1665 2500 1854 2555 Domni

284 2592 426 2650 Sena
468 2603 522 2648 et
551 2596 820 2661 Ecclesia,
871 2611 975 2651 una
1023 2605 1146 2650 cttm
1183 2593 1502 2650 venerabilis
1541 2593 1856 2650 Anastasius

282 2685 567 2756 episcopus
599 2685 837 2754 ejusdem
863 2686 1092 2751 civitati,
1123 2701 1214 2740 sco
1240 2684 1516 2738 Adelricus
1537 2698 1852 2739 comes......

286 2769 558 2830 Walchari
605 2783 773 2830 et.....
827 2775 1078 2831 scavinus
1121 2775 1357 2845 predicte
1396 2774 1648 2837 civitatis,
1697 2783 1858 2845 atque

286 2863 441 2926 Dato,
473 2863 760 2930 Cristiano,
797 2863 1124 2928 Alexandro,
1162 2863 1432 2920 Odell‘rido
1463 2866 1694 2921 scavinis
1718 2865 1854 2922 Arc-

284 2951 396 3006 tiue
423 2952 677 3016 civitatis,
707 2953 973 3022 simulque
1005 2954 1194 3024 Ringo,
1227 2953 1450 3009 Rodolfo
1479 2955 1710 3010 scavinis
1725 2949 1858 3011 JVul-

285 3044 618 3099 tcrruncnsis
651 3062 664 3097 :
699 3046 827 3100 hubi
855 3053 910 3100 et
948 3047 1230 3101 nobiscum.
1260 3046 1484 3102 aderant
1520 3046 1772 3111 Wilerus,
1803 3055 1858 3101 et

285 3135 550 3190 Anserum
601 3137 668 3192 de
721 3135 898 3203 Sena,
950 3137 1298 3208 Anseprand,
1349 3137 1664 3202 Camerino,
1714 3140 1854 3193 vassi

282 3224 461 3280 domui
494 3227 854 3296 imperatoris,
876 3226 1178 3298 Ansiprand
1201 3237 1258 3284 et
1280 3228 1534 3284 Theudici
1564 3230 1851 3300 germanis,

285 3315 581 3379 Perisindo,
609 3325 664 3370 et
684 3316 994 3372 Lundifredi
1014 3318 1546 3390 germanis,Angelo,
1571 3321 1856 3376 Fraucico-

285 3414 406 3466 nus,
434 3403 612 3458 Al.....
659 3405 803 3483 cives
842 3406 1058 3472 Aritini,
1098 3408 1456 3477 Guiprandus,
1497 3411 1580 3466 vel
1624 3411 1857 3482 reliquos

286 3487 466 3561 plures
489 3493 735 3550 homines
762 3496 968 3551 habiles
992 3505 1098 3552 tam
1126 3498 1439 3554 Franciscos
1460 3517 1619 3568 qiram
1644 3511 1698 3556 et
1723 3502 1859 3557 Lan-

285 3583 604 3651 gobardicos
641 3585 708 3639 de
756 3587 981 3657 singulis
1028 3590 1267 3657 predicte
1306 3591 1630 3648 civitatibus.
1675 3595 1859 3663 Ibique

285 3683 413 3724 ante
450 3687 546 3726 nos
583 3687 769 3728 omnes
798 3676 1020 3729 veniens
1059 3677 1342 3749 Petronem
1381 3681 1688 3751 episcopum
1727 3681 1857 3737 Are‘

287 3758 396 3814 line
420 3760 655 3816 Ecclesie
668 3779 770 3817 uua
784 3777 909 3819 eum
923 3765 984 3818 ιν
995 3763 1203 3833 ileriud,
1218 3776 1273 3822 et
1285 3769 1585 3839 Agimundo
1599 3771 1706 3827 tilio
1719 3773 1858 3827 bone

290 3850 548 3905 memorie
579 3852 934 3923 Tachiprandi
963 3856 1028 3908 de
1072 3854 1234 3921 Sena,
1281 3873 1372 3913 seo
1406 3859 1705 3928 Agimundo
1749 3861 1858 3916 ﬁlio

289 3932 426 3991 bone
467 3939 726 3993 memorie
759 3937 1058 4011 Ariprandi
1099 3944 1165 3999 de
1206 3945 1379 4024 Aritio
1403 3987 1417 4010 ,
1467 3948 1709 4002 advocati
1754 3949 1856 4015 sui,

287 4026 652 4080 causationem
684 4029 942 4085 habentes
972 4041 1159 4087 eontra
1188 4035 1487 4103 predictum
1518 4035 1742 4107 Vigilius
1767 4039 1860 4094 ab-

290 4118 386 4170 bas
429 4133 496 4170 ex
536 4121 862 4176 monasterio
889 4124 1060 4178 sancti
1089 4124 1301 4180 Antemi
1322 4165 1336 4190 ,
1383 4126 1488 4180 sito
1510 4128 1656 4182 Valle

289 4206 576 4261 terretorio
614 4207 865 4274 Clusino;
909 4226 1002 4268 sco
1029 4212 1318 4268 Furvo.....
1350 4213 1693 4282 Senense,.et
1726 4218 1860 4274 Urso

289 4293 356 4348 de
384 4289 583 4359 Clusio,
630 4297 873 4353 advocati
917 4301 1140 4368 predicti
1187 4304 1500 4358 monasterii
1531 4313 1586 4358 et
1630 4307 1856 4362 abbati:

288 4395 547 4454 ceperunt
568 4384 650 4443 bis
670 4387 1065 4457 ipsi‘Wilieriud
1081 4401 1135 4446 et
1150 4393 1452 4464 Agimundo
1472 4397 1650 4454 dicere
1673 4409 1858 4455 contra

289 4476 512 4545 predicti
537 4473 780 4533 advocati
815 4481 983 4536 sancti
1021 4481 1271 4537 Antemi:
1309 4503 1326 4535 ι
1364 4481 1521 4540 Parte
1551 4491 1860 4545 monasterii

289 4565 462 4618 sancti
488 4564 816 4621 Antemi.....
846 4569 1049 4634 abbati,
1082 4579 1272 4628 contra
1308 4573 1429 4642 lege
1471 4583 1524 4629 et
1566 4578 1706 4631 malo
1739 4580 1864 4634 hor-

291 4653 416 4707 dine
463 4654 795 4722 invaserunt,
837 4665 892 4713 et
935 4660 1284 4717 detinuerunt
1325 4668 1652 4721 moriasterio
1694 4671 1864 4726 sancti

293 4735 436 4828 Petri
467 4745 532 4796 de
565 4745 706 4801 Axso
733 4763 854 4802 cum
883 4751 1204 4818 pertinentia
1227 4770 1322 4807 sua
1357 4797 1370 4808 .
1402 4757 1542 4812 unde
1567 4761 1862 4828 querimus,

296 4838 352 4882 ut
383 4827 526 4885 inter
551 4848 647 4888 nos
674 4832 868 4890 exinde
895 4833 1154 4912 judicium
1183 4840 1339 4905 detis,
1372 4850 1424 4895 et
1444 4841 1713 4910 justitiam
1749 4847 1863 4903 fieri

298 4918 505 4975 faciatis
533 4920 599 4976 ad
626 4931 777 4993 parte
815 4929 986 4982 sancti
1017 4929 1230 4995 Donati,
1272 4933 1393 5001 quia
1442 4934 1647 5005 legibus
1690 4941 1862 4993 sancti

297 5013 486 5068 Donati
516 5016 789 5084 pertinuit.
823 5037 842 5070 ι
878 5018 957 5073 Ad
987 5030 1175 5075 contra
1217 5025 1605 5093 responderunt
1634 5006 1865 5096 ipse'V'i-

321 5256 332 5266 θ
367 5199 392 5224 ο
436 5185 710 5266 Ughellius
739 5190 824 5266 ad
872 5190 988 5266 haec
1020 5200 1260 5266 tempora
1287 5195 1596 5266 episcopum
1640 5197 1861 5253 Floren-

298 5257 468 5308 tiuum
491 5257 696 5324 profert
724 5259 1097 5328 Aliprandum,
1131 5257 1257 5317 'sive
1306 5257 1676 5320 Rarnbaldum.
1729 5266 1859 5322 Ger-

297 5339 514 5406 manum
541 5329 998 5406 nornenilliusﬁex
1022 5331 1122 5385 ista
1151 5334 1335 5406 charta
1367 5334 1677 5406 ediscimus,
1711 5337 1859 5391 vide-

299 5393 422 5464 licet
475 5393 859 5464 Agiprandum.
911 5399 1175 5456 Praeterea
1235 5403 1549 5458 Anastasius
1604 5393 1860 5461 Senensis

298 5462 599 5546 cpiscopus,
633 5466 1075 5546 eidem_Ughcllio
1114 5471 1326 5546 ignotus
1403 5474 1736 5540 tlimweudus
1758 5477 1861 5530 erit

301 5488 599 5532 cpiscopus,
633 5488 805 5521 cutem
835 5488 1075 5538 ugucmo
1114 5489 1125 5522 ι
1171 5488 1326 5524 uetus
1403 5488 1736 5540 tquuweuuus
1758 5488 1861 5530 erit

301 5533 353 5614 in
383 5543 656 5614 posterum
685 5536 930 5608 catalogo
955 5488 1409 5614 pra-suﬁimiimis
1446 5549 1613 5614 urlns,
1648 5553 1703 5604 et
1754 5546 1861 5599 for-

299 5605 460 5682 tassis
500 5605 621 5682 inde
661 5605 1190 5682 cXptmgentluserit
1246 5611 1488 5682 (hminis,
1548 5613 1615 5665 ad
1661 5625 1859 5668 annum

299 5670 779 5754 850‘episcopusei
804 5670 1007 5730 civitati
1038 5679 1212 5754 datus.
1260 5670 1485 5754 Itaque,
1517 5689 1576 5754 ιη
1608 5682 1860 5754 vidimus.

301 5744 670 5800 controversia
699 5744 806 5812 illa,
832 5761 1136 5816 qmuiquau'i
1160 5750 1297 5806 inter
1325 5744 1454 5805 duas
1472 5752 1860 5815 ecclesiasticas

1959 1964 2080 2004 eum
2112 1948 2503 2011 concessisset,
2541 1946 2680 2001 sicut
2707 1953 2761 1999 et
2795 1944 3053 2014 reliquas,
3086 1942 3226 2012 quod
3260 1942 3311 1996 in
3338 1942 3527 1996 eodem

1959 2037 2234 2108 legebatur
2257 2046 2529 2108 precepto.
2574 2036 2638 2091 Et
2680 2037 2806 2090 dum
2847 2041 3158 2105 prcceptum
3188 2035 3358 2102 ipsum
3389 2033 3527 2087 rele-

1958 2135 2103 2182 ctum
2131 2127 2338 2191 fuisset,
2368 2138 2495 2181 tuuc
2523 2127 2635 2196 ipse
2664 2125 2923 2178 Wilcriud
2951 2131 3006 2179 et
3046 2123 3344 2193 Agimundo
3367 2122 3530 2192 advo-

1959 2218 2063 2272 cati
2094 2218 2365 2272 dixerunt.
2399 2237 2417 2267 ί
2454 2216 2614 2273 Certe
2643 2224 2896 2286 precepto
2934 2215 3038 2269 isto
3060 2229 3160 2269 nec
3190 2213 3361 2279 nobis,
3407 2229 3530 2269 nec-

1957 2319 2064 2374 que
2087 2306 2154 2359 ad
2179 2315 2333 2376 parte
2363 2306 2532 2360 sancti
2567 2303 2758 2361 Donati
2801 2304 2945 2359 nulla
2973 2305 3213 2374 impedit,
3241 2305 3366 2374 quia
3391 2305 3531 2374 quod

1957 2395 2255 2459 concessit,
2289 2394 2616 2448 nominative
2641 2393 2929 2449 concessit.
2958 2393 3024 2447 Et
3048 2392 3092 2448 si
3120 2401 3247 2447 tunc
3278 2393 3392 2462 ipso
3420 2408 3528 2447 mo-

1958 2487 2200 2543 nasterio
2243 2487 2470 2543 domnus
2512 2485 2739 2541 Carolus
2781 2499 2876 2539 rex
2921 2484 3217 2540 concedere
3255 2483 3529 2540 voluisset.

1960 2579 2291 2636 nominative
2331 2592 2451 2632 cum
2483 2576 2860 2641 concessisset,
2907 2575 3064 2630 sicuti
3090 2582 3148 2629 et
3189 2573 3420 2643 reliquas
3446 2588 3533 2628 res

1958 2677 2015 2725 et
2040 2683 2232 2725 causas
2258 2667 2544 2724 concessit.
2579 2687 2596 2720 ι
2628 2667 2838 2722 Dictum
2861 2673 2944 2722 est
2970 2666 3089 2722 hoc.
3115 2663 3265 2720 Tunc
3305 2679 3403 2721 nos
3447 2679 3532 2720 su-

1959 2760 2247 2831 prascripti
2275 2759 2424 2814 missi
2449 2768 2505 2814 et
2520 2757 2731 2826 judices
2773 2756 3220 2828 interrogavimus
3247 2755 3361 2824 ipso
3390 2754 3528 2826 Vigi-

1961 2854 2033 2909 lio
2061 2853 2251 2917 abbas,
2297 2860 2354 2908 et
2399 2851 2764 2922 suprascripto
2805 2847 3079 2904 Advocato
3103 2846 3238 2918 ejus,
3291 2855 3345 2902 et
3387 2848 3532 2903 dixe-

1961 2951 2086 3000 runt
2113 2962 2126 2998 :
2161 2962 2180 2994 ι
2385 2959 2572 2998 eorum
2600 2956 2727 2997 ecce
2749 2949 3031 3011 postquam
3055 2951 3308 3010 precepto
3336 2940 3440 2995 isto
3467 2941 3532 2996 ad

1959 3035 2063 3089 ista
2102 3033 2242 3089 ratio
2272 3032 2415 3087 nulla
2446 3032 2804 3101 inpediL......
2835 3031 3124 3101 tione,’pro
3148 3045 3254 3100 qua
3278 3031 3416 3085 ratio
3441 3039 3534 3085 aut

1962 3124 2027 3178 ad
2065 3132 2220 3195 parte
2252 3123 2426 3178 sancti
2464 3122 2676 3178 Antemi
2719 3129 2914 3187 teneat,
2957 3130 3050 3176 aut
3081 3121 3238 3177 istius
3271 3120 3472 3177 abbati.
3507 3141 3529 3172 ο

1961 3215 2112 3271 Tunc
2143 3215 2257 3286 ipse
2286 3215 2455 3270 abbas
2489 3215 2850 3285 interrogatus
2873 3214 3046 3270 dixit:
3077 3231 3099 3285 r
3123 3212 3280 3268 Certe
3309 3215 3533 3269 domnus

1959 3308 2182 3368 Carolus
2229 3321 2321 3362 rex
2362 3323 2482 3361 eum
2527 3307 2795 3362 concessit
2838 3307 2893 3361 in
2933 3305 3195 3362 beneficio
3237 3322 3334 3376 per
3375 3320 3533 3360 suum

1959 3408 2272 3470 preceptum
2301 3399 2624 3453 Tanimundi
2654 3399 2925 3467 quondam
2963 3399 3164 3462 abbati,
3199 3398 3458 3468 simulque
3483 3406 3531 3451 et

1958 3495 2098 3549 bone
2127 3494 2384 3549 memorie
2411 3493 2748 3562 Apollenaris
2774 3493 2978 3547 abbati.
3006 3492 3354 3548 Deindeeum
3391 3502 3532 3561 post-

1961 3587 2177 3641 modum
2201 3587 2332 3640 mihi
2377 3586 2644 3641 concessit
2683 3586 2736 3639 in
2783 3583 3045 3640 beneﬁcio
3072 3587 3303 3640 donums
3337 3583 3534 3638 Hludo—

1961 3675 2186 3738 wichus,
2221 3683 2278 3729 et
2313 3675 2585 3730 lllotarius
2614 3675 2968 3743 imperatores
2997 3689 3098 3729 nec
3125 3689 3229 3728 non
3258 3688 3356 3743 pro
3379 3683 3533 3743 parte

1960 3765 2131 3819 sancti
2157 3764 2392 3820 Antemi.
2427 3786 2444 3818 ι
2474 3765 2540 3818 Ει
2566 3765 2692 3819 dum
2719 3764 2899 3819 taliter
2920 3765 3163 3826 dixisset,
3189 3763 3546 3832 interrogavi-

1962 3872 2082 3910 nms
2103 3871 2248 3919 eum,
2287 3871 2346 3910 se
2375 3867 2627 3925 precepta
2661 3856 2897 3928 ipsorum
2935 3856 3314 3925 imperatorum
3349 3852 3534 3908 fuisset

1962 3945 2126 3998 autin
2149 3959 2495 4000 successores
2516 3961 2698 4000 eorum
2723 3953 2816 3999 aut
2841 3945 2892 4000 in
2919 3954 3070 4014 parte
3096 3945 3266 3999 sancti
3289 3944 3534 4006 Antcmi;

1961 4043 2014 4088 et
2047 4052 2066 4084 ι
2101 4043 2246 4089 certe
2268 4035 2567 4089 minimin
2597 4049 2936 4114 successores
2964 4036 3148 4088 eorum
3180 4032 3533 4088 fuerunt......

1961 4123 2062 4178 nisi
2090 4124 2234 4179 solus
2264 4126 2316 4179 in
2347 4125 2608 4180 ambobus
2636 4140 2821 4180 eorum
2847 4125 3114 4195 personis,
3144 4131 3198 4178 et
3228 4124 3359 4179 mihi
3392 4123 3534 4178 solus

1959 4230 2055 4287 per
2077 4215 2340 4270 beneﬁcio
2366 4222 2450 4269 est
2471 4229 2804 4279 concessum,
2835 4223 2890 4268 et
2915 4213 3120 4268 nullum
3145 4213 3250 4268 alio
3284 4220 3534 4283 precepto

1961 4306 2155 4382 exinde
2181 4321 2285 4360 non
2312 4306 2600 4361 babeo.....
2631 4307 2697 4361 de
2727 4308 2840 4376 ipso
2861 4305 3051 4376 Cugio.
3088 4325 3108 4356 ι

2032 4396 2143 4452 Hoc
2170 4397 2315 4451 dicto
2337 4403 2394 4451 et
2418 4395 2678 4460 refutato,
2711 4404 2839 4449 tunc
2869 4395 2982 4464 ipse
3015 4394 3206 4450 Petrus
3251 4394 3534 4464 episcopus

1888 4519 1941 4577 D
1966 4502 2090 4555 sepe
2111 4486 2252 4540 dicte
2280 4485 2534 4540 Ecclesim
2561 4485 3094 4540 ostenditindiculum
3115 4485 3346 4577 piissimi
3375 4486 3530 4540 dom-

1967 4581 2019 4634 ni
2044 4578 2306 4634 Hlotharii
2328 4578 2686 4648 imperatoris.
2728 4578 2829 4644 Qui
2884 4579 3009 4633 dum
3065 4577 3220 4632 nobis
3277 4576 3532 4632 relectum

1969 4670 2178 4736 fuisset,
2204 4668 2516 4722 continebat
2540 4667 2593 4721 in
2622 4684 2706 4730 ea,
2748 4668 2980 4737 qualiter
3000 4668 3116 4736 ipse
3148 4668 3378 4732 domnus
3420 4667 3532 4721 Au-

1965 4767 2120 4830 gusto
2147 4758 2302 4813 nobis
2325 4757 2614 4828 Agiprandi
2650 4766 2705 4810 et
2734 4757 2951 4812 Petroni
2981 4757 3214 4826 episcopi
3233 4757 3534 4829 iniunxerat

1967 4852 2140 4921 adque
2167 4850 2494 4910 innotuerat,
2523 4848 2663 4917 quod
2709 4848 2901 4903 Petrus
2932 4849 3214 4917 episcopus
3260 4849 3325 4903 de
3360 4848 3535 4902 Aritio

1965 4942 2136 4995 eidem
2177 4941 2498 4999 innotuerat,
2554 4938 2786 5007 qualiter
2827 4939 3054 5009 Vigilius
3105 4938 3535 5008 abbas,quando

1966 5033 2228 5097 cellulam,
2261 5047 2379 5101 qua:
2414 5040 2497 5086 est
2521 5038 2831 5087 constructa
2862 5030 2916 5084 in
2963 5044 3132 5084 onore
3164 5031 3337 5085 sancti
3384 5029 3530 5085 Petri

1999 5221 2224 5261 ersonas
2243 5206 2465 5272 agitata.
2513 5203 2724 5274 iudices
2747 5205 2936 5260 habuit
2965 5207 3160 5261 missos
3195 5206 3306 5259 sive
3329 5204 3529 5274 legatos

1983 5277 2203 5330 .otharii
2229 5275 2248 5328 Ι
2279 5274 2522 5344 Augusti.
2558 5273 2741 5344 Neque
2767 5275 2908 5328 enim
2941 5290 3188 5344 reponas,
3225 5273 3410 5328 ambos
3435 5289 3528 5328 eos

1956 5345 2164 5413 jndiees
2185 5343 2474 5412 episcopali
2497 5343 2756 5413 dignitate
2779 5353 3028 5407 ornatos;
3073 5343 3338 5413 judicium
3384 5343 3527 5397 enim

1961 5411 2092 5468 illud
2126 5411 2231 5467 non
2262 5413 2499 5483 propria,
2525 5411 2616 5468 sed
2643 5413 2885 5483 delegata
2924 5411 3088 5482 ipsius
3140 5411 3380 5466 Lotharii
3424 5413 3529 5483 im-

1959 5485 2224 5552 peratoris
2248 5481 2573 5552 auctoritate
2603 5484 2636 5536 ii
2695 5481 3064 5546 instituerunt,
3115 5492 3169 5536 et
3205 5481 3524 5552 sententiam

1961 5548 2215 5607 inierunt.
2243 5551 2297 5622 Id
2321 5551 2518 5622 quippe
2541 5561 2726 5622 aperte
2759 5559 2975 5607 constat
2993 5567 3059 5606 ex
3109 5567 3250 5622 saepe
3302 5548 3525 5622 repetita

1959 5622 2186 5700 formula
2230 5621 2318 5701 illa
2339 5618 2370 5674 ':
2406 5618 2892 5692 juxtu'jttssionent
2937 5633 2983 5676 ct
3033 5618 3318 5675 indicit/um
3349 5618 3526 5671 domui

1958 5702 2305 5761 imperatoris.
