3924 6332
401 359 422 414 Ι
435 356 539 414 255

1515 353 1838 418 ιυυονιρι
1878 363 1897 417 1
1937 363 2406 423 COCNOMENTO
2441 367 2523 422 PII

3531 379 3690 434 1236

399 487 561 542 super
586 469 708 525 lluvi
746 472 910 534 Axso,
961 471 1257 540 pertineret
1283 471 1349 526 ad
1393 487 1548 526 suum
1584 475 1975 544 episcopatum,
2008 479 2051 537 Α
2085 484 2189 531 tam
2217 477 2484 547 predietas
2511 481 2846 550 parrOchias,
2875 498 3036 552 quam
3060 491 3117 538 et
3142 486 3456 554 supradicto
3478 505 3690 545 mona-

399 569 452 614 et
474 560 542 614 ob
576 559 774 613 nullam
786 559 948 613 aliam
970 560 1310 616 occasionem
1331 575 1454 616 eum
1475 572 1705 628 teneret,
1723 565 1822 618 nisi
1838 565 1980 632 quod

400 647 741 718 Apollenaris
780 647 918 702 abba
956 665 1053 719 per
1095 650 1416 709 beneﬁcium
1450 653 1630 723 regule
1681 653 1977 708 habuisset.

398 741 474 794 Ita
505 754 567 794 cc
593 739 822 795 fatentes
847 741 962 811 ipse
998 741 1109 810 jam
1162 744 1338 798 dictus
1372 745 1679 814 episcopus,
1724 751 1980 814 precepta

399 839 450 886 et
490 832 783 887 monimina
809 848 868 888 se
911 833 1138 888 dixisset
1164 837 1387 901 habere,
1418 853 1516 908 pro
1561 838 1759 908 quibus
1826 839 1982 894 nobis

399 937 499 992 per
534 921 764 977 eundem
791 923 1085 978 imliCulum
1131 927 1394 997 precepit,
1425 937 1485 982 ut
1511 942 1605 983 eos
1649 928 1856 999 pariter
1905 929 1980 984 si-

400 1016 620 1084 mulque
644 1030 766 1070 cum
795 1031 984 1070 eorum
1021 1017 1298 1072 advocatis
1345 1019 1532 1072 venire
1561 1017 1896 1081 feciSsemus,
1930 1027 1986 1074 et

400 1107 672 1162 subtiliter
716 1108 1224 1178 investigasscmus,
1281 1108 1324 1163 si
1377 1107 1605 1180 \‘igilius
1651 1108 1818 1164 abbas
1861 1107 1984 1165 inde

399 1199 639 1268 aliquam
685 1206 899 1268 poterat
941 1199 1269 1254 hastendere
1301 1197 1635 1263 ﬁrmitatem,
1659 1213 1759 1269 per
1783 1215 1888 1269 qna
1917 1198 1984 1254 ad

404 1289 795 1342 monasterium
821 1287 927 1341 sibi
953 1289 1304 1343 commissum
1329 1290 1631 1358 pertineret
1657 1303 1673 1342 :
1699 1291 1780 1345 sin
1800 1298 1980 1344 autem

403 1372 506 1435 hoc
527 1395 630 1434 non
662 1380 1083 1447 invenissemus,
1112 1388 1168 1455 e_t
1194 1395 1252 1435 se
1278 1379 1528 1450 beneficii
1555 1381 1880 1438 auctoritate
1895 1398 1983 1438 res

399 1472 704 1537 clamasset,
743 1478 869 1526 tunc
900 1476 1058 1527 suum
1078 1472 1355 1527 decretum
1379 1477 1436 1527 et
1489 1471 1739 1528 voluntas
1774 1473 1980 1543 j‘ussio-

401 1568 477 1632 ni,-
509 1575 571 1622 ut
589 1566 705 1636 jam
722 1563 868 1621 dicta
889 1567 1186 1620 monimina
1207 1566 1274 1620 de
1295 1565 1412 1636 ipso
1461 1565 1693 1620 Petrone
1732 1566 1986 1636 episcopo

401 1658 557 1714 nobis
602 1666 920 1728 presentare
969 1653 1306 1711 fecissemus.
1371 1654 1439 1710 Et
1490 1656 1538 1710 si
1592 1656 1987 1711 invenissemus

401 1751 546 1822 quod
570 1749 635 1804 ad
683 1749 986 1819 predictum
1029 1746 1395 1818 episeopatum
1426 1747 1807 1818 pertinuisset,
1858 1755 1986 1802 tunc

2081 567 2251 622 sterio
2271 570 2441 624 sancti
2470 569 2617 624 Petri
2647 571 2714 626 ad
2741 572 2907 638 Axso,
2933 575 3074 628 sicut
3104 574 3156 628 in
3181 575 3330 644 ipsas
3354 580 3690 634 contineba-

2083 664 2171 711 tur
2194 658 2464 728 judicatas
2491 670 2548 718 et
2576 673 2892 734 preceptora
2932 680 2963 719 a
3004 673 3249 737 tempore
3285 667 3686 740 Langobardo-

2083 761 2200 802 rum
2249 750 2482 807 emissas
2526 753 2594 808 ad
2640 751 2753 822 jam
2807 765 3108 811 memorato
3158 757 3501 829 Liudprando
3549 778 3680 817 rex.

2082 839 2322 910 Denique
2349 851 2405 896 et
2429 843 2544 914 ipse
2562 845 2836 915 piissimus
2862 858 3047 903 sancte
3068 858 3123 904 et
3144 850 3378 920 gloriose
3406 855 3684 910 memorie

2082 929 2311 986 domnus
2337 931 2563 988 Carolus
2585 943 2676 990 rex
2701 924 2973 1006 per'su'um
2994 951 3308 1010 preceptum
3330 945 3684 1000 conﬁrmavit

2082 1021 2199 1090 ipso
2225 1031 2478 1092 precepto
2520 1027 2662 1094 quod
2711 1027 2872 1081 Leo'ni
2903 1043 3060 1098 pape,
3090 1040 3148 1086 et
3171 1032 3375 1098 omnia,
3403 1035 3544 1089 sicut
3571 1052 3680 1090 su-

2080 1123 2267 1181 p‘ertus
2319 1113 2634 1168 adnotatum
2670 1124 2781 1182 est,
2835 1117 2902 1170 ad
2954 1128 3109 1188 parte
3150 1122 3373 1177 Aretine
3418 1125 3677 1188 ecclesie.

2082 1202 2286 1256 sicut..
2309 1241 2321 1256 .
2345 1242 2359 1256 .
2389 1203 2562 1259 dictas
2583 1204 2876 1273 iudicatas;
2909 1201 3250 1278 preceptora,
3278 1220 3336 1266 et
3371 1213 3679 1284 brevilegia

2082 1292 2528 1348 continetur......
2554 1299 2881 1351 memoratas
2901 1299 3216 1367 parrochias
3234 1310 3290 1353 ct
3311 1305 3678 1368 monasterio,

2082 1384 2226 1440 sicut
2247 1401 2276 1438 a
2300 1385 2492 1456 priscis
2518 1388 2850 1457 temporibus
2869 1391 3200 1446 convicte‘....
3228 1393 3491 1450 Ecclesie.
3521 1396 3683 1450 Ideo—

2082 1492 2188 1546 que
2230 1486 2284 1531 ct
2323 1478 2559 1532 ostendit
2603 1479 2759 1534 nobis
2798 1490 3110 1550 preceptum
3162 1483 3344 1538 domni
3389 1484 3681 1540 Hludovici

2083 1566 2427 1636 imperatoris
2461 1565 2711 1638 Augusti,
2743 1569 2976 1638 qualiter
2999 1581 3052 1625 et
3085 1568 3200 1641 ipse
3224 1588 3324 1642 per
3363 1591 3520 1629 suum
3551 1591 3683 1645 pre—

2083 1663 2296 1723 ceptum
2323 1656 2736 1727 contlrmaverat
2757 1666 2868 1712 tam
2895 1657 3068 1728 ipsum
3091 1664 3404 1730 preceptum
3440 1664 3684 1733 gloriose

2084 1745 2346 1800 memorie
2372 1744 2554 1801 Caroli
2603 1747 2850 1818 genitore
2881 1762 3002 1813 suo,
3031 1764 3192 1820 quam
3218 1760 3275 1805 et
3301 1752 3478 1822 ipsum
3506 1752 3678 1808 ueni

399 1817 606 1910 absque
630 1817 811 1909 aliqua
829 1817 1150 1894 dilatatione
1177 1817 1301 1893 eum
1351 1817 1616 1894 reve'stire
1668 1838 1990 1894 fecissemus
2014 1817 2059 1876 Β
2085 1833 2360 1904 quondam
2399 1848 2562 1906 pape,
2601 1817 2741 1892 sicut
2784 1846 2841 1893 et
2881 1817 3417 1910 mliquvas’judica-ms
3454 1850 3514 1898 et
3545 1857 3677 1913 pre-

401 1947 526 1986 cum
556 1931 735 1986 omnia
767 1931 835 1985 ad
854 1927 969 1998 jam
999 1927 1143 1985 dicta
1165 1923 1413 1984 cellulam
1439 1923 1789 1999 aspicientem
1821 1924 1985 1984 sicuti

400 2020 460 2078 et
486 2018 721 2076 fecimus
739 2020 896 2076 nobis
937 2019 1052 2090 ipse
1096 2019 1394 2078 monimina
1441 2019 1783 2074 hostendere.
1835 2015 1990 2074 Tunc

402 2097 518 2184 ipse
546 2113 740 2167 Petrus
773 2105 1062 2182 episcOpus
1090 2126 1196 2165 una
1245 2125 1371 2164 cum
1421 2108 1683 2178 predictis
1712 2107 1990 2162 advocatis

403 2205 516 2260 suis
541 2202 780 2258 ostendit
803 2210 1054 2272 precepta
1100 2209 1158 2256 et
1190 2198 1505 2255 monimina.
1527 2199 1712 2254 Primo
1751 2197 1988 2267 iudicato

405 2303 624 2350 estenso
677 2301 734 2349 et
788 2293 994 2349 relecto
1042 2292 1423 2349 continebatur
1465 2291 1698 2362 qualiter
1748 2298 1990 2362 tempore

407 2383 736 2454 Limlprandi
759 2384 902 2454 regis
931 2382 1306 2454 Luparcianus
1333 2382 1624 2454 episcopus
1652 2389 1778 2435 ante
1820 2381 1988 2436 misso

405 2478 572 2546 Ipsius
596 2473 926 2545 Liudprandi
957 2474 1070 2545 regi
1095 2475 1412 2545 adviquerat
1431 2474 1495 2527 da
1541 2474 1780 2529 Deolato
1827 2471 1971 2543 epis-

402 2576 571 2636 copus
608 2563 944 2618 monasterio
985 2563 1162 2618 sancti
1207 2562 1357 2618 Petri
1427 2563 1496 2617 ad
1541 2563 1692 2618 Axso
1737 2562 1805 2616 ad
1833 2570 1989 2633 parte

403 2656 575 2712 sancti
604 2651 795 2709 Donati
812 2667 938 2709 cum
967 2655 1203 2724 reliquas
1232 2654 1554 2724 parrochias
1569 2655 1828 2710 ecclesias
1859 2657 1989 2725 bap-

405 2746 652 2811 tismalis,
678 2747 822 2802 sicut
850 2746 906 2800 in
933 2747 1050 2818 ipso
1063 2746 1310 2815 judicato
1335 2747 1564 2818 legetur.
1592 2748 1720 2803 Post
1744 2748 1846 2803 hoc
1863 2749 1989 2804 laesa

407 2838 578 2893 tendit
638 2841 951 2910 preceptum
1011 2840 1237 2910 predicti
1282 2839 1616 2910 Liudprandl
1657 2842 1803 2912 regi,
1846 2843 1989 2911 quod

405 2946 527 2985 cum
556 2929 816 2984 relectum
856 2927 1068 2994 fuisset,
1102 2929 1486 2984 continebatur
1511 2931 1656 3001 quod
1687 2931 1804 3002 ipso
1840 2919 1988 3001 judi-

408 3029 532 3074 t-ato
561 3021 628 3075 de
674 3021 790 3090 ipso
817 3021 1148 3076 monasterio
1181 3030 1237 3076 et
1268 3022 1587 3100 parrochias
1641 3025 1991 3081 conﬁrmave-

407 3117 494 3163 rat
522 3123 619 3179 per
647 3124 804 3164 suum
830 3118 1146 3180 preceptum
1168 3111 1234 3165 ad
1265 3112 1662 3180 parteAritine
1703 3113 1980 3170 Ecclesiae.

407 3198 587 3252 Alium
618 3200 832 3269 quidem
856 3199 1093 3256 ostendit
1112 3199 1376 3271 iudicato,
1399 3200 1491 3270 qui
1519 3202 1861 3273 significante
1883 3204 1980 3258 de-

407 3291 651 3346 clarabat
678 3292 914 3361 qualiter
929 3290 1041 3360 jam
1097 3292 1300 3347 dictum
1327 3292 1656 3364 Liudprandi
1694 3311 1786 3350 rex
1814 3295 1988 3351 direx-

410 3393 558 3437 serat
594 3390 853 3452 quattuor
879 3384 1162 3454 episcopos
1192 3383 1388 3440 missos
1420 3399 1569 3452 suos,
1600 3401 1697 3456 pro
1745 3387 1986 3458 predicta

407 3492 569 3530 causa
607 3485 660 3530 et
689 3476 1020 3531 monasterio
1055 3485 1216 3544 atque
1257 3476 1573 3545 parrochias
1623 3478 1989 3533 determinati-

409 3567 570 3630 dum;
603 3566 656 3618 in
679 3580 868 3620 eorum
893 3566 1166 3635 pre‘seutia
1198 3573 1253 3620 et
1282 3581 1378 3635 per
1403 3580 1592 3620 eorum
1635 3566 1844 3636 judicio
1871 3569 1987 3639 ipse

411 3651 779 3724 Luparcianus
795 3655 1081 3724 episcopus
1096 3640 1450 3725 eonviquerat
1470 3658 1532 3711 da
1557 3666 1710 3726 parte
1729 3657 1988 3714 Senensis

411 3745 648 3799 Ecclesie
670 3745 736 3799 ad
767 3753 918 3814 parte
945 3758 1042 3801 sue
1067 3745 1287 3800 Aretine
1311 3734 1552 3801 Ecclesie
1591 3748 1837 3816 prcdieto
1871 3758 1987 3805 mo-

414 3837 650 3891 nasterio
683 3838 857 3892 sancti
887 3836 1033 3890 Petri
1061 3837 1130 3891 ad
1181 3837 1327 3892 Axso
1360 3853 1482 3893 cum
1518 3835 1753 3907 reliquas
1804 3856 1990 3909 parro-

413 3927 589 3994 chias,
618 3928 758 3983 sicut
782 3927 838 3981 in
892 3927 1008 3996 ipso
1048 3925 1326 3996 legebatur
1359 3927 1640 3997 jndicato:
1673 3926 1747 3981 ita
1784 3937 1842 3983 et
1894 3943 1992 3996 per

411 4027 722 4092 preceptum
750 4017 909 4073 simili
951 4017 1110 4070 modo
1141 4002 1256 4086 ipse
1305 4017 1649 4088 Liudprando
1692 4033 1786 4072 rex
1816 4017 1989 4086 ipsum

407 4111 706 4180 iudicatum
759 4116 814 4160 et
867 4107 1253 4160 monasterium
1303 4122 1427 4161 eum
1496 4107 1611 4175 ipse
1672 4108 1990 4176 parrochias

417 4198 838 4255 confirmarent
895 4195 960 4249 ad
1006 4204 1157 4261 parte
1206 4195 1418 4250 Aritine
1465 4195 1728 4251 Ecclesie.
1788 4194 1991 4253 Idcirco

412 4299 468 4347 et
501 4289 735 4344 ostendit
773 4273 1119 4356 br’evilegium
1151 4287 1291 4342 bone
1332 4287 1592 4342 memorie
1621 4285 1827 4343 Stefani
1853 4305 1992 4359 pape

415 4384 561 4438 urbis
590 4382 782 4444 Rome,
808 4378 1040 4449 qualiter
1077 4379 1142 4433 ad
1184 4380 1441 4449 petilium
1489 4379 1679 4435 Stavili
1719 4383 1990 4450 quondam

2088 1930 2338 1994 ceptdras
2372 1941 2498 1997 sepe
2526 1938 2991 1985 memoratas.:....
3026 1931 3286 2001 ad.parte
3318 1933 3549 1989 Aretine
3578 1935 3683 1990 Ec-

2087 2014 2273 2080 clesie,
2296 2015 2412 2071 sive
2435 2018 2500 2073 de
2523 2018 2842 2086 parrochias
2868 2034 3029 2089 quam
3059 2027 3112 2076 et
3128 2022 3376 2092 piiedicto
3401 2030 3684 2079 nlonaste-

2088 2107 2174 2162 rio
2194 2123 2318 2163 cum
2353 2105 2590 2178 reliquas
2613 2110 2998 2176 monasterias,
3029 2109 3170 2167 sicut
3203 2113 3269 2166 ad
3313 2097 3516 2183 priscis
3543 2111 3682 2170 ient-

2089 2199 2311 2268 poribus
2340 2199 2637 2264 convictas,
2666 2202 2841 2270 adque
2868 2216 3149 2272 possessas
3175 2202 3412 2260 fuerunt.

2157 2288 2432 2344 Judieatas
2456 2298 2512 2344 et
2534 2297 2883 2361 preceptoras
2903 2300 3150 2347 ostensas
3175 2301 3229 2347 et
3255 2293 3509 2360 reiectas,
3537 2295 3684 2350 sicut

2087 2382 2158 2437 ab
2189 2383 2380 2437 ordine
2421 2383 2671 2453 superius
2701 2383 3116 2449 declaravimus,
3155 2393 3283 2441 tunc
3331 2401 3432 2442 nos
3479 2403 3679 2458 supra-

2088 2473 2275 2542 scripti
2315 2473 2465 2527 missi
2509 2481 2566 2527 et
2607 2473 2843 2544 episcopi
2881 2474 3341 2544 interrogavimus
3378 2475 3499 2544 ipso
3528 2476 3683 2547 Vigi-

2088 2569 2193 2624 lins
2218 2567 2402 2632 abbas,
2433 2574 2484 2623 et
2514 2566 2712 2633 Furvo,
2745 2576 2801 2622 et
2845 2565 2984 2622 Urso
3013 2567 3260 2622 advocati
3309 2566 3576 2636 ejusdem,
3619 2575 3682 2622 ut

2088 2659 2134 2714 si
2172 2658 2396 2712 aberent
2421 2665 2515 2712 aut
2539 2666 2854 2728 preceptum
2883 2657 2966 2713 vel
2992 2657 3294 2726 judicatum
3336 2666 3432 2712 aut
3457 2665 3680 2724 testem,

2088 2747 2173 2802 vel
2197 2747 2447 2817 qualibed
2482 2745 2794 2814 factionem,
2822 2748 2965 2816 quod
3003 2748 3116 2818 ipse
3139 2748 3469 2804 monasterio
3499 2748 3678 2804 sancti

2087 2836 2236 2892 Petri
2279 2837 2574 2906 pertineret
2615 2837 2682 2892 ad
2713 2846 2865 2908 parte
2902 2838 3077 2892 sancti
3106 2837 3344 2901 Antemi.
3378 2838 3453 2892 ita
3498 2847 3680 2894 osten-

2089 2927 2236 2982 dere.
2265 2926 2366 2993 Qui
2392 2933 2448 2983 et
2486 2927 2824 2998 ipsipartem
2851 2945 2956 2984 una
2984 2943 3106 2983 cum
3133 2929 3250 2999 ipso
3292 2928 3508 2996 Abbate,
3533 2930 3679 2986 refu-

2090 3025 2339 3074 taverunt
2361 3025 2416 3073 et
2444 3018 2726 3072 dixserunt
2757 3037 2770 3072 :
2803 3037 2820 3070 ι
2855 3019 3016 3075 Certe
3043 3035 3145 3075 nec
3161 3018 3406 3088 judicato
3429 3036 3531 3078 nec
3557 3037 3680 3092 pre-

2089 3110 2265 3178 tiepto,
2309 3114 2409 3164 n'ec
2434 3108 2578 3163 nulla
2611 3109 2928 3176 factionem,
2962 3126 3169 3182 necque
3198 3127 3296 3183 per
3333 3112 3476 3168 nulla
3509 3114 3680 3168 ratio-

2092 3216 2216 3256 nem
2250 3215 2356 3256 non
2391 3202 2682 3269 habemus,
2719 3212 2818 3274 per
2841 3215 2976 3276 quos
3004 3206 3121 3275 ipso
3147 3208 3480 3262 monasterio
3504 3211 3677 3263 sancti

2089 3289 2233 3347 Petri
2274 3291 2356 3348 vel
2387 3293 2549 3348 rebus
2587 3295 2653 3348 ad
2683 3310 2806 3350 eum
2837 3297 3238 3365 pertinentibus
3263 3301 3676 3366 Contendamus,

2088 3390 2182 3435 aut
2207 3382 2272 3435 ad
2296 3392 2450 3452 parte
2477 3384 2645 3438 sancti
2670 3384 2882 3439 Antemi
2909 3385 3200 3441 defendere
3224 3401 3539 3456 possumus,
3567 3389 3676 3443 nisi

2089 3481 2148 3527 ut
2173 3474 2324 3542 prius
2348 3474 2645 3534 dixsimus.
2675 3477 2816 3544 quod
2845 3485 2941 3545 per
2969 3475 3231 3532 beneflcio
3261 3478 3446 3533 damni
3477 3478 3677 3533 ιιιυιιο-

2089 3561 2193 3616 vici
2229 3569 2285 3616 et
2312 3560 2560 3618 Hlottarii
2609 3563 2990 3632 imperatorum
3039 3567 3161 3619 eum
3196 3565 3504 3620 habuimus.
3547 3587 3566 3618 ι
3611 3568 3674 3621 Et

2089 3671 2211 3710 cum
2240 3656 2421 3711 taliter
2456 3656 2869 3723 refutasserunt,
2919 3658 3153 3715 diximus
3192 3675 3292 3716 nos
3321 3663 3678 3732 suprascripti

2092 3746 2242 3801 missi
2292 3746 2461 3816 ipsius
2505 3748 2682 3802 abbati
2717 3766 2730 3801 :
2771 3765 2788 3797 ι
2825 3747 2982 3804 Certe
3023 3761 3120 3820 per
3149 3750 3248 3804 ista
3277 3754 3420 3806 ratio
3448 3767 3570 3806 eum
3600 3761 3676 3806 te-

2092 3853 2222 3892 nere
2272 3837 2500 3906 amplius
2529 3852 2637 3892 non
2687 3837 2905 3901 valebis,
2947 3838 3072 3908 quia
3109 3840 3339 3894 demnus
3387 3841 3674 3910 imperator

2095 3929 2250 3983 nobis
2279 3943 2379 3997 per
2401 3926 2514 3994 jam
2539 3929 2683 3982 dieto
2713 3927 3003 3984 indiculum
3031 3931 3290 3999 precepit,
3322 3939 3380 3985 ut
3411 3931 3457 3986 si
3498 3934 3550 3985 tu
3587 3931 3672 3986 lir-

2096 4014 2339 4070 mitatem
2360 4015 2522 4069 talem
2545 4030 2650 4070 non
2683 4017 3018 4082 ostendissit,
3046 4019 3186 4088 quod
3211 4021 3278 4075 ad
3307 4028 3463 4090 parte
3491 4029 3672 4075 mena-

2093 4107 2245 4160 sterii
2279 4107 2374 4161 tibi
2401 4107 2742 4162 commissum
2773 4110 3160 4178 pertenuisset,
3182 4120 3236 4164 et
3279 4127 3379 4166 nos
3408 4128 3507 4181 per
3534 4111 3676 4182 ipsas

2094 4197 2420 4251 moniminas
2470 4197 2627 4252 istius
2681 4197 2896 4252 Petroni
2949 4199 3184 4269 episcopi
3245 4200 3673 4264 invenissemus,

2095 4285 2234 4354 quod
2261 4285 2328 4338 ad
2374 4285 2737 4355 episcopatum
2779 4285 2997 4341 Aretine
3027 4275 3266 4343 Ecclesie
3302 4289 3672 4358 pertinuisset,

2096 4375 2297 4443 absque
2334 4360 2441 4428 ulla
2483 4375 2741 4428 dilatione
2768 4377 3015 4430 revcstiri
3052 4376 3386 4432 fecissemus.
3414 4377 3545 4433 Post
3572 4379 3675 4433 hoc

412 4473 648 4544 episcopi
680 4471 888 4525 Aritine
909 4469 1148 4524 Ecclesie
1170 4487 1266 4540 per
1288 4486 1442 4525 suum
1475 4476 1782 4541 prebeptum
1816 4472 1994 4526 brevi-
2019 4498 2070 4557 D
2097 4468 2318 4529 dictum,
2335 4466 2561 4535 ideoque
2576 4475 2743 4534 etpro
2765 4466 3134 4522 satisfactione
3149 4467 3431 4536 diligenter
3450 4468 3671 4523 investi-

417 4565 610 4634 legium
657 4561 1074 4618 conﬁrmaverat
1121 4562 1186 4614 ad
1236 4571 1440 4630 partem
1473 4563 1699 4617 ,Aritine
1753 4563 1992 4619 Ecclesie

420 4663 527 4707 tam
551 4651 832 4722 praedictas
847 4648 1115 4717 iudicatas
1136 4648 1202 4702 de
1227 4659 1464 4718 tempore
1486 4649 1801 4720 Liutprandi
1827 4653 1991 4722 regis,

415 4758 576 4814 quam
614 4752 668 4796 et
704 4741 991 4811 praedictas
1028 4748 1344 4809 preceptora
1388 4739 1623 4806 ejusdem
1664 4741 1990 4809 Liudprandi

417 4837 548 4904 regi,
577 4835 688 4888 sive
715 4833 783 4888 de
807 4833 922 4902 jam
949 4840 1248 4888 memorato
1287 4833 1611 4887 monasterio
1641 4835 1814 4888 sancti
1846 4835 1991 4888 Petri

419 4927 484 4980 ad
525 4926 691 4988 Axso,
718 4939 876 4992 quam
914 4923 1060 4978 etde
1101 4923 1370 4991 prodictas
1397 4923 1730 4990 parrochias,
1767 4923 1908 4978 sicut
1937 4924 1991 4978 in

418 5017 562 5086 ipsas
591 5013 967 5068 continebatur
1006 5011 1274 5078 judicatas
1303 5019 1356 5066 et
1394 5021 1757 5081 preceptoras.
1793 5012 1992 5078 Quam-

419 5111 603 5163 obrem
650 5114 704 5160 et
751 5106 988 5160 ostendit
1037 5105 1384 5172 brevilcgium
1433 5105 1571 5172 quod
1614 5104 1777 5158 Leoni
1823 5120 1990 5173 pape,

420 5200 651 5268 qualiter
678 5205 732 5252 et
758 5197 871 5266 ipse
906 5209 1001 5264 per
1030 5210 1183 5248 suum
1228 5193 1576 5265 brevilegium
1603 5201 1657 5249 et
1682 5203 1992 5263 preceptum

421 5305 516 5361 per
546 5289 874 5358 petitionem
897 5285 1038 5355 quod
1082 5284 1326 5352 Arcpcrti
1357 5293 1538 5338 sancte
1562 5284 1780 5338 Arctine
1813 5283 1996 5336 Eccle-

419 5383 517 5444 sie,
548 5389 602 5433 et
640 5393 733 5447 per
759 5373 1021 5431 censcnso
1050 5375 1228 5429 domni
1271 5384 1326 5430 et
1363 5375 1588 5444 piissimi
1620 5375 1796 5429 Caroli
1827 5375 1996 5442 impe-

422 5471 618 5526 ratoris
642 5470 693 5522 in
725 5483 878 5522 suum
907 5467 1150 5521 sinodum
1181 5467 1482 5535 paciﬁcum,
1531 5467 1669 5520 inter
1711 5466 1852 5532 quod
1886 5465 1994 5516 An-

423 5566 546 5615 drea
579 5568 763 5614 sancte
801 5557 1056 5612 Senensis
1105 5557 1342 5611 Ecclesie
1389 5557 1689 5624 cpiscopus,
1737 5566 1789 5608 ct
1820 5556 1991 5622 ipsum

425 5654 739 5718 Arcpcrttnn
771 5649 989 5702 Arctinc
1017 5649 1250 5702 Ecclesie
1282 5649 1609 5716 episcopum,
1641 5657 1693 5700 ct
1715 5666 1809 5717 per
1838 5635 1990 5700 suurn

422 5739 837 5793 ‘..t!lllll‘lll.’t\0lttl
879 5746 1188 5807 preceptum
1221 5738 1285 5790 ad
1323 5746 1477 5805 parte
1507 5738 1724 5791 Arctinc
1756 5739 1993 5793 Ecclesie

2099 4573 2378 4626 gassemus
2391 4555 2505 4626 lege
2518 4572 2616 4625 pro
2631 4557 2789 4610 dictis
2801 4557 2978 4610 causis
2995 4556 3163 4625 ipsius
3176 4557 3357 4611 abbati
3377 4560 3523 4626 (ιιιόά
3539 4559 3674 4613 dice-

2098 4649 2244 4712 bam,
2263 4647 2403 4715 quod
2429 4655 2551 4717 post
2577 4654 2892 4716 preceplora
2910 4646 3022 4714 ipse
3041 4653 3196 4716 parte
3215 4637 3384 4700 sancti
3412 4645 3603 4701 Donati
3617 4657 3670 4702 et

2097 4738 2317 4791 Aretine
2332 4737 2570 4792 Ecclesie
2583 4737 2844 4792 vestitura
2861 4739 2926 4793 de
2942 4737 3057 4806 ipso
3073 4738 3404 4792 monasterio
3422 4753 3529 4792 non
3547 4738 3670 4794 fuis-

2099 4838 2198 4884 set.
2214 4849 2230 4882 ι
2265 4830 2414 4884 Tunc
2432 4835 2527 4883 nes
2543 4831 2892 4900 suprascripti
2911 4829 3061 4884 missi
3075 4826 3303 4884 fecimus
3324 4831 3509 4885 venire
3526 4847 3668 4885 vera-

2099 4934 2206 4981 ces,
2226 4933 2360 4987 quas
2382 4919 2493 4986 ipse
2505 4918 2698 4972 Petrus
2713 4919 2994 4986 episcopus
3014 4919 3169 4972 nobis
3181 4919 3545 4973 denominavit
3555 4961 3567 4972 .
3589 4919 3666 4974 lla

2091 5020 2146 5064 et
2172 5010 2270 5080 ipsi
2319 5009 2441 5062 laici
2481 5025 2671 5063 omnes
2697 5009 2763 5062 ad
2793 5010 2886 5063 Dei
2919 5009 3207 5079 Evangelia
3225 5046 3239 5062 .
3261 5049 3274 5062 .
3294 5051 3306 5062 .
3327 5049 3340 5063 .
3360 5043 3372 5062 .
3394 5049 3408 5062 .
3436 5010 3665 5080 prefecio

2094 5079 2229 5154 mus.
2253 5140 2266 5152 .
2287 5138 2330 5153 ..
2353 5140 2364 5152 .
2386 5139 2398 5152 .
2429 5101 2910 5169 interrogasscmus
2941 5100 3005 5155 de
3039 5099 3154 5168 ipsa
3186 5099 3474 5163 vestitura,
3506 5109 3563 5154 et
3593 5100 3665 5153 illi

2091 5192 2313 5255 scirent,
2345 5191 2499 5245 nobis
2529 5201 2736 5245 certum
2772 5190 3012 5244 dicerent
3037 5189 3341 5243 veritatem.
3375 5189 3450 5242 Ita
3477 5198 3530 5243 et
3567 5191 3662 5258 ipsi

2093 5282 2401 5336 sacerdotes
2443 5281 2840 5348 conjuravimus
2873 5293 2963 5335 eos
2999 5279 3050 5332 in
3099 5293 3256 5332 suum
3306 5279 3661 5332 sacerdotium

2094 5379 2150 5425 et
2177 5371 2484 5424 ﬁdelitatem
2507 5412 2520 5434 ,
2555 5386 2688 5438 quas
2719 5369 2785 5422 ad
2817 5378 2966 5439 parte
2994 5369 3173 5422 domni
3205 5368 3550 5436 imperatoris
3572 5367 3659 5435 ju-

2096 5471 2269 5517 ratnm
2302 5465 2589 5526 habebant,
2620 5471 2676 5516 ut
2711 5461 2836 5530 quid
2881 5476 3006 5514 vera
3033 5460 3226 5513 exinde
3270 5460 3494 5520 scirent,
3528 5461 3661 5511 veri-

2097 5563 2257 5617 tatem
2300 5562 2357 5606 ut
2396 5564 2449 5607 et
2481 5555 2578 5623 ipsi
2621 5555 2957 5607 declararent
2991 5551 3058 5604 dc
3095 5551 3335 5618 predicta
3382 5551 3655 5604 vestitum.

2095 5646 2194 5709 Qui
2231 5655 2284 5698 et
2312 5646 2363 5697 in
2395 5645 2580 5712 primis
2606 5644 2844 5696 omnium
2871 5642 3089 5696 veniens
3119 5641 3498 5711 Gumprandns
3531 5641 3659 5693 arri-

2093 5735 2352 5789 diaconus
2406 5735 2621 5789 Arcline
2681 5733 2948 5797 Ecclesie,
3006 5735 3368 5803 interrogatus
3422 5751 3451 5786 a
3511 5735 3659 5788 nobis
