3924 6338
228 396 366 460 ηὸῗ

1336 399 1728 456 DIPLOMATA
1770 396 2320 452 ECCLESIASTICA.

3329 386 3466 440 H58

229 517 380 572 'ii'xsil
422 530 434 569 :
467 535 483 565 ι
517 517 657 568 Bene
683 516 794 568 scio
816 521 870 567 et
890 513 1133 576 recordo,
1162 520 1218 565 et
1240 513 1436 566 ibidem
1465 510 1560 575 fui,
1585 510 1799 580 quando
1830 512 1873 568 A
1978 514 2033 570 ›Ῑ‹
2066 508 2175 577 Ego
2194 506 2541 576 Anspraudus
2575 520 2759 559 vassus
2777 505 2958 558 domui
3001 502 3342 571 imperatoris
3370 504 3469 555 ibi.

227 605 618 674 Nughelliertus
648 605 810 658 misso
836 601 1016 656 domui
1039 599 1217 655 Caroli
1243 604 1354 670 regi
1385 600 1660 654 revestivit
1682 597 1801 652 Arii

217 678 436 763 pertum
479 694 788 763 episcopum
839 694 904 747 de
952 691 1275 748 monasterio
1314 691 1485 745 sancti
1525 691 1669 744 Petri
1698 689 1803 744 sito

221 786 370 839 A-xso
420 792 542 854 post
597 782 1007 838 conﬁrmatione
1061 779 1244 834 domui
1301 779 1466 834 Leoni
1518 794 1673 848 pape.
1726 777 1802 833 Ita

223 885 470 942 tempore
489 881 802 942 preeeptnm
835 870 1129 924 hemissum
1158 867 1397 938 ejusdem
1419 867 1600 922 domui
1623 866 1800 922 Caroli

221 964 359 1033 regi,
402 972 456 1016 et
489 963 609 1031 ipse
649 960 1241 1028 Aripertusepiscopus
1274 958 1551 1012 hordinavi
1589 958 1642 1012 in
1688 959 1802 1026 ipso

221 1054 552 1109 monasterio
593 1053 816 1106 abbates
857 1051 1073 1104 nomine
1122 1049 1441 1117 Augustino,
1480 1046 1798 1111 Arnicauso,

217 1142 501 1210 Iohannis,
531 1143 818 1198 Landoari.
851 1161 868 1191 ι
901 1133 1315 1210 Arcipresbiteri
1341 1138 1589 1198 similiter
1625 1139 1803 1194 dixse-

220 1243 348 1288 runt
377 1235 652 1302 Vanipcrt,
675 1232 873 1286 Lucius
890 1245 1052 1284 senes
1089 1229 1270 1291 homo,
1305 1227 1614 1290 Romaldus,
1644 1228 1802 1282 Lam-

218 1331 407 1393 pertus
453 1336 643 1376 omnes
690 1319 1013 1375 unanimiter
1063 1333 1167 1370 una
1217 1315 1528 1384 singulatim
1555 1317 1803 1382 similiter

219 1413 493 1468 testificati
528 1419 690 1476 sunt,
730 1417 786 1465 et
814 1406 1298 1470 tlinserunt~,sicut
1335 1414 1389 1460 et
1427 1403 1801 1476 Gumprandus

219 1505 596 1560 arcidiaconus
632 1500 879 1571 superius
907 1500 1088 1555 diuit.
1122 1499 1482 1554 Testimonias
1516 1499 1802 1569 inquisitas

216 1604 278 1650 et
300 1595 596 1665 iudicatas,
629 1593 804 1661 adque
842 1600 1189 1660 preceptoras
1229 1589 1478 1654 t'clectas,
1517 1595 1567 1644 el
1619 1590 1801 1644 omnia

216 1690 290 1745 ab
332 1688 559 1752 ordine,
587 1687 823 1756 qualiter
866 1684 1120 1753 superius
1169 1681 1586 1747 dedaravlmus,
1623 1691 1680 1736 et
1703 1694 1801 1751 per

217 1796 405 1837 veram
450 1780 628 1850 legem
670 1776 942 1847 inquisita,
982 1784 1040 1831 et
1085 1783 1502 1845 cognoscentem
1538 1774 1672 1827 dum
1704 1785 1807 1842 per

217 1886 401 1950 veram
437 1870 614 1938 legem.
639 1867 1028 1924 invenissemus
1055 1865 1239 1928 ita,-et
1277 1862 1430 1931 jUXta
1456 1863 1700 1933 iussione
1741 1870 1803 1916 et
1827 1853 1872 1912 Β

214 1959 518 2015 indiculum
561 1956 791 2028 piissimi
841 1955 1022 2009 domui
1066 1953 1448 2023 imperatoris,
1495 1951 1636 2021 quod
1687 1951 1800 2020 ipse

215 2047 554 2103 monasterio
577 2047 750 2100 sancti
781 2045 924 2101 Petri
956 2045 1031 2099 ad
1048 2044 1215 2109 Axso,
1240 2059 1360 2098 cum
1395 2044 1555 2098 rebus
1579 2043 1646 2096 ad
1674 2055 1805 2097 eum

211 2137 611 2207 pertinentibus
658 2137 955 2204 pertineret
999 2152 1029 2190 a
1070 2144 1225 2202 parte
1263 2133 1486 2189 Aretine
1536 2133 1794 2199 Eeelesie,

211 2226 366 2297 iuxta
396 2228 570 2296 ipsum
598 2226 891 2282 indiculum
921 2233 972 2280 et
1002 2225 1175 2295 iussio
1207 2224 1388 2278 domui
1431 2223 1793 2292 imperatoris,

212 2318 444 2375 fecimus
471 2333 568 2373 nos
600 2317 701 2387 ipsi
733 2317 882 2372 missi
917 2318 1016 2372 ad.
1037 2353 1084 2369 ..
1225 2315 1486 2370 revestire
1507 2301 1612 2385 ipsi
1639 2315 1800 2370 advo-

211 2408 324 2466 cati
356 2407 674 2473 Petrouem,
715 2407 1088 2472 Willeradum,
1134 2414 1190 2461 et
1233 2404 1533 2477 Agimundo
1571 2407 1638 2462 de
1684 2407 1802 2475 ipso

214 2499 554 2554 monasterio
566 2499 736 2553 sancti
768 2498 913 2552 Petri
943 2510 1066 2552 cum
1089 2496 1410 2566 pertinentia
1434 2511 1530 2551 sua
1557 2495 1625 2550 ad
1644 2503 1800 2564 parte

214 2589 438 2651 Aretine
482 2590 742 2645 Ecclesie.
781 2589 1012 2645 Proinde
1056 2589 1199 2643 hanc
1238 2588 1485 2643 notitiam
1515 2587 1632 2642 fieri
1671 2586 1800 2642 feci.

364 2808 378 2823 .
402 2809 415 2822 .
536 2801 585 2824 ν.
611 2769 930 2824 dentnorum
950 2775 1259 2823 nostrorum
1281 2767 1558 2822 Hludovici
1580 2775 1635 2821 et
1658 2766 1802 2821 Hlot-

218 2861 342 2914 tarii
371 2861 756 2930 imperatorum
788 2861 1046 2930 vigesimo
1071 2870 1127 2914 et
1155 2859 1582 2928 quartodecimo,
1614 2874 1807 2916 mense

213 2949 492 3016 Octobris,
520 2949 813 3006 indictione
847 2949 1182 3005 duodecima.

293 3067 354 3124 »Β
387 3059 498 3130 Ego
539 3060 878 3130 Agiprandus
915 3059 1204 3129 episcopus
1246 3069 1314 3114 ex
1345 3059 1590 3126 jussione
1617 3060 1801 3117 domui

215 3171 730 3240 imperatoris-hane
760 3171 1044 3241 inquisitio
1063 3170 1164 3227 feci
1192 3179 1248 3226 et
1275 3171 1515 3227 interfui.

292 3288 352 3345 ᾖ
382 3282 493 3352 Ego
518 3281 707 3336 Petrus
739 3282 1020 3351 episcopus
1059 3297 1124 3334 ex
1147 3281 1392 3352 jussione
1443 3281 1627 3335 domui
1687 3282 1791 3335 im-

215 3373 486 3442 peratoris
524 3371 665 3426 hanc
688 3371 964 3440 inquisitio
1000 3370 1102 3425 feci
1138 3381 1193 3425 et
1221 3371 1539 3439 subscripsi.

294 3470 352 3526 »Β
385 3463 494 3535 Ego
530 3463 848 3518 Anastasius
877 3463 1161 3533 episcopus
1193 3462 1265 3517 ibi
1303 3461 1404 3516 fui.

292 3559 351 3616 »Β
378 3553 492 3622 Ego
519 3551 739 3607 Adelrat
765 3567 947 3608 comes
971 3552 1044 3606 ibi
1067 3551 1162 3606 fui.

290 3716 316 3745 ι
342 3703 454 3757 Ηίε-
471 3704 676 3774 dicitur
698 3703 1042 3774 pars-Garat“
1087 3706 1290 3759 comitis
1317 3705 1504 3760 silvam
1530 3703 1672 3759 illam
1703 3721 1791 3760 oc-

213 3788 450 3843 cupasse
494 3773 700 3844 illicite,
740 3781 795 3826 et
823 3775 1236 3844 contralegem.
1285 3776 1455 3829 Erant
1506 3777 1798 3830 comitibus

218 3842 436 3906 allodia,
469 3842 561 3896 sed
588 3852 746 3896 erant
792 3851 846 3895 et
878 3859 972 3896 sua
1011 3842 1155 3910 jura,
1191 3860 1255 3897 ac
1309 3845 1432 3898 stati
1478 3845 1686 3897 reditus
1730 3859 1798 3898 ex

216 3912 395 3985 cilicio
417 3912 705 3985 comitatus
747 3911 1110 3985 cujuscunque
1134 3914 1319 3985 urbis,
1345 3912 1541 3966 diversi
1565 3929 1595 3966 a
1625 3911 1797 3966 tribu-

217 3984 291 4037 tis
317 3999 380 4036 ac
405 3982 668 4036 reditibus
696 3983 843 4050 regio
869 3980 1004 4034 fisco
1025 3980 1241 4036 debitis.
1269 3983 1533 4036 Incertum
1560 3990 1646 4035 est
1673 3997 1799 4034 num

221 4055 268 4106 is
299 4052 440 4105 inter
469 4050 664 4104 allodia
690 4065 786 4105 sua
829 4061 1157 4114 muneraret,
1185 4067 1252 4105 an
1281 4053 1464 4119 potius
1490 4053 1556 4104 ad
1593 4050 1682 4118 jus
1719 4051 1801 4104 sui

221 4120 458 4188 numeris
507 4128 754 4188 spectare
783 4121 969 4174 silvam
1010 4121 1155 4174 illam
1183 4121 1428 4174 Goradus
1458 4136 1640 4174 comes
1675 4135 1802 4174 con-

221 4188 488 4243 tenderet.
518 4188 706 4243 Pr‘bdit
733 4199 910 4243 autem
931 4205 934 4207 λ
955 4191 1144 4244 charta
1181 4192 1304 4252 ista,
1352 4190 1557 4257 insigne
1587 4202 1800 4242 monas-

219 4259 417 4312 terium
468 4259 641 4313 sancti
702 4260 939 4314 Zenonis
994 4261 1046 4312 in
1099 4258 1493 4320 Commendam,
1553 4267 1611 4311 ut
1659 4271 1800 4311 nunc

219 4329 397 4392 aiunt,
421 4327 587 4385 fuisse
605 4343 920 4383 concessum
948 4329 1176 4382 llataldo
1197 4329 1458 4397 episcopo
1479 4327 1799 4397 Yeronensi,

218 4412 320 4467 pro
344 4402 495 4451 mare
517 4398 730 4451 illorum
779 4406 1099 4467 temporum,
1129 4413 1158 4450 a
1182 4396 1440 4451 Lethario
1479 4396 1497 4449 l
1527 4398 1797 4467 Augusto;

217 4465 275 4546 et
298 4478 421 4546 cum
453 4467 585 4546 satis
609 4473 798 4546 aperte
823 4466 948 4546 hinc
975 4467 1166 4546 deduci
1189 4467 1375 4536 possit,
1402 4467 1575 4546 ipsum
1621 4465 1800 4546 Batal-

219 4538 348 4590 dum
383 4545 508 4589 tunc
538 4537 590 4588 in
615 4533 754 4589 vivis
775 4533 1206 4604 fuisse,proinde
1227 4533 1560 4590 emendanda
1588 4536 1801 4589 videtur

219 4605 565 4673 chronologia
597 4606 969 4674 episcoporum
1005 4607 1388 4661 Veronensium
1418 4606 1556 4675 apud
1609 4605 1800 4675 Ughel~

221 4676 350 4728 lium
387 4684 531 4727 tomo
555 4675 594 4728 V
623 4675 788 4728 Itali-.1:
818 4675 1018 4729 Same.
1046 4677 1135 4730 llle
1158 4677 1300 4730 enim
1327 4684 1564 4730 statuere
1585 4675 1798 4727 videtur

223 4744 435 4798 ltataldi
456 4753 717 4814 mortem,
738 4760 896 4812 quem
925 4744 1206 4798 Rotaldum
1234 4747 1280 4800 is
1305 4745 1552 4814 appellat,
1580 4745 1799 4798 circiter

221 4827 421 4883 annum
445 4813 569 4883 820,
600 4814 686 4867 cui
711 4815 1036 4868 successisse
1061 4816 1135 4869 ait
1155 4813 1433 4883 Audon’e’m
1461 4815 1792 4883 episc0pum.

223 4879 359 4938 Tum
408 4881 577 4952 refert
626 4893 957 4952 postremas
993 4886 1200 4939 tabulas
1265 4879 1509 4952 ejusdem
1557 4879 1797 4936 Audouis

223 4968 364 5006 anno
395 4951 528 5015 850;
565 4949 806 5022 scriptas,
846 4949 1130 5022 imp'erante
1174 4949 1432 5008 Ludovico
1471 4951 1602 5015 Pio;
1636 4960 1796 5022 atque

222 5023 288 5076 ad
316 5038 517 5084 annum
548 5021 652 5076 840
673 5021 677 5022 ί
697 5023 921 5076 alterum
965 5022 1249 5076 Rotaldum
1275 5024 1331 5080 in
1367 5022 1665 5090 catalogum
1696 5021 1797 5076 Ve-

224 5092 534 5145 ronensium
582 5093 881 5149 antistitum
929 5093 1108 5147 infert.
1138 5093 1334 5146 Verum
1385 5107 1452 5144 cx
1505 5093 1795 5160 diplomate

223 5177 365 5215 nunc
389 5163 650 5228 producto
686 5171 936 5216 constare
961 5172 1136 5230 potest
1163 5162 1459 5215 Radaldum
1486 5161 1794 5229 episc0pum

225 5232 399 5284 adhuc
433 5231 680 5288 ﬂoruisse
727 5247 868 5286 anno
894 5233 1017 5286 853.
1048 5231 1229 5300 Neque
1269 5231 1406 5285 ullus
1429 5230 1686 5284 Rataldus
1711 5245 1795 5283 se-

225 5301 432 5358 cundus
463 5302 850 5365 excogitandus
887 5312 1024 5365 erat,
1048 5299 1169 5355 cum
1195 5315 1333 5356 unus
1359 5308 1482 5354 ante
1515 5299 1794 5354 Audoucm

229 5368 915 5424 Veronensem‘Ecclesiam
955 5375 1171 5435 rexerit,
1206 5373 1280 5425 uti
1324 5370 1616 5424 Panvinius
1639 5385 1792 5439 egre—

223 5441 313 5509 gie
336 5439 808 5494 animadverterat.
843 5441 1064 5494 Fallitur
1089 5451 1266 5495 autem
1296 5440 1588 5509 Uglicllius,
1634 5447 1795 5509 testa-

225 5508 466 5565 mentum
495 5509 736 5580 Audonis
767 5511 1006 5565 referens
1046 5513 1109 5564 ad
1139 5508 1379 5580 tempera
1409 5509 1660 5580 Ludovici
1691 5508 1793 5580 Pii,

225 5595 349 5634 cum
385 5581 645 5648 scriptum
669 5579 828 5633 fuerit
853 5583 1135 5648 imperante
1161 5577 1382 5633 Domino
1415 5588 1587 5648 nostro
1617 5577 1794 5630 Ludo-

226 5651 335 5719 vico
387 5646 578 5719 mag—uo
608 5646 937 5719 imperatore,
965 5668 1100 5703 (ιιιηο
1134 5652 1184 5702 ll
1217 5651 1310 5704 sub
1339 5651 1420 5702 die
1453 5648 1516 5719 15
1551 5646 1790 5716 Augusti,

141 5753 143 5755 ι
225 5717 507 5790 indictione
546 5721 599 5782 8,
633 5717 792 5788 atque
838 5721 968 5773 adeo
1001 5721 1125 5772 illud
1173 5729 1376 5788 spectet
1426 5717 1489 5769 ad
1551 5725 1792 5790 tt-wuipora

225 5787 482 5844 Ludovici
529 5790 571 5843 ll
619 5786 980 5859 imperatoris,
1009 5786 1213 5846 scilicet
1252 5791 1315 5844 ad
1346 5803 1542 5843 annum
1581 5786 1707 5850 860,
1735 5797 1795 5839 ut

1904 598 2025 650 dein
2047 597 2144 650 fui.

1976 685 2171 758 EtEgo
2197 685 2486 740 Camarino
2521 701 2677 739 vassu
2694 684 2877 739 domui
2902 680 3244 752 imperatoris
3270 679 3340 734 ibi
3367 677 3466 732 fui.

1975 782 2033 839 »Β
2069 777 2180 846 Ego
2209 776 2383 844 Ringo
2406 776 2478 829 ibi
2500 774 2601 828 fui.

1975 874 2037 930 ἧς
2068 868 2178 936 Ego
2208 867 2502 920 Perirendo
2531 865 2602 918 ibi
2631 864 2725 917 fui.

1977 960 2034 1019 vlt
2066 957 2171 1025 Ege
2193 955 2498 1010 Gundifridi
2537 955 2610 1008 ibi
2648 954 2744 1006 fui.

1976 1049 2036 1111 rh
2067 1047 2178 1116 Ego
2198 1046 2520 1114 Aliprandus
2549 1046 2620 1100 ibi
2645 1044 2740 1100 fui.

1977 1146 2034 1201 »14
2063 1139 2173 1209 Ego
2200 1135 2336 1192 Urso
2360 1139 2578 1192 seavino
2609 1143 2663 1192 et
2691 1151 2849 1192 vasso
2886 1135 3070 1190 domui
3119 1134 3470 1203 imperatoris

1901 1227 2089 1283 ibifui.

1969 1318 2985 1389 Δ›Ι‹Εε(]ι......ε‹”εινὶπιο......

1971 1415 2032 1472 r14
2069 1409 2176 1478 Ego
2205 1408 2342 1461 Tato
2365 1407 2587 1460 scavino
2610 1405 2681 1459 ibi
2714 1402 2808 1458 fni.

1971 1504 2032 1562 >14
2060 1498 2172 1568 Ego
2197 1536 2210 1551 .
2245 1537 2258 1550 .
2291 1537 2302 1549 .
2337 1535 2350 1550 .
2383 1537 2395 1548 .
2429 1535 2442 1549 .
2474 1509 2670 1550 vassus
2697 1493 2884 1549 domui
2940 1490 3252 1561 imperatori
3309 1489 3477 1543 inter—

1899 1588 1998 1643 liti.

1972 1687 2031 1745 sit
2059 1681 2171 1750 Ego
2195 1678 2477 1738 Rodath
2504 1678 2575 1733 ibi
2607 1675 2702 1731 fui.

2528 1767 2854 1824 CLXXX”.

2125 1873 2222 1914 I‘RO
2260 1867 2595 1913 BONASTEMO
2623 1863 2911 1911 πειθπιῑιιειι
2937 1869 2985 1908 Β.
3014 1866 3248 1908 ιειιοκιδ.

2500 1944 2676 2018 (Anno
2699 1944 2847 2016 sas.)

2165 2039 2360 2095 Contra
2383 2046 2716 2107 occupatores
2730 2037 2932 2106 jurium
2968 2034 3222 2106 ejusdem.

2171 2129 2477 2202 [Muratori,
2506 2127 2635 2181 ibid.
2668 2167 2684 2192 ,
2715 2134 2825 2181 tom
2853 2127 2895 2192 l,
2928 2141 3051 2196 pag.
3073 2122 3226 2195 459.]

1966 2221 2024 2276 lu
2045 2219 2266 2276 nomine
2291 2218 2507 2274 Domini
2532 2217 2705 2272 nostri
2731 2215 2858 2271 Jesu
2889 2215 3094 2270 Christi
3121 2214 3218 2268 Dei
3264 2214 3478 2278 aeterni,

1898 2315 2190 2370 Lotharius
2217 2311 2491 2384 Augustus
2522 2305 2862 2363 invictissimi
2909 2304 3093 2361 domui
3138 2303 3480 2373 imperatoris

1899 2403 2153 2461 Ludovici
2183 2402 2344 2457 ﬁlius.

1969 2494 2241 2564 Quidquid
2275 2492 2419 2546 enim
2448 2491 2501 2545 in
2530 2497 2714 2544 nostra
2744 2487 2823 2542 vol
2855 2501 3137 2557 procerum
3169 2494 3477 2538 nostrorum

1897 2585 2187 2657 praesentia
2218 2590 2367 2638 recto
2393 2580 2612 2635 tramite
2642 2577 2935 2632 secundum
2981 2575 3151 2645 legem
3189 2572 3472 2626 diﬁiuitum

1897 2676 2080 2738 fuerit,
2116 2680 2330 2745 oportet
2359 2671 2559 2725 nostris
2589 2668 2915 2723 conﬁrmare
2953 2665 3206 2728 oraculis,
3249 2671 3308 2716 nt
3356 2663 3480 2733 jure

1899 2766 2211 2820 ﬁrmissimo
2239 2768 2453 2818 maneat
2502 2757 2895 2814 inconvulsum.
2951 2755 3120 2825 Igitur
3178 2750 3362 2809 notum
3413 2754 3482 2808 sit

1899 2855 2143 2910 omnium
2169 2853 2406 2909 ﬁdelium
2445 2859 2776 2914 nostrorum,
2802 2847 3148 2918 przesentium
3179 2846 3383 2900 scilicet
3419 2859 3483 2899 ac

1900 2947 2206 3001 futurorum
2242 2941 2543 3013 sagacitati,
2566 2941 2690 3011 quia
2721 2955 2841 2994 cum
2870 2937 3017 2993 missi
3044 2938 3213 2992 nostri
3266 2938 3318 2989 in
3370 2935 3484 2988 Pis-

1901 3035 2048 3093 caria
2086 3035 2154 3089 ad
2213 3035 2592 3088 universorum
2643 3043 2838 3084 causas
2883 3027 3178 3082 audiendas
3227 3040 3287 3078 ac
3336 3035 3484 3078 recta

1896 3124 2102 3194 judicia
2129 3121 2472 3178 terminanda
2506 3117 2855 3181 resedissent,
2887 3116 3066 3183 ibique
3102 3114 3326 3168 veniens
3374 3111 3486 3166 Leo

1827 3191 1871 3254 Ο
1898 3191 2090 3276 abbas,
2121 3218 2177 3267 et
2205 3211 2502 3265 advocatus
2530 3206 2716 3262 Sancti
2750 3205 2981 3259 Zenonis
3027 3201 3352 3259 GaribalJus
3391 3217 3485 3255 no-

1902 3306 2068 3369 mine,
2099 3303 2240 3357 unde
2275 3301 2415 3355 idem
2455 3299 2564 3353 Leo
2599 3312 2693 3366 per
2721 3295 3066 3351 ordinatione
3088 3292 3299 3347 ltataldi
3328 3307 3485 3350 vene-

1903 3394 2092 3449 rabilis
2117 3391 2351 3460 episcopi
2376 3404 2497 3444 esse
2525 3387 2832 3449 videbatur,
2873 3383 3353 3453 interpellaverunt
3379 3382 3484 3435 Ra-

1902 3483 2165 3555 gileusum
2191 3487 2247 3533 et
2274 3479 2680 3547 Ragimpertum
2703 3475 2999 3529 advocatos
3024 3473 3225 3531 Goradi
3245 3474 3481 3534 crmritis,

1901 3575 2167 3638 dicentes,
2217 3568 2363 3641 quod
2389 3581 2419 3610 α
2450 3583 2577 3638 pars
2624 3564 2832 3636 prmfati
2879 3565 3077 3620 Goradi
3121 3564 3310 3619 silvam
3362 3580 3484 3634 quae

1903 3713 2199 3778 propterea
2215 3703 2422 3778 videas,
2457 3708 2579 3770 post
2602 3699 2883 3778 Rataldum
2908 3697 3478 3778 prmfujsseﬂeronen-

1904 3721 2002 3776 pro
2041 3721 2189 3759 terea
2215 3721 2422 3767 uaeas,
2457 3721 2579 3770 [)OSI
2605 3721 2883 3754 natatuum
2908 3721 3188 3768 prwwtsse
3222 3721 3474 3757 vermicu-

1904 3776 1948 3830 si
1999 3721 2252 3829 Ecclesia:
2297 3772 2547 3837 Aginum,
2581 3770 2672 3837 qui
2720 3769 3006 3823 Anastasio
3059 3767 3474 3824 Bibliothecario

1905 3792 1948 3830 81
1999 3787 2252 3829 ιςεριθειω
2297 3787 2338 3824 Α
2381 3787 2547 3832 tuum,
2581 3787 2672 3837 qtll
2720 3787 3006 3823 ADaSlaSIO
3059 3787 3470 3824 ωυιιοιηροπιυ

1905 3852 2041 3919 teste
2082 3855 2226 3897 anno
2261 3787 2385 3904 8.55,
2411 3840 2605 3919 Bonae
2638 3837 2896 3919 interfuit,
2914 3853 3048 3919 cum
3073 3839 3125 3919 in
3161 3839 3470 3919 regeru‘dta-

1905 3912 1990 3965 lize
2017 3913 2266 3965 inuuctus
2292 3918 2376 3964 est
2419 3910 2559 3963 idem
2586 3906 2886 3962 Ludoxiéus
2914 3907 2976 3972 ll,
3006 3906 3242 3961 Lotharii
3272 3907 3289 3960 Ι
3317 3906 3474 3973 ﬁlius,

1903 3991 2090 4051 postea
2120 3977 2593 4051 imperator._Post
2620 3977 2849 4051 Aginum
2873 3992 3006 4051 vero
3043 3977 3359 4031 statuendus
3382 3988 3480 4051 est

1903 4046 2058 4105 Audo
2098 4046 2401 4118 episc0pus.
2438 4048 2502 4100 Et
2530 4062 2652 4118 cum
2697 4049 2749 4118 in
2779 4046 3069 4118 diplomate
3093 4056 3208 4118 per:
3232 4049 3482 4101 eumdem

1907 4113 2206 4188 Ughellium
2243 4113 2516 4188 evulgato,
2550 4117 2639 4169 ubi
2681 4113 3135 4188 Audo'quortdam
3170 4113 3482 4188 Veronensis

1903 4185 2171 4258 episcopus
2193 4185 2520 4258 nominatur,
2545 4200 2730 4258 revera
2752 4185 2956 4258 legatur
2984 4185 3275 4258 Ludovicus
3298 4187 3482 4258 mundi

1901 4253 2509 4335 imperatae/lignatum
2558 4255 2789 4335 diploma
2810 4253 2948 4335 illud
2969 4253 3354 4335 suppositiottis
3385 4273 3476 4309 ar-

1905 4324 2069 4396 guere
2125 4324 2413 4394 unicuique
2464 4325 2548 4378 fas
2597 4333 2682 4378 est
2721 4343 2734 4378 :
2775 4324 3166 4396 sedfortas’sis
3216 4325 3374 4378 aliter
3422 4343 3480 4380 se

1826 4387 1878 4444 D
1904 4387 2093 4451 charta
2130 4387 2347 4459 habeat,
2375 4403 2428 4448 et
2448 4410 2762 4463 germanum
2790 4395 2861 4448 sit
2890 4392 3019 4447 illud
3051 4403 3475 4459 monumentum,

1903 4466 2044 4534 quod
2071 4465 2314 4534 emiserit
2346 4464 2650 4517 Ludovicus
2688 4463 2731 4516 ll
2771 4464 3042 4534 Augustus
3068 4472 3192 4534 post
3222 4465 3478 4534 Audouis

1900 4532 2152 4589 mortem.
2188 4533 2266 4587 Ad
2309 4550 2420 4588 rem
2460 4542 2700 4604 nostram
2729 4533 3115 4604 regrediamur.
3143 4532 3302 4604 Sylva
3333 4536 3477 4588 Osti-

1900 4604 1970 4684 lia
1994 4604 2356 4689 amplissimus
2377 4618 2504 4689 a‘ger
2534 4602 2651 4689 fuit:
2683 4616 2856 4682 neque
2878 4602 3476 4689 integraIad'monaste-

1901 4674 2038 4727 rium
2069 4674 2376 4728 Veronense
2400 4672 2584 4725 Sancti
2608 4672 2839 4726 Zenonis
2868 4673 3190 4740 pertinebat,
3220 4687 3340 4726 cum
3371 4673 3475 4728 No-

1901 4743 2254 4797 nantulanum
2319 4743 2619 4796 Mutinense
2678 4744 3064 4812 monasterium
3119 4741 3190 4796 ibi
3223 4798 3228 4803 ,
3261 4758 3475 4812 quoque

1899 4828 2052 4866 suam
2085 4813 2383 4882 portionem
2418 4811 2737 4880 possideret.
2781 4809 2968 4865 Testes
3009 4813 3184 4882 habeo
3233 4812 3366 4865 alias
3389 4809 3475 4867 ta-

1900 4879 2234 4951 bulasfqaas
2261 4896 2291 4934 e
2321 4879 2767 4951 Fer’rariensibus
2786 4882 3128 4951 pergameuis
3156 4881 3336 4935 hausit
3360 4883 3471 4936 sin-

1898 4949 2342 5019 gularis'amicus
2368 4965 2540 5014 meus,
2588 4950 2714 5003 alibi
2757 4949 3026 5019 laudatus,
3078 4949 3273 5019 Joseph
3305 4951 3473 5006 Ante-

1899 5018 2000 5073 nor
2013 5020 2379 5074 Scalabrinius
2400 5020 2601 5074 ﬂector
2617 5019 2862 5074 ecclesia:
2882 5018 3242 5075 Ferrariensis
3258 5020 3472 5076 Sancta:

1898 5089 2078 5144 Maria:
2105 5091 2171 5145 de
2197 5091 2391 5161 Bucca:
2417 5090 2494 5143 Ex
2518 5091 2584 5161 iis
2607 5089 3054 5161 intelligimus,ob
3074 5091 3232 5144 istam
3253 5107 3465 5161 quoque

1894 5163 2198 5229 portionem
2227 5160 2294 5214 ab
2332 5158 2609 5229 Hucpoldo
2637 5157 2818 5229 comite
2858 5157 3132 5212 Veronensi
3169 5157 3466 5214 nmlest’fam

1898 5223 2097 5282 illatam
2131 5229 2296 5284 fuisse
2328 5223 2606 5283 monachis
2632 5227 3016 5282 Nonantulanis
3044 5244 3185 5283 anno
3211 5230 3332 5283 820.
3370 5229 3469 5283 Ve-

1894 5313 2016 5352 rum
2040 5299 2297 5353 Bataldns
2318 5299 2457 5352 idem
2484 5297 2807 5352 Veronensis
2825 5300 3124 5368 episcopus,
3149 5301 3468 5353 auctoritate

1896 5385 1923 5422 a
1955 5368 2222 5422 Ludovico
2241 5368 2336 5421 Pio
2364 5368 2605 5438 Augusto
2624 5380 2863 5436 accepta,
2890 5369 2965 5422 uti
2987 5370 3224 5438 ejusdem
3249 5369 3466 5438 missus,

1897 5439 2147 5491 contitcm
2192 5439 2256 5492 ad
2289 5436 2540 5506 placitqu
2575 5439 2812 5500 adduxit,
2844 5436 3071 5506 eumque
3096 5439 3253 5492 silere
3283 5436 3463 5505 jussit.

1898 5509 2180 5577 Egregium
2211 5517 2289 5560 est
2324 5517 2746 5569 monumentum,
2775 5525 2894 5560 cum

1898 5579 2124 5632 fortasse
2144 5577 2335 5631 seriem
2368 5577 2569 5646 aliquot
2597 5579 2851 5631 comitum

1903 5648 2170 5709 exhibeat,
2203 5664 2263 5699 ac
2312 5659 2568 5713 praetcrea
2598 5648 2859 5700 Andream
2895 5647 3223 5701 Vicentinuin
3250 5647 3469 5714 Episco-

1901 5732 2048 5786 pum,
2080 5718 2144 5768 ab
2170 5717 2409 5784 llghclliu
2436 5719 2485 5770 iu
2512 5717 2657 5769 Italia
2689 5718 2852 5786 Sacra
2881 5717 3318 5786 praetermissum,
3349 5717 3464 5768 vim

1901 5785 2132 5841 immittis
2161 5787 2426 5841 restituat.
2464 5786 2620 5855 (i'ittc
2645 5785 2870 5852 diploma
2909 5785 3021 5847 1H,
3052 5786 3251 5855 supra.)

2965 5510 3173 5562 raesenti
3202 5508 3465 5562 adnexum

2935 5579 3272 5631 eronensium
3315 5578 3489 5629 nobis.
