3924 6304
416 362 556 419 F159

1542 358 1869 417 LUDOVICI
1902 361 1923 415 l
1963 360 2439 419 COGNOMENTO
2475 362 2563 418 Ριι

3550 365 3576 419 Ι
3585 363 3693 419 280

412 471 617 529 dicitur
638 471 887 535 ﬁostilia,
917 480 973 527 et
999 484 1219 540 pascua,
1249 470 1579 540 pertinentia
1606 487 1673 527 ex
1690 471 1816 541 jure
1859 469 1997 525 San-
2024 476 2075 535 Α
2172 475 2541 531 Druetemlrus
2570 475 2934 532 subdiaconus
2953 484 3114 549 atque
3141 479 3393 533 notarius
3421 478 3489 534 ad
3513 479 3696 534 vicem

413 562 486 617 (ti
515 562 749 622 Zenonis
778 577 877 616 suo
909 560 1033 630 jure
1060 567 1380 630 occupasset
1402 558 1594 615 illicite
1616 569 1670 615 et
1705 569 1895 616 contra
1923 561 2001 615 le'-

413 665 561 723 gem.
588 651 763 718 Quam
792 665 908 706 rem
950 649 1077 706 dum
1124 647 1321 720 pnel'ati
1377 649 1536 704 missi
1574 650 1745 704 nostri
1798 666 1897 720 per
1944 666 2004 707 se

416 741 639 795 minime
668 738 900 807 diﬂinire
933 739 1253 810 potuissent,
1294 741 1349 795 in
1374 751 1617 797 nostram
1640 744 1743 798 hoc
1776 743 2006 813 pleuiter

415 829 763 884 deliberanda
794 827 1055 897 iussimus
1082 828 1269 884 venire
1293 830 1657 900 praesentiam.
1685 829 1803 898 Qua
1832 832 1900 887 de
1947 846 2005 886 re

417 922 545 976 dum
584 910 827 992 diligenti
861 918 1101 974 adhibita
1135 919 1550 991 investigatione
1593 922 1671 976 rei
1719 922 2005 977 veritatem

416 1011 875 1081 perquireremus.
907 1050 922 1064 .
950 1049 964 1064 .
1000 1049 1015 1065 .
1048 1047 1062 1063 .
1094 1048 1109 1064 .
1140 1049 1155 1064 .
1180 1010 1472 1081 prtedictus
1512 1010 1683 1067 abbas
1730 1012 2008 1068 obtutibus

417 1102 619 1157 nostris
660 1109 933 1172 praecepta
981 1100 1328 1171 antiquorum
1385 1114 1597 1170 regum,
1653 1117 1752 1156 nec
1799 1117 1905 1157 non
1954 1111 2011 1157 et

417 1194 571 1248 bonae
601 1192 881 1247 memoriae
904 1190 992 1245 avi
1014 1189 1191 1246 nostri
1216 1190 1401 1246 domui
1430 1189 1607 1245 Caroli
1662 1191 2007 1261 prtestantis-

417 1284 540 1337 siml
580 1282 941 1352 imperatoris,
981 1295 1171 1336 verum
1216 1280 1385 1336 etiam
1427 1289 1483 1336 et
1530 1281 1781 1336 avunculi
1836 1282 2009 1336 nostri

418 1374 628 1447 Pippini
654 1374 928 1445 quondam
955 1371 1176 1446 gloriosi
1201 1373 1367 1445 regis,
1394 1372 1690 1443 domuique
1719 1380 1775 1428 et
1798 1373 2009 1443 genito-

418 1470 497 1524 ris
530 1465 706 1526 uestri
743 1464 1003 1523 Ludovici
1040 1462 1379 1521 serenissimi
1406 1464 1660 1535 Augusti.
1697 1462 1829 1529 Quae
1880 1463 2007 1518 dum

416 1561 581 1633 relegi
610 1557 951 1623 fecissemus,
982 1556 1348 1628 comperimus
1363 1555 1511 1625 juste
1535 1563 1589 1609 et
1616 1552 2012 1609 rationabiliter

417 1652 557 1721 parti
586 1647 901 1705 monasterii
918 1646 1094 1703 sancti
1114 1646 1364 1702 Zenonis
1411 1644 1466 1699 in
1506 1642 1758 1699 omnibus
1781 1656 2011 1713 pascua-

2102 562 2364 618 Hermenl'
2362 565 2475 620 redi
2511 566 2728 636 scripsit

2172 652 2306 706 Data
2330 666 2463 708 xvm
2489 653 2757 710 Kalendas
2778 655 3085 722 Februarii,
3118 672 3286 723 anno,
3318 658 3533 713 Christo
3560 674 3700 729 pro—

2103 743 2259 813 pitio,
2284 742 2495 813 imperii
2519 744 2707 800 domni’
2742 744 3003 801 Ludovici
3032 748 3369 803 serenissimi
3401 751 3701 819 imperato-

2106 832 2181 886 ris
2203 831 2273 885 20
2298 838 2353 887 et
2378 831 2619 887 Lotharii
2671 834 2759 899 ll,
2784 836 3078 907 indictione
3114 839 3202 891 ll.
3249 838 3446 893 Actum
3470 841 3696 894 Mantua

2103 923 2304 993 palatio
2327 925 2476 995 regio
2504 925 2556 979 in
2588 925 2683 981 Dei
2709 927 2927 983 nomine
2951 927 3201 985 feliciter.
3235 931 3430 985 Amen.

2742 1018 3052 1075 CLXXXV.

2108 1121 2208 1161 PRO
2239 1114 2574 1162 IOXASTERIO
2595 1118 3083 1168 SRXCTIIONMHUI
3108 1127 3445 1170 τιςικειςεωι
3477 1130 3694 1171 ωυοςι.

2716 1199 2891 1271 (Auno
2929 1202 3083 1275 833.)

2342 1286 2519 1358 [Apud
2546 1288 2824 1355 Muratorl,
2856 1290 3013 1358 ibid.,
3050 1301 3089 1348 t.
3117 1294 3183 1360 V,
3207 1311 3266 1367 p.
3296 1296 3448 1367 53L]

2178 1375 2235 1429 In
2264 1378 2484 1433 nomine
2504 1378 2717 1434 Domini
2760 1382 2933 1437 nostri
2962 1380 3089 1438 Jesu
3124 1383 3326 1441 Christi
3354 1388 3447 1443 Dei
3474 1388 3697 1454 :eterni,

2108 1464 2397 1522 Lotltarius
2423 1467 2698 1539 Augustus
2747 1470 3088 1528 invictissimi
3125 1475 3308 1530 dontni
3343 1476 3701 1547 imperatoris

2110 1555 2365 1611 Ludovici
2390 1556 2553 1613 ﬁlius.

2181 1645 2315 1700 Cum
2341 1647 2693 1717 petitionibus
2715 1663 2999 1706 servorum
3013 1660 3069 1707 et
3082 1653 3401 1709 ancillarum
3427 1657 3521 1711 Dei
3535 1656 3701 1724 iustis

419 1754 538 1797 runt
581 1747 639 1819 et
662 1737 839 1811 capuli
886 1751 984 1794 seu
1032 1738 1280 1803 deeimzc,
1309 1746 1367 1791 et
1403 1751 1621 1792 omnem
1667 1734 2009 1790 exactionem
2112 1744 2168 1791 et
2205 1736 2561 1793 rationalibus
2589 1738 2756 1794 divini
2794 1742 2976 1797 cultus
3001 1758 3188 1799 amore
3217 1744 3482 1813 favemus,
3514 1764 3703 1819 super-

415 1818 697 1902 pertinere
723 1831 927 1900 absque
964 1828 1205 1900 qualibet
1218 1829 1271 1882 in
1291 1837 1447 1898 parte
1469 1826 1671 1896 aliquid
1693 1825 2010 1882 redhibitio-
2038 1818 2083 1877 B
2112 1828 2168 1881 ni
2195 1828 2435 1883 muneris
2477 1828 2676 1883 donum
2724 1830 2881 1887 nobis
2906 1848 2936 1886 a
2976 1832 3205 1888 Domine
3228 1835 3497 1906 impertiri
3527 1818 3704 1899 acdi-

417 1925 505 1981 nis
540 1923 782 1981 debitum
819 1923 968 1980 salvo
1007 1938 1107 1977 suo
1131 1920 1352 1990 jureiu
1400 1921 1669 1991 integrum
1714 1918 2009 1985 territorio,

417 2016 512 2071 ubi
538 2015 767 2073 Hostilia
813 2022 1180 2086 nuncupatur,
1230 2000 1385 2084 cujus
1428 2011 1565 2073 lines
1606 2021 1741 2067 sunt
1789 2026 1821 2066 a
1864 2011 2013 2067 Pado

420 2122 591 2179 usque
610 2108 666 2164 in
692 2108 867 2179 Capttt
902 2106 1190 2172 Turuioui,
1218 2113 1274 2161 et
1310 2120 1343 2160 a
1387 2104 1555 2160 Fossa
1625 2104 1796 2160 Lubia
1840 2118 2012 2172 usque

421 2202 489 2257 ad
518 2201 744 2258 Fossam
768 2201 994 2274 Regiam
1020 2207 1077 2255 et
1104 2198 1416 2254 Pollicinem
1433 2195 1587 2265 juxta
1620 2195 1871 2252 Castrum
1901 2195 2010 2249 Re-

420 2292 559 2346 veri.
581 2291 814 2362 ldeoque
840 2291 907 2345 ad
928 2287 1215 2361 pnel‘atum
1244 2295 1496 2344 sanctum
1533 2302 1599 2342 ac
1642 2284 2012 2341 venerabilem

425 2385 523 2437 hos
561 2390 761 2437 nostra:
798 2383 1138 2437 auctoritatis
1186 2379 1367 2451 apices
1424 2379 1542 2434 ﬁeri
1579 2377 1862 2448 iussimus,
1918 2391 2015 2445 per

420 2489 567 2544 quos
585 2473 789 2542 absque
817 2471 1058 2542 qualibet
1088 2470 1465 2541 inquietudine
1500 2469 1568 2523 ab
1602 2469 1731 2524 hinc
1773 2467 1826 2520 iu
1869 2465 2014 2521 futu-

426 2581 545 2619 rum
574 2571 766 2620 nostra
794 2562 1121 2619 auctoritate
1144 2569 1345 2625 teneat,
1362 2560 1618 2637 justeque
1643 2556 1872 2614 fruendo
1886 2570 2014 2626 pos-

425 2656 626 2711 sideat.
650 2655 876 2726 Insuper
902 2652 1087 2710 retulit
1110 2654 1269 2709 nobis
1301 2652 1563 2708 Rataldus
1595 2652 1905 2721 episcopus,
1926 2648 2012 2703 cui

424 2745 711 2817 praefatum
732 2744 1125 2803 monasterium
1149 2752 1335 2799 nostra
1364 2742 1689 2798 auctoritate
1728 2739 1794 2794 si
1834 2754 2019 2810 regem-

428 2841 563 2896 dum
586 2838 939 2896 commissum
966 2845 1113 2902 erat;
1135 2850 1204 2892 eo
1227 2836 1371 2907 quod
1414 2834 1661 2891 Condus
1699 2846 1884 2888 comes
1918 2830 2017 2885 ali-

435 2944 571 3005 quas
607 2933 657 2989 ei
697 2930 893 2988 inferat
945 2937 1137 2986 contra
1190 2928 1532 2984 causationes
1580 2927 1650 2981 de
1691 2924 2018 2995 quibusdam

426 3027 593 3084 rebus
622 3032 677 3084 et
704 3022 1008 3093 mancipiis,
1048 3036 1170 3092 qua:
1218 3019 1344 3076 olim
1388 3018 1759 3089 praedecessor
1802 3011 2015 3085 praefati

429 3116 627 3171 (invadi
680 3114 944 3171 V'ulviuus
988 3112 1209 3166 nomine
1262 3125 1384 3165 cum
1444 3108 1698 3179 episcopo
1745 3104 2017 3160 Brixiana:

430 3208 686 3265 Ecclesia:
706 3207 1036 3263 Cltunibcrto
1064 3204 1283 3259 nomine
1305 3209 1751 3265 oommutaverat,
1778 3207 1833 3255 et
1849 3213 2023 3254 econ-
2049 3177 2092 3240 C

434 3312 517 3355 tra
557 3299 659 3355 sibi
706 3298 962 3368 placitam
1018 3302 1303 3365 acceperat
1343 3290 1843 3349 commutationem.
1890 3287 2021 3355 Qua:

433 3395 560 3447 dum
590 3391 742 3445 utilia
776 3398 901 3459 post
921 3388 1129 3459 aliquot
1153 3386 1276 3442 dies
1308 3386 1447 3441 idem
1492 3384 1752 3438 Ralaldus
1796 3396 2023 3438 venera-

433 3483 560 3538 bilis
596 3481 882 3553 episcopus
903 3479 1142 3551 praefatae
1179 3478 1349 3533 sancti
1377 3477 1611 3532 Zenonis
1630 3475 1887 3539 Ecclesiae
1905 3488 2025 3529 esse

436 3572 797 3645 cognovisset,
825 3572 968 3625 datis
995 3572 1049 3625 in
1079 3566 1583 3638 recompensatione
1602 3567 1743 3637 parti
1770 3566 2029 3635 predictze

437 3665 699 3721 Brexanae
726 3662 985 3718 Ecclesim
1006 3658 1430 3731 congruentibus
1454 3659 1616 3713 rebus
1647 3665 1701 3711 et
1743 3656 2026 3726 mancipiis

439 3774 470 3811 a
495 3754 659 3812 Petro
695 3754 969 3827 quondam
1007 3750 1247 3821 ejusdem
1286 3739 1545 3806 Ecclesiae
1593 3738 1844 3831 episeopo
1880 3758 2028 3802 cum-

442 3852 762 3907 mutaticnis
793 3851 983 3906 ordine
1007 3840 1149 3921 parti
1189 3846 1594 3918 praenominatre
1642 3845 1813 3900 sancti
1862 3844 2028 3898 Zeno-

442 3944 526 3998 nis
554 3934 809 3997 Ecclcsim
835 3938 1163 4007 conquisivit
1184 3936 1252 3991 ad
1280 3934 1610 3990 habendum.
1636 3930 1743 3987 Sed
1776 3932 1903 4000 quia
1945 3947 2028 3984 re-

441 4022 542 4101 gia:
573 4029 858 4103 potestatis
894 4026 1254 4081 missusinter
1275 4025 1376 4080 has
1424 4022 1671 4078 defuerat
1725 4030 2029 4075 commuta-

444 4124 641 4187 tiones,
694 4135 796 4192 pro
840 4116 1148 4189 huiusmodi
1187 4113 1567 4170 occasionibus
1604 4111 1924 4175 adimendis,
1964 4126 2032 4165 ne

444 4213 565 4267 ideo
589 4212 657 4266 ab
682 4210 870 4265 eadem
894 4205 1136 4263 Ecclesia
1158 4204 1495 4267 auferantur,
1519 4197 2033 4273 quoniamlegalitcr

446 4309 651 4375 absQue
685 4303 837 4373 regio
856 4301 1030 4355 misso
1066 4313 1173 4353 non
1210 4303 1462 4367 poterant
1506 4294 1850 4357 commutari,
1880 4294 2035 4347 thanc

448 4408 687 4453 nostram
711 4392 1091 4449 auctoritatem
1117 4402 1279 4458 super
1297 4383 1550 4456 praefatas
1586 4383 2035 4438 commutationes

449 4488 648 4542 addere
677 4484 857 4547 libuit,
884 4494 982 4552 per
1010 4496 1146 4551 quas
1165 4476 1437 4547 jubetnus,
1460 4487 1513 4530 et
1542 4487 1854 4530 mansurum
1910 4489 2032 4529 san-

450 4579 648 4641 cimus,
673 4583 731 4630 ut
759 4572 937 4629 nullus
968 4568 1205 4627 fidelium
1230 4568 1428 4623 sancta:
1475 4566 1569 4621 Dc'i
1619 4558 1893 4630 Ecclesim,
1940 4580 2037 4619 ηοε-

451 4674 792 4730 strorutnque
817 4662 885 4715 ab
922 4651 1050 4714 hinc
1094 4646 1147 4712 in
1202 4664 1363 4711 antea
1413 4653 1537 4708 inde
1595 4653 1832 4722 aliquant
1897 4656 2038 4722 parti

453 4770 596 4825 saepe
618 4753 748 4808 dicti
771 4746 1209 4806 Sancti‘Zenonis
1254 4744 1454 4800 inferre
1481 4752 1773 4815 praesumat
1822 4752 2040 4799 contra-

454 4850 702 4905 rietatem
752 4844 846 4900 sed
898 4842 1061 4897 liceat
1084 4840 1155 4902 ei,
1186 4846 1246 4891 ut
1276 4836 1424 4906 justo
1470 4836 1685 4891 tramite
1731 4829 2038 4905 acquisivit,

454 4941 637 5008 quiete
682 4934 990 4991 rectoribus
1032 4924 1201 4999 ipsius
1258 4927 1515 4981 Ecclesia:
1571 4927 1827 4982 ordinare
1877 4935 2042 4993 atque

456 5032 741 5099 disponere
766 5023 1027 5095 quidquid
1057 5021 1262 5075 utilitas
1302 5018 1575 5088 pnndictze
1611 5018 1898 5073 dictaverit
1946 5017 2045 5072 Ec-

456 5118 656 5175 clesia.
684 5114 743 5171 Si
780 5129 933 5179 vero,
961 5109 1105 5182 quod
1148 5108 1388 5162 futurum
1439 5122 1543 5162 non
1598 5107 1890 5169 credimus,
1948 5105 2046 5159 ali-

459 5209 579 5279 quis
604 5207 735 5271 dux,
758 5219 962 5268 comes,
988 5210 1081 5255 aut
1110 5193 1401 5270 cujuslibet
1428 5196 1932 5259 administrationis,
1952 5205 2047 5250 aut

461 5299 669 5370 privata
702 5310 931 5365 persona
978 5300 1166 5348 contra
1212 5290 1393 5345 omnia
1454 5287 1821 5358 suprascripta
1870 5286 2047 5341 moliri

463 5389 668 5461 aliquid
705 5384 1130 5457 praesumpserit,
1180 5396 1274 5437 seu
1312 5378 1620 5449 infrangere
1667 5378 1750 5432 vel
1801 5391 2046 5431 corrum-

463 5497 592 5554 pere
641 5493 709 5535 ex
752 5483 927 5546 parte,
984 5478 1079 5529 aut
1131 5484 1196 5527 ex
1257 5478 1369 5525 toto
1425 5467 1737 5533 tentaverit,
1792 5468 1928 5520 sciat
1990 5481 2049 5520 se

465 5569 890 5639 compositurum
922 5564 1069 5621 mille
1098 5576 1383 5619 mancosos
1430 5558 1549 5612 auri
1600 5556 1807 5626 obryzi.
1854 5555 2049 5609 medie-

469 5670 637 5715 tatem
675 5660 919 5713 icameraa
978 5668 1200 5719 nostrae,
1252 5663 1307 5709 ct
1363 5650 1706 5706 medietatem
1751 5646 1863 5715 jam
1905 5646 2048 5701 dicto

475 5751 829 5817 utonasterio,
856 5757 961 5805 etc.

2113 1932 2253 1972 mus.
2286 1916 2490 1974 Idcirco
2514 1910 2706 1976 nutum
2730 1922 2801 1976 sit
2821 1924 3065 1978 omnium
3085 1934 3290 1980 sancta
3322 1928 3421 1981 Dei
3445 1928 3704 1984 Ecclesih

2112 2010 2458 2077 prmium
2499 2019 2556 2067 et
2600 2010 2907 2068 futurorum
2958 2014 3221 2081 solertiae,
3277 2018 3524 2087 qualiter
3573 2021 3702 2075 Asia

2113 2100 2443 2157 venerabilis
2477 2103 2750 2159 abbatissa
2798 2121 2866 2161 ex
2901 2110 3218 2163 monasterii
3276 2109 3501 2175 Dodosi,
3562 2114 3702 2181 quod

2113 2200 2198 2249 est
2217 2194 2380 2248 situm
2410 2194 2552 2248 intra
2575 2211 2759 2251 muros
2782 2197 3019 2253 civitatis
3038 2198 3239 2270 Papia,
3271 2210 3520 2257 nostram
3550 2203 3704 2271 petiit

2113 2283 2458 2347 clementiam
2492 2285 2712 2350 obnixe,
2749 2296 2809 2342 ut
2852 2289 3100 2344 eumdem
3152 2294 3547 2347 monasterium
3600 2308 3703 2347 una

2114 2389 2239 2428 eum
2276 2374 2458 2428 omnia
2489 2375 2591 2429 sibi
2641 2377 2970 2446 pertinentia
3000 2381 3102 2434 sub
3150 2393 3339 2436 nostra
3392 2384 3704 2440 emunitatis

2115 2466 2342 2522 mitione
2384 2482 2450 2522 ac
2485 2466 2801 2524 defensione
2840 2471 2910 2526 ob
2964 2488 3205 2528 amorem
3242 2476 3337 2529 Dei
3365 2484 3426 2529 et
3454 2490 3705 2531 reveren-

2115 2556 2250 2611 tiam
2272 2559 2443 2612 sancti
2459 2557 2561 2614 loci
2577 2559 2722 2614 illius
2739 2560 3179 2633 praeciperemus.
3195 2565 3363 2636 Cujus
3382 2569 3703 2637 petitionem

2116 2647 2349 2703 libenter
2389 2650 2782 2720 acquievimus,
2813 2661 2867 2707 et
2908 2654 2982 2708 ita
3012 2663 3072 2709 ut
3115 2657 3275 2726 petiit
3310 2660 3707 2724 concessimus,

2117 2748 2282 2809 atque
2305 2754 2404 2808 per
2429 2731 2532 2795 lioc
2562 2750 2805 2796 nostrum
2848 2742 3124 2813 imperiale
3150 2757 3484 2818 prmeeptum
3514 2750 3705 2804 conﬁr-

2119 2833 2409 2888 mavimus.
2443 2832 2784 2914 Quapropter
2819 2837 3185 2907 pracipimus,
3235 2846 3296 2893 ut
3344 2840 3551 2906 nullus,
3603 2852 3703 2896 etc.

2120 2923 2226 2979 Sed
2294 2924 2454 2980 liceat
2493 2935 2807 2982 memorata:
2854 2928 3167 2995 abbatissae,
3230 2934 3705 2989 successus-ibunt!

2120 3018 2234 3074 suis
2262 3033 2351 3074 res
2374 3019 2616 3090 praedicti
2647 3022 2961 3077 monasterii
2993 3021 3094 3077 sub
3118 3023 3484 3080 immunitatis
3528 3026 3705 3084 defen-

2123 3109 2291 3165 sionis
2313 3118 2511 3165 nostra:
2530 3112 2713 3180 quiete
2738 3120 2791 3167 et
2817 3113 3009 3168 ordine
3034 3115 3333 3183 possidere,
3363 3127 3422 3172 et
3450 3118 3705 3188 quidquid

2123 3203 2316 3275 exinde
2348 3200 2509 3257 fiscus
2540 3210 2727 3259 noster
2768 3220 2987 3273 sperare
3032 3216 3267 3278 poterat,
3294 3217 3467 3263 totum
3487 3226 3589 3265 nos
3615 3226 3709 3280 pro

2122 3302 2324 3349 aeterna
2374 3297 2808 3351 remuneratione
2837 3296 3061 3368 przel'alo
3091 3301 3426 3354 monasterio
3462 3303 3710 3356 concedi-

2122 3401 2261 3449 mus,
2310 3394 2370 3439 ut
2408 3386 2463 3440 in
2491 3386 2743 3442 alimonia
2783 3388 3099 3443 ancillarum
3145 3389 3240 3444 Dei
3268 3390 3472 3445 ibidem
3501 3392 3601 3446 sub
3630 3406 3711 3445 re-

2124 3475 2245 3546 gula
2278 3478 2448 3531 sancti
2475 3476 2751 3532 Benedicti
2776 3477 2886 3532 Deo
2910 3478 3307 3547 famulantium,
3337 3488 3446 3535 etc.
3481 3481 3714 3536 Meram-

2126 3586 2256 3623 num
2306 3586 2519 3641 quoque
2556 3570 2923 3626 venerabilem
2971 3570 3220 3627 abbatem
3266 3572 3322 3627 in
3352 3574 3543 3628 eodem
3593 3574 3715 3628 loco

2125 3661 2508 3716 constituimus
2572 3661 2958 3731 inSpectorem,
3010 3668 3278 3730 quatenus
3338 3661 3537 3715 diebus
3589 3661 3716 3716 vitae

2127 3766 2237 3805 sua:
2266 3748 2445 3805 studio
2471 3749 2527 3804 in
2546 3749 2801 3806 omnibus
2844 3747 3027 3819 regula
3056 3748 3130 3804 ibi
3159 3758 3495 3819 exsequatur
3536 3753 3713 3806 sancti

2127 3847 2426 3913 Benedicti,
2454 3856 2561 3903 etc.

2199 3931 2423 4007 Signum
2446 3933 2686 3991 Lotharii
2711 3934 3082 4004 gloriosissimi
3108 3935 3353 4006 Augusti.

2200 4027 2524 4083 Lnitbcasus
2548 4027 2617 4081 ad
2642 4027 2816 4082 vicem
2845 4024 3187 4082 Ermenl‘redl
3219 4028 3538 4098 recognovi.

2202 4121 2336 4175 Data
2380 4135 2447 4172 xv
2479 4119 2745 4174 Kalendas
2775 4118 2963 4181 Maias,
2996 4134 3163 4185 anno,
3191 4119 3411 4175 Christo
3453 4114 3713 4188 propitio,

2130 4211 2191 4267 2|
2223 4211 2435 4282 imperii
2482 4211 2947 4271 domuiLudovici
2985 4210 3319 4266 serenissimi
3350 4212 3717 4281 imperatoris,

2134 4303 2391 4374 regnique
2418 4302 2659 4358 Lotharii
2691 4302 3064 4375 gloriosissimi
3108 4300 3339 4373 Augusti
3366 4304 3421 4359 in
3449 4304 3604 4359 italia
3628 4306 3717 4371 il,

2136 4393 2433 4446 indictione
2464 4392 2549 4444 Η.

2203 4483 2399 4538 Actum
2422 4476 2586 4553 Papia
2618 4484 2857 4548 civitate,
2897 4483 3095 4552 palatio
3122 4483 3355 4553 publico.

2763 4572 3091 4628 CLXXXVI.

2357 4676 2456 4723 PRO
2485 4681 2760 4721 ΙΙΛΧΕΝΪΙΟ
2788 4682 3121 4721 PATRIARCRA
3152 4680 3511 4730 AQUILEIENSI.

2754 4756 2773 4827 ζ
2776 4754 2815 4807 Α
2824 4774 2926 4809 uno
2955 4754 3102 4827 8'53.)

2396 4845 2571 4918 [Apud
2597 4844 2875 4909 Muratori,
2902 4845 3054 4908 ἰωή..
3089 4853 3128 4899 ι.
3156 4846 3221 4908 ν,
3251 4862 3304 4915 p.
3344 4845 3498 4918 977.]

2216 4939 2270 4993 In
2298 4938 2517 4992 nomine
2544 4936 2759 4991 Domini
2794 4935 2962 4989 nostri
2987 4931 3113 4990 Iesu
3147 4934 3353 4990 Christi
3384 4936 3480 4990 Dei
3511 4937 3720 5000 aeterni,

2148 5027 2435 5083 Lotltarius
2458 5026 2731 5099 Augustus
2764 5026 3104 5080 invictissimi
3141 5026 3361 5081 domini
3382 5027 3725 5097 imperatoris

2149 5117 2407 5174 Ludovici
2451 5108 2612 5171 (ilius.
2643 5114 2699 5169 Si
2726 5129 2853 5185 erga
2880 5114 2995 5169 loca
3019 5114 3217 5168 divinis
3259 5116 3498 5171 cultibus
3523 5118 3714 5171 manci-

2148 5216 2271 5279 pata
2304 5215 2524 5277 propter
2566 5220 2805 5261 amorem
2834 5204 2950 5268 Dei,
2990 5202 3216 5273 ejusque
3250 5205 3303 5259 in
3335 5205 3542 5261 eisdem
3594 5208 3725 5263 locis

2151 5298 2536 5354 famulantlbus
2580 5295 2843 5351 beneﬁcia
2916 5302 3217 5365 opportuna
3265 5294 3549 5365 largimur,
3595 5306 3725 5367 prt-

2152 5390 2318 5445 mium
2347 5388 2500 5446 nobis
2539 5389 2677 5457 apud
2707 5386 2992 5441 Dominum
3022 5393 3239 5439 :eternae
3272 5388 3725 5442 remunerationis

2153 5479 2372 5549 rependi
2423 5494 2530 5537 non
2564 5478 2872 5533 dillidimus.
2917 5476 3089 5545 Igitur
3116 5483 3306 5530 notum
3356 5479 3428 5531 sit
3475 5479 3725 5534 munibus

2156 5571 2401 5624 ﬁdelibus
2420 5577 2618 5623 sancte
2637 5568 2728 5625 Dei
2755 5566 3006 5622 Ecclesia:
3031 5574 3085 5619 et
3114 5566 3340 5631 nostris,
3370 5570 3725 5635 praesentibus

2155 5661 2362 5716 scilicet
2380 5668 2433 5714 et
2469 5659 2682 5724 futuris,
2711 5659 2836 5727 quia
2879 5657 3069 5711 adiens
3095 5657 3449 5712 serenitatem
3489 5666 3723 5712 nostram

2156 5752 2240 5807 vir
2271 5749 2593 5808 venerabilis
2632 5749 2931 5807 Maxentius
2955 5748 3315 5819 Aquileiensis
3350 5748 3610 5805 Ecclesiae
3630 5747 3726 5802 Pa-
