3924 6318
262 398 402 454 ΗΜ

1370 392 1765 451 οιΡιΟΜΑΤΑ
1805 381 2361 451 ECCLESIASTICA.

3395 404 3535 459 1242

263 516 508 569 tnareba
531 524 579 577 α,
610 524 729 578 qua
759 518 843 566 est
866 517 1069 567 sancta
1118 509 1210 563 Dei
1238 510 1519 581 genitricis
1562 510 1765 575 Maria,
1795 517 1853 571 et
1880 512 1933 568 Α
1958 516 2068 564 tam
2100 512 2364 583 ingenuos
2401 528 2565 582 quam
2603 528 2789 570 servos
2834 528 2997 585 super
3044 525 3241 570 terram
3294 516 3537 587 ejusdem

263 604 439 659 sancti
491 603 635 661 Petri
694 601 955 673 principis
1009 601 1395 670 apostolorum,
1451 614 1546 656 seu
1593 609 1648 657 et
1676 599 1850 655 sancti

262 693 432 748 Marci
458 700 789 756 constructa,-
808 686 1165 747 detulitnobis
1178 691 1439 761 quasdam
1460 692 1852 762 praceptiones

260 784 651 839 auctoritatum
707 782 891 837 domui
939 789 993 837 et
1049 781 1311 852 genitoris
1364 782 1539 836 nostri
1586 780 1848 839 Ludovici

256 873 698 943 prastantissimi
727 870 1091 942 imperatoris,
1137 869 1193 923 in
1236 870 1433 939 quibus
1468 871 1851 926 continebatur

255 977 331 1017 eo
356 963 499 1033 quod
523 962 676 1017 bona
696 960 974 1015 memoria
996 958 1226 1015 Carolus
1252 961 1530 1029 piissimus
1552 959 1847 1031 Augustus,

261 1052 517 1121 idemque
538 1054 768 1108 domnus
789 1057 844 1104 et
884 1050 1099 1121 genitor
1123 1058 1330 1114 noster,
1352 1051 1632 1121 pralatam
1660 1050 1850 1106 Eccle-

260 1145 400 1199 siam
434 1160 557 1199 eum
604 1142 830 1205 cellulis,
875 1148 929 1195 et
974 1141 1136 1196 rebus
1171 1142 1272 1195 sibi
1323 1140 1600 1210 subjectis,
1640 1141 1739 1195 sub
1769 1140 1851 1195 in-

259 1235 546 1290 munitatis
592 1249 703 1289 sua
754 1231 1071 1288 defensione
1118 1233 1421 1287 consistere
1475 1230 1753 1295 fecissent,
1795 1239 1851 1285 et

258 1326 408 1396 quod
436 1326 706 1381 licentiam
754 1324 1029 1379 dedissent
1069 1321 1310 1393 ejusdem
1347 1322 1585 1377 civitatis
1610 1321 1758 1377 clero
1794 1330 1849 1377 et

259 1416 459 1488 popqu
489 1418 784 1472 secundum
813 1415 1135 1470 canonicam
1164 1412 1565 1467 institutionem
1585 1411 1653 1467 de
1672 1412 1850 1480 ponti-

261 1508 369 1563 ﬁce
403 1507 506 1563 sibi
549 1504 796 1577 eligendo
821 1514 879 1560 et
908 1506 961 1559 in
1004 1503 1229 1574 praefata
1270 1504 1396 1559 sede
1440 1503 1843 1559 substituendo;

259 1599 656 1655 Continebatur
700 1599 866 1653 etiam
913 1597 968 1652 in
1008 1597 1212 1653 eisdem
1257 1597 1323 1651 ab
1357 1596 1756 1660 cis-sancitum,
1788 1603 1851 1650 ut

260 1705 364 1747 nec
391 1690 637 1746 homines
657 1687 900 1757 ejusdem
936 1687 1194 1744 Ecclesia
1229 1687 1297 1741 de
1318 1700 1533 1741 annona
1554 1692 1611 1741 et
1632 1685 1849 1756 peculio

258 1792 363 1839 suo
400 1782 664 1837 decimam
706 1780 761 1835 in
783 1788 991 1850 partem
1016 1778 1134 1834 ﬁsci
1168 1777 1383 1842 darent,
1411 1792 1513 1832 nec
1536 1777 1604 1832 de
1630 1777 1843 1848 peculio

258 1874 431 1945 ipsius
456 1872 731 1937 Ecclesia,
763 1871 907 1941 quod
932 1871 1000 1925 ad
1038 1878 1226 1940 partes
1246 1869 1530 1924 lstrienses
1551 1868 1605 1923 in
1624 1870 1841 1940 pascuis

258 1965 638 2029 mittebantur,
665 1962 833 2019 ullum
867 1962 1139 2019 solverent
1164 1962 1532 2027 berbaticum;
1564 1970 1621 2018 et
1644 1962 1788 2032 quod
1809 1979 1841 2017 a

257 2056 495 2127 prafata
523 2056 781 2111 Ecclesia
823 2056 1135 2112 hominibus
1187 2056 1612 2111 mansionaticus
1640 2056 1724 2112 vel
1752 2056 1839 2112 fo-

256 2150 423 2204 derus
474 2147 782 2205 nullatenus
827 2150 1167 2219 acciperetur
1216 2150 1301 2204 vel
1343 2150 1676 2221 exigeretur,
1734 2150 1839 2205 nisi

255 2238 475 2309 quando
526 2252 739 2305 eorum,
783 2247 877 2294 aut
902 2240 996 2295 ﬁlii
1040 2240 1147 2306 sui,
1194 2242 1458 2295 adventus
1496 2242 1565 2293 ad
1594 2240 1838 2295 eamdem

257 2330 417 2385 ﬁeret
440 2330 736 2397 civitatem,
762 2330 847 2387 vei
877 2331 1093 2401 quando
1120 2332 1431 2402 prasidium
1478 2331 1588 2385 illic
1618 2341 1841 2401 pmptcr

256 2419 603 2475 inimicorum
625 2421 846 2476 insidias
861 2423 1121 2476 arcendas
1143 2428 1456 2491 peneretur.
1481 2420 1585 2476 Pro
1608 2421 1837 2475 ﬁrmita—

258 2514 331 2567 tis
369 2526 602 2583 namque
632 2514 809 2569 studio
838 2514 1127 2584 postulavit
1152 2514 1307 2569 nobis
1338 2514 1478 2568 idem
1512 2514 1839 2568 venerabilis

255 2606 594 2675 patriarcha.
642 2602 701 2659 ut
747 2621 952 2660 morem
995 2605 1457 2674 pnedecessorttm
1524 2613 1835 2674 sequentes,

258 2706 500 2752 nostram
551 2698 716 2752 etiam
761 2697 1141 2751 auctoritatem
1186 2695 1331 2749 circa
1364 2695 1540 2765 ipsum
1591 2703 1837 2749 sanctum

257 2786 434 2843 locum
458 2787 572 2841 ﬁeri
596 2788 1031 2842 decerneremus.
1056 2785 1224 2854 Cujus
1245 2785 1486 2855 petitioni
1509 2784 1579 2841 ob
1597 2799 1837 2839 amorem

257 2878 354 2935 Dei
377 2888 431 2934 et
462 2882 657 2933 anima
693 2887 892 2933 nostra
927 2878 1154 2933 salutem
1198 2877 1431 2931 libenter
1452 2877 1762 2941 annuimus,
1786 2885 1840 2931 et

257 2971 359 3025 hoc
403 2979 603 3024 nostra
649 2968 991 3023 auctoritatis
1048 2976 1375 3038 praceptum
1437 2968 1582 3021 circa
1660 2967 1836 3037 ipsum

255 3070 504 3117 sanctum
537 3061 713 3114 locum
754 3058 872 3114 ﬁeri
897 3059 1227 3113 censuimus.
1260 3058 1364 3112 Per
1389 3059 1532 3128 quod
1558 3059 1838 3114 constitui-

256 3160 379 3206 mus
406 3159 569 3220 atque
596 3150 909 3219 perenniter
934 3149 1147 3204 ﬁrmum
1194 3148 1309 3205 lore
1338 3150 1602 3215 volumus,
1639 3156 1700 3203 ut
1727 3164 1834 3203 me-
1860 3185 1905 3248 Ο
1938 3139 2085 3193 mine
2108 3136 2359 3192 ἴθιὶοἱῑθΐο
2399 3136 2592 3191 Amen-

257 3251 480 3298 morata
502 3242 740 3298 civitatis
767 3241 943 3295 clerus
965 3248 1019 3295 et
1040 3240 1267 3310 populus
1296 3240 1569 3296 licentiam
1597 3238 1836 3294 habeant

256 3334 551 3389 secundum
578 3332 971 3387 institutionem
990 3330 1307 3385 canonicam
1329 3330 1561 3401 eligendi
1586 3330 1689 3385 sibi
1709 3343 1837 3398 pon-

258 3424 476 3479 tiﬁcem.
506 3422 857 3492 Pracipimus
885 3421 1047 3477 etiam
1092 3427 1255 3491 atque
1285 3421 1557 3490 jubemus,
1583 3430 1643 3475 ut
1677 3436 1836 3475 nemo

255 3516 494 3573 ﬁdelium
522 3525 855 3578 nostrorum,
876 3514 963 3568 vel
982 3513 1239 3585 quislibet
1260 3524 1502 3579 exactor,
1528 3525 1622 3568 aut
1641 3515 1837 3584 aliq'is

252 3620 321 3665 ex
352 3606 639 3677 iudiciaria
664 3612 954 3676 potestate,
984 3616 1085 3659 nec
1112 3605 1179 3660 de
1214 3606 1425 3674 peculio
1461 3604 1700 3673 plu-fata
1735 3606 1836 3659 Ec-

253 3697 434 3753 clesia
466 3696 824 3760 berbaticum,
853 3710 952 3750 nec
981 3694 1047 3750 de
1078 3710 1295 3749 annona
1343 3702 1396 3749 et
1422 3694 1633 3762 peculio
1660 3695 1834 3748 itomi-

254 3800 386 3843 num
414 3786 585 3856 ipsius
606 3784 858 3839 Ecclesia
885 3784 1171 3848 decimam,
1205 3796 1305 3837 nec
1326 3782 1395 3836 ab
1412 3782 1495 3835 eis
1525 3782 1833 3837 mansiona-

255 3883 399 3937 ticus
448 3888 543 3936 aut
595 3878 815 3935 {odorus
871 3879 1085 3950 penitus
1137 3878 1406 3948 accipere,
1470 3878 1554 3933 vel
1617 3878 1833 3949 exigere

253 3979 602 4043 prasumant,
659 3970 762 4024 nisi
793 3968 932 4025 forte
972 3969 1188 4038 quando
1230 3976 1435 4031 noster,
1476 3974 1571 4020 aut
1604 3966 1832 4036 alicujus

253 4064 350 4119 ﬁlii
402 4060 594 4128 nostri,
647 4062 756 4116 illic
804 4060 968 4115 fuerit
1016 4060 1301 4123 adventus,
1353 4059 1436 4111 vel
1466 4057 1684 4126 quando
1723 4057 1833 4112 illic

251 4154 561 4226 prasidium
598 4152 832 4223 positum
863 4150 1030 4206 fuerit
1064 4151 1129 4205 ad
1156 4150 1498 4204 inimicorum
1532 4147 1833 4203 infestatio-

253 4257 379 4302 nem
404 4245 825 4316 propellendum.
860 4241 966 4298 Sed
997 4250 1052 4298 et
1093 4242 1272 4296 nullus
1302 4240 1526 4309 quilibet
1553 4252 1619 4291 ex
1663 4237 1835 4292 ﬁdeli-

254 4346 356 4391 Lus
397 4336 615 4399 nostris,
649 4330 733 4389 vel
766 4333 933 4401 judex
960 4332 1208 4401 publicus
1239 4330 1291 4384 in
1336 4328 1665 4384 monasteria
1696 4339 1835 4397 pra-

253 4428 380 4481 l‘ata
410 4425 661 4480 Ecclesia
700 4423 961 4491 subjecta,
1009 4434 1065 4478 et
1107 4422 1441 4477 xenodocbia
1481 4428 1537 4476 et
1576 4420 1833 4475 ecclesias

1953 610 2355 658 commanentes
2392 604 2815 674 distringendos,
2838 620 2944 660 nec
2966 604 3100 663 ullas
3123 606 3534 675 redbibitiones,

1951 699 2047 744 aut
2096 691 2313 748 illicitas
2354 694 2674 749 oceasiones
2727 685 3100 764 requirendas,
3140 686 3252 752 ullo
3296 713 3537 769 unquam

1951 789 2192 851 tempore
2212 783 2417 854 ingredi
2450 783 2670 850 audeat,
2694 784 2779 840 vel
2801 800 2864 840 ea
2894 793 3016 857 (una
3044 802 3203 856 supra
3233 799 3535 844 memorata

1950 879 2095 951 sunt“,
2124 874 2342 942 penitus
2372 874 2592 945 exigere
2634 884 2949 943 prasumat.
2990 874 3097 931 Sed
3128 876 3289 932 liceat
3307 879 3536 948 prafato

1947 961 2213 1032 pontiﬁci,
2238 964 2459 1034 suisque
2497 965 2909 1021 successoribus
2938 956 3325 1036 respradicta
3351 968 3538 1026 Eccle-

1950 1054 2045 1108 sia
2087 1054 2188 1109 sub
2232 1054 2587 1111 immunitatis
2627 1066 2828 1111 nostra
2874 1048 3108 1113 tuitione
3134 1050 3317 1129 quieto
3345 1060 3535 1116 ordine

1948 1134 2249 1215 possidere,
2282 1154 2337 1201 et
2361 1154 2547 1203 nostro
2591 1147 2825 1202 ﬁdeliter
2863 1162 3059 1217 parere
3094 1149 3344 1219 imperio,
3372 1157 3535 1220 atque

1948 1249 2047 1304 pro
2075 1234 2446 1289 incolumitate
2473 1244 2684 1300 nostra,
2712 1234 2977 1307 cnnjugis,
3002 1250 3067 1291 ac
3106 1237 3295 1305 prolis,
3333 1237 3416 1292 vel
3455 1246 3535 1293 to-

1950 1325 2057 1380 tius
2092 1314 2304 1394 impcrii
2348 1342 2380 1380 a
2420 1325 2531 1382 Deo
2566 1327 2723 1382 nobis
2749 1326 2951 1391 collati,
2983 1335 3147 1397 atque
3177 1343 3273 1397 per
3308 1320 3536 1387 immen-

1947 1430 2065 1470 sum
2088 1416 2442 1472 conservandi
2469 1417 2764 1472 stabilitate
2794 1433 2901 1472 una
2923 1433 3046 1474 cum
3078 1418 3225 1473 clero
3254 1427 3309 1473 et
3332 1421 3532 1490 populo

1948 1504 2049 1560 sibi
2084 1505 2347 1576 subjecto,
2376 1507 2473 1563 Dei
2508 1501 2940 1564 misericordiam
2971 1498 3176 1577 iugiter
3201 1524 3448 1576 exorare,
3479 1520 3535 1567 et

1947 1595 2207 1665 quidquid
2232 1596 2300 1651 de
2346 1597 2508 1652 rebus
2542 1597 2779 1667 pralata
2822 1590 3079 1653 Ecclesia
3108 1596 3271 1655 ﬁscus
3314 1601 3533 1671 exigere

1945 1693 2180 1754 poterat,
2224 1686 2277 1739 in
2323 1672 2591 1757 integrum
2618 1688 2891 1757 pradicta
2940 1689 3308 1744 concessimus
3346 1690 3532 1746 Eccle-

1948 1776 2081 1840 sia;
2129 1785 2189 1830 ut
2218 1777 2420 1833 nostris
2453 1776 2761 1847 futurisque
2794 1779 3127 1848 temporibus
3152 1780 3205 1833 in
3237 1780 3426 1834 eodem
3453 1781 3531 1833 lo-

1869 1845 1917 1905 Β
1945 1881 2009 1919 co
2032 1866 2231 1921 ibidem
2266 1866 2376 1922 Deo
2419 1845 2832 1930 famulantibus,
2873 1845 2940 1926 ad
2968 1865 3063 1921 Dei
3092 1865 3371 1921 servilium
3402 1882 3529 1936 per-

1943 1960 2233 2032 agendum,
2276 1969 2625 2030 augmentum
2663 1965 2716 2013 et
2761 1956 3191 2028 supplementum
3237 1960 3348 2013 ﬁat.
3378 1958 3529 2013 lianc

1941 2066 2071 2106 vero
2097 2050 2500 2115 auctoritatem,
2526 2058 2582 2103 ut
2613 2050 2909 2119 pleniorem
2935 2048 2989 2102 in
3022 2038 3114 2103 Dei
3144 2048 3360 2103 nomine
3388 2049 3528 2103 obti-

1940 2151 2067 2198 neat
2089 2143 2349 2214 vigorem,
2381 2150 2436 2195 et
2462 2156 2495 2195 a
2534 2140 2786 2197 ﬁdelibus
2827 2151 3032 2196 sancta
3061 2140 3155 2194 Dei
3184 2138 3443 2194 Ecclesia
3472 2148 3527 2193 et

1942 2234 2143 2289 nostris
2187 2233 2375 2287 verius
2423 2232 2733 2301 certiusque
2766 2229 3052 2295 credatur,
3102 2245 3264 2284 manu
3306 2229 3526 2300 propria

1941 2324 2127 2378 subter
2185 2322 2539 2387 ﬁrmavimus,
2597 2329 2654 2375 et
2699 2315 2884 2375 annuli
2934 2310 3106 2375 nostri
3171 2319 3526 2391 impressione

1940 2414 2143 2484 signari
2175 2412 2459 2483 jussimus.

2012 2504 2236 2575 Signum
2266 2502 2505 2558 Lotbarii
2546 2501 2919 2573 gloriosissimi
2954 2499 3205 2570 Augusti.

2008 2594 2335 2651 Liutltardus
2361 2594 2429 2649 ad
2459 2593 2635 2648 vicem
2664 2590 3004 2647 Ermenfredi
3030 2590 3338 2660 recognovi.

2009 2687 2143 2740 Data
2171 2700 2207 2739 ιι
2241 2682 2509 2738 Kalendas
2534 2680 2872 2745 Decembris,
2901 2694 3063 2743 anno,
3100 2678 3317 2733 Christo
3344 2679 3523 2748 propi-

1940 2776 2037 2839 tio,
2071 2757 2491 2845 imperii'domni
2527 2770 2784 2825 Ludovici
2818 2769 3152 2825 serenissimi
3180 2770 3522 2839 imperatoris

1938 2864 2030 2928 20,
2062 2864 2321 2934 regnique
2350 2861 2592 2917 Lotltarii
2623 2859 2999 2931 gloriosissimi
3032 2858 3258 2930 Augusti
3284 2860 3337 2913 in
3366 2858 3517 2913 italia

1941 2958 2027 3021 15,
2050 2955 2343 3010 indictione
2375 2954 2460 3007 ll.

2005 3046 2200 3101 Actum
2232 3044 2395 3113 Papia
2423 3044 2669 3108 civitate,
2706 3041 2906 3113 palatio
2947 3039 3188 3111 publico,
3220 3038 3272 3094 in
3304 3038 3398 3094 Dei
3426 3055 3522 3093 no-

2558 3226 2907 3284 CLXXXVII.

1938 3337 2268 3378 PISCEPTUI
2295 3335 2540 3376 LUDOVICI
2570 3332 2856 3374 GERIANICI
2884 3331 2987 3371 1³1ιο
3014 3328 3288 3371 ΩΟΒΒΕΙΠὉ
3316 3320 3519 3369 ΑΙΒΑἸἘ

2596 3425 2641 3463 8ο
2682 3424 2858 3463 GALLI.

2372 3501 2549 3571 (Auno
2574 3499 2678 3554 855
2697 3534 2711 3563 ,
2743 3498 2811 3553 i9
2846 3494 3083 3565 Octobr.)

2007 3591 2186 3664 [Apud
2209 3590 2488 3663 Neugart.,
2518 3587 2696 3643 Codex
2720 3586 3112 3649 Alamannicus,
3141 3599 3264 3654 pag.
3296 3583 3447 3656 212.]

2002 3682 2061 3735 In
2097 3681 2315 3736 nomine
2345 3688 2548 3735 sancta
2578 3688 2634 3732 et
2663 3675 2952 3731 individua
2987 3674 3302 3738 Trinitatis,
3340 3672 3517 3726 Ludo-

1934 3771 2106 3836 vicus,
2130 3769 2309 3825 divina
2332 3769 2546 3823 iavente
2566 3767 2759 3838 gratia,
2792 3780 2905 3819 rex.

2012 3861 2069 3917 Si
2110 3877 2238 3934 erga
2281 3856 2401 3915 ioca
2444 3858 2640 3913 divinis
2686 3856 2923 3911 cultibus
2960 3853 3265 3922 mancipata
3299 3860 3517 3920 propter

1934 3974 2175 4018 amorem
2211 3956 2309 4011 Dei
2343 3967 2640 4021 eorumque
2688 3950 2741 4003 in
2786 3948 2989 4002 eisdem
3037 3946 3173 4001 locis
3210 3944 3311 4000 sibi
3343 3943 3513 4002 famu-

1933 4051 2169 4106 iantibus
2213 4044 2476 4101 beneﬁcia
2531 4047 2833 4111 opportuna
2884 4038 3183 4106 largimur,
3234 4035 3514 4105 pramium

1932 4140 2089 4195 nobis
2123 4136 2262 4206 apud
2287 4132 2572 4189 Dominum
2604 4130 2658 4184 in
2680 4138 2880 4187 aterna
2908 4126 3241 4181 beatitudine
3271 4126 3516 4195 recipere

1931 4228 2274 4286 conﬁdimus.
2332 4224 2672 4293 Quaproptﬂ
2734 4218 3032 4289 compcriat
3087 4216 3291 4271 utilitas
3352 4227 3513 4285 atque

1934 4318 2196 4375 industria
2238 4315 2481 4370 omnium
2522 4312 2758 4366 ﬁdelium
2793 4318 3122 4371 nostrorum,
3160 4308 3510 4376 prasentium

1934 4411 2143 4467 scilicet
2163 4413 2221 4464 et
2242 4408 2565 4469 futurorum,
2596 4403 2723 4472 quia
2759 4402 2843 4456 vir
2865 4399 3187 4455 venerabilis
3213 4398 3513 4455 Gozbertus

254 4515 612 4587 parochiales,
645 4525 709 4569 ac
754 4508 936 4569 titulos
981 4523 1189 4579 carum,
1241 4514 1323 4569 vel
1354 4522 1673 4568 creterorum
1702 4520 1830 4581 pos-
1856 4518 1909 4578 ι)
1936 4505 2103 4560 abbas
2125 4518 2190 4557 ex
2222 4498 2553 4567 monasterio
2579 4494 2763 4587 sancti
2790 4492 2949 4557 Galli,
2977 4493 3229 4587 est
3252 4491 3418 4587 situm
3453 4492 3507 4547 in

254 4608 544 4673 sessiones,
584 4621 718 4676 quas
751 4604 1010 4660 moderno
1044 4603 1190 4671 juste
1233 4612 1289 4657 et
1336 4601 1731 4658 rationabiliter
1773 4600 1827 4655 in

252 4700 583 4771 quibuslibet
613 4697 766 4768 pagis
803 4704 859 4751 et
891 4678 1190 4751 vterritoriis
1230 4693 1368 4747 infra
1423 4692 1682 4747 ditionem
1724 4691 1829 4744 lm-

254 4796 390 4866 perii
429 4793 598 4847 nostri
644 4796 938 4844 memorata
988 4792 1134 4840 tenet
1164 4785 1247 4839 vel
1289 4784 1531 4854 possidet
1559 4782 1823 4846 Ecclesia,

253 4896 364 4940 tam
395 4900 461 4939 ex
491 4895 714 4936 munere
738 4894 919 4947 regum
948 4876 1030 4931 vel
1052 4876 1246 4930 ducum
1272 4890 1545 4944 quamque
1572 4889 1637 4928 ex
1665 4872 1828 4927 collu-

253 4983 400 5038 tionc
432 4986 749 5033 eaterorum
794 4969 1051 5031 ﬁdelium,
1085 4982 1316 5022 necnon
1356 4976 1411 5021 et
1448 4982 1513 5021 ex
1542 4965 1829 5021 oblatioiti-

254 5079 375 5136 bus,
424 5068 805 5138 emptionibus,
840 5072 895 5118 et
936 5060 1465 5123 commutationibus,
1502 5060 1585 5113 vel
1632 5060 1685 5113 in
1734 5074 1827 5113 eas

253 5180 343 5220 res
365 5177 499 5234 quas
539 5161 790 5226 deinceps
818 5172 848 5209 a
889 5151 1172 5210 catholicis
1203 5152 1334 5205 viris
1364 5151 1570 5205 collata
1625 5151 1825 5206 fuerint

253 5252 527 5315 Ecclesia,
558 5248 623 5303 ad
659 5262 852 5303 causas
877 5243 1190 5305 audiendas,
1218 5242 1300 5295 vel
1329 5240 1477 5295 l‘rcda
1509 5250 1604 5295 aut
1625 5242 1824 5294 tributa

250 5346 537 5418 exigenda,
586 5350 681 5395 aut
713 5338 1020 5393 mansiones
1048 5334 1129 5388 vel
1158 5341 1377 5403 paratas
1408 5331 1699 5396 faciendas,
1734 5340 1826 5386 aut

252 5440 595 5510 ﬁdeiussores
622 5433 904 5494 tollendos,
938 5444 1035 5483 nec
1079 5426 1326 5481 homines
1364 5425 1532 5495 ipsius
1566 5424 1823 5479 Ecclesia

323 5617 347 5646 ι
380 5599 651 5657 Habemus
677 5593 765 5649 hic
782 5589 1106 5646 Maxentium
1132 5586 1495 5657 patriarchum
1519 5586 1822 5657 Aquileienf

250 5656 539 5735 semianno
567 5668 671 5722 853
699 5662 981 5734 privilegio
1004 5656 1258 5735 donatum
1284 5677 1294 5710 :
1322 5673 1486 5735 quare
1517 5656 1633 5735 usui
1660 5656 1818 5708 alicui

250 5725 784 5803 eri-t'nionumcutum
831 5725 931 5787 hoc
976 5732 1041 5803 ad
1066 5725 1447 5803 restituendam
1481 5735 1573 5803 aut
1603 5725 1820 5803 ﬁrma"-

255 5794 816 5880 ila-mebronoiogiam
841 5800 1128 5873 prasulum
1175 5797 1614 5868 Aquileiensium.
1666 5794 1814 5850 Sole-

1926 4610 2065 4665 pago
2093 4592 2395 4661 Turgange,
2436 4601 2598 4656 super
2626 4583 2843 4639 ﬁuvium
2868 4582 3017 4651 quod
3044 4580 3240 4636 dicitur
3260 4580 3507 4643 Petrosa,

1924 4685 2115 4741 detulit
2140 4682 2470 4738 excellentia
2500 4685 2698 4732 nostra
2725 4674 2969 4745 quadam
2992 4681 3257 4742 pracepta
3292 4673 3377 4728 avi
3407 4688 3505 4729 uo-

1928 4776 2027 4830 stri
2052 4772 2230 4828 Caroli
2270 4769 2641 4842 imperatoris,
2672 4782 2770 4820 nec
2797 4780 2901 4819 non
2936 4762 3139 4818 domini
3169 4770 3225 4817 et
3251 4762 3511 4833 genitoris

1928 4866 2099 4921 nostri
2124 4863 2378 4919 Ludovici
2406 4860 2666 4931 Augu‘sti;
2706 4858 2759 4912 in
2788 4854 2984 4926 quibus
3018 4852 3397 4911 continebatur
3426 4853 3509 4906 in-

1929 4965 2157 5020 sertum,
2191 4944 2421 5025 qualiter
2462 4950 2718 5007 Sidonius
2756 4948 3084 5005 Constantia
3120 4946 3271 5000 urbis
3299 4945 3505 5013 episco-

1929 5063 2059 5116 pus,
2090 5061 2189 5101 nec
2222 5061 2326 5099 non
2354 5052 2407 5099 et
2431 5043 2666 5098 Joannes
2696 5039 2934 5111 pradicti
2972 5035 3282 5092 monasterii
3314 5034 3504 5099 abbas,

1930 5118 2151 5207 propter
2177 5136 2409 5189 futuram
2439 5132 2826 5189 dissensionem
2849 5128 2931 5182 vel
2957 5126 3191 5197 quietem
3220 5124 3504 5179 monacho-

1932 5242 2049 5279 rum
2099 5226 2239 5279 inter
2281 5240 2339 5279 se
2378 5223 2695 5277 statuissent
2728 5228 2787 5274 ut
2819 5218 2976 5273 annis
3009 5214 3232 5286 singulis
3260 5214 3504 5282 partibus

1928 5316 2167 5385 ejusdem
2196 5315 2340 5369 sedis
2369 5312 2592 5367 abbates
2622 5313 2785 5379 ipsius
2809 5306 3122 5363 monasterii
3153 5303 3333 5359 Sancti
3360 5301 3498 5355 Galli

1929 5405 2140 5458 unciam
2186 5402 2323 5467 auri,
2367 5408 2423 5455 ct
2468 5400 2734 5455 caballum
2770 5412 2957 5461 unum,
3003 5394 3267 5449 valentem
3304 5390 3497 5446 libram

1931 5587 2077 5645 bant,
2120 5586 2353 5655 inquam,
2409 5592 2464 5636 ct
2524 5584 2637 5655 loca
2687 5595 2839 5636 saera
2892 5577 3103 5655 {odrunt
3143 5582 3199 5654 et
3250 5577 3493 5655 paratam

1926 5648 2645 5725 prastare'imperatoribus
2686 5662 2981 5718 eorumque
3029 5648 3209 5701 missis
3254 5648 3492 5711 quoties-

1927 5722 2136 5795 cunque
2154 5726 2277 5781 illuc
2296 5722 2797 5794 proﬁciscebantur.
