3924 6360
225 439 360 495 i245

1341 433 1728 499 ῡιΡωΜΛΤΑ
1769 445 2315 505 ECCLESIASTICA.

3317 455 3450 510 i246

211 556 446 612 Corbeia
495 563 679 609 nostra
706 556 1052 610 concessione
1082 557 1133 609 in
1166 557 1422 626 regimine
1460 555 1658 608 habere
1701 555 1855 630 di-JA
1884 559 2080 614 dicitur
2103 560 2246 614 Nova
2269 560 2514 625 Corbeia,
2540 563 2628 617 ubi
2658 565 2906 631 praesenti
2935 572 3173 634 tempore
3197 553 3451 625 War-inus

219 647 506 723 gnoscitur
529 686 544 710 ,
581 646 900 716 complacuit
942 647 1245 702 celsitudini
1277 647 1474 702 nostrae
1501 646 1786 716 quamdam

215 737 411 793 cellam
434 734 576 806 juris
605 739 778 792 nostri
801 749 1049 793 vocatam
1077 739 1338 808 Meppiam'
1364 769 1377 804 ,~
1407 741 1526 807 qua:
1548 748 1632 793 est
1658 753 1786 792 con-

216 836 425 882 structa
468 827 520 881 in
566 841 704 897 pago
744 826 1069 898 Adegrindo,
1123 835 1419 882 memorato
1461 825 1786 882 monasterio

209 930 317 983 per
345 917 484 971 hanc
514 925 753 970 nostram
781 917 1153 971 auctoritatem
1177 919 1408 982 tradere,
1437 925 1494 970 ut
1526 926 1785 987 perpetuo

214 1005 318 1059 sub
357 1002 474 1074 ejus
519 1004 721 1059 ditio‘ne
759 1019 879 1059 cum
918 1006 1167 1060 omnibus
1196 1006 1261 1068 ad
1301 1020 1359 1060 se
1395 1005 1785 1074 pertinentibus

215 1096 484 1150 consistat
514 1112 527 1148 :
567 1094 738 1161 Hanc,
765 1102 825 1148 ut
853 1095 1105 1160 diximus,
1149 1087 1396 1150 cellulam
1432 1095 1534 1150 sub
1565 1093 1786 1162 integri—

218 1196 328 1242 tate
362 1202 483 1241 cum
527 1187 777 1242 omnibus
807 1188 966 1242 rebus
1003 1174 1067 1241 ad
1092 1195 1154 1243 se
1189 1186 1582 1258 pertinentibus
1612 1193 1668 1238 et
1698 1199 1784 1238 as-

212 1277 560 1346 picientibus,
609 1275 664 1331 id
713 1284 816 1338 est,
865 1277 1131 1341 basilicis,
1177 1275 1426 1329 domibus
1467 1272 1782 1341 exterisque

211 1365 478 1432 aediﬁciis,
506 1367 687 1430 terris,
708 1366 897 1435 pratis,
923 1366 1092 1430 silvis,
1121 1364 1278 1420 cultis
1302 1364 1436 1418 locis
1463 1371 1517 1418 et
1545 1359 1776 1424 incultis,

211 1457 503 1511 mobilibus
543 1455 704 1511 rebus
741 1464 794 1510 et
840 1456 1222 1520 immobilibus,
1265 1455 1545 1524 mancipiis
1584 1453 1780 1508 diversi

210 1559 376 1598 sexus
400 1553 454 1599 et
474 1546 667 1609 aetatis,
693 1545 988 1598 memorato
1015 1543 1340 1597 monasterio
1363 1542 1632 1596 subditam
1661 1555 1781 1594 esse

211 1635 446 1691 iacimus
469 1675 482 1699 ,
529 1636 690 1705 atque
720 1641 816 1705 per
859 1623 997 1690 hanc
1024 1643 1261 1689 nostram
1303 1634 1680 1688 auctoritatem
1707 1631 1778 1686 ita

210 1726 576 1780 condonamus
603 1733 658 1780 et
684 1725 962 1790 tradimus,
988 1733 1048 1780 ut
1074 1723 1129 1779 in
1159 1725 1280 1795 jure
1310 1723 1548 1794 ejusdem
1580 1738 1644 1776 ac
1675 1737 1781 1776 mo.

209 1816 510 1870 nachorum
557 1815 755 1870 ibidem
790 1829 888 1884 per
928 1823 1168 1885 tempora
1204 1813 1315 1868 Deo
1347 1812 1696 1868 servientium
1725 1812 1777 1864 in

1886 649 2208 703 venerabilis
2231 650 2398 704 abbas
2433 659 2617 718 pastor
2640 660 2694 706 et
2727 661 2904 711 rector
2941 668 3059 707 esse
3092 652 3448 722 dignoscitur,

1885 738 1982 792 sub
2011 738 2317 810 integritate
2360 755 2455 808 per
2489 741 2624 795 hanc
2657 752 2895 796 nostram
2940 743 3315 798 auctoritatem
3363 746 3455 800 de-

1886 824 2079 893 legare,
2108 836 2168 880 ut
2200 827 2402 882 nostris
2427 837 2482 882 et
2512 845 2882 884 successorum
2914 841 3221 885 nostrorum
3249 839 3453 902 tempo—

1886 916 2032 997 ribus
2081 917 2134 970 in
2185 918 2387 973 ditione
2429 917 2666 986 ejusdem
2710 923 3018 977 monasterii
3071 923 3454 999 perpetualiter

1884 1007 2198 1072 consistant,
2223 1008 2289 1061 ad
2323 1010 2583 1078 stipendia
2616 1012 2999 1067 monachorum
3024 1013 3154 1068 inibi
3193 1016 3450 1070 constitu-

1884 1103 2079 1159 torum,
2101 1104 2156 1151 et
2185 1098 2530 1154 necessitates
2551 1102 2791 1169 ejusdem
2817 1105 3125 1158 monasterii
3146 1120 3437 1174 procuran-

1883 1185 1980 1238 das
2009 1195 2167 1256 autne
2194 1187 2566 1244 sublevandas.
2612 1189 2738 1254 Has,
2776 1200 2836 1246 ut
2860 1193 3111 1258 diximus,
3147 1195 3298 1251 villas
3327 1211 3447 1250 cum

1881 1275 2128 1329 omnibus
2161 1277 2340 1341 fabas,
2370 1279 2699 1346 appendiciis
2728 1289 2782 1335 et
2807 1281 3054 1336 terminis
3076 1283 3208 1348 suis,
3243 1291 3444 1339 etcum

1879 1365 2129 1420 omnibus
2153 1366 2220 1420 ad
2242 1382 2300 1420 se
2324 1369 2728 1434 pertinentibus,
2757 1372 2808 1424 id
2824 1381 2925 1436 est,
2954 1372 3200 1428 domibus
3221 1377 3452 1430 caeteris;

1880 1471 1985 1524 que
2007 1457 2269 1522 aediﬁciis,
2305 1461 2482 1525 terris,
2515 1463 2708 1530 pratis,
2743 1464 2915 1527 silvis,
2950 1466 3178 1534 campis,
3213 1469 3445 1535 pascuis.

1879 1546 2056 1614 aquis,
2097 1554 2427 1615 aquar‘umve
2471 1549 2819 1615 decursibus,
2851 1553 3012 1608 cultis
3037 1553 3170 1608 locis
3195 1563 3249 1609 et
3276 1555 3448 1608 incul-

1879 1635 1968 1700 tis,
1997 1635 2285 1691 mobilibus
2310 1636 2472 1694 rebus
2497 1653 2561 1693 ac
2589 1654 2647 1694 se
2677 1640 2819 1708 ipsas
2844 1643 3200 1708 moventibus,
3239 1645 3446 1699 manci-

1878 1723 1982 1792 piis
2024 1723 2223 1779 diversi
2269 1740 2430 1780 sexus
2479 1741 2544 1780 ac
2589 1729 2793 1793 astatis,
2830 1730 3086 1798 praedicto
3127 1732 3452 1786 monasterio

1878 1813 2226 1868 concedimus
2257 1823 2416 1883 atque
2444 1816 2852 1882 conﬁrmamus,
2878 1827 2937 1873 ut
2959 1821 3026 1874 ab
3056 1821 3156 1874 hac
3176 1821 3262 1874 die
3283 1821 3334 1876 in
3363 1820 3450 1874 fu“

208 1907 439 1963 diversis
483 1907 898 1991 necessitatibus
937 1907 1006 1961 ad
1046 1906 1288 1962 divinum
1321 1905 1523 1964 cultum
1553 1907 1780 1976 'p‘ro‘p‘en-
1811 1890 1857 1949 Β
1887 1911 2088 1965 turum,
2112 1903 2267 1958 sicuti
2290 1904 2493 1958 dictum
2523 1915 2632 1972 est,
2665 1906 2719 1959 in
2754 1905 2877 1974 jure
2918 1916 2972 1962 et
2993 1915 3260 1976 potestate
3285 1908 3454 1978 ipsius

207 1999 323 2054 sius
368 1999 767 2066 exsequendum
791 1999 994 2067 absque
1022 1996 1308 2068 cujuslibet
1332 1996 1687 2053 diminutione
1717 2008 1780 2050 ac

209 2089 593 2144 retractatione
620 2097 965 2158 permaneat,
1013 2095 1072 2145 et
1103 2087 1279 2143 nullus
1305 2087 1540 2143 ﬁdelium
1568 2092 1780 2143 nostro—

209 2192 328 2232 rum
358 2176 428 2231 ab
467 2192 652 2234 eorum
688 2180 1052 2235 dominatione
1095 2188 1152 2234 et
1186 2186 1453 2249 potestate
1491 2193 1610 2233 eam
1639 2191 1778 2246 quo-'-

206 2283 316 2338 quo
355 2269 514 2324 modo
555 2268 787 2335 auferre,
825 2277 919 2324 aut
960 2271 1016 2324 in
1054 2270 1213 2323 aliam
1251 2269 1546 2338 quamlibet
1571 2276 1779 2337 partem

206 2369 526 2434 quacunque
549 2361 833 2418 occasione
852 2355 1149 2417 transferre
1168 2368 1479 2432 pragsumat,
1503 2359 1597 2415 sed
1619 2359 1780 2414 liceat

207 2460 508 2507 memorato
534 2452 737 2518 abbati,
784 2451 1006 2522 ejusque
1038 2451 1459 2514 successoribus,
1499 2458 1563 2502 ac
1600 2463 1779 2502 mona-

206 2541 324 2596 cbis
354 2542 408 2595 in
432 2547 726 2597 memorato
766 2542 1092 2597 monasterio
1123 2555 1219 2610 per
1249 2551 1488 2608 tempora
1537 2538 1777 2607 degenti-

208 2629 308 2684 bus
323 2627 437 2697 jam
461 2630 601 2684 dicta
637 2626 767 2684 cella
794 2639 916 2684 eunt
942 2630 1190 2685 omnibus
1219 2628 1286 2682 ad
1309 2642 1426 2681 eam
1458 2625 1774 2694 pertinenti-

209 2717 395 2777 bnsad
419 2717 514 2772 Dei
546 2734 610 2774 ac
635 2719 844 2772 Domini
875 2719 1044 2774 nostri
1073 2713 1201 2772 Jesu
1233 2717 1431 2772 Christi
1460 2713 1776 2769 famulatum

207 2807 517 2878 diligentius
563 2811 920 2879 peragendum
955 2809 1034 2863 uti
1077 2809 1278 2878 absque
1301 2807 1616 2876 cujusquam
1645 2820 1773 2860 con-

209 2887 512 2965 trarietate,
543 2908 598 2954 et
632 2915 962 2969 quaecunque
989 2899 1057 2954 ad
1095 2913 1222 2954 suos
1253 2898 1307 2952 in
1350 2897 1562 2950 Domini
1604 2894 1773 2950 nostri

207 2987 335 3045 Jesu
373 2990 573 3044 Christi
615 2990 804 3045 militia
845 3006 973 3045 usus
1017 2999 1085 3046 et.
1115 2989 1464 3044 necessitates
1505 2986 1777 3057 pertinent

210 3079 474 3133 adornare
495 3119 510 3144 ,
545 3079 825 3150 disponere
845 3079 1097 3150 justeque
1119 3078 1358 3146 eilicere,
1389 3086 1654 3149 quatenus
1678 3091 1776 3146 pro

209 3169 385 3234 nobis,
427 3169 652 3241 conjuge
677 3169 933 3240 proleque
963 3178 1169 3235 nostra,
1208 3179 1263 3225 et
1294 3175 1427 3239 pace
1466 3185 1529 3225 ac
1569 3168 1775 3224 stabili-

208 3269 321 3315 tate
343 3263 505 3315 totius
528 3261 737 3329 imperii
761 3276 790 3314 a
817 3261 926 3315 Deo
954 3261 1108 3316 nobis
1137 3260 1407 3315 commissi
1429 3259 1659 3313 alacrius
1683 3273 1775 3312 eos

209 3349 574 3404 indesinenter
596 3349 804 3403 Domini
829 3350 1253 3404 misericordiam
1275 3362 1501 3402 exorare
1525 3347 1777 3401 delectet.

210 3439 280 3496 Et
304 3448 363 3494 ut
385 3439 499 3494 bzec
521 3447 702 3493 nostra
725 3439 1016 3494 auctoritas
1039 3438 1396 3493 inviolabilem
1420 3447 1474 3490 et
1500 3437 1777 3491 inconvul-

210 3545 330 3585 sam
357 3529 604 3584 obtineat
627 3528 957 3592 ﬁrmitatem,
986 3543 1144 3582 manu
1173 3528 1386 3596 propria
1413 3526 1780 3594 ascripsimus,

209 3628 269 3675 et
302 3619 482 3674 annuli
513 3620 683 3674 nostri
709 3619 1060 3688 impressione
1081 3617 1342 3688 assignari
1357 3616 1636 3688 jussimus.

284 3710 511 3780 Signum
546 3709 798 3765 Ludovici
822 3709 1150 3765 serenissimi
1186 3708 1544 3779 imperatoris.

285 3800 680 3856 Hirminmarus
722 3797 961 3856 notarius
1008 3801 1075 3856 ad
1125 3801 1298 3855 vicem
1342 3799 1582 3853 liuaonis
1630 3813 1780 3853 reco-

214 3892 375 3962 gnovi
405 3899 459 3945 et
484 3891 797 3960 subscripsi.

288 3984 423 4036 Data
449 3998 520 4036 vn
542 3981 665 4037 Idus
690 3981 1174 4047 Decembr.,anno,
1195 3979 1410 4034 Christo
1434 3979 1688 4048 propitio,
1713 3976 1778 4030 21

217 4074 429 4143 imperii
458 4073 639 4128 domni
672 4073 926 4128 Ludo'vici
962 4073 1187 4144 piissimi
1213 4069 1459 4142 Augusti,
1496 4069 1787 4124 indictione

220 4162 306 4216 η.
350 4163 545 4218 Actum
600 4162 883 4218 Blanciaco
923 4165 976 4218 in
1020 4163 1235 4217 nomine
1273 4160 1484 4216 Domini
1536 4158 1780 4214 feliciter.

217 4253 412 4308 Amen.

847 4342 1174 4399 CLXXXIX.

638 4447 739 4487 PRO
775 4447 951 4486 EODEI
991 4447 1342 4488 IONASTERIO.

815 4521 988 4592 (Anno
1028 4521 1174 4592 sat.)

575 4615 750 4687 [Apud
777 4614 1034 4680 Schaten,
1058 4616 1205 4682 ibid.,
1235 4631 1288 4686 p.
1315 4617 1428 4689 97.]

292 4709 350 4762 In
385 4708 598 4764 nomine
635 4708 844 4764 Domini
889 4708 981 4762 Dei
1017 4717 1072 4764 et
1117 4707 1411 4762 Salvatoris
1449 4708 1619 4762 nostri
1660 4708 1785 4763 Jesu

221 4799 444 4863 Christi,
492 4799 793 4854 Ludovicus
841 4801 1021 4856 divina
1076 4801 1464 4869 repropitiante
1498 4801 1784 4856 clementia

223 4893 517 4961 imperator
536 4891 823 4961 Augustus.

293 4982 351 5038 Si
400 4982 737 5038 liberalitatis
786 4991 980 5037 nostrae
1034 4995 1256 5037 munere
1306 4983 1370 5038 de
1429 4983 1700 5037 beneﬁciis
1753 4995 1782 5036 a

221 5073 331 5128 Deo
368 5073 522 5126 nobis
563 5073 790 5135 collatis,
840 5071 971 5126 locis
1018 5072 1124 5124 Deo
1154 5071 1344 5126 dicatis
1369 5071 1618 5140 quiddam
1663 5087 1788 5125 con-

220 5163 480 5225 ferimus,
534 5163 585 5214 id
618 5163 770 5215 nobis
808 5171 862 5214 et
900 5163 966 5215 ad
1014 5161 1297 5214 mortalem
1344 5162 1511 5214 vitam
1565 5161 1788 5215 feliciter

221 5254 650 5322 transigendam,
709 5261 762 5305 et
811 5253 874 5306 ad
923 5261 1176 5306 {sternam
1227 5252 1608 5322 perpetualiter
1643 5251 1783 5305 obti-

223 5344 450 5398 nendam
501 5343 834 5411 profuturum
881 5343 1082 5411 liquido
1125 5344 1410 5395 credimus.
1450 5342 1652 5394 idcirco
1691 5358 1785 5395 no-

220 5443 332 5488 tum
396 5433 508 5486 ﬁeri
567 5433 807 5487 volumus
858 5434 1095 5486 omnium
1158 5433 1390 5485 ﬁdelium
1442 5439 1779 5492 ttoslrorum,

221 5533 328 5578 tam
358 5524 696 5592 przesentium
727 5531 960 5591 quamet
990 5521 1286 5575 futurorum
1306 5562 1318 5584 ,
1356 5521 1587 5574 solertiae
1608 5560 1620 5584 ,
1658 5522 1780 5590 quia

221 5613 542 5680 complacuit
590 5613 860 5665 serenitati
899 5621 1118 5674 nostrzc,
1169 5611 1426 5678 quasdam
1463 5611 1614 5662 villas
1647 5612 1783 5680 juris

221 5703 424 5765 nostri,
473 5705 603 5756 sitas
662 5707 712 5757 in
764 5703 1043 5771 Attgariis,
1089 5703 1143 5754 in
1181 5701 1374 5770 Logui,
1421 5716 1645 5767 quarum
1693 5716 1783 5753 v0-

222 5795 408 5850 cabula
450 5806 568 5850 sunt
618 5797 851 5851 Slillllcltl
883 5804 935 5848 ct
978 5795 1247 5856 ilcmluon,
1290 5796 1782 5866 inunaslcrioquod

1879 1998 2140 2058 perpetuo
2171 2001 2543 2059 permaneant;
2567 1993 2768 2061 absque
2792 1994 3078 2064 cujuslibet
3098 1995 3334 2060 comitis,
3369 1995 3450 2050 vel

1879 2077 2074 2146 publici
2090 2076 2306 2145 judicis,
2324 2089 2433 2140 ,aut
2458 2079 2744 2150 cujuslibet
2766 2096 3010 2150 persona:
3028 2084 3454 2138 contradictione

1879 2167 1960 2220 vel
1990 2166 2366 2236 refragatione.
2398 2169 2465 2224 Et
2491 2178 2550 2223 ut
2576 2170 2689 2225 haec
2729 2179 2927 2226 nostra:
2949 2172 3254 2234 donationis
3290 2183 3448 2244 atque

1876 2259 2241 2312 concessionis
2266 2260 2563 2314 auctoritas
2595 2260 2960 2315 inviolabilem
2997 2272 3052 2318 et
3076 2263 3448 2322 inconvulsam

1876 2345 2118 2402 obtineat
2160 2349 2492 2414 ﬁrmitatem,
2533 2365 2692 2403 manu
2735 2352 2950 2420 propria
2987 2352 3170 2407 Subter
3205 2369 3324 2407 eam
3360 2355 3449 2408 ﬁr-

1873 2436 2161 2513 mavimus,
2191 2446 2246 2493 et
2270 2439 2457 2493 annuli
2481 2440 2651 2494 nostri
2677 2441 3028 2511 impressione
3051 2442 3317 2513 assignari
3335 2445 3450 2514 jus-

1875 2527 2062 2599 simus.

1947 2615 2171 2687 Signum
2197 2617 2450 2674 Ludovici
2482 2622 2814 2676 serenissimi
2845 2622 3206 2692 imperatoris.

1945 2709 2339 2765 llirminmarus
2370 2712 2610 2766 notarius
2654 2714 2722 2768 ad
2752 2714 2922 2769 vicem
2954 2716 3260 2785 Thcogonis
3293 2731 3444 2772 reco-

1874 2799 2031 2870 gnovi
2061 2809 2116 2853 et
2141 2801 2453 2871 subscripsi.

1949 2890 2080 2944 Data
2120 2890 2243 2946 ldus
2273 2891 2418 2956 Maii,
2437 2908 2597 2959 anno,
2620 2893 2834 2950 Christo
2865 2897 3115 2965 propitio,
3138 2897 3199 2951 ΩΙ
3235 2899 3447 2968 imperii

1875 2981 2054 3036 domni
2097 2980 2346 3036 Ludovici
2401 2983 2628 3050 piissimi
2691 2985 2963 3056 Augusti,
3014 2986 3309 3042 indictione
3352 2988 3439 3042 l2.

1873 3070 2064 3125 Actum
2091 3070 2412 3142 Aquisgrani
2433 3071 2634 3141 palatio
2666 3075 2813 3144 regio
2851 3075 2902 3129 in
2943 3075 3038 3130 Dei
3082 3078 3301 3134 nomine
3340 3077 3464 3132 feli-

1879 3163 2032 3217 citer.
2061 3163 2252 3218 Amen.

2592 3255 2747 3312 CXC.

2281 3359 2381 3398 ιιιιο
2423 3359 2664 3400 ἰεΟιΕΞΙΔ
2702 3360 3031 3402 ϐεῐιυΝυΕΝΒΙ
3041 3387 3053 3400 .

2489 3434 2663 3503 (Anno
2698 3435 2847 3506 854.)

1884 3523 2114 3595 tuom,
2149 3511 2368 3594 εερα-ῆα
2406 3527 2656 3595 sagrada,
2687 3534 2816 3579 tom.
2850 3527 3028 3592 xun,
3054 3543 3172 3599 pag.
3210 3529 3330 3593 375,
3384 3547 3449 3586 ex

2196 3618 2401 3670 archiv.
2439 3618 2695 3688 episeopii
2723 3618 3134 3692 Ccrundensis.)

1953 3705 2009 3758 In
2041 3707 2254 3760 nomine
2301 3707 2509 3760 Domini
2544 3708 2635 3761 Dei
2685 3718 2737 3762 et
2781 3709 3076 3765 Salvatoris
3124 3713 3292 3767 nostri
3324 3712 3449 3767 Jesu

1880 3793 2101 3857 Christi,
2121 3795 2441 3854 Ludovicus.
2469 3797 2649 3851 divina
2668 3799 2990 3867 propitiante
3015 3800 3320 3868 clementia,
3355 3804 3452 3856 im-

1881 3894 2098 3950 perator
2113 3885 2414 3956 Augustus.

1955 3972 2011 4025 Si
2041 3988 2170 4042 erga
2213 3975 2328 4028 loca
2360 3976 2556 4032 divinis
2605 3978 2836 4034 cultibus
2886 3981 3188 4048 mancipata
3236 3991 3454 4051 propter

1886 4078 2123 4118 amorem
2153 4066 2245 4120 Dei
2277 4058 2497 4137 ejusque
2539 4070 2590 4122 in
2633 4071 2830 4125 eisdem
2877 4072 3009 4126 locis
3049 4072 3178 4126 inibi
3220 4074 3330 4127 Deo
3376 4073 3454 4128 fa-

1885 4153 2209 4207 mulantibus
2239 4155 2497 4211 beneﬁcia
2529 4168 2827 4226 opportuna
2856 4160 3138 4231 largimur,
3169 4164 3447 4232 prmmium

1886 4242 2024 4311 apud
2039 4243 2320 4297 Dominum
2341 4253 2557 4301 aeterna:
2584 4251 3029 4305 remunerationis
3055 4252 3205 4306 nobis
3234 4255 3449 4321 rependi

1887 4349 1992 4387 non
2033 4334 2338 4390 diilidimus.
2379 4337 2545 4407 igitur
2572 4349 2754 4394 notmn
2787 4356 2904 4396 esse
2939 4343 3183 4396 volumus
3212 4343 3448 4402 omnium

1889 4424 2486 4491 ildeliumrnostrorum,
2522 4437 2626 4482 tam
2663 4432 3008 4500 prmscntium
3031 4448 3191 4501 quam
3223 4442 3278 4486 et
3305 4431 3450 4486 futu-

1812 4547 1864 4612 Β
1892 4530 2095 4579 rorum,
2145 4516 2440 4581 industriae,
2489 4519 2613 4586 quia
2660 4521 2983 4576 venerabilis
3009 4521 3214 4576 Winter
3253 4531 3452 4576 sancta:

1892 4604 2254 4662 Cerundensis
2297 4604 2551 4664 Ecclesiae
2613 4613 2896 4681 episcopus
2960 4621 3198 4667 nostram
3267 4615 3452 4668 adiens

1890 4690 2262 4748 celsitudinem
2307 4697 2459 4764 petiit
2490 4705 2549 4751 ut
2576 4709 2924 4756 memoratam
2954 4703 3134 4756 sedem
3164 4717 3286 4756 cum
3313 4704 3452 4758 villis

1888 4793 1945 4837 et
1990 4785 2293 4840 hominibus
2341 4802 2369 4839 a
2415 4787 2612 4843 domno
2658 4799 2712 4844 et
2758 4794 3000 4861 genitore
3035 4802 3222 4848 nostro
3260 4795 3452 4849 Carolo

1889 4877 2114 4944 aliisque
2144 4878 2348 4930 devotis
2379 4879 2684 4932 hominibus
2712 4880 2883 4933 eidem
2911 4881 3026 4935 sedi
3055 4882 3282 4946 collatis,
3319 4899 3452 4950 quas

1889 4957 2048 5020 nunc'
2077 4968 2352 5035 possidere
2402 4969 2754 5038 dignoscitur,
2792 4969 2843 5023 id
2877 4979 2979 5034 est,
3009 4971 3060 5024 in
3090 4985 3227 5040 pago
3254 4972 3451 5040 Empu-

1890 5056 2066 5109 ritano
2103 5056 2280 5108 villam
2321 5065 2682 5124 nuncupatam
2713 5057 2934 5111 Olianus
2961 5073 3082 5112 cum
3127 5059 3239 5113 suis
3270 5059 3451 5112 termi-

1889 5145 1994 5209 nis,
2022 5154 2077 5198 et
2107 5146 2281 5199 villam
2315 5155 2591 5199 vocantem
2619 5148 2971 5213 Cacavianus,
2998 5165 3060 5204 ac
3087 5149 3326 5202 villarem
3359 5163 3452 5200 an-

1888 5236 2092 5302 tiquum
2120 5234 2446 5299 Celsianum,
2482 5251 2605 5289 cum
2650 5236 2832 5290 villula
2865 5254 3020 5300 nova,
3071 5253 3230 5307 quam
3263 5246 3451 5290 vocant

1889 5322 2146 5384 Vellos«is,
2189 5338 2307 5375 cum
2349 5323 2570 5377 castello
2611 5339 2812 5392 suoque
2855 5327 3101 5388 termino,
3142 5334 3196 5379 et
3237 5327 3286 5378 in
3319 5341 3451 5393 pago

1886 5413 2235 5465 Cerumlense
2278 5412 2616 5466 medietatem
2652 5415 2716 5468 de
2754 5414 2874 5467 villa
2911 5414 3145 5479 Mollcro,
3182 5424 3235 5467 ct
3265 5414 3451 5466 Millia-

1891 5520 2005 5558 sam
2037 5503 2234 5564 villam,
2283 5511 2610 5570 crcterasque
2659 5520 2743 5557 res
2788 5521 2923 5572 quas
2965 5520 2994 5557 a
3025 5505 3178 5574 longo
3215 5512 3451 5572 tempore

1891 5598 2020 5651 inibi
2050 5597 2323 5665 possidere
2368 5597 2718 5666 dignoscitur,
2765 5598 2919 5650 simul
2961 5615 3077 5650 cum
3113 5597 3265 5649 tertia
3301 5604 3450 5664 parte

1891 5687 1954 5740 dc
2005 5686 2306 5754 pascuario,
2364 5693 2419 5738 et
2463 5685 2668 5739 teloneo
2717 5685 2782 5740 de
2838 5687 2951 5753 ipso
3005 5701 3158 5753 pago,
3211 5684 3448 5750 rliasquc

1891 5777 2064 5840 villas,
2113 5788 2341 5843 quarum
2391 5773 2645 5828 vocabula
2691 5785 2814 5829 sunt
2857 5773 3141 5828 Castellum
3197 5773 3444 5834 fractum,
