3924 6312
186 379 210 433 l
221 377 323 435 illi

1320 358 1716 420 DlPLOMATA
1753 351 2311 411 ECCI.ESIASTICA.

3306 351 3443 407 1250

180 488 443 548 indicavit
491 484 721 557 qualiter
761 482 1044 538 Batericus
1089 477 1353 534 vassallus
1402 484 1604 533 uoster.
1638 475 1765 529 dum
1796 470 1844 531 Α
1869 467 2137 537 suggessit
2166 464 2563 557 mansuetudini
2595 464 2897 557 nostraede
2941 464 3193 557 episcopo
3236 478 3444 557 inemo-

179 584 238 639 in
282 586 582 643 memorato
617 575 948 631 monasterio
991 571 1289 626 monasticc
1325 568 1523 638 degere
1559 565 1761 621 delibe-

182 680 377 735 rasset,
410 667 697 739 quamdam
725 665 907 720 villam
946 664 1028 719 sui
1060 660 1218 731 juris,
1253 675 1416 729 quam
1454 657 1762 728 nuperrime

183 781 215 820 a
263 773 448 819 nostra
501 761 784 831 largitione
835 757 888 811 in
931 754 1205 826 proprium
1254 757 1588 821 perceperat,
1640 762 1763 818 qua:

184 866 411 911 vocatur
437 848 1053 917 iladalbodi-Sperarius
1093 843 1317 900 solemni
1358 857 1505 898 more
1552 854 1649 910 per
1684 849 1764 895 te-

183 951 512 1001 stamentum
563 939 869 997 donationis
918 952 1079 992 manu
1131 950 1225 989 sua
1269 942 1323 989 et
1352 934 1593 988 virorum
1645 931 1764 985 illu-

182 1035 381 1091 strium
420 1032 668 1089 manibus
706 1030 1021 1095 roboratam
1051 1028 1225 1081 eidem
1264 1024 1598 1080 monasterio
1628 1021 1768 1077 dele-

183 1134 386 1195 gasset.
429 1121 565 1176 Nam
601 1128 662 1175 ut
690 1120 846 1175 nobis
876 1120 950 1174 ita
983 1117 1185 1173 factum
1225 1117 1494 1171 exstitisse
1522 1123 1767 1185 patesce-

185 1222 292 1279 ret,
330 1212 643 1268 obtulerunt
678 1209 977 1281 prrescutize
1014 1218 1215 1262 nostra:
1243 1204 1543 1275 largitionis
1579 1212 1767 1258 aucto-

184 1305 423 1370 t‘itatem,
470 1320 569 1375 per
608 1316 769 1373 quam
814 1298 1002 1355 eadem
1026 1297 1153 1351 villa
1194 1303 1494 1351 memorato
1517 1294 1766 1349 Baterico

184 1399 243 1455 in
283 1397 559 1468 proprium
597 1409 628 1448 a
662 1392 815 1448 nobis
855 1404 1112 1444 concessa
1150 1387 1345 1452 fuerat,
1377 1395 1433 1441 et
1468 1393 1766 1439 testamen-

186 1499 305 1544 tum
356 1486 665 1543 donationis
716 1492 879 1552 atque
928 1480 1256 1545 traditionis,
1298 1495 1396 1549 per
1439 1478 1581 1548 quod
1623 1479 1767 1532 hanc

187 1581 437 1635 eamdem
482 1578 663 1632 villam
707 1575 833 1630 dum
880 1574 1233 1629 monasticam
1268 1580 1545 1643 expeteret
1573 1571 1766 1637 vitam,

184 1670 506 1741 praescripto
544 1666 872 1723 monasterio
908 1674 964 1720 et
990 1665 1271 1719 monachis
1305 1664 1438 1719 inibi
1468 1664 1770 1720 consisten-

185 1760 333 1814 tibus
381 1758 686 1829 delcgavit,
739 1756 1005 1824 simulque
1056 1756 1330 1825 petierunt
1377 1769 1443 1810 ac
1490 1753 1767 1826 deprecati

1863 567 1994 613 rata:
2023 557 2177 613 urbis
2196 555 2307 626 iam
2337 554 2463 610 olim
2489 556 2591 610 sibi
2618 571 2646 609 a
2691 555 2847 609 nobis
2873 557 2940 609 ad
2983 554 3191 626 plebem
3232 556 3441 610 Domini

1862 648 2033 703 nostri
2060 646 2188 703 Iesu
2216 645 2419 701 Christi
2456 646 2742 715 regendam
2768 646 3077 704 commisso.
3116 644 3261 715 quod
3291 645 3445 701 valde

1863 752 1986 791 eum
2017 737 2344 793 intrinsecus
2383 742 2436 790 et
2458 734 2796 795 extrinsecus
2833 742 2940 787 tam
2978 735 3030 787 in
3066 735 3260 789 divinis
3288 736 3445 790 obse-

1865 830 2006 899 quiis
2026 844 2188 898 quam
2219 828 2273 881 iu
2297 826 2548 882 humanis
2569 824 2757 881 ciliciis
2783 833 2837 882 et
2870 825 3207 891 ministeriis,
3242 836 3349 881 tam
3386 828 3439 882 in

1865 920 2249 974 eanonicorum
2281 917 2707 972 institutionibus
2736 925 3046 986 sancteque
3083 918 3203 973 vita:
3245 918 3445 988 regulis

1865 1026 2027 1081 quam
2058 1011 2111 1065 in
2135 1009 2381 1066 aediliciis
2407 1009 2636 1079 aliisque
2678 1010 2840 1065 rebus
2869 1011 3212 1073 necessariis,
3248 1012 3443 1080 partim

1868 1110 2141 1158 rectorum
2173 1102 2397 1164 incuria,
2446 1101 2643 1171 partim
2673 1117 2802 1157 vero
2849 1102 3257 1171 przrpositorum
3290 1103 3444 1174 lgna-.-

1868 1194 1974 1259 via,
2003 1194 2323 1250 destitutum
2350 1201 2406 1248 et
2427 1192 2572 1247 nullo
2602 1207 2738 1261 pene
2767 1201 2927 1246 rcctze
2954 1191 3314 1247 ordinationis
3337 1202 3440 1247 tra-

1868 1284 2002 1338 mite
2028 1284 2408 1354 prmmunitum
2439 1284 2725 1347 invenerit,
2754 1283 2847 1336 sed
2874 1290 2930 1335 et
2959 1292 3169 1347 sancto,
3200 1292 3253 1336 ut
3284 1296 3445 1352 opor-

1868 1379 2038 1443 lebat,
2066 1377 2218 1447 justo
2237 1393 2540 1449 magnoque
2564 1377 2766 1443 labore,
2795 1377 3018 1431 summis
3043 1376 3265 1441 viribus,
3291 1384 3452 1445 prout

1869 1469 2131 1524 Dominus
2167 1483 2329 1539 posse
2358 1468 2485 1523 dare
2515 1468 2764 1537 dignatus
2801 1474 2903 1529 est,
2947 1474 3001 1519 et
3043 1466 3243 1536 ingenti
3271 1464 3448 1519 studio

1868 1560 1937 1615 ad
1963 1558 2301 1614 rectitudinis
2329 1558 2648 1628 decorisque
2686 1572 2931 1611 normam
2964 1558 3258 1624 perducere
3284 1570 3441 1608 cura-

1868 1647 2027 1714 verit,
2053 1655 2107 1702 et
2131 1647 2513 1703 canonicorum
2547 1646 2716 1700 vitam
2767 1646 2962 1699 ibidem
3004 1644 3233 1699 Domino
3272 1642 3445 1696 famu-

1867 1736 2099 1791 lantium
2124 1738 2180 1791 in
2208 1736 2483 1791 canonicis
2510 1733 2937 1788 institutionibus
2959 1732 3315 1801 humanaeque
3337 1730 3415 1783 l‘ra
3434 1760 3447 1769 -

186 1860 320 1903 sunt
355 1863 471 1912 nos,
504 1824 576 1902 *ιιι
605 1856 828 1916 propter
862 1846 1344 1915 tergiversationes
1383 1824 1767 1903 malevolorum

1874 1828 2066 1899 gilitati
2099 1826 2380 1897 stipendiis
2400 1824 2744 1890 necessariis,
2778 1834 2941 1893 atque
2971 1824 3307 1878 diversarum
3337 1838 3453 1892 spc-

185 1955 355 2009 super
407 1939 626 1994 easdem
690 1938 1119 2007 conseriptiones
1180 1947 1381 1993 nostrae
1430 1940 1771 1997 auctoritatis

184 2042 511 2104 prmeeptum
543 2032 814 2086 ﬁrmitatis
840 2032 1010 2101 gratia
1035 2031 1151 2085 ﬁeri
1168 2030 1500 2099 juberemus.
1530 2032 1770 2100 Quorum

187 2124 432 2193 petitioni
481 2133 780 2177 annuentes
828 2124 967 2175 hanc
1009 2131 1208 2176 nostra:
1252 2123 1593 2179 auctoritatis
1632 2138 1772 2195 prae-

187 2215 497 2283 ceptionem
548 2221 845 2268 memorato
876 2212 1194 2267 Marcuardo
1232 2213 1526 2269 venerabili
1564 2214 1771 2279 abbati,

188 2307 276 2360 vel
315 2307 382 2361 ad
418 2315 626 2377 partem
658 2303 771 2377 jam
808 2305 936 2359 dicti
980 2305 1293 2359 monasterii
1337 2305 1419 2359 sui
1462 2304 1577 2359 ﬂeri
1606 2304 1774 2374 jussi-

189 2415 330 2458 mus,
364 2414 461 2468 per
484 2412 644 2467 quam
670 2396 1011 2451 decernimus
1035 2402 1197 2464 atque
1226 2394 1481 2461 iubemus
1511 2406 1573 2451 ut
1595 2396 1774 2452 nullus

194 2489 431 2544 ﬁdelium
458 2497 762 2543 nostrorum
788 2487 852 2540 de
879 2486 1134 2556 praedicta
1165 2485 1286 2537 villa
1314 2495 1613 2540 memorato
1639 2485 1777 2540 Mar-

190 2578 397 2634 cuardo
418 2586 511 2631 aut
534 2576 940 2632 successoribus
966 2575 1083 2645 ejus
1119 2573 1228 2628 ullo
1258 2590 1497 2645 unquam
1530 2584 1777 2647 tempore

192 2668 619 2740 inquietudinem
679 2665 895 2731 facere,
942 2674 1038 2719 aut
1093 2664 1389 2735 quamlibet
1449 2664 1775 2725 calumniam

192 2756 439 2827 ingerere
480 2762 809 2825 prasumat:
855 2753 950 2807 sed
990 2754 1068 2808 sic
1108 2768 1227 2807 eam
1270 2762 1527 2824 perpetua
1569 2769 1779 2825 posses-

190 2846 345 2901 sione
370 2859 498 2914 pars
525 2842 637 2912 jam
673 2843 803 2897 dicti
839 2844 1153 2899 monasterii
1193 2844 1491 2914 possideat,
1518 2844 1779 2914 quemad-

194 2933 416 2989 modum
472 2946 504 2987 a
551 2933 707 2988 nobis
754 2942 1051 2989 memorato
1094 2933 1357 2989 Bader‘ico
1402 2935 1456 2990 in
1498 2936 1777 3009 proprium

191 3038 454 3080 concessa
496 3022 580 3076 vel
618 3023 822 3078 tradita
870 3021 1011 3089 fuit,
1072 3022 1157 3077 vel
1207 3024 1659 3093 quemadmodum
1708 3024 1777 3079 ab

192 3113 386 3168 eodem
426 3112 685 3168 Baderico
726 3127 825 3181 per
872 3119 1253 3167 testamentum
1312 3128 1424 3168 sua;
1472 3113 1776 3169 traditionis

1867 1921 2081 1974 cierum
2110 1918 2430 1973 habitaculis
2452 1926 2507 1972 et
2536 1917 2788 1972 claustris
2817 1916 3059 1985 apprime
3082 1916 3449 1980 exornaverit,

1874 2009 2009 2064 utin
2036 2018 2312 2079 posterum
2341 2024 2530 2064 eorum
2574 2009 2686 2063 vita
2719 2008 2772 2062 in
2796 2008 2941 2061 nullo
2982 2008 3278 2070 decideret,
3315 2022 3450 2061 non-

1872 2099 2035 2155 nullis
2060 2108 2371 2155 memorata:
2403 2100 2548 2153 sedis
2576 2099 2716 2154 villis
2740 2107 2796 2153 et
2826 2100 2988 2152 rebus
3020 2096 3339 2163 sull‘ulserit,
3362 2099 3455 2152 tri-

1873 2188 2090 2245 buendo
2117 2189 2325 2244 scilicet
2370 2188 2475 2242 illis
2512 2188 2567 2242 in
2609 2188 2839 2242 circuitu
2888 2200 3166 2241 murorum
3212 2186 3453 2253 ejusdem

1874 2278 2112 2334 civitatis
2148 2278 2387 2334 colonias
2417 2279 2570 2343 duas,
2600 2286 2657 2332 et
2689 2278 2742 2332 in
2780 2278 2970 2331 eodem
3014 2292 3153 2347 pago
3192 2276 3439 2346 Lingoni-

1874 2383 1995 2423 cam
2020 2368 2203 2422 villam
2225 2375 2468 2423 vocatam
2493 2365 2878 2421 Marcilliacum
2895 2380 3015 2419 cum
3038 2366 3267 2421 ecclesia
3282 2375 3339 2421 et
3358 2382 3450 2436 ap-

1874 2460 2142 2531 pendiciis
2169 2460 2320 2524 suis;
2368 2468 2423 2515 et
2450 2461 2639 2515 eodem
2669 2474 2827 2529 pago,
2864 2457 3044 2513 villam
3085 2468 3449 2529 nuncupatam

1876 2551 2279 2613 llurbaniacum
2312 2558 2788 2621 quantumcunque
2815 2550 2880 2604 de
2901 2548 3027 2617 jure
3066 2549 3242 2604 sancti
3288 2549 3453 2603 llam-

1878 2633 2041 2697 metis
2070 2642 2124 2695 in
2152 2641 2343 2695 eadem
2368 2639 2494 2694 villa
2529 2655 2652 2695 esse
2681 2639 3034 2711 dignoscitur,
3066 2655 3275 2696 necnon
3305 2650 3360 2696 et
3388 2641 3455 2695 il-

1878 2734 1970 2790 lud
1991 2734 2137 2804 quod
2164 2732 2401 2788 exterius
2444 2746 2563 2787 esse
2592 2732 2941 2803 cognoscitur
2983 2733 3049 2786 ad
3090 2733 3335 2789 eniiidcm
3360 2734 3459 2788 vll-

1878 2824 1985 2879 lam
2013 2822 2314 2893 pertinens,
2357 2821 2598 2893 exceptis
2638 2822 2723 2875 his
2762 2822 2925 2875 rebus
2962 2836 3079 2890 qua:
3106 2822 3205 2877 sub
3229 2819 3354 2890 jure
3394 2838 3460 2879 ac

1876 2921 2144 2985 potestate
2186 2921 2495 2969 sanctorum
2534 2913 2807 2968 Amatoris
2842 2921 2900 2967 et
2928 2911 3167 2981 Ferreoli
3189 2929 3310 2970 esse
3336 2932 3459 2971 nos-

1877 3014 2104 3073 cuntur;
2129 3006 2377 3061 similiter
2406 3008 2459 3061 in
2486 3006 2674 3063 eodem
2714 3021 2851 3077 pago
2890 3007 2943 3061 in
2991 3006 3111 3062 loco
3137 3008 3228 3081 qui
3257 3007 3455 3062 dicitur

1878 3095 2170 3151 Radalenis
2194 3110 2353 3167 pons,
2386 3095 2623 3151 colonias
2652 3094 2935 3151 duodecim
2964 3111 3087 3150 cum
3114 3095 3366 3151 omnibus
3388 3095 3455 3150 ad

191 3205 371 3260 eidem
403 3204 733 3259 monasterio
759 3204 1002 3275 delegata
1032 3203 1153 3271 fuit,
1179 3204 1447 3275 liceatque
1472 3216 1772 3262 memorato

1874 3187 2095 3245 easdem
2151 3187 2393 3243 colonias
2438 3186 2835 3257 pertinentibus
2885 3187 3153 3256 simulque
3208 3202 3329 3241 cum
3368 3200 3457 3241 ea-

195 3294 515 3351 Llarcuardo
550 3295 846 3351 venerabili
891 3294 1071 3349 abbati
1116 3302 1171 3350 et
1215 3297 1620 3353 successoribus
1659 3295 1777 3365 ejus

194 3392 359 3457 atque
395 3384 677 3439 monachis
708 3383 765 3439 in
802 3383 991 3440 eodem
1026 3385 1359 3441 monasterio
1394 3401 1493 3463 per
1532 3395 1775 3459 tenipora

194 3473 552 3545 degentibus,
612 3474 679 3529 de
723 3474 913 3529 eadem
963 3472 1047 3528 vel
1088 3474 1143 3528 in
1189 3474 1379 3530 eadem
1428 3475 1551 3531 villa
1598 3475 1776 3534 facere

194 3564 457 3635 quidquid
518 3578 748 3618 censura
814 3563 1114 3618 monastica
1161 3562 1466 3625 faciendum
1525 3581 1643 3621 esse
1684 3567 1777 3622 de-

197 3656 450 3710 creverit.
482 3655 548 3709 Et
572 3662 632 3708 ut
655 3654 772 3709 hac
794 3661 993 3709 nostrae
1021 3652 1451 3715 conﬁrmationis
1478 3659 1775 3718 auctoritas

194 3754 514 3816 perpetuam
557 3744 801 3799 obtineat
845 3742 1181 3809 ﬁrmitatem,
1232 3744 1298 3800 de
1342 3746 1542 3801 annulo
1588 3758 1775 3804 nostro

194 3836 388 3891 subter
412 3849 531 3889 eam
556 3834 816 3904 iussimus
845 3832 1106 3904 sigillare.

271 3924 496 3995 Signum
522 3924 775 3978 Ludovici
812 3923 1143 3983 serenissiml
1169 3923 1420 3994 Augusti.

270 4017 404 4071 Data
432 4033 528 4071 xui
557 4016 675 4070 Kal.
700 4015 949 4086 Augusti,
977 4031 1140 4082 anno,
1170 4016 1390 4073 Christo
1418 4019 1675 4088 propitio,
1706 4020 1769 4074 21

197 4110 412 4179 imperii
450 4109 630 4164 domui
655 4107 915 4162 Ludovici
950 4107 1177 4177 piissimi
1204 4108 1455 4177 Augusti,
1482 4110 1777 4167 indictione

197 4202 288 4255 12.
316 4201 505 4256 Actum
534 4197 964 4255 Theodonisvilla
1004 4197 1202 4267 palatio
1240 4198 1388 4268 regio
1448 4198 1502 4253 in
1532 4200 1625 4255 Dei
1675 4216 1779 4257 noo‘

196 4293 346 4349 mine
377 4290 620 4346 feliciter.
657 4288 853 4349 Anton.

880 4375 1100 4436 CXCIII.

466 4484 566 4524 PRO
598 4482 858 4523 ALBERICO
894 4480 1201 4522 LINGONENSI
1240 4480 1507 4523 EPISCOPO.

786 4560 979 4630 (Ακιιο
1012 4558 1181 4631 sat.)

196 4657 301 4730 [Ex
333 4654 511 4710 GaIlia
537 4653 861 4717 Christiana,
911 4660 1042 4706 tom.
1083 4652 1172 4716 ιν,
1226 4668 1349 4723 pag.
1403 4652 1535 4719 l50,
1591 4654 1772 4728 prob.]

268 4748 327 4801 ln
368 4745 585 4800 nomine
614 4743 826 4798 Domini
871 4744 966 4799 Dei
1004 4751 1061 4798 et
1102 4743 1399 4799 Salvatoris
1446 4746 1618 4801 nostri
1648 4746 1774 4803 Iesu

195 4837 421 4902 Christi,
458 4835 787 4900 Ludovicus,
818 4834 1001 4890 divina
1049 4828 1435 4906 reprOpitiantc
1467 4835 1770 4905 clementia,

196 4932 493 5001 imperator
521 4927 812 5000 Augustus.

271 5019 330 5075 Si
359 5020 698 5074 sacerdotum
727 5032 793 5073 ac
819 5032 1100 5074 servon
1143 5019 1235 5077 Dei
1269 5019 1511 5088 justiset
1540 5023 1775 5079 rationa-

198 5108 398 5165 bilibus
419 5108 767 5178 petitionibus
792 5107 860 5162 ad
882 5106 1129 5162 effectum
1158 5108 1525 5177 perducimus,
1555 5126 1661 5167 non
1689 5127 1775 5168 so-

200 5200 312 5254 lum
341 5198 543 5270 regiam
593 5206 649 5253 et
694 5198 1093 5268 imperatoriam
1123 5212 1440 5255 exercemus
1486 5212 1776 5257 consuetu-

200 5293 403 5357 tinctu,
446 5292 541 5346 sed
568 5292 731 5347 etiam
775 5291 991 5347 eosdem
1021 5308 1117 5361 pro
1144 5292 1457 5347 excessibus
1485 5295 1684 5350 nostris
1710 5295 1776 5349 ad

201 5382 415 5438 Domini
483 5382 911 5437 misericordiam
982 5383 1309 5437 exorandam
1352 5383 1657 5453 devotiores
1725 5394 1781 5441 et

201 5475 559 5546 promptiores
587 5474 832 5530 iacimus.
870 5474 1035 5545 Igitur
1077 5474 1326 5528 omnibus
1368 5474 1616 5530 fidelibus
1654 5492 1780 5531 san-

202 5575 303 5623 cta
330 5564 424 5619 Dei
458 5562 709 5642 Ecclesia:
731 5573 786 5619 et
813 5564 1033 5627 nostris,
1079 5563 1437 5632 praesentibus
1478 5563 1684 5619 scilicet
1725 5573 1779 5619 et

204 5657 420 5722 futuris,
453 5666 640 5710 notum
675 5656 746 5710 sit
783 5655 908 5725 quia
935 5654 1215 5709 Alliericus
1237 5653 1555 5709 venerabilis
1583 5654 1779 5725 Lingo—

204 5751 337 5805 nica:
363 5748 511 5802 urbis
560 5746 841 5815 episcopus
885 5754 1126 5801 nostram
1176 5746 1359 5800 adiens
1403 5742 1775 5801 celsitudinem

1878 3277 2048 3348 pella;
2079 3284 2134 3333 et
2172 3278 2230 3332 in
2267 3277 2457 3332 eodem
2508 3292 2645 3348 pago
2679 3276 2862 3331 villam
2903 3292 3024 3347 quae
3065 3276 3264 3331 dicitur
3291 3277 3459 3331 curtis

1878 3367 2145 3439 Gregorii,
2179 3369 2281 3423 sub
2320 3367 2467 3422 omni
2497 3367 2810 3438 integritate
2849 3382 2977 3432 sua;
3023 3374 3078 3421 et
3124 3368 3177 3421 in
3226 3365 3457 3421 Gidden-

1878 3474 2014 3514 naco
2038 3442 2303 3514 coloniam
2334 3473 2525 3524 unam;
2554 3468 2611 3517 et
2635 3458 2689 3515 in
2714 3458 2905 3514 eodem
2933 3472 3071 3529 pago
3110 3457 3164 3512 in
3188 3456 3459 3512 nonnullis

1879 3550 2029 3613 locis,
2061 3550 2189 3612 illud
2214 3550 2357 3621 quod
2382 3549 2587 3609 nobiles
2608 3564 2851 3620 personae
2879 3550 2945 3603 ad
2960 3564 3201 3605 mensam
3229 3546 3455 3604 clerico-

1879 3656 1998 3694 rum
2044 3640 2271 3695 solemni
2298 3639 2585 3698 donatione
2626 3638 2995 3704 contulerant;
3030 3654 3130 3693 nec
3165 3654 3273 3692 non
3306 3646 3363 3692 et
3391 3637 3458 3696 il-

1877 3729 1983 3789 lam
2008 3730 2272 3787 coloniam
2294 3744 2415 3800 quae
2440 3737 2524 3785 est
2559 3730 2616 3783 in
2647 3728 2916 3785 Primiaoe
2940 3728 3063 3782 villa
3097 3742 3224 3795 cum
3248 3727 3453 3793 vitam;

1878 3829 1935 3875 et
1970 3821 2023 3874 in
2054 3835 2193 3891 pago
2220 3819 2563 3884 Bolouieuse,
2595 3820 2654 3874 in
2684 3818 2809 3873 villa
2831 3826 3021 3873 vocata
3051 3816 3314 3883 Helnone,
3336 3824 3451 3872 tam

1880 3912 2108 3973 interius
2132 3926 2294 3981 quam
2314 3911 2553 3965 exterius
2569 3910 2806 3965 colonias
2826 3924 2920 3965 sex
2940 3927 2952 3974 ;
2983 3919 3037 3963 et
3058 3909 3111 3964 in
3136 3922 3275 3979 pago
3292 3909 3458 3964 Atoa-

1880 4002 2083 4055 riorum
2113 4008 2170 4055 et
2194 4000 2540 4065 Divionense,
2565 4000 2752 4069 utique
2777 3998 2833 4053 in
2862 3998 2997 4055 locis
3036 4013 3157 4068 qua:
3202 3999 3457 4053 dicuntur

1882 4089 2614 4166 Sueconicus,~Brigeudouis
2632 4098 2797 4159 atque
2833 4088 3027 4154 Saleis,
3056 4099 3457 4159 quantumcun-

1879 4194 1988 4250 que
2014 4180 2071 4234 in
2108 4179 2313 4234 eisdem
2342 4179 2477 4234 locis
2514 4177 2789 4234 Fluviolus
2815 4178 3034 4234 colonus
3062 4179 3235 4234 sancti
3273 4177 3459 4234 Mamre

1881 4270 2031 4325 visus
2057 4267 2222 4324 fuerit
2248 4268 2556 4341 possidere;
2592 4276 2649 4324 et
2678 4270 2732 4324 in
2774 4258 2911 4341 pago
2943 4269 3227 4349 Belnense,
3256 4270 3309 4325 in
3331 4269 3457 4325 villa

1877 4360 2153 4427 Givriaco,
2179 4361 2463 4417 ecclesiam
2487 4376 2612 4417 cum
2635 4361 2861 4416 coloniis
2881 4361 3176 4427 tredecim;
3202 4369 3257 4417 et
3285 4363 3340 4417 lu
3363 4377 3458 4419 co-

1882 4453 2005 4507 dem
2028 4466 2166 4522 pago
2191 4451 2247 4505 in
2268 4450 2393 4507 villa
2434 4465 2551 4520 qua:
2575 4458 2804 4506 vocatur
2827 4438 3337 4518 Godolenl-Curtis,
3365 4466 3459 4508 ce-

1800 4534 1854 4594 D
1879 4541 2051 4597 lenias
2079 4549 2285 4611 septem
2307 4538 2429 4598 cum
2459 4541 2712 4597 omnibus
2738 4541 2805 4595 ad
2839 4556 2932 4596 eas
2958 4542 3381 4610 pertinentibus;
3406 4553 3459 4601 et

1880 4634 1934 4687 in
1975 4639 2199 4687 centena
2228 4630 2600 4707 Roscarinem,‘
2633 4632 2685 4686 in
2720 4631 2843 4686 villa
2874 4631 3126 4697 Fisemis,
3174 4632 3457 4688 ecclesiam

1876 4730 1933 4776 et
1965 4722 2204 4783 colonias
2222 4736 2413 4777 novem
2442 4737 2563 4776 eum
2585 4722 2836 4776 omnibus
2865 4722 2933 4777 ad
2962 4723 3179 4777 easdem
3207 4723 3451 4779 colonias

1875 4813 2291 4885 pertinentibus,
2321 4820 2375 4867 et
2402 4814 2617 4868 vineam
2659 4828 2780 4882 qua:
2828 4822 3056 4868 vocatur
3082 4814 3339 4881 Plantas;
3396 4823 3456 4871 et

1874 4905 1933 4958 in
1961 4905 2149 4959 eadem
2172 4912 2415 4968 centena,
2438 4903 2493 4957 in
2522 4902 2639 4959 loco
2674 4902 2948 4973 Spernaco
2966 4904 3232 4959 coloniam
3256 4916 3455 4960 unam:

1876 4995 2074 5050 obnixe
2120 5004 2360 5049 nostram
2402 4994 2765 5065 imperatoriae
2812 4991 3114 5061 majestatis
3162 4995 3458 5065 deprecans

1875 5087 2255 5142 excellentiam
2292 5094 2353 5141 ut
2388 5100 2541 5140 suam
2573 5084 2880 5140 nullatenus
2907 5084 3318 5154 improbandam
3344 5084 3457 5140 dis-

1874 5178 2202 5249 positionem
2226 5186 2387 5248 atque
2429 5176 2821 5233 ordinationem
2865 5184 3067 5231 nostra:
3114 5176 3455 5231 auctoritatis

1880 5269 2177 5324 munimine
2205 5267 2538 5332 fulcit-emus,
2579 5276 2743 5337 atque
2782 5274 2840 5320 ut
2878 5266 3130 5346 deinceps
3166 5265 3321 5320 ilrr‘na
3360 5282 3456 5347 pe-

1878 5360 2139 5414 rennibus
2165 5358 2370 5413 valeret
2409 5357 2758 5428 temporibus,
2792 5358 3046 5411 roborare
3081 5358 3449 5431 dignaremur.

1884 5446 2050 5515 Cujus
2078 5447 2577 5517 supplicationibus,
2606 5446 2731 5516 quia
2752 5444 2943 5516 dignas
2960 5444 3337 5513 indicavimus,
3364 5462 3457 5501 an-

1884 5554 2050 5594 nuere
2087 5539 2311 5609 placuit,
2338 5546 2391 5592 et
2414 5537 2689 5607 quidquid,
2714 5544 2773 5589 ut
2797 5536 3108 5606 pmdictum
3136 5544 3239 5602 est,
3261 5545 3452 5605 postu-

1885 5630 2032 5695 lavit,
2062 5630 2130 5684 ad
2154 5628 2400 5682 aﬂ'eetum
2427 5626 2724 5697 perducere
2765 5640 2869 5679 non
2902 5624 3252 5694 incongruum
3290 5625 3450 5679 duxi-

1886 5738 2023 5778 mus.
2074 5720 2304 5777 Proinde
2349 5720 2447 5775 lios
2482 5726 2681 5773 nostra:
2720 5715 3057 5771 auctoritatis
3097 5715 3295 5784 apices,
3326 5731 3450 5788 erga
