3924 6332
472 361 599 414 “Si

1602 359 1931 416 LUDOV‘IC!
1968 355 1991 415 Ι
2026 359 2497 420 COGNOMENTO
2536 360 2618 417 Pll

3600 362 3622 413 i
3632 362 3731 416 252

466 470 744 540 praefatam
772 470 955 529 sedem
980 472 1381 541 canonicosqiw
1406 472 1533 526 inibi
1559 474 1787 529 Domino
1817 488 1912 544 per
1938 475 2057 528 diu-
2086 480 2133 535 Α
2160 472 2458 530 subsidium
2482 474 2848 529 necessarium
2878 473 3079 529 habere
3097 475 3427 544 potuissent,
3469 476 3523 528 in
3556 484 3735 529 nostra

470 569 899 628 turnatcmpora
953 560 1269 626 militantes,
1322 563 1507 617 divino
1566 564 1811 632 inspirati
1866 580 2051 621 amore

468 652 584 706 ticri
608 650 905 719 iussimus,
953 668 1053 725 per
1082 669 1219 723 quos
1266 654 1611 710 decernimus
1659 666 1821 726 atque
1877 660 2053 713 sanci—

468 758 605 807 mus,
640 751 699 795 ut
729 743 845 799 loca
871 746 1181 813 praescripta
1208 761 1331 799 cum
1368 748 1618 805 omnibus
1647 748 1715 803 ad
1734 764 1792 808 se
1811 748 1958 818 iuste
1990 766 2054 805 ac

466 829 713 901 legaliter
756 837 1169 904 pertinentibus,
1213 838 1356 893 sicut
1383 854 1413 891 a
1454 854 1597 908 stepe
1627 841 1772 895 dicto
1801 841 2055 898 Alben'co

466 925 761 979 venerabili
807 926 918 995 jam
964 927 1121 982 dicta:
1167 929 1311 987 sedis
1355 929 1644 999 episcOpo,
1708 932 1790 987 eis
1856 933 2053 989 collata

495 1023 613 1081 unt,
644 1015 717 1069 ita
751 1031 850 1085 per
896 1017 1037 1075 hanc
1079 1027 1318 1073 nostram
1364 1020 1740 1075 auctoritatem
1781 1023 1836 1076 in
1865 1038 2052 1077 eorum

463 1104 586 1173 jure
630 1112 684 1159 et
733 1113 1001 1175 potestate
1050 1107 1165 1163 suis
1200 1107 1451 1163 videlicet
1490 1110 1676 1164 usibus
1722 1110 2055 1181 diversisque

466 1195 881 1251 necessitatibus
907 1195 976 1251 ad
1003 1196 1247 1262 divinum
1290 1200 1617 1270 propensius
1661 1202 1867 1256 cultum
1898 1217 2055 1264 exse-

460 1282 777 1353 quendum,
838 1283 1181 1353 famulantia,
1229 1288 1436 1357 absque
1478 1287 1769 1356 cujuslibet
1819 1292 2054 1346 diminu-

467 1374 615 1429 tione
642 1382 736 1428 aut
756 1377 1137 1432 retractatione
1161 1389 1536 1449 permaneant,
1555 1389 1612 1436 et
1636 1382 1816 1437 nullus
1836 1398 2061 1438 success

465 1480 652 1531 serum
675 1483 896 1523 suorum
945 1478 1217 1525 rectorum
1249 1472 1499 1527 videlicet
1530 1482 1843 1532 memoratae
1870 1474 2055 1537 Eccle-

464 1557 557 1611 siae
582 1560 650 1613 ab
672 1574 863 1615 eorum
890 1561 1258 1616 dominatione
1300 1578 1364 1621 ea
1410 1566 1681 1633 quomodo
1718 1564 1932 1621 auferre
1962 1574 2057 1621 aut

466 1648 522 1703 in
569 1650 729 1704 aliam
782 1652 1080 1720 quamlibet
1132 1664 1344 1724 partem
1400 1671 1722 1726 quacunque
1769 1657 2054 1724 oecasione

2154 567 2492 640 eleemosyna
2521 566 2697 620 eidem
2723 565 3139 620 contulissemus
3188 566 3547 620 monasterio.
3582 566 3739 637 Cujus

2153 666 2374 727 precatu
2406 658 2659 728 permoti,
2695 652 2855 712 simul
2906 666 2962 712 et
2997 666 3160 712 oratu
3215 667 3380 727 atque
3435 659 3736 713 interventu

2154 749 2327 805 ﬁdelis
2360 750 2539 803 nostri
2574 747 2836 802 Nominoe
2871 750 3207 813 commoniti,
3239 749 3573 818 complacuit
3598 764 3744 804 sere-

2154 841 2309 895 nitati
2340 846 2539 894 nostra:
2563 839 2774 908 plebem
2804 838 2972 902 illam,
3000 839 3054 892 in
3091 854 3197 907 qua
3227 839 3371 893 idem
3401 840 3579 908 ipsum
3632 855 3741 894 mo-

2154 929 2453 983 nasterium
2483 936 2697 982 constat
2721 942 2841 981 esse
2875 936 3270 997 constructum,
3301 944 3423 997 quae
3449 928 3606 993 Bain,
3643 930 3740 983 sic-

2153 1026 2213 1074 ut
2248 1020 2495 1090 superius
2522 1019 2725 1073 dictum
2771 1026 2876 1082 est,
2907 1019 3237 1089 nominatur,
3270 1036 3395 1075 cum
3424 1020 3579 1074 omni
3608 1021 3739 1073 inte-

2154 1111 2351 1179 gritate
2374 1126 2470 1166 sua
2494 1128 2508 1174 ;
2544 1124 2647 1165 nec
2670 1124 2778 1163 non
2808 1109 2938 1162 etin
2967 1110 3155 1165 eodem
3183 1127 3325 1182 pago
3346 1112 3620 1174 locellum,
3651 1112 3738 1179 qui

2154 1202 2462 1259 nominatur
2490 1202 2834 1272 Laut-Degon
2852 1215 2979 1277 ,per
2999 1203 3139 1265 hanc
3166 1213 3410 1257 nostram
3448 1202 3739 1257 auctorita-

2166 1300 2275 1345 tem
2297 1301 2599 1355 memorato
2629 1296 2961 1350 monasterio
2984 1304 3146 1363 atque
3170 1294 3452 1348 monachis
3477 1294 3608 1347 inibi
3636 1292 3737 1345 Deo

2158 1398 2257 1452 per
2305 1383 2557 1438 diuturna
2610 1392 2856 1453 tempora
2906 1385 3263 1441 militantibus
3319 1384 3536 1439 tradere
3584 1401 3598 1449 ;
3650 1396 3738 1452 per

2153 1488 2317 1544 quam
2342 1473 2687 1528 decernimus
2714 1484 2774 1529 ut
2800 1476 2855 1529 in
2882 1490 3067 1530 eorum
3090 1476 3215 1545 jure
3242 1490 3308 1529 ac
3334 1482 3610 1543 potestate
3629 1473 3736 1527 suis

2154 1560 2404 1617 videlicet
2445 1562 2632 1617 usibus
2660 1563 2999 1633 diversisque
3035 1564 3451 1618 necessitatibus
3490 1563 3559 1616 ad
3608 1563 3735 1618 divi-

2156 1669 2289 1719 num
2350 1656 2694 1727 'propensius
2734 1655 2940 1719 cultum
2979 1657 3391 1738 exsequendum
3445 1655 3734 1725 [praedictae

465 1741 763 1799 transferre
788 1756 1099 1813 praesumat,
1124 1748 1219 1802 sed
1249 1748 1409 1803 liceat
1451 1750 1530 1805 eis
1549 1748 1664 1819 jam
1700 1751 1859 1805 dictis
1890 1751 2054 1808 rebus
2157 1744 2269 1817 res]
2298 1745 2503 1814 absque
2545 1742 2834 1815 cujuslibet
2870 1746 3293 1813 diminoratione
3337 1754 3433 1798 aut
3477 1755 3733 1801 retracta-

463 1834 532 1887 δά
572 1834 900 1891 dominicum
948 1837 1045 1892 Dei
1093 1839 1265 1892 nostri
1312 1826 1629 1899 famulatum
1687 1841 2052 1911 peragendum
2081 1825 2128 1883 Β
2157 1835 2303 1890 tione
2330 1844 2588 1905 perpetuo
2627 1836 2960 1901 consistant;
2992 1844 3047 1891 et
3074 1837 3251 1891 nullus
3290 1851 3384 1890 eas
3428 1837 3501 1890 ab
3552 1850 3732 1891 eorum

462 1924 668 1993 absque
706 1926 1023 1996 cnjusquam
1067 1930 1451 1989 contrarietate
1494 1932 1593 1996 uti,
1629 1939 1685 1986 et
1714 1948 2055 2001 qumcunque

462 2015 531 2068 ad
570 2031 698 2071 suos
729 2017 783 2070 in
827 2018 1037 2074 Domini
1070 2022 1244 2076 nostri
1282 2019 1409 2075 Iesu
1440 2020 1641 2077 Christi
1689 2023 1879 2079 militia
1922 2038 2055 2079 usus

462 2114 516 2160 et
546 2110 905 2171 necessitates
927 2110 1222 2179 pertinent,
1250 2112 1527 2178 ordinare,
1554 2113 1861 2181 disponere,
1885 2113 2055 2182 iuste.

461 2210 566 2265 que
594 2196 672 2251 cﬂ'
692 2236 706 2250 .
743 2236 758 2251 .
786 2236 799 2250 .
833 2238 846 2251 .
874 2214 953 2263 ro,
986 2208 1256 2267 quatenus
1282 2201 1492 2255 sublata
1518 2203 1699 2257 omnis
1738 2202 2053 2273 indigentia:

462 2288 710 2355 penuria,
740 2303 839 2357 pro
869 2288 1044 2350 nobis,
1073 2289 1327 2359 conjuge,
1349 2291 1608 2359 proleque
1628 2299 1815 2346 nostra
1832 2300 1893 2346 et
1921 2306 2055 2360 pace

462 2390 529 2432 ac
555 2374 855 2437 stabilitate
904 2377 1072 2437 totius
1102 2378 1317 2447 imperii
1361 2395 1393 2434 a
1436 2381 1545 2435 Deo
1596 2381 1752 2437 nobis
1780 2382 2053 2436 commissi

462 2470 700 2524 alacrius
724 2483 820 2524 eos
841 2469 1210 2530 indesinenter
1230 2469 1445 2525 Domini
1467 2471 1897 2526 misericordiam
1924 2484 2054 2525 exo-

462 2576 587 2615 rare
634 2561 884 2615 delectet.
919 2560 994 2614 Et
1036 2569 1097 2614 ut
1136 2561 1253 2615 hac
1297 2568 1499 2616 nostra:
1544 2551 1851 2631 largitionis
1893 2570 2055 2630 atque

462 2649 833 2704 concessionis
866 2650 1167 2717 auctoritas
1196 2650 1427 2705 ﬁrmiter
1456 2652 1741 2715 habeatur,
1768 2659 1823 2705 et
1844 2650 2056 2720 perdu—

462 2746 587 2795 tura
626 2748 869 2809 tempora
902 2740 1095 2798 melius
1134 2749 1504 2805 conservetur,
1535 2742 1603 2796 de
1640 2742 1840 2801 annulo
1868 2748 2056 2797 nostro

464 2830 650 2885 subter
677 2844 795 2883 eam
825 2830 1087 2899 iussimus
1116 2830 1369 2900 sigillare.

534 2920 937 2975 Hirmininaius
980 2920 1228 2982 notarius
1279 2922 1348 2977 ad
1390 2922 1567 2978 vicem
1614 2920 1854 2994 Hugonis
1902 2934 2055 2977 reco-

460 3012 620 3083 gnovi
650 3022 704 3065 et
734 3013 861 3065 suis
904 3028 1049 3081 .ipsi.

534 3102 667 3157 Data
696 3102 982 3157 undecimo
1011 3110 1209 3171 quarto
1222 3101 1491 3158 Kalendas
1523 3101 1859 3174 Septembris
1886 3117 2051 3173 anno,

462 3190 682 3247 Christo
728 3192 983 3262 propitio,
1034 3191 1099 3251 2|
1148 3192 1359 3263 imperii
1400 3194 1582 3249 domui
1623 3194 1882 3259 Ludovici
1924 3194 2056 3265 piis-

466 3283 591 3339 simi
621 3282 874 3353 Augusti,
894 3283 1188 3343 indictione
1217 3285 1304 3340 i2.
1331 3284 1529 3342 Actum
1551 3286 1811 3356 Lingonis
1837 3287 2055 3342 civitate

468 3371 526 3428 in
553 3374 649 3431 Dei
680 3375 898 3433 nomine
926 3372 1173 3438 feliciter.
1220 3376 1413 3433 Amen.

1136 3485 1364 3541 CXCIV.

606 3588 709 3627 ΡΙιο
746 3587 1039 3630 κοτουεηει
1078 3591 1124 3631 8.
1175 3591 1505 3633 SALVATORIS
1546 3593 1904 3637 IONASTBBIO.

1080 3663 1255 3737 (Anno
1276 3666 1429 3738 854.)

465 3754 640 3827 [AM
671 3754 1062 3831 ἓ-,Βουςυεὲον
1082 3756 1419 3831 devoid.“
1440 3757 1607 3823 Ηίαη
1642 3759 1891 3831 tom-Y1.
1928 3775 2051 3831 pag-

667 3824 792 3888 597,
815 3839 885 3879 ex
910 3823 1067 3894 prob.
1101 3823 1245 3881 Hist.
1280 3826 1550 3893 Britania,
1569 3843 1693 3897 pag.
1722 3829 1840 3899 29.]

536 3913 591 3966 In
630 3914 850 3968 nomine
878 3911 1138 3985 [Domini]
1174 3914 1272 3968 Dei
1300 3922 1355 3971 et
1380 3912 1681 3969 Salvatoris
1727 3914 1857 3971 Jesu
1900 3916 2058 3971 Chri-

464 4005 560 4071 sti,
610 4004 941 4070 Ludovicus,
965 4005 1149 4061 divina
1175 4006 1567 4078 repropitiantc
1616 4006 1925 4074 clementia,
1952 4009 2053 4071 im-

462 4104 683 4167 perator
704 4096 999 4167 Augustus.

538 4186 596 4240 Si
622 4185 767 4244 iuius
794 4196 988 4253 amore
1028 4185 1185 4255 cujus
1216 4200 1441 4242 munere
1475 4190 1690 4251 ceteris
1734 4188 2056 4251 mortalibus

461 4274 673 4345 praelati
721 4289 935 4339 sumus,
969 4274 1089 4330 loca
1125 4274 1311 4328 divino
1334 4275 1502 4329 cultui
1542 4286 1860 4333 consecrata
1914 4294 2050 4335 con—

464 4365 615 4435 gruis
668 4364 1085 4435 magniﬁcentiae
1128 4373 1327 4425 nostrae
1371 4364 1651 4421 beneflciis
1686 4367 1755 4421 ad
1807 4368 2053 4426 divinant

464 4456 671 4511 cultum
714 4455 937 4511 uberius
984 4456 1389 4525 exsequendum
1437 4458 1805 4527 sustollimus,
1857 4460 2054 4516 divinae

466 4545 840 4611 retributionis
863 4547 1087 4615 prmmio
1113 4561 1212 4601 nos
1236 4562 1269 4601 a
1289 4546 1524 4603 Domino
1544 4551 1882 4604 remunerari
1923 4550 2055 4607 ﬁd’ee
2082 4545 2092 4577 ⁴

464 4635 590 4691 liter
613 4636 911 4691 credimus.
941 4635 1110 4706 Igitur
1131 4638 1375 4692 omnium
1410 4638 1649 4694 ﬁdelium
1698 4648 2008 4695 nostrorum
2036 4682 2049 4706 ,

466 4734 577 4781 tam
607 4726 953 4799 pnesentiurn
979 4742 1140 4796 quam
1170 4735 1226 4781 et
1261 4726 1591 4793 futurorum,
1620 4730 1905 4798 industriae
1951 4728 2051 4798 no-

468 4826 581 4876 tum
611 4833 733 4876 esse
757 4818 1007 4881 volumus
1032 4818 1175 4888 quod
1197 4820 1491 4883 Conwoion
1529 4822 1856 4885 venerabilis
1883 4824 2054 4878 abbas

465 4910 784 4971 momsterii
824 4908 983 4980 cuius
1030 4910 1352 4978 vocabulum
1405 4919 1491 4966 est
1518 4912 1714 4975 Iloton,
1745 4913 1889 4987 quod
1936 4914 2053 4983 ipse

467 4997 522 5059 in
569 5014 707 5071 pago
739 4998 1083 5067 Browerocb,
1119 5000 1175 5054 in
1214 5001 1335 5057 loco
1361 5003 1451 5072 qui
1480 5004 1681 5062 dicitur
1708 5004 1841 5060 Bain
1876 5016 1926 5068 ι,
1951 5019 2051 5057 no-

466 5096 583 5154 stra
606 5088 965 5157 permissione
1000 5105 1031 5143 a
1074 5078 1428 5159 fundamento
1452 5101 1867 5160 construxerat,
1894 5102 1952 5148 et
1978 5094 2056 5147 vi-

468 5189 561 5229 ros
588 5174 870 5245 religiosos
893 5176 1191 5244 secundum
1234 5181 1593 5235 monasticam
1644 5182 1806 5236 vitam
1859 5180 2054 5251 degere

469 5265 798 5333 instituerat,
833 5269 1222 5337 nostramadiit
1247 5270 1641 5339 celsitudinem,
1675 5274 1919 5330 subnixis
1935 5290 2055 5344 pre.

466 5355 623 5421 cibus
650 5356 933 5426 postulans
972 5366 1032 5412 ut
1074 5374 1174 5427 pro
1218 5375 1402 5418 amore
1448 5363 1666 5418 Domini
1717 5366 1890 5422 nostri
1924 5366 2051 5420 Jesu

432 5446 435 5449 “
466 5444 692 5511 Christi,
722 5447 779 5503 in
804 5447 957 5517 cujus
984 5452 1191 5524 honore
1221 5453 1362 5507 idem
1400 5458 1791 5512 monasterium
1839 5467 2055 5514 constat

467 5550 587 5595 esse
612 5541 871 5621 dicatum,
901 5541 1103 5613 aliquid
1126 5544 1193 5598 de
1222 5546 1385 5601 rebus
1417 5555 1618 5601 nostrae
1656 5551 2006 5619 proprietatis
2034 5592 2046 5617 ,

470 5629 611 5684 unde
640 5630 837 5688 fratres
858 5634 911 5688 in
942 5635 1132 5688 eodem
1163 5639 1495 5692 monasterio
1528 5640 1636 5693 Deo
1679 5640 2051 5697 deservientes

544 5774 569 5816 θ
594 5763 745 5823 Nunc
782 5768 1008 5822 ecclesia
1037 5771 1347 5845 parmeialis
1377 5788 1543 5841 prone
1576 5774 1834 5833 Bolonas.

2158 1927 2522 1981 dominatione
2543 1929 2925 1996 quoquomodo
2937 1927 3174 1992 auferre,
3191 1938 3285 1982 aut
3300 1930 3352 1981 in
3371 1929 3537 1983 aliam
3559 1944 3737 1999 quam.

2158 2015 2287 2077 libet
2304 2025 2512 2089 partem
2542 2032 2863 2087 quacunque
2888 2018 3174 2073 occasione
3199 2018 3502 2073 transferre
3546 2034 3735 2088 prata!-

2156 2114 2289 2159 mat.
2322 2106 2429 2162 Sed
2459 2106 2623 2163 liceat
2643 2106 2723 2161 eis
2746 2108 2965 2162 easdem
2999 2107 3151 2162 villas
3182 2108 3267 2188 ad.
3282 2108 3496 2162 Domini
3524 2108 3621 2162 Dei
3649 2125 3734 2163 no-

2158 2196 2258 2249 stri
2312 2195 2625 2251 famulatum
2663 2197 2975 2267 diligentius
3012 2198 3381 2270 peragendum
3412 2201 3619 2268 absque
3646 2217 3733 2255 cu-

2150 2280 2405 2352 jusquam
2447 2288 2839 2351 contrarietate
2886 2287 2985 2352 uti,
3014 2296 3067 2352 et
3112 2302 3449 2365 quaecunque
3503 2282 3589 2349 ad
3619 2304 3734 2342 sum

2156 2371 2211 2435 in
2242 2373 2456 2431 Domini
2483 2375 2655 2429 nostri
2683 2373 2810 2431 Jesu
2841 2375 3044 2444 Christi
3071 2377 3265 2433 militia
3294 2394 3426 2439 usus
3453 2388 3509 2432 et
3558 2393 3733 2433 neces-

2156 2461 2344 2521 sitates
2370 2464 2665 2532 pertinent,
2701 2465 2977 2531 ordinare,
3009 2467 3319 2538 disponere,
3342 2467 3601 2537 justeque
3626 2467 3732 2522 elli-

2156 2564 2281 2605 cere
2313 2569 2324 2603 :
2359 2560 2627 2620 quatenus
2655 2554 2864 2619 sublata
2891 2557 3067 2611 omnis
3114 2558 3429 2629 indigentiae
3470 2561 3693 2629 penuria
3716 2599 3729 2621 ,

2154 2653 2253 2709 pro
2280 2640 2455 2705 nobis,
2486 2640 2711 2713 conjuge
2736 2645 2995 2715 proleque
3020 2655 3231 2715 nostra,
3270 2658 3326 2703 et
3345 2664 3479 2711 pace
3525 2664 3589 2704 ac
3634 2660 3733 2705 sta-

2156 2714 2367 2786 bilitate
2395 2724 2561 2780 totius
2593 2728 2806 2798 imperii
2835 2744 2867 2783 a
2887 2731 2997 2785 Deo
3026 2732 3185 2802 nobis
3206 2714 3488 2790 commissi
3511 2734 3736 2791 alacrius

2155 2825 2248 2878 eos
2272 2814 2641 2871 indesinenter
2662 2818 2874 2885 Domini
2905 2820 3331 2891 misericordiam
3372 2840 3605 2882 exorare
3648 2827 3733 2881 de-

2157 2903 2339 2971 lectet,
2364 2906 2431 2960 Et
2457 2915 2513 2961 ut
2543 2907 2659 2964 htec
2702 2919 2904 2967 nostra:
2948 2911 3253 2984 largitionis
3298 2924 3465 2986 atque
3515 2933 3734 2974 consen-

2156 2994 2325 3051 sionis
2348 2998 2643 3055 auctoritas
2668 3000 3166 3061 incommutabilem
3194 3006 3735 3063 etinconvulsamob-

2159 3086 2328 3140 tineat
2351 3086 2685 3155 ﬁrmitatem,
2716 3104 2881 3146 manu
2906 3092 3123 3165 propria
3151 3092 3339 3149 subter
3352 3110 3475 3150 eam
3509 3096 3735 3152 ﬁrmavi-

2083 3168 2127 3230 C
2159 3191 2310 3244 mus:,
2339 3186 2393 3247 et
2432 3180 2617 3236 annuli
2666 3181 2839 3239 nostri
2885 3182 3245 3253 impressione
3278 3187 3551 3258 assignari
3581 3188 3736 3258 jussi-

2157 3285 2296 3331 mus.

2229 3359 2453 3432 Signum
2485 3361 2742 3419 Ludovici
2770 3362 3107 3428 serenissimi
3141 3366 3509 3439 imperatoris.

2229 3449 2609 3511 ilirminmaris
2656 3454 2901 3509 notarius
2952 3455 3022 3510 ad
3062 3456 3242 3514 vicem
3285 3458 3535 3531 Hugonis
3590 3476 3735 3517 reco-

2157 3557 2338 3612 gnovi.
3191 3594 3197 3602 .

2229 3630 2362 3685 Data
2394 3646 2425 3683 v
2452 3631 2569 3687 Kal.
2598 3632 3126 3707 Decembris,‘anno,
3152 3635 3372 3699 Christo
3393 3638 3645 3708 propitio,
3667 3639 3732 3692 21

2159 3723 2370 3792 imperii
2419 3724 2622 3781 domini
2677 3725 2935 3782 Ludovici
2968 3728 3303 3786 serenissimi
3351 3729 3733 3798 imperatoris,

2158 3817 2451 3873 indictione
2481 3819 2547 3873 15
2579 3819 2628 3872 ι).
2654 3818 2848 3873 Actum
2874 3818 3145 3876 Attiniaco
3161 3820 3360 3890 palatio
3383 3822 3535 3895 regio
3566 3822 3618 3876 in
3647 3822 3732 3877 Dei

2157 3908 2373 3962 nomine
2408 3908 2705 3982 [feliciter].
2744 3909 2935 3964 Amen.

2845 4002 2980 4059 CXC
2989 4004 3047 4059 ν.

2543 4124 2646 4168 no
2675 4124 2962 4169 DUSIIEIISI
2993 4121 3348 4173 leuatum.

2762 4200 2942 4271 (Anno
2971 4199 3121 4271 835.)

2156 4307 2333 4387 [Apud
2360 4309 2689 4387 Chililetiurn
2703 4311 2772 4387 in
2807 4311 3018 4387 probat.
3048 4313 3139 4387 ad_
3163 4312 3307 4387 Hist.
3352 4315 3475 4369 ubi».
3519 4316 3733 4372 Trem-

2226 4381 2609 4456 cienstfl‘pag.
2659 4380 3058 4453 262,'ntapud
3108 4383 3170 4445 D.
3228 4384 3424 4456 Bouq.,
3463 4396 3599 4441 tom.
3652 4390 3731 4449 γι.

2228 4463 2350 4527 pag.
2374 4449 2528 4521 598.]

2228 4559 2285 4612 In
2315 4559 2530 4613 nomine
2564 4558 2775 4615 Domini
2816 4560 2912 4623 Dei
2955 4569 3015 4621 et
3056 4560 3360 4619 Salvatoris
3401 4567 3579 4621 nostri
3615 4565 3735 4623 Jesn

2156 4650 2378 4720 Christi,
2432 4651 2755 4723 Ludovicus,
2786 4653 2968 4710 divina
3000 4656 3388 4733 repropitiante
3426 4659 3737 4718 clementia.

2156 4741 2455 4812 imperator
2490 4742 2783 4811 Augustus.

2230 4832 2363 4886 Cum
2402 4832 2535 4886 locis
2574 4832 2686 4888 Deo
2710 4834 2929 4903 dicatis.
2969 4836 3025 4899 in
3057 4837 3471 4910 quibuscum
3498 4841 3732 4915 indigne

2155 4922 2282 4987 rint,
2316 4922 2597 4976 consulere
2624 4925 2943 4993 satagimus,
2975 4924 3094 5005 ejus
3121 4929 3355 4997 gratiam
3375 4930 3532 4998 cuius
3552 4946 3742 4989 amore

2157 5010 2209 5064 id
2224 5011 2497 5071 nascimur
2523 5009 2759 5083 enicem,
2786 5013 3149 5073 abundantius
3165 5032 3273 5071 ms
3285 5023 3593 5087 promereri
3610 5036 3737 5077 con-

2154 5102 2387 5161 ﬁdimus.
2404 5101 2620 5166 Idcirco
2640 5114 2825 5160 notum
2845 5120 2966 5169 esse
2987 5106 3235 5163 volumus
3254 5110 3469 5166 cuneus
3495 5112 3736 5169 ﬁdelibus

2156 5201 2359 5261 sanctae
2386 5192 2482 5248 Dei
2510 5193 2767 5250 Ecclesia:
2792 5205 2847 5251 et
2875 5199 3107 5263 nostris,
3138 5202 3503 5269 praesentibus
3524 5204 3735 5261 scilicet

2154 5291 2210 5335 et
2232 5281 2460 5349 futuris,
2492 5284 2617 5353 quia
2642 5282 2935 5360 Hildigisus
2963 5287 3130 5345 abbas
3160 5303 3229 5345 ex
3266 5292 3605 5348 monasterio
3633 5292 3735 5347 Du—

2154 5377 2360 5432 serensi
2386 5378 2453 5439 ad
2494 5386 2735 5433 nostram
2765 5380 3031 5435 accedens
3070 5383 3575 5451 mansuetudinem,
3613 5400 3734 5454 sug-

2154 5467 2322 5537 gessit
2359 5476 2556 5522 nostrac
2596 5468 2893 5534 clementiae
2930 5470 3073 5538 quod
3101 5472 3435 5528 Warnarius
3461 5476 3729 5543 quondam

2154 5574 2335 5614 comes
2375 5560 2550 5616 eidem
2587 5562 2916 5617 monasterio
2945 5562 3179 5619 dedisset
3206 5566 3501 5635 quamdam
3530 5568 3731 5625 tiliam.

2154 5650 2369 5703 nomine
2402 5649 2683 5716 Masteccs,
2734 5666 2851 5719 qua:
2895 5662 2977 5708 est
3027 5653 3079 5708 in
3124 5670 3260 5727 pago
3312 5653 3721 5727 Τιὸοεειὶηοιει,

2226 5778 2501 5837 1Jlndictio
2542 5784 2840 5838 inchoanda
2876 5803 2903 5839 a
2939 5802 3123 5843 mense
3154 5788 3483 5860 Septembri.
