3924 6316
429 350 449 403 i
462 350 567 405 255

1573 347 1896 405 LUDOV'ICI
1936 348 1955 403 l
1993 347 2468 405 COCNOIENTO
2507 348 2592 404 ΡΠ

3577 353 3712 407 1153

423 469 509 522 bis
538 466 621 521 vel
650 465 714 520 de
742 465 826 519 his
856 462 974 532 iure
1000 461 1391 519 ’cceiesiastico
1417 471 1660 518 rectores
1691 470 1745 516 et
1773 460 2006 516 ministri
2037 467 2087 526 Α
2114 469 2172 514 ιιι
2203 459 2380 514 nullus
2427 469 2520 514 aut
2572 460 2773 516 nostris
2823 470 2915 514 aut
2968 475 3342 516 successorum
3396 472 3707 518 nostrorum

421 553 666 622 ejusdem
694 550 926 606 emnobii
951 550 1134 604 facere
1163 549 1462 612 voluerint,
1497 551 1723 605 liberam
1755 549 1809 603 in
1838 550 2011 604 omni-

423 647 522 700 bus
551 646 786 699 habeant
807 650 1154 712 potestatem.
1188 641 1254 695 Et
1272 641 1458 696 uthmc
1484 651 1683 696 nostrae
1711 641 2011 709 largitionis

419 742 581 801 atque
615 732 988 793 concessionis
1024 733 1318 786 auctoritas
1348 731 1712 786 inviolabilem
1740 741 1901 800 atque
1927 728 2012 785 in:

420 824 734 886 convulsam
760 824 1004 879 obtineat
1024 823 1362 888 ﬁrmitatem,
1394 839 1555 877 manu
1585 824 1803 894 propria
1826 825 2014 878 subter

417 929 539 969 eam
585 913 919 968 ﬁrmavimus
954 922 1010 968 et
1055 912 1241 967 annuli
1291 914 1464 969 nostri
1496 913 1852 984 impressione
1883 913 2014 970 assi-

425 1007 581 1077 gnari
597 1005 882 1075 iussimus.

489 1095 714 1167 Signum
736 1095 994 1152 Ludovici
1023 1110 1204 1150 seren.
1232 1096 1363 1166 imp.

497 1186 951 1241 Hirminmaris...

493 1276 625 1331 Data
655 1292 751 1330 vm
781 1277 897 1330 Kal.
923 1275 1091 1340 Junii,
1111 1292 1276 1342 anno,
1296 1276 1517 1332 Christo
1543 1280 1795 1349 propitio,
1823 1279 2012 1332 23in»-

418 1367 783 1438 pcrii.domini
806 1368 1064 1424 Ludovici
1080 1369 1310 1440 piissimi
1330 1367 1579 1440 Augusti,
1613 1370 1907 1424 indictione
1922 1369 2009 1423 15.

1089 1481 1339 1540 CXCVII.

810 1589 911 1628 PRO
950 1589 1201 1630 ECCLESIA
1239 1589 1625 1633 CENOIANENSI.

1053 1667 1226 1736 (Anno
1250 1667 1402 1739 855.)

637 1753 813 1826 [Apud
840 1755 1049 1822 Baluz.,
1083 1757 1332 1824 Miscell.,
1367 1766 1496 1813 tom.
1535 1759 1573 1824 l,
1603 1774 1656 1829 p.
1685 1761 1798 1834 86.]

2117 552 2448 619 temporibus
2481 553 2728 608 eamdem
2758 552 2945 608 cellam
2989 553 3113 606 inde
3158 554 3511 619 abstrahere,
3552 571 3704 610 usur-

2113 650 2368 709 pareaut
2395 641 2650 698 invadere
2675 645 3129 712 praesumatpsed
3178 646 3231 698 in
3279 648 3581 714 smpedictas
3608 647 3709 702 Ec-

2113 728 2294 784 clesiae
2320 722 2657 791 ctantedicti
2695 733 2899 789 Aldrici
2929 734 3168 804 ejusdem
3211 736 3456 790 ecclesiae
3494 738 3708 808 pontiﬁ-

2113 819 2194 874 cis
2231 835 2715 893 successorumque
2749 840 2968 880 suorum
3015 826 3330 895 pontiﬁcum
3363 827 3564 882 ditione
3583 827 3708 896 jure

2111 920 2372 982 perpetuo
2396 915 2660 970 consistat
2709 917 2774 970 ad
2807 932 2871 972 ca
2921 933 3040 986 qua:
3083 934 3250 988 supra
3279 920 3515 975 diximus
3558 936 3687 975 exse

2114 1001 2325 1070 quenda
2352 1011 2407 1057 et
2434 1003 2784 1073 perﬁcienda.
2815 1006 2882 1059 Et
2926 1016 2987 1060 ut
3012 1008 3128 1063 haec
3171 1017 3371 1063 nostrae
3398 1011 3710 1062 concessio-

2113 1107 2199 1147 nis
2251 1093 2625 1151 traditionisve
2663 1097 2956 1150 auctoritas
3004 1099 3087 1152 sui
3130 1099 3333 1171 vigoris
3389 1109 3709 1171 perpetuam

2111 1181 2354 1244 obtineat
2384 1183 2721 1251 ﬁrmitatem,
2776 1201 2937 1240 manu
2971 1190 3185 1258 propria
3216 1191 3408 1245 subter
3451 1206 3575 1244 eam
3620 1190 3709 1244 ﬁr-

2094 1272 2382 1328 mavimus
2408 1283 2463 1330 et
2490 1276 2673 1330 annuli
2717 1278 2886 1332 nostri
2926 1279 3284 1348 impressione
3312 1282 3577 1351 assignari
3596 1281 3710 1350 jus-

2113 1377 2305 1420 Simus.

2187 1453 2412 1525 Signum
2434 1456 2688 1513 Ludovici
2720 1460 3054 1516 serenissimi
3093 1461 3458 1532 imperatoris.

2185 1546 2586 1606 Hirminmarus
2611 1553 2854 1607 notarius
2875 1552 2943 1606 ad
2964 1553 3135 1608 vicem
3152 1554 3393 1626 Hugonis
3417 1557 3710 1626 recognovi

2116 1646 2173 1691 et
2201 1639 2521 1710 subscripsi.

2188 1726 2323 1783 Data
2357 1745 2446 1783 xvi
2476 1730 2744 1788 Kalendas
2782 1733 3004 1804 Aprilis,
3036 1750 3199 1801 anno,
3224 1734 3428 1792 Christi
3454 1739 3709 1807 propitio,

490 1844 548 1898 ιη
590 1813 809 1901 ηδηίίηθ
854 1813 1067 1902 Domin'i
1113 1847 1207 1902 Dei
1244 1813 1643 1904 et'sﬂvatb'ri's
1680 1813 1851 1906 ὲῷίῆ
1885 1851 2012 1908 Jesu
2043 1837 2089 1896 B
2115 1817 2186 1873 25
2221 1820 2433 1892 imperii
2462 1813 2646 1899 d’omni
2685 1826 2854 1880 nostri
2885 1825 3142 1892 Ludovici
3198 1828 3426 1897 piissimi
3463 1827 3710 1894 Augusti.

418 1935 646 2001 Christi,
686 1936 1008 2000 Ludovicus,
1052 1937 1235 1999 divina
1279 1940 1664 2014 repropitiante
1702 1941 2014 2010 clementia,

417 2026 720 2099 imperator
747 2026 1043 2099 Augustus.

493 2095 550 2171 Si
579 2095 721 2172 illius
756 2133 939 2172 amore
987 2116 1139 2185 cujus
1180 2133 1403 2174 munere
1446 2121 1660 2174 caeteris
1696 2122 2017 2178 mortalibus

416 2205 630 2277 praelati
657 2220 865 2272 sumus,
887 2205 1010 2262 loca
1035 2206 1218 2261 divino
1240 2206 1405 2262 cultui
1430 2218 1745 2263 consecrata
1762 2210 2016 2282 congruis

423 2297 808 2352 muniﬁcentiae
837 2305 1036 2351 nostra:
1079 2297 1360 2352 beneﬁciis
1396 2298 1464 2353 ad
1521 2297 1760 2353 divinum
1811 2299 2015 2356 cultum

420 2388 641 2443 uberius
680 2387 1087 2457 exsequendum
1112 2387 1468 2454 sustollimus,
1500 2389 1675 2459 digna:
1706 2390 2017 2444 retributio-

422 2479 507 2533 nis
557 2478 779 2548 prmmio
807 2492 909 2534 nos
935 2492 968 2537 ιι
1011 2477 1240 2532 1)οωίηο
1271 2478 1607 2532 remunerari
1625 2477 1873 2533 ﬁdeliter
1901 2495 2015 2533 cre-

420 2568 616 2622 dimus.
651 2569 990 2637 Quapropter
1025 2566 1267 2621 omnium
1298 2567 1536 2622 ﬁdelium
1581 2577 1890 2622 nostrorum
1919 2571 2014 2624 be-

423 2659 741 2714 nevolentia:
766 2637 875 2711 tani
908 2659 1252 2728 pmentium
1279 2673 1442 2735 quam
1470 2668 1525 2713 et
1551 2658 1878 2726 futurorum,
1905 2662 2016 2731 epi-

420 2765 708 2820 scoporum
759 2751 1041 2817 videlicet,
1096 2754 1394 2818 abbatum,
1448 2755 1674 2821 ducum,
1733 2758 2012 2822 comitum,

421 2843 860 2908 domesticorum,
897 2852 951 2898 et
976 2858 1164 2899 eorum
1193 2845 1491 2914 superioris
1528 2855 1583 2901 et
1627 2845 1901 2902 inferioris
1926 2862 2017 2902 or-

420 2934 563 2989 dinis
590 2942 698 2989 tam
725 2934 1108 2991 ecclesiasticae
1147 2950 1310 3005 quam
1357 2937 1567 3006 reipub.
1609 2937 2015 2992 administrato-

421 3043 542 3081 rum
573 3037 760 3082 notum
786 3043 906 3083 esse
935 3028 1182 3084 volumus
1207 3031 1333 3098 quia
1355 3030 1681 3100 complacuit
1706 3033 2015 3088 celsitudini

422 3128 627 3174 nostra:
655 3119 941 3189 quamdam
970 3120 1162 3175 cellam
1191 3120 1352 3176 sitam
1399 3122 1451 3175 in
1493 3137 1628 3200 pago
1655 3121 2016 3179 Cenomanico

2121 1909 2414 1966 indictione
2445 1913 2531 1967 14.
2558 1913 2752 1968 Actum
2780 1914 3101 1985 Aquisgrani
3132 1917 3330 1986 palatio
3364 1920 3516 1990 regio
3544 1919 3595 1972 in
3625 1918 3713 1971 Dei

2116 1998 2338 2054 nomine
2371 1999 2620 2062 feliciter,
2655 2003 2849 2059 Amen.

2781 2112 3049 2176 CXCVIII.

2600 2217 2701 2261 PBO
2738 2217 2914 2256 EADEI
2953 2220 3199 2268 εϐειεειΑ
3209 2248 3220 2260 .

2734 2293 2907 2363 (Anno
2934 2295 3085 2367 εδδ.)

2475 2381 2652 2454 [Apud
2679 2384 2886 2453 Baluz.,
2910 2388 3063 2454 ibid.,
3092 2405 3211 2461 pag.
3239 2389 3355 2462 87.]

2188 2469 2246 2524 in
2288 2472 2506 2528 nomine
2552 2475 2763 2531 Domini
2805 2478 2900 2533 Dei
2944 2487 2998 2533 et
3041 2480 3338 2538 Salvatoris
3379 2487 3556 2539 nostri
3590 2484 3713 2542 Iesu

2115 2561 2354 2626 Christi,
2401 2564 2724 2642 Ludovicus,
2760 2571 2940 2625 divina
2981 2574 3370 2644 repropitiante
3402 2577 3711 2642 clementia.

2121 2651 2416 2724 imperator
2441 2656 2739 2728 Augustus.

2191 2741 2249 2796 Si
2271 2746 2610 2800 sacerdotum
2641 2763 3031 2820 servorumque
3077 2752 3170 2807 Dei
3195 2752 3360 2824 justis
3391 2765 3446 2810 et
3484 2759 3714 2814 rationa-

2119 2833 2318 2889 bilibus
2363 2837 2717 2906 petitionibus
2765 2855 2951 2896 aurem
2998 2846 3474 2901 accommodamus
3517 2861 3713 2917 easque

2119 2923 2188 2976 ad
2213 2933 2458 3001 optatum
2478 2925 2729 2983 effectum
2757 2929 3126 3002 perducimus,
3165 2951 3273 2990 non
3301 2935 3479 2991 solum
3511 2940 3712 3009 regiam

2119 3025 2174 3070 et
2197 3017 2599 3089 imperatoriam
2623 3035 2936 3079 exercemus
2957 3027 3424 3094 consuetudinem,
3439 3031 3539 3083 sed
3553 3013 3710 3095 etiam

2119 3105 2338 3161 eosdem
2360 3121 2459 3177 pro
2479 3110 2792 3166 excessibus
2819 3113 3020 3171 nostris
3043 3115 3252 3172 Domini
3281 3117 3712 3184 misericordiam

423 3208 479 3262 in
505 3182 763 3263 suburbio
808 3208 977 3277 ipsius
1022 3209 1281 3275 civitatis,
1331 3210 1388 3270 id
1434 3182 1742 3276 estfintra
1789 3212 2010 3268 ﬂuvium

2121 3197 2395 3251 exorando
2429 3200 2732 3255 devotiores
2769 3204 3236 3287 promptioresque
3270 3205 3526 3274 facimus,
3552 3182 3710 3290 atque

421 3297 632 3353 Scriba:
657 3308 713 3353 et
740 3314 952 3361 murum
981 3298 1222 3378 praefata:
1251 3301 1423 3366 urbis,
1446 3317 1566 3370 quae
1591 3311 1674 3359 est
1697 3314 2010 3360 constructa

420 3398 475 3445 et
509 3391 758 3446 dedicata
786 3391 839 3444 in
867 3391 1074 3446 honore
1101 3401 1299 3446 sanctae
1323 3392 1419 3447 Dei
1450 3395 1729 3464 genitricis
1754 3395 1935 3452 Mariae
1958 3406 2013 3452 et

421 3481 593 3537 sancti
629 3479 774 3536 Petri
805 3481 1034 3550 apostoli
1065 3490 1225 3551 atque
1264 3482 1493 3538 aliorum
1539 3494 1848 3540 sanctorum
1880 3502 2013 3556 quo-

422 3589 540 3627 rum
584 3573 823 3642 reliquias
866 3582 918 3627 et
962 3575 1237 3628 memoriae
1264 3575 1394 3630 inibi
1424 3587 1773 3642 venerantur,
1805 3581 1905 3634 sub
1929 3581 2011 3635 in-

423 3663 672 3735 tegritate
694 3679 816 3718 cum
845 3662 1095 3718 omnibus
1127 3665 1286 3720 rebus
1325 3666 1658 3743 appendiciis
1686 3678 1738 3722 et
1765 3672 2012 3726 terminis

423 3753 557 3817 suis,
588 3759 643 3805 et
671 3766 792 3804 cum
835 3752 1089 3806 omnibus
1143 3752 1211 3805 ad
1257 3768 1315 3807 se
1364 3755 1782 3824 pertinentibus,
1818 3759 1876 3813 id
1905 3769 2010 3831 est,

424 3841 683 3904 basilicis,
713 3839 961 3894 domibus
982 3840 1304 3909 ceterisque
1319 3843 1586 3909 aediliciis,
1609 3847 1801 3912 vineis,
1828 3850 2011 3914 terris,

422 3932 611 4002 pratis,
659 3930 829 3996 silvis,
878 3931 1110 3998 eampis,
1157 3932 1392 3999 insonis,
1439 3935 1594 4002 aquis
1641 3951 2013 4006 aquarumque

424 4022 758 4086 deem-sibus,
795 4020 1136 4085 rnolwdinis,
1178 4021 1311 4076 locis
1344 4023 1509 4079 cultis
1541 4034 1595 4079 ct
1625 4025 1864 4092 incultis,
1899 4043 2012 4082 mo-

423 4112 620 4166 bilibus
647 4113 808 4165 rebus
840 4120 898 4164 et
925 4109 1383 4166 immobilibusac
1411 4113 1620 4183 seipsas
1649 4117 2010 4184 moventiius,

427 4203 709 4271 mancipiis
730 4201 927 4256 diversi
952 4216 1116 4256 sexus
1145 4210 1199 4256 et
1225 4205 1423 4268 aetatis,
1466 4206 1658 4260 matris
1697 4215 1751 4260 et
1779 4209 2014 4263 civitatis

425 4294 668 4350 ecclesia:
701 4293 1078 4349 Ceaomanica:
1116 4294 1366 4360 senioris,
1416 4310 1537 4364 quae
1583 4305 1667 4351 est
1717 4297 1938 4353 fundata
1962 4311 2016 4354 et

426 4387 674 4441 dedicata
709 4385 764 4439 in
793 4385 998 4440 honore
1033 4385 1204 4440 sancti
1230 4383 1533 4440 Salvatoris
1557 4394 1612 4442 et
1638 4387 1874 4456 praeﬁxae
1896 4404 2016 4444 san-

2114 3300 2213 3365 per
2233 3286 2338 3342 hoc
2364 3288 2682 3345 immensam
2712 3290 2807 3347 Dei
2839 3286 3266 3360 misericordiam
3303 3297 3519 3359 facilius
3558 3286 3709 3356 nobis

2113 3382 2509 3438 conciliandam
2558 3400 2678 3440 esse
2719 3385 3061 3451 conﬁdimus.
3101 3389 3304 3453 Idcirco
3355 3390 3546 3447 notum
3589 3411 3707 3450 esse

2114 3473 2364 3538 volumus
2405 3477 2617 3538 cunctis
2669 3477 2916 3540 ﬁdelibus
2963 3489 3162 3536 sancta:
3214 3482 3309 3538 Dei
3355 3483 3614 3541 Ecclesia-
3659 3499 3707 3543 et

2114 3564 2340 3630 nostris,
2378 3567 2736 3645 pmsentibus
2766 3576 2820 3622 et
2857 3567 3076 3636 futuris,
3101 3555 3524 3643 quia._Aldricus
3551 3593 3706 3632 vene-

2119 3657 2308 3714 rabilis
2352 3657 2729 3715 Cenomanice
2777 3660 2928 3716 urbis
2973 3662 3260 3733 episcopus
3299 3668 3570 3737 suggessit
3617 3685 3708 3724 no-

2115 3756 2242 3801 stra:
2263 3748 2596 3804 excellentia:
2618 3753 3005 3806 monasterium
3029 3763 3231 3810 sancta:
3261 3756 3441 3812 Mariae
3461 3767 3516 3816 et
3538 3762 3705 3815 sancti

2115 3838 2260 3893 Petri
2287 3841 2452 3894 situm
2482 3850 2634 3895 extra
2681 3857 2866 3897 muros
2913 3855 3226 3902 memorata:
3255 3849 3427 3912 urbis,
3458 3865 3491 3903 a
3525 3851 3706 3906 deces-

2116 3945 2240 3985 sore
2265 3945 2363 3986 suo
2390 3929 2682 3989 innocente
2705 3933 2978 4002 quondam
3004 3936 3258 4012 episcopo
3283 3938 3336 3992 in
3367 3939 3534 3996 rebus
3561 3951 3616 3996 et
3643 3957 3704 3997 ex

2115 4021 2277 4074 rebus
2324 4021 2406 4075 sui
2463 4021 2720 4099 episcopii
2774 4022 3055 4078 fundatum
3095 4021 3274 4098 atque
3309 4041 3702 4095 constructum,

2116 4116 2369 4186 deinceps
2404 4117 2726 4186 quibusdam
2773 4104 3257 4183 intervenientibus
3303 4123 3484 4189 causis
3528 4139 3560 4177 a
3589 4123 3705 4192 jure

2109 4207 2222 4275 jam
2249 4207 2408 4261 dictae
2449 4223 2559 4261 suae
2589 4208 2734 4271 sedis
2768 4211 3124 4279 subtractum,
3163 4221 3219 4276 et
3247 4213 3316 4267 ab
3351 4212 3502 4268 illius
3532 4214 3702 4270 domi-

2116 4292 2334 4348 natione
2358 4294 2620 4356 hactenus
2641 4295 2806 4361 l'uisse
2829 4296 3076 4360 dilatum.
3111 4297 3285 4377 thue
3324 4298 3467 4375 quod
3499 4309 3703 4354 assere-

2116 4384 2210 4439 bat
2261 4386 2530 4449 veraciter
2584 4387 2765 4450 nobis
2796 4397 3099 4458 patesceret
3121 4429 3135 4454 ,
3189 4389 3379 4444 detulit
3429 4391 3703 4446 obtutibus

425 4484 528 4530 ctae
555 4474 733 4530 Mariae
770 4489 987 4545 semper
1014 4474 1240 4543 virginis
1267 4482 1323 4530 et
1349 4483 1660 4531 sanctorum
1712 4486 2010 4550 martyrum
2037 4512 2091 4571 Β
2117 4471 2416 4546 maiestatis
2457 4482 2655 4538 nostra:
2700 4475 2944 4546 quedam
2991 4477 3306 4547 chartarum
3353 4491 3699 4535 monumenta

427 4565 672 4622 Gervasii
725 4573 780 4619 et
833 4564 1064 4619 Protasii
1115 4573 1276 4632 atque
1338 4567 1512 4620 sancti
1563 4565 1862 4637 Stephani,
1917 4570 2009 4624 ubi

426 4657 680 4728 ιιι-περιιιί
730 4665 967 4725 tempore
1013 4655 1097 4709 vir
1159 4656 1483 4717 venerabilis
1529 4657 1793 4727 nobisque
1835 4659 2010 4716 ﬁdeis

426 4751 674 4806 Aldricus
702 4749 984 4817 episcopus
1011 4755 1196 4817 pastor
1223 4755 1279 4802 et
1301 4755 1480 4806 rector
1510 4761 1630 4802 esse
1656 4749 2006 4818 dignoscitur,

428 4852 611 4900 nostra
637 4821 921 4912 largitione
946 4839 1161 4902 tradere
1195 4847 1357 4910 atque
1386 4841 1701 4906 concedere,
1731 4849 1785 4896 et
1814 4841 1882 4897 de
1909 4858 2010 4896 no-

427 4943 546 4989 stro
563 4931 687 5000 jure
728 4932 781 4985 in
819 4929 910 4997 jus
934 4944 1002 4989 ac
1037 4936 1362 4999 potestatem
1410 4929 1551 4989 illius
1589 4930 1814 4985 solemni
1843 4931 2011 4984 dona.

430 5028 576 5081 tione
605 5021 916 5086 transferre,
949 5035 1013 5075 ea
1044 5019 1295 5075 videlicet
1322 5021 1532 5075 ratione
1563 5030 1622 5074 ut
1646 5020 1864 5076 famulis
1893 5037 2011 5075 ser-

430 5119 618 5186 visque
647 5115 740 5169 Dei
771 5113 901 5168 inibi
940 5112 1362 5167 consistentibus
1387 5121 1442 5167 et
1468 5112 1731 5191 stipendia
1762 5127 2015 5168 necessa-

433 5206 511 5261 ria
556 5205 775 5261 uberius
824 5203 1200 5261 ministrentur
1224 5241 1239 5266 ,
1291 5211 1344 5263 et
1381 5203 1731 5265 necessitates
1771 5201 2011 5270 ejusdem

430 5297 672 5354 eceiesia:
697 5305 807 5351 tam
845 5295 1084 5351 exterius
1110 5309 1271 5363 quam
1291 5304 1353 5347 et
1378 5294 1607 5350 interius
1653 5294 1862 5349 facilium
1894 5311 2016 5365 pro-

431 5398 706 5445 curentur.
754 5387 858 5442 Per
905 5388 1045 5448 hanc
1086 5399 1302 5462 quoque
1338 5387 1711 5447 auctoritatem
1745 5398 2009 5452 nostram,

431 5496 529 5551 per
575 5469 735 5550 quam
782 5486 1134 5534 memoratam
1176 5476 1367 5536 cellam
1401 5493 1525 5535 cum
1574 5477 1823 5532 omnibus
1861 5479 1925 5533 ad
1955 5494 2013 5533 sc

432 5569 838 5639 pertinentibus,
873 5569 1014 5623 sicut
1041 5567 1288 5637 superius
1323 5567 1526 5623 dictum
1555 5577 1656 5631 est,
1688 5571 2014 5639 prtescriptte

435 5659 622 5713 matris
641 5665 696 5710 et
716 5657 947 5711 civitatis
970 5655 1214 5712 ecclesiae
1237 5671 1299 5709 ac
1321 5654 1528 5725 praelati
1556 5655 1757 5710 A’ldrici
1776 5656 2013 5724 ejusdem

429 5748 577 5804 sedis
603 5745 836 5818 episcopi
881 5745 1205 5816 delegamus,
1237 5744 1608 5814 prtecipientes
1641 5745 2014 5800 interdicimus

2117 4581 2413 4636 regumque
2453 4565 2796 4620 decessorum
2827 4566 3078 4621 videlicet
3113 4576 3424 4622 nostrorum
3469 4569 3701 4624 auctori—

2119 4666 2257 4712 tates
2301 4657 2592 4726 quasdam;
2647 4657 2842 4735 quibus
2891 4659 3149 4728 inspectis
3208 4667 3372 4728 atque
3425 4661 3702 4716 evidenter

2117 4749 2421 4803 ostenditur
2447 4747 2761 4817 prcedictum
2793 4749 3176 4812 monasterium
3213 4749 3356 4828 juris
3402 4751 3698 4821 saepedicte

2119 4839 2262 4893 sedis
2293 4837 2671 4903 Cenomanicze
2696 4839 2801 4900 sibi
2829 4839 3131 4901 commissa:
3172 4853 3294 4899 esse
3337 4849 3393 4900 et
3437 4840 3489 4894 in
3536 4841 3698 4910 ipsius

2119 4927 2484 4980 dominatione
2535 4927 2730 4982 debere
2776 4927 3085 4996 persistere,
3135 4927 3412 4983 humiliter
3455 4939 3697 4982 nostram

2119 5018 2411 5087 implorans
2438 5019 2907 5080 mansuetudinem
2954 5027 3012 5080 ut
3040 5018 3186 5090 quod
3215 5010 3324 5072 tam
3361 5020 3695 5075 evidentibus

2114 5107 2329 5164 indiciis
2370 5108 2692 5174 declaratur,
2735 5119 2919 5163 nostra
2959 5093 3171 5177 quoque
3217 5111 3547 5174 assentione,
3593 5113 3694 5165 imo

2116 5201 2440 5254 auctoritate
2484 5201 2661 5263 denuo
2695 5201 2996 5254 roboretur.
3035 5197 3166 5264 Quae
3196 5198 3270 5252 ita
3312 5199 3569 5269 liquidius
3610 5217 3694 5255 co-

2115 5301 2436 5363 gnoscentes
2464 5293 2621 5362 eique
2645 5293 2716 5346 ob
2749 5306 2988 5347 amorem
3015 5290 3110 5345 Dei
3136 5297 3193 5344 et
3215 5290 3454 5359 ejusdem
3502 5303 3692 5346 sanctae

2115 5385 2258 5439 sedis
2292 5369 2648 5445 reverentiam
2690 5382 2928 5436 favorem
2971 5382 3138 5436 nostri
3165 5381 3416 5436 culminis
3442 5383 3691 5436 adbibere

2116 5474 2334 5544 dignum
2367 5473 2703 5542 judicantes,
2749 5472 2890 5525 hanc
2929 5471 3266 5526 auctoritatis
3321 5480 3524 5526 nostra:
3564 5487 3690 5542 pne-

2115 5563 2420 5633 ceptionem
2450 5563 2497 5617 ei
2521 5563 2737 5630 suisque
2763 5575 2859 5631 per
2887 5568 3126 5628 tempora
3158 5563 3560 5616 successoribus
3585 5561 3688 5614 ﬁeri

2117 5668 2181 5707 ac
2209 5651 2326 5706 dari
2347 5653 2627 5724 jnssimus,
2675 5666 2772 5719 per
2805 5664 2965 5718 quam
3005 5649 3346 5706 decernimus
3385 5662 3548 5720 atque
3574 5669 3688 5706 san-

2118 5744 2291 5800 cimus
2320 5753 2378 5800 ut
2403 5753 2757 5798 memoratum
2788 5741 3177 5797 monasterium
3199 5752 3400 5797 sancta:
3426 5744 3602 5797 Maria:
3633 5758 3686 5797 ac
