3924 6356
274 412 408 467 ηδτ

1396 404 1783 461 DlPLOHATA
1831 399 2381 461 ECCLESIASTICA.

3373 401 3506 457 £258

269 522 443 577 sancti
479 520 644 585 Petri,
671 519 812 589 quod
841 514 1146 588 aliquandiu
1182 514 1250 568 ab
1289 528 1472 567 eorum
1507 513 1629 582 jure
1673 520 1724 566 et
1768 511 1847 565 di-
1873 527 1924 586 Α
1949 497 2554 573 reddidimusecclesize,
2573 523 2670 564 nec
2685 515 2862 564 nonet
2885 509 3175 585 delisquas
3196 521 3322 565 ante
3344 512 3512 583 ipsam

269 614 418 669 tio‘ne
453 611 790 667 subtractum
839 608 1037 674 fuerat,
1087 606 1283 663 abhinc
1328 606 1381 660 in
1435 613 1711 680 posterum
1749 604 1845 658 ha-

267 703 432 758 beant
471 711 633 773 atque
661 700 989 771 possideant,
1027 705 1081 753 et
1109 697 1365 768 quidquid
1407 705 1556 751 more
1595 695 1844 752 ecclesia-

271 795 409 851 stico
445 795 510 849 de
555 808 622 848 eo
667 793 952 862 disponere
1001 789 1289 853 voluerint,
1344 788 1567 843 liberam
1593 788 1846 842 'haheant

269 892 607 955 potestatem,
634 897 808 953 neque
835 882 944 935 ullo
973 881 1222 950 deinceps
1248 888 1485 949 tempore
1511 895 1540 933 a
1559 878 1684 946 jure
1708 894 1841 949 prae-

272 969 486 1044 sciipta:
511 974 654 1028 sedis
692 988 784 1026 seu
820 970 937 1039 ejus
983 978 1253 1026 rectorum
1293 969 1528 1038 qualibet
1566 968 1846 1024 occasione

272 1076 365 1121 aut
390 1067 641 1122 violentia
669 1072 999 1135 segregetur,
1039 1063 1132 1118 sed
1164 1078 1375 1132 semper
1407 1064 1459 1118 in
1496 1064 1638 1117 illius
1671 1070 1848 1117 recto-

274 1174 500 1228 rumque
523 1157 637 1225 ejus
665 1165 925 1227 potestate
949 1165 1004 1212 et
1023 1158 1370 1227 dispositione
1390 1171 1454 1210 ac
1478 1157 1762 1212 voluntate
1780 1154 1848 1211 ad

273 1249 510 1304 divinum
540 1247 743 1303 cultum
767 1247 1084 1316 pr0pensius
1108 1245 1508 1314 exsequendum
1531 1259 1651 1298 cum
1682 1245 1850 1299 omni-

273 1341 374 1394 bus
403 1338 470 1391 ad
513 1352 570 1391 se
610 1335 1006 1407 pertinentibus
1043 1334 1387 1402 integerrime
1428 1332 1848 1401 sincerrimeque

273 1436 531 1498 perpetuo
585 1425 865 1481 consistat.
913 1424 981 1477 Et
1026 1430 1085 1476 ut
1117 1423 1231 1477 hac
1282 1431 1477 1476 nostra:
1532 1421 1849 1477 redditionis

222 1557 230 1562 μ-
274 1518 566 1571 auctoritas
603 1523 918 1585 perpetuam
978 1513 1218 1567 obtineat
1278 1511 1624 1575 ﬁrmitatem,
1687 1526 1848 1566 manu

274 1610 491 1682 pr0pria
521 1608 704 1663 subter
737 1620 854 1660 eam
887 1605 1240 1671 ﬁnnavimus,
1268 1613 1318 1659 et
1352 1604 1417 1660 de
1441 1589 1639 1660 annulo
1665 1612 1850 1658 nostro

271 1701 530 1770 iussimus
556 1698 796 1769 sigillari.
825 1696 1151 1752 Ludovicus.
1668 1697 1672 1700 ‘

346 1791 742 1845 llirminmarus
761 1787 1001 1843 notarius
1020 1787 1085 1842 ad
1107 1787 1278 1841 vicem
1303 1786 1542 1866 llugonis
1563 1785 1846 1861 recognovi

274 1891 326 1937 ct
356 1880 674 1950 subscripsi.

346 1973 478 2027 Data
510 1989 562 2025 χι
583 1971 807 2027 Kalend.
835 1971 1029 2042 April.,
1060 1986 1222 2036 anno,
1249 1969 1466 2024 Christo
1501 1969 1750 2042 propitio,
1780 1971 1850 2024 ‘23

276 2065 484 2134 imperii
533 2062 785 2118 Ludovici
837 2062 1061 2134 piissimi
1114 2061 1369 2132 Augusti,
1421 2060 1713 2115 indictione
1764 2060 1844 2113 Η.

273 2157 468 2212 Actum
506 2153 828 2226 Aquisgranl
857 2152 1053 2226 palatio
1082 2153 1231 2222 regio
1261 2151 1311 2204 in
1355 2149 1450 2204 Dei
1480 2151 1695 2204 nomine
1732 2149 1847 2203 feli-

276 2243 433 2299 citer.
463 2242 653 2297 Amen.

949 2327 1153 2386 CXCIX

754 2437 856 2476 PRO
895 2435 1070 2475 EADEII
1110 2434 1377 2473 ECCLESIA.

887 2510 1060 2579 (Anno
1100 2507 1248 2578 854.)

629 2600 807 2672 [Apud
828 2599 1035 2661 Βειὶιη.ν
1061 2596 1212 2662 ibid.,
1235 2613 1357 2667 pag.
1385 2596 1497 2668 87.]

350 2691 406 2745 la
435 2691 646 2744 nomine
684 2689 892 2744 Domini
935 2688 1029 2742 Dei
1077 2696 1130 2741 et
1178 2686 1474 2740 Salvatoris
1522 2684 1692 2739 nostri
1725 2682 1852 2737 Jesu

280 2780 505 2845 Christi,
553 2777 876 2842 Ludovicus,
907 2776 1084 2831 divina
1131 2774 1517 2845 repropitiante
1545 2772 1848 2836 clementia,

281 2870 577 2938 imperator
601 2866 893 2936 Augustus.

354 2959 411 3014 Si
450 2956 799 3026 petitionibus
843 2956 1180 3010 sacerdotum
1217 2970 1312 3024 pro
1337 2952 1661 3021 quibuslibet
1682 2950 1854 3007 eccle-

280 3049 516 3103 siasticis
538 3047 950 3102 necessitatibus
971 3060 1127 3099 aures
1146 3052 1358 3098 nostras
1391 3043 1620 3097 libenter
1639 3058 1852 3098 accom-

282 3143 581 3204 modamus,
627 3146 682 3192 et
708 3154 801 3193 eas
830 3153 951 3191 cum
984 3137 1078 3192 Dei
1110 3137 1309 3190 auxilio
1345 3134 1410 3189 ad
1439 3133 1688 3189 eil'ectum
1729 3149 1851 3206 per-

281 3232 546 3295 ducimus,
575 3231 629 3284 id
655 3229 809 3283 nobis
835 3230 902 3282 ad
924 3236 1138 3282 :eterna:
1162 3229 1608 3283 remunerationis
1633 3229 1852 3298 prmiuia

281 3321 607 3389 capessenda
637 3318 973 3389 profuturum
999 3318 1200 3388 liquido
1229 3319 1512 3372 credimus.
1554 3318 1719 3388 igitur
1758 3335 1853 3374 no-

283 3417 394 3462 tum
451 3422 570 3462 esse
617 3407 860 3462 volumus
910 3405 1186 3477 sagacitati
1238 3405 1470 3460 fidelium
1524 3417 1851 3471 nostrorum,

281 3497 626 3566 prmsentium
649 3496 894 3550 videlicet
915 3504 967 3550 et
989 3496 1308 3560 futurorum,
1335 3511 1429 3549 nec
1452 3511 1555 3550 non
1580 3511 1855 3550 successo-

284 3602 403 3641 rum
459 3594 787 3650 nostrorum,
819 3586 943 3654 quia
998 3585 1182 3640 adiens
1223 3587 1564 3640 serenitatem
1615 3595 1852 3641 nostram

282 3666 530 3728 Aldricus
564 3672 938 3728 Cenomanica:
959 3673 1107 3727 urbis
1135 3675 1419 3742 episcopus
1449 3675 1678 3727 innotuit
1701 3675 1855 3730 nobis

284 3767 517 3836 qualiter
547 3765 680 3820 'olim
723 3767 959 3835 peccatis
997 3765 1441 3834 prmpedientibus
1470 3774 1655 3820 sancta
1686 3775 1857 3820 mater

287 3855 537 3919 ecclesia,
573 3869 693 3922 quae
737 3856 790 3908 in
812 3855 998 3909 eadem
1030 3855 1180 3917 urbe,
1230 3855 1281 3907 in
1311 3854 1513 3909 honore
1541 3866 1736 3910 sancta:
1762 3859 1855 3912 Dei

287 3944 566 4016 genitricis
605 3944 785 3996 Mariae
829 3951 883 3997 et
925 3952 1233 3998 sanctorum
1261 3942 1504 3998 Gervasii
1542 3954 1597 3998 et
1628 3945 1856 4001 Protasii

294 4041 620 4104 martyrum,
650 4032 846 4086 Christi
899 4032 1008 4087 Deo
1052 4041 1136 4087 est
1176 4032 1374 4098 dicata,
1421 4035 1510 4088 ubi
1551 4035 1730 4089 multa:
1773 4050 1859 4089 res

293 4127 490 4180 dudum
521 4133 693 4188 erant,
733 4125 864 4179 adeo
892 4125 1166 4179 humiliata
1205 4134 1258 4179 et
1303 4128 1462 4180 rebus
1501 4128 1612 4182 suis
1642 4127 1713 4180 sit
1740 4129 1856 4182 exi-

295 4220 500 4282 nanita,
518 4224 641 4270 utet
663 4217 946 4271 thesaurus
968 4217 1134 4285 ipsius
1160 4217 1398 4270 ecclesia:
1422 4232 1452 4270 a
1476 4218 1858 4273 christianissi-

291 4308 395 4360 mis
422 4305 753 4376 principibus
776 4306 840 4358 de
866 4320 930 4358 ea
957 4303 1186 4367 ablatus,
1214 4311 1267 4356 et
1299 4306 1540 4372 quaedam
1564 4315 1860 4361 strum;nta

292 4397 621 4458 chartarum,
653 4409 747 4464 per
773 4409 891 4462 qum
915 4408 1001 4447 res
1025 4402 1082 4447 et
1121 4395 1384 4464 mancipia
1410 4396 1582 4450 eidem
1622 4398 1862 4455 ecclesia:

293 4486 506 4539 fuerant
535 4485 809 4566 delegem,
837 4484 1169 4538 diversorum
1198 4500 1416 4539 casuum
1445 4489 1724 4543 eventibus
1750 4505 1862 4544 ma-
1886 4521 1941 4580 Β

292 4591 396 4646 gna
424 4590 492 4629 ex
517 4585 671 4643 parte
711 4574 783 4628 ibi
830 4574 1191 4645 deperierunt,
1244 4591 1342 4630 nec
1380 4591 1485 4630 non
1530 4581 1861 4648 paupertatis

292 4682 457 4722 causa
487 4665 844 4737 prrepediente
872 4665 1037 4719 divini
1073 4665 1246 4720 cultus
1281 4666 1510 4721 ollicinm
1535 4669 1858 4724 miserabili-

295 4769 378 4814 ter
421 4758 584 4812 fuerit
623 4757 960 4820 destitutum,
1003 4766 1057 4810 et
1082 4757 1132 4810 in
1166 4757 1351 4811 eadem
1381 4759 1673 4814 miserabili
1699 4761 1864 4816 colla-

296 4848 503 4918 psione,
531 4848 637 4901 imo
666 4847 1011 4901 destitutione
1042 4847 1220 4900 tandiu
1245 4847 1357 4916 ipsa
1379 4850 1673 4918 perstiterit
1694 4852 1862 4908 eccle-

296 4939 396 5003 sia,
437 4937 604 4991 donec
648 4936 942 5004 inspirante
1002 4938 1226 4991 Domino
1280 4939 1507 4995 domnus
1552 4951 1605 4997 et
1653 4946 1864 5013 genitor

296 5033 480 5081 noster
503 5035 703 5080 sanctae
733 5026 1005 5080 memoriae
1030 5026 1253 5082 Carolus
1281 5030 1644 5089 nobilissimus
1672 5038 1858 5091 ortho-

295 5117 468 5172 doxus
494 5117 788 5185 imperator
817 5117 994 5187 aliqua
1041 5120 1421 5174 monasteriola
1447 5130 1502 5176 et
1526 5125 1677 5180 villas
1701 5143 1860 5196 quas-

297 5207 421 5260 dam
466 5203 602 5272 juris
653 5203 891 5271 ejusdem
939 5206 1190 5277 episcopii
1222 5223 1341 5261 cum
1395 5211 1554 5288 rebus
1599 5213 1721 5269 aliis
1767 5233 1862 5286 per

298 5291 739 5348 intercessionem
789 5294 1047 5347 nobilium
1094 5295 1381 5351 multorum
1433 5307 1488 5352 et
1541 5303 1861 5370 optimatum

300 5398 520 5438 suorum
537 5383 708 5437 eidem
732 5385 1021 5438 reddiderit
1039 5385 1293 5452 ecclesiae,
1310 5389 1499 5456 quibus
1520 5391 1630 5462 ipse
1651 5407 1866 5453 sanctus

300 5476 713 5532 adminiculatus
747 5477 892 5532 locus
931 5479 1098 5533 libere
1128 5490 1285 5548 atque
1320 5482 1756 5544 inexcusabiliter
1786 5494 1865 5546 di-

300 5569 440 5621 vinae
465 5582 606 5620 nunc
641 5565 927 5621 famulatur
958 5571 1229 5637 potentim,
1258 5576 1544 5642 postulavit
1570 5589 1730 5651 atque
1767 5600 1864 5640 nos

301 5657 586 5728 praedictus
635 5657 870 5726 pontifex
910 5669 968 5713 ut
1008 5660 1073 5714 de
1123 5666 1322 5720 eisdem
1349 5667 1552 5742 cellulis
1595 5681 1653 5726 et
1681 5675 1862 5740 rebus,

305 5750 418 5806 sive
447 5764 580 5821 quas
607 5757 931 5803 memoratus
976 5754 1182 5819 genitor
1226 5766 1408 5811 noster
1455 5769 1502 5813 et
1547 5776 1644 5814 nos
1681 5773 1862 5830 postea

705 5864 979 5924 Parnm.
1030 5864 1178 5926 Cl'i'.

1944 600 2293 655 redditionem
2327 599 2452 672 jure
2486 593 2558 653 et’
2585 597 2826 671 legaliter
2854 608 3146 664 memorata
3177 601 3396 657 tenebat
3423 619 3514 658 ec-

1943 690 2126 756 clesia,
2179 700 2378 745 nostra:
2427 689 2763 745 auctoritatis
2811 699 2972 764 atque
3019 693 3334 755 emunitatis
3378 688 3517 765 prie.

1943 791 2154 861 ceptum
2181 785 2325 839 circa
2357 784 2532 860 ipsum
2558 793 2804 840 sanctum
2841 784 3017 838 locum
3045 784 3314 841 ﬁrmitatis
3343 786 3514 857 gratia

1945 874 2061 929 ﬁeri
2109 873 2554 938 decrevissemus,
2590 887 2688 942 per
2729 872 2871 944 quod
2919 872 3128 936 llrmius
3175 883 3227 932 et
3274 876 3516 932 securius

1945 971 2269 1019 memoratas
2295 975 2381 1016 res
2412 961 2686 1016 modernis
2714 959 3018 1041 futurisque
3047 964 3372 1042 temporibus
3403 965 3520 1038 ipsa

1945 1060 2126 1108 teneat
2159 1063 2214 1108 et
2239 1054 2511 1124 possideat
2532 1061 2692 1124 atque
2721 1053 2971 1108 defendat
2996 1054 3240 1118 ecclesia.
3272 1055 3521 1111 Ostendit

1945 1144 2109 1199 etiam
2158 1144 2312 1200 nobis
2359 1141 2686 1215 praeseptum
2735 1146 2890 1201 honze
2939 1136 3327 1202 recordationis
3374 1149 3520 1203 beati

1946 1234 2206 1304 genitoris
2245 1236 2412 1290 nostri
2439 1235 2617 1290 domui
2653 1231 2933 1302 Caroli,‘in
2962 1254 3069 1307 quo
3100 1247 3153 1292 et
3179 1239 3365 1294 eadem
3396 1256 3523 1294 con-

1947 1324 2256 1378 tinebantur
2278 1325 2588 1396 singillatim
2613 1327 2882 1380 nominata
2900 1343 3016 1397 qum
3036 1337 3088 1382 et
3117 1329 3168 1390 in
3187 1341 3394 1394 nostro,
3415 1331 3519 1384 nisi

1949 1421 2156 1467 tantum
2183 1428 2246 1468 ea
2272 1429 2390 1483 qua:
2428 1430 2527 1469 nos
2554 1417 2833 1484 postea‘ex
2873 1416 2993 1485 jure
3021 1417 3256 1495 praefata:
3281 1419 3525 1474 CCClCSlLB

1949 1511 2169 1573 prepter
2194 1518 2430 1558 amorem
2461 1505 2549 1558 Dei
2578 1514 2632 1558 et
2655 1506 3011 1560 reverentiam
3042 1516 3350 1569 sanctorum
3379 1523 3521 1581 pra:-

1949 1591 2094 1645 dicto
2141 1591 2437 1646 venerabili
2485 1593 2706 1647 Aldrico
2751 1593 3000 1662 episcopo
3030 1590 3101 1649 et
3145 1597 3523 1668 suprascripta:

1951 1681 2110 1734 matri
2151 1696 2248 1752 per
2288 1690 2486 1737 nostra:
2528 1685 2862 1737 auctoritatis
2890 1694 3154 1754 praecepta
3192 1669 3524 1744 reddidimus

1950 1768 2208 1824 ecclesia.
2232 1769 2397 1847 Cujus
2419 1772 2662 1842 petitioni
2695 1773 2763 1827 oh
2798 1788 3037 1832 amorem
3065 1775 3158 1838 Dei
3186 1783 3240 1829 et
3267 1791 3522 1830 reveren-

1876 1859 1920 1917 Β
1951 1859 2078 1914 tiam
2123 1850 2291 1938 ipsius
2338 1864 2510 1919 sancti
2550 1863 2779 1924 libenter
2824 1865 3130 1932 annuimus,
3162 1869 3346 1924 ethoc
3387 1885 3524 1945 prat-

1949 1963 2164 2022 eeptum
2219 1953 2559 2013 auctoritatis
2607 1961 2804 2011 nostrae
2853 1955 2997 2009 circa
3055 1957 3227 2025 ipsum
3278 1969 3522 2020 sanctum

1951 2046 2126 2100 locum
2155 2044 2334 2101 facere
2359 2046 2667 2106 censuimus
2697 2063 2708 2098 ;
2741 2062 2840 2123 per
2867 2048 3005 2122 quod
3023 2049 3274 2120 juhemus
3301 2060 3360 2106 ut
3383 2053 3527 2130 ipsas

1950 2136 2174 2191 cellulas
2203 2143 2258 2190 et
2283 2151 2372 2190 res
2398 2144 2454 2191 et
2479 2137 2744 2212 mancipia
2773 2153 2895 2192 cum
2934 2139 3181 2193 omnibus
3206 2142 3271 2195 ad
3303 2156 3361 2195 se
3405 2158 3527 2212 pcr-

1953 2227 2245 2282 tinentibns
2289 2227 2372 2280 vel
2417 2228 2821 2297 aspicientibus,
2851 2243 2970 2297 qua:
3005 2228 3259 2284 moderno
3291 2239 3528 2302 tempore

1945 2319 2090 2389 juste
2120 2328 2174 2374 et
2198 2318 2439 2389 legaliter
2469 2319 2583 2388 ipsa
2629 2327 2774 2374 tenet
2818 2319 3066 2383 ecclesia,
3120 2321 3233 2375 sive
3259 2336 3352 2376 eas
3391 2337 3529 2392 quas

1950 2411 2159 2478 genitor
2185 2419 2365 2464 noster
2390 2419 2444 2464 et
2466 2425 2564 2465 nos
2585 2410 2754 2464 eidem
2787 2411 3117 2465 reddidimus
3138 2412 3397 2478 ecclesiae,
3427 2428 3528 2469 nce

1952 2516 2058 2554 non
2089 2510 2143 2555 et
2171 2516 2263 2556 eas
2308 2516 2428 2571 qua:
2475 2509 2634 2555 antea
2671 2501 2722 2554 in
2746 2499 2885 2573 jure
2917 2501 3084 2574 ipsius
3115 2503 3368 2579 episcopii
3404 2520 3529 2560 con-

1951 2590 2234 2654 sistebant,
2271 2589 2498 2647 ﬁrmiter
2532 2592 2701 2658 atque
2734 2590 3114 2647 inviolabiliter
3141 2607 3238 2662 per
3261 2593 3402 2647 hanc
3430 2611 3524 2652 nov

1953 2687 2122 2740 stram
2150 2678 2525 2734 auctoritatem
2551 2678 2668 2752 ipsa
2699 2687 2878 2737 teneat
2899 2687 3057 2750 atque
3080 2681 3329 2740 defendat
3355 2683 3528 2742 eccle-

1953 2769 2063 2832 sia;
2093 2769 2144 2824 id
2170 2776 2270 2832 est,
2287 2767 2534 2823 cellulam
2560 2769 2729 2824 sancti
2750 2770 3013 2825 Vincentii
3038 2787 3158 2829 cum
3180 2774 3430 2846 omnibus
3457 2775 3523 2833 ad

1953 2876 2010 2914 se
2034 2860 2445 2932 pertinentibus,
2487 2869 2541 2913 et
2582 2859 2830 2918 cellulam
2858 2862 3032 2916 sancti
3069 2861 3264 2928 Albini,
3295 2878 3387 2920 seu
3419 2865 3526 2922 cel-

1953 2948 2110 3004 lulam
2169 2949 2340 3003 sancti
2399 2947 2670 3013 Audoeni,
2728 2961 2782 3005 et
2835 2952 3080 3011 cellulam
3137 2956 3309 3011 sancti
3358 2956 3525 3025 Rigo-

1954 3041 2107 3101 meri,
2137 3049 2190 3094 et
2220 3039 2465 3095 cellulam
2499 3041 2672 3095 sancti
2700 3041 2923 3108 Almeri,
2973 3052 3028 3098 et
3071 3044 3311 3102 cellulam
3351 3049 3527 3107 sancti

1955 3132 2166 3196 Ulfacii,
2211 3140 2261 3186 et
2317 3131 2561 3185 cellulam
2613 3133 2783 3187 sancti
2834 3132 3111 3190 Baumadi.
3169 3135 3293 3193 Haec
3340 3140 3520 3198 omnia

1957 3237 2075 3276 cum
2108 3221 2355 3276 omnibus
2383 3222 2449 3277 ad
2487 3238 2544 3277 se
2571 3223 2992 3292 pertinentibus,
3033 3243 3152 3290 cum
3184 3229 3319 3287 vicis
3360 3247 3527 3286 cano.

1955 3315 2120 3378 nicus,
2156 3315 2208 3370 id
2259 3325 2372 3380 cst,
2431 3313 2685 3381 Salicam,
2720 3315 3124 3384 Montiniacum.
3185 3318 3527 3385 Cocciacunt.

1955 3403 2282 3470 Placiacum,
2315 3414 2372 3460 et
2393 3403 2658 3472 Oxellum,
2687 3405 2979 3462 Anciacum
3027 3423 3260 3481 quoque,
3282 3421 3337 3468 et
3384 3412 3532 3472 Arti-

1957 3496 2060 3560 nis,
2087 3511 2193 3550 una
2225 3511 2347 3556 cum
2373 3496 2493 3552 aliis
2515 3497 2649 3552 vicis
2679 3511 2907 3570 quorum
2938 3500 3156 3557 nomina
3187 3501 3242 3559 in
3271 3503 3529 3576 plenariis

1956 3585 2194 3655 prmfata:
2220 3586 2407 3640 matris
2433 3585 2676 3642 ecclesia:
2711 3587 2975 3642 habentur
3001 3589 3219 3654 inserta,
3249 3607 3368 3645 cum
3394 3591 3534 3651 villis

1958 3673 2258 3728 senioribus
2283 3682 2336 3728 et
2355 3674 2474 3728 aliis
2512 3675 2708 3729 villulis
2733 3675 2798 3729 ad
2821 3691 2915 3730 eas
2947 3677 3363 3745 pertinentibus,
3389 3681 3533 3739 sicut

1958 3764 2010 3817 in
2036 3763 2292 3834 plenariis
2336 3763 2448 3833 jam
2485 3763 2642 3818 dicta:
2677 3764 2866 3819 matris
2894 3764 3132 3820 ecclesiae
3161 3768 3528 3834 continentur.

1959 3854 2013 3907 id
2034 3864 2139 3916 est,
2172 3853 2488 3925 Rupiacum,
2517 3851 2833 3918 Cananiam.
2873 3853 3143 3919 Culturas,
3179 3855 3534 3916 Baliavalian~

1960 3945 2101 4005 cion,
2129 3942 2457 4006 Colonicam,
2506 3941 2872 4007 Vetusiacum,
2920 3953 2974 3997 ct
3029 3945 3324 4004 Celsiacum
3359 3950 3534 4003 vicum

1961 4034 2304 4098 canonicum;
2346 4041 2402 4087 et
2428 4033 2607 4087 villam
2633 4033 2870 4103 ejusdem
2896 4035 3171 4107 episcopii,
3216 4020 3530 4099 Aloniacum

1960 4138 2190 4195 quoque,
2220 4131 2274 4178 et
2303 4122 2602 4188 Asinarias,
2629 4131 2791 4194 atque
2813 4125 3091 4192 \‘oJebeis,
3131 4125 3533 4187 Callemartium

1961 4213 2188 4280 scilicet,
2227 4213 2342 4269 sive
2369 4213 2503 4269 alias
2535 4213 2748 4271 villulas
2775 4230 3003 4286 quarum
3032 4218 3245 4272 nomina
3275 4217 3327 4273 in
3352 4234 3531 4287 prom-

1961 4315 2058 4376 ptu
2086 4321 2192 4360 non
2217 4305 2506 4370 habentur,
2528 4306 2620 4361 sed
2645 4305 2699 4361 in
2727 4305 2985 4377 plenariis
3023 4306 3136 4374 jam
3185 4307 3339 4364 dictae
3378 4325 3536 4366 sane-

1964 4406 2032 4453 ta':
2085 4396 2275 4451 matris
2334 4396 2578 4452 ecclesia:
2627 4404 2880 4450 tenentur
2933 4396 3167 4461 inserta,
3239 4407 3296 4452 et
3342 4414 3536 4457 census

1963 4488 2203 4543 omnium
2230 4487 2471 4542 vicorum
2500 4485 2555 4542 in
2594 4486 2783 4541 eadem
2813 4486 3069 4557 parochia
3100 4488 3532 4553 consistentium.

1966 4581 2104 4636 sicut
2144 4582 2197 4635 in
2246 4579 2503 4649 plenariis
2557 4588 2614 4634 et
2664 4579 2946 4634 breviariis
2994 4577 3230 4648 ejusdem
3293 4582 3538 4638 ecclesiae

1966 4679 2195 4732 habetur
2221 4677 2564 4748 inscriptum,
2597 4677 2815 4747 insuper
2839 4688 2894 4732 et
2930 4679 3318 4735 monasterium
3361 4683 3532 4735 sancti

1967 4768 2178 4823 Carileii
2202 4769 2362 4822 situm
2396 4768 2451 4820 in
2497 4767 2712 4821 condita
2740 4765 3063 4822 Lahriccnse
3118 4783 3238 4822 cum
3284 4770 3535 4831 omnibus

1969 4857 2036 4910 ad
2063 4871 2120 4911 se
2145 4854 2560 4926 pertinentibus.
2601 4864 2654 4909 et
2691 4855 3128 4912 monasteriolum
3171 4859 3312 4927 quod
3360 4868 3413 4912 et
3464 4861 3533 4916 si-

1969 4954 2083 4999 tum
2125 4944 2266 4997 intra
2293 4958 2506 4997 murum
2531 4942 2762 5014 peciisse
2789 4943 3024 5000 civitatis
3058 4954 3114 5000 et
3132 4946 3359 5003 ﬂuvium
3407 4948 3530 5004 Sarv

1969 5034 2093 5097 that,
2123 5040 2179 5086 et
2224 5036 2307 5086 est
2334 5041 2698 5088 constructum
2743 5041 2904 5102 atque
2947 5034 3179 5092 dicatum
3226 5037 3279 5091 in
3329 5039 3532 5097 honors

1969 5132 2140 5186 sancti
2181 5130 2476 5186 Salvatoris
2529 5140 2583 5185 et
2627 5141 2826 5186 sanan
2887 5132 2980 5186 Dei
3024 5133 3303 5202 genitricis
3357 5132 3536 5191 uarie

1968 5239 2023 5284 et
2056 5236 2362 5284 sanctorum
2383 5230 2745 5299 apostolorum
2767 5241 2928 5300 atque
2953 5233 3178 5288 aliorum
3201 5243 3532 5288 sanctorum.

1973 5325 2094 5380 Hmc
2119 5334 2302 5382 autem
2341 5326 2445 5380 duo
2475 5327 2854 5381 monasteriola
2883 5337 3102 5397 propter
3147 5343 3386 5384 amorem
3440 5330 3535 5384 Dei

1970 5422 2023 5465 et
2077 5412 2416 5467 dilectionem
2444 5411 2555 5479 jam
2607 5413 2736 5468 dicti
2761 5413 2958 5468 Aldrici
3003 5415 3248 5484 episcopi
3295 5416 3533 5485 prmfatai

1972 5517 2095 5556 cum
2124 5502 2376 5558 omnibus
2406 5504 2473 5557 ad
2494 5519 2552 5557 se
2593 5503 2982 5572 pertinentibus
3003 5505 3332 5561 reddidimus
3369 5507 3536 5565 matri

1970 5590 2211 5644 ecclesia:
2229 5592 2617 5661 perpetualiter
2637 5594 3013 5663 possidendum
3043 5602 3200 5662 atque
3222 5595 3531 5652 tenendum.

1971 5679 2317 5734 Reddidimus
2358 5682 2521 5737 etiam
2565 5683 2886 5752 praescripta:
2910 5683 3148 5738 ecclesia:
3186 5693 3241 5739 et
3274 5683 3537 5741 Consilia.

1971 5772 2100 5825 lium
2158 5772 2333 5828 vicum
2373 5774 2686 5828 canonicum
2736 5790 2854 5828 cum
2905 5775 3046 5829 omni
3100 5775 3435 5845 integritate,
3481 5786 3536 5836 et

2957 5890 3030 5954 40
