3924 6332
397 334 556 393 ως

1555 340 1876 399 ιυυονιω
1913 341 1933 398 1
1972 341 2444 399 COGNOMENTO
2481 341 2563 395 l‘ll

3539 345 3677 399 £260

390 453 591 509 Villam
627 467 748 522 qua
777 451 1022 523 Brogilus
1050 451 1132 508 vel
1163 451 1437 508 Novavilla
1468 462 1828 524 nuncupatur,
1860 467 1980 507 cum
2012 462 2066 521 Α,
2088 454 2214 524 piat.
2248 454 2314 508 Et
2345 454 2389 507 si
2436 456 2505 507 ab
2535 454 2649 522 ipso
2683 466 2934 524 episcopo
2962 468 3136 523 neque
3156 455 3205 508 ἐ
3251 454 3367 511 suis
3408 456 3679 513 ministris

410 543 705 602 forestibus
731 553 787 598 et
808 544 1005 598 villulis
1054 544 1167 600 sive
1191 544 1443 600 omnibus
1471 545 1540 599 ad
1572 559 1630 599 se
1678 543 1997 615 pertinenti-

408 632 531 690 bus.
590 632 943 688 Reddidimus
987 632 1036 687 ei
1092 640 1146 689 et
1170 632 1509 704 Lugdunum,
1552 642 1608 688 et
1664 632 1900 688 Calisam
1944 643 1998 688 et

410 723 747 787 Tridentem,
770 738 833 777 ac
861 722 1162 787 Bonallam,
1205 730 1367 791 atque
1398 722 1657 789 Baladon,
1716 731 1771 776 et
1794 723 1999 778 beneﬁ-

414 812 496 869 cia
525 813 762 883 quinque
783 811 1135 867 vnssallorum
1177 820 1514 879 nostrorum,
1537 812 1593 868 id
1615 821 1721 879 est,
1749 812 1995 868 Vestadi-

412 902 556 972 gbei,
585 901 784 964 Mundi,
816 900 1102 966 Wolfardi,
1147 900 1405 967 Bodonis,
1434 911 1489 957 et
1533 902 1665 958 socii
1694 901 1830 971 eius,
1874 918 1998 957 cum

413 988 664 1043 omnibus
683 986 749 1042 ad
771 1003 828 1042 se
846 989 1244 1069 pertinentibus
1256 989 1341 1044 vel
1361 991 1769 1060 aspicientibus,
1789 991 1929 1045 sicut
1943 990 1999 1045 in

413 1078 700 1147 praceptis
731 1079 931 1134 nostris
953 1095 1073 1149 qua:
1100 1080 1166 1135 de
1187 1080 1301 1150 iam
1328 1083 1488 1139 dictis
1515 1083 1915 1138 monasteriolis
1944 1098 2000 1145 et

414 1166 612 1222 villulis
638 1168 875 1238 ascripta
898 1178 1024 1222 sunt
1054 1167 1133 1223 vel
1169 1171 1566 1239 pertinentibus
1603 1170 1713 1239 iam
1738 1171 1883 1227 dicto
1905 1170 1998 1225 Al-

414 1256 567 1311 drico
586 1256 825 1326 pontiﬁci
849 1255 1029 1311 facere
1057 1264 1112 1312 et
1140 1258 1379 1313 scribere
1405 1257 1669 1328 iussimus
1695 1259 2001 1315 continetur

414 1345 698 1399 insertum.
715 1343 841 1399 [Iac
856 1360 986 1400 vero
998 1346 1179 1401 omnia
1189 1356 1415 1417 propter
1428 1363 1666 1402 amorem
1680 1348 1773 1401 Dei
1789 1355 1843 1403 et
1854 1360 2002 1401 reve-

416 1434 645 1490 rentiam
659 1442 970 1491 sanctorum
992 1437 1288 1492 venerabili
1314 1438 1532 1493 Aldrico
1546 1438 1769 1509 praﬁxo
1793 1438 1998 1507 episco-

414 1542 485 1597 po
498 1534 554 1582 et
575 1526 860 1582 antedicta
873 1527 1035 1581 matri
1060 1526 1321 1595 ecclesia,
1342 1544 1502 1598 quam
1518 1530 1805 1599 pradictus
1818 1528 1997 1583 Aldri-

414 1634 511 1674 cus
537 1615 899 1687 immaioravit
926 1630 980 1673 et
1004 1620 1158 1689 quasi
1184 1636 1214 1673 a
1253 1619 1600 1674 fundamento
1627 1617 1995 1685 readiﬁcavit,

415 1706 776 1778 nobiliterque
803 1710 1037 1776 ornavit,
1068 1718 1123 1765 et
1148 1710 1199 1764 in
1229 1712 1434 1766 honore
1455 1711 1667 1766 Domini
1700 1709 1997 1765 Salvatoris

2099 560 2252 600 suam
2281 545 2547 615 justitiam
2589 545 2836 613 accipere
2869 546 3195 615 nequiverit,
3217 549 3567 617 postmodum
3615 549 3682 603 Ii-

2099 635 2331 692 centiam
2362 634 2559 689 habeat
2600 642 2661 689 ut
2704 636 2759 690 in
2805 636 2967 691 mallo
3012 637 3229 707 publico
3255 653 3384 695 suas
3422 640 3681 711 querelas

2091 724 2237 795 iuste
2261 730 2317 779 et
2342 724 2735 780 rationabiliter
2758 734 2922 795 atque
2958 725 3205 799 legaliter
3232 738 3464 799 quarat.
3494 729 3600 785 Sed
3632 732 3681 785 si

2099 826 2388 887 antequam
2414 816 2603 871 fecerit
2628 816 2911 889 illud,iam
2937 819 3094 874 dicta
3128 819 3276 875 sedis
3299 821 3547 893 ecclesia
3566 822 3680 892 epi-

2099 919 2320 974 scopum
2357 911 2414 959 et
2438 919 2567 959 suos
2608 906 2889 962 ministros
2922 908 3294 963 etadvocatos
3332 909 3390 963 in
3426 910 3590 965 malle
3626 919 3680 964 et

2100 995 2377 1065 cujusdam
2421 994 2744 1051 conditionis
2791 997 3007 1068 publico
3048 998 3249 1068 placito
3289 1014 3550 1055 accusare
3586 1008 3681 1054 aut

2100 1085 2317 1155 pulsare
2361 1084 2785 1157 prasumpserit,
2817 1088 2943 1157 quia
2978 1097 3217 1143 nostram
3254 1091 3558 1160 iussionem
3598 1100 3678 1144 at-

2100 1188 2205 1242 que
2255 1182 2499 1230 nostrum
2552 1184 2880 1246 praceptum
2928 1186 2983 1231 et
3042 1178 3300 1235 iudiczum
3353 1182 3681 1250 contempsit

2101 1266 2213 1319 sive
2258 1266 2660 1335 pravaricavit,
2689 1266 2927 1322 banuum
2975 1277 3221 1324 nostrum
3264 1286 3330 1324 ex
3376 1270 3484 1327 hoc
3522 1273 3683 1327 nobis

2101 1362 2418 1427 componat,
2457 1363 2511 1409 et
2539 1356 2809 1426 pradicta
2852 1357 3094 1413 ecclesia
3134 1360 3390 1430 episcopo
3433 1361 3523 1414 vel
3568 1363 3682 1416 suis

2102 1441 2365 1498 ministris
2393 1443 2593 1499 solidos
2618 1453 2834 1500 centum
2861 1448 3069 1518 argenti
3092 1456 3401 1518 componat,
3427 1458 3485 1504 et
3528 1465 3681 1504 suam

2094 1530 2364 1600 justitiam
2409 1535 2750 1603 postmodum
2779 1536 2984 1605 absque
3016 1537 3132 1607 lege
3177 1546 3272 1591 aut
3305 1538 3489 1609 aliqua
3532 1554 3683 1594 com-

2100 1622 2366 1690 positione
2394 1623 2640 1694 recipiat.
2667 1621 2957 1679 Pradictas
2978 1625 3121 1679 enim
3142 1642 3335 1681 causas
3371 1638 3685 1683 memorata

2103 1710 2343 1766 ecclesia:
2388 1711 2839 1783 pontiﬁcibusque
2887 1721 3048 1782 atque
3077 1714 3249 1770 servis
3279 1716 3377 1771 Dei
3408 1717 3542 1770 inibi
3582 1716 3681 1771 Do-

412 1805 468 1853 et
508 1808 708 1855 sancta
732 1798 975 1868 ejusdem
1019 1800 1114 1855 Dei
1153 1802 1431 1872 genitricis
1474 1801 1654 1855 Maria
1684 1810 1853 1871 atque
1874 1815 2001 1854 san-
2031 1817 2076 1875 Β
2104 1800 2250 1854 mino
2279 1799 2663 1856 famulantibus
2689 1817 2787 1872 pro
2817 1803 2912 1857 Dei
2940 1817 3124 1859 amore
3153 1812 3208 1858 et
3230 1806 3535 1861 reverentia
3557 1820 3681 1860 san-

412 1897 624 1945 ctorum
673 1899 976 1962 martyrum
1011 1889 1256 1946 Gervasii
1305 1901 1359 1947 et
1404 1893 1637 1947 Protasii
1666 1893 1783 1946 sive
1824 1892 1996 1945 sancti

413 1977 671 2048 Stephani
720 1980 1034 2036 solemniter
1087 1981 1429 2035 consecravit
1481 1990 1536 2036 et
1588 1980 1992 2043 reconciliavit,

411 2083 575 2125 causa
609 2069 836 2141 iustitia
866 2071 918 2124 in
951 2078 1133 2124 nostra
1181 2070 1519 2142 eleemosyna
1570 2070 1898 2125 reddidimus
1944 2078 2000 2122 et

411 2158 857 2215 confirmavimus
883 2168 938 2213 et
970 2160 1021 2213 in
1046 2160 1169 2227 jure
1199 2161 1439 2230 ejusdem
1466 2160 1711 2215 ecclesia
1733 2176 1798 2215 ac
1828 2159 1997 2213 domi-

412 2253 633 2307 natione
682 2261 952 2307 rectorum
1010 2251 1126 2319 eius
1187 2252 1479 2305 tenendum
1528 2261 1582 2305 et
1632 2250 1999 2306 ecclesiastico

412 2340 816 2411 gubernandum
847 2355 966 2396 esse
1002 2341 1331 2395 censuimus.
1363 2340 1658 2396 Memorata
1694 2340 1858 2411 igitur
1886 2354 1999 2395 mo-

414 2430 706 2487 nasteriola
736 2438 791 2485 et
818 2437 1148 2485 memoratas
1178 2429 1399 2485 cellulas
1427 2438 1483 2485 et
1507 2430 1719 2485 villulas
1744 2444 1865 2485 cum
1891 2443 2000 2484 om-

412 2523 571 2577 nibus
598 2522 763 2577 rebus
790 2528 845 2576 et
892 2521 1177 2591 mancipiis
1206 2522 1275 2576 ad
1320 2536 1380 2579 se
1413 2521 1833 2591 pertinentibus,
1863 2533 1999 2590 quas

417 2612 574 2667 modo
594 2611 740 2680 iuste
765 2621 819 2668 et
843 2592 1090 2685 leg'aliter
1115 2622 1413 2667 memorata
1446 2622 1595 2668 tenet
1622 2612 1870 2676 ecclesia,
1903 2627 2001 2680 per

414 2702 557 2756 hanc
583 2709 823 2756 nostram
874 2702 1251 2756 auctoritatem
1299 2700 1473 2756 eidem
1501 2702 1601 2757 sub
1627 2711 1825 2758 nostra
1850 2717 2002 2756 emu-

418 2791 609 2844 nitatis
643 2789 869 2847 tuitioue
900 2790 1096 2844 iterum
1126 2789 1508 2844 conﬁrmamus
1548 2790 1807 2844 ecclesia.
1856 2789 2000 2842 Pra-

414 2881 680 2950 cipientcs
725 2894 854 2952 ergo
896 2878 1151 2948 iubemus
1196 2889 1251 2933 ut
1305 2881 1485 2934 nullus
1529 2880 1691 2951 iudex
1732 2879 1997 2950 publicus,

406 2986 591 3043 neque
620 2972 876 3042 quislibet
919 2986 984 3025 ex
1027 2971 1310 3041 iudiciaria
1345 2980 1630 3040 potestate,
1664 2986 1764 3025 nec
1804 2970 1998 3040 aliquis

415 3080 479 3121 ex
523 3064 771 3119 ﬁdelibus
799 3064 1003 3118 nostris
1044 3063 1098 3117 in
1148 3063 1306 3118 dictis
1348 3062 1511 3129 villis,
1548 3064 1699 3128 locis,
1744 3063 1829 3117 vel
1858 3064 2001 3134 agris

2101 1898 2311 1943 ctorum
2337 1891 2726 1957 concessimus,
2750 1902 3175 1962 concessumque
3205 1892 3401 1950 futuris
3430 1896 3685 1965 tempori-

2101 1981 2202 2036 bus
2225 1995 2345 2037 esse
2391 1981 2655 2038 volumus.
2701 1981 2897 2037 lterum
2946 1984 3249 2054 iterumque
3270 1986 3529 2056 iubentes
3554 2002 3686 2057 pra-

2102 2071 2330 2140 cipimus
2376 2080 2437 2125 ut
2481 2070 2659 2127 nullus
2703 2088 2772 2127 ex
2821 2072 3066 2129 ﬁdelibus
3112 2076 3341 2141 nostris,
3388 2085 3487 2131 aut
3520 2075 3682 2144 iudex

2099 2162 2364 2232 publicus,
2402 2163 2487 2218 vel
2520 2164 2681 2218 etiam
2711 2165 2962 2235 qualibet
2999 2168 3239 2223 immissa
3268 2169 3352 2223 vel
3392 2170 3685 2241 subrogata

2101 2267 2352 2322 persona,
2390 2253 2624 2323 aliquam
2660 2254 3083 2324 inquietudinem
3121 2266 3214 2311 aut
3264 2257 3523 2325 injustam
3562 2273 3685 2313 con-

2103 2343 2436 2397 trarietatem
2463 2344 2824 2414 depradictis
2845 2346 3239 2401 monasteriolis
3261 2347 3377 2401 sive
3400 2346 3613 2401 cellulis
3634 2358 3685 2401 et

2101 2435 2263 2489 rebus
2290 2443 2347 2489 et
2374 2435 2661 2506 mancipiis
2694 2450 2758 2491 ac
2798 2436 3068 2501 censibus,
3110 2453 3212 2493 nec
3253 2453 3362 2492 non
3398 2446 3453 2492 et
3502 2438 3571 2492 de
3605 2438 3687 2490 his

2102 2540 2221 2597 qua
2242 2525 2355 2579 sive
2389 2539 2419 2577 a
2454 2524 2611 2579 nobis
2648 2524 2761 2579 sive
2800 2539 2834 2578 a
2865 2526 3270 2581 successoribus
3306 2527 3514 2581 nostris
3546 2525 3630 2579 vel
3655 2541 3684 2578 a

2102 2613 2327 2684 reliquis
2363 2614 2531 2669 Deum
2557 2614 2869 2669 timentibus
2898 2616 3072 2669 eidem
3099 2615 3339 2671 ecclesia
3368 2617 3551 2671 divina
3576 2617 3687 2686 pie-

2102 2712 2183 2758 tas
2212 2704 2461 2773 deinceps
2483 2703 2669 2775 augeri
2690 2696 2939 2769 voluerit,
2982 2705 3185 2759 nostris
3208 2702 3520 2772 futurisque
3555 2713 3683 2760 tem-

2099 2800 2321 2869 poribus
2369 2809 2683 2854 memorata
2712 2781 2953 2855 ecclesia
2990 2799 3166 2855 facere
3217 2808 3545 2869 prasumat;
3592 2800 3684 2857 sed

2100 2892 2201 2946 sub
2238 2892 2340 2947 hoc
2372 2900 2571 2947 nostra
2602 2890 3030 2947 conﬁrmationis
3055 2900 3107 2947 et
3150 2892 3395 2946 tuitionis
3416 2903 3685 2961 pracepto

2101 2985 2154 3040 in
2198 2982 2320 3052 iure
2364 2982 2604 3051 eiusdem
2647 2984 2905 3054 episcopii
2948 2984 3093 3038 omni
3124 2991 3368 3054 tempore
3417 2983 3472 3035 in
3500 2992 3682 3036 nostra

2100 3074 2441 3144 eleemosyna
2466 3073 2647 3143 quiete
2675 3089 2739 3129 ac
2763 3073 2985 3143 paciﬁce
3020 3082 3074 3127 et
3109 3073 3253 3143 iuste
3286 3072 3591 3141 possideri,
3634 3082 3684 3125 et

416 3172 511 3212 seu
532 3154 754 3225 reliquis
776 3154 1208 3225 possessionibus
1229 3162 1539 3209 memorata
1564 3155 1837 3219 Ecclesia,
1862 3170 1997 3223 quas

2108 3165 2346 3235 legaliter
2376 3166 2514 3218 tueri
2558 3164 2791 3230 valeant,
2823 3165 2895 3219 ita
2935 3164 3183 3219 videlicet
3225 3174 3283 3217 ut
3309 3163 3576 3235 quidquid
3604 3179 3682 3217 re-

417 3245 675 3299 modcrno
703 3252 941 3312 tempore
984 3244 1036 3297 in
1069 3242 1397 3312 quibuslibet
1433 3244 1582 3314 pagis
1623 3254 1676 3297 et
1710 3244 2001 3298 territoriis

418 3335 557 3390 infra
606 3335 865 3390 ditionem
896 3335 1047 3406 regni
1080 3336 1249 3389 nostri
1292 3336 1437 3405 iuste
1483 3338 1685 3391 habere
1728 3348 1783 3393 et
1825 3340 2001 3407 possi-

418 3426 548 3481 dere
596 3425 959 3495 cognoscitur,
1001 3439 1228 3494 quaque
1270 3426 1433 3479 etiam
1483 3427 1734 3497 deinceps
1780 3428 1833 3483 in
1879 3426 2002 3497 iure

419 3520 590 3590 ipsius
611 3521 783 3574 sancti
815 3518 915 3574 loci
947 3519 1126 3574 divina
1159 3518 1388 3573 voluerit
1416 3520 1588 3589 pietas
1614 3523 1819 3592 augeri,
1844 3538 2002 3577 nemo

421 3609 487 3663 ad
531 3621 723 3663 causas
773 3608 1068 3662 audiendas
1114 3608 1196 3661 vel
1242 3608 1574 3675 inferendas,
1626 3613 1998 3681 requirendus,

424 3704 518 3749 aut
544 3696 747 3749 tributa
773 3696 858 3751 vel
904 3695 1055 3752 l'reda
1099 3698 1381 3769 exigenda,
1426 3706 1520 3752 aut
1566 3702 1874 3757 mansiones
1920 3703 2002 3757 vel

424 3797 640 3856 paratas
663 3788 957 3852 faciendas,
984 3797 1075 3841 aut
1098 3790 1367 3844 teloneum
1385 3791 1732 3861 exigendum,
1756 3808 1853 3847 nec
1883 3794 2005 3849 ﬁde-

417 3883 661 3951 iussores
697 3878 975 3943 tollendos,
1020 3889 1113 3933 aut
1143 3881 1387 3936 homines
1419 3882 1588 3951 ipsius
1616 3883 1859 3936 ecclesia:
1893 3893 2003 3937 tam

424 3969 686 4039 ingenuos
716 3982 877 4037 quam
908 3975 964 4021 et
991 3982 1178 4022 servos
1206 3970 1295 4037 qui
1327 3984 1489 4038 super
1524 3978 1723 4023 terram
1764 3970 2004 4038 ejusdem

422 4060 665 4117 residere
712 4060 959 4114 videntur
1008 4058 1203 4127 iniuste
1261 4061 1675 4130 distringendos,
1726 4077 1825 4117 nec
1871 4062 2006 4116 ullas

426 4148 815 4225 prehibitlones
861 4158 954 4203 aut
1016 4150 1229 4205 illicitas
1282 4153 1595 4205 occasiones
1655 4151 2007 4221 requirendus

427 4240 536 4296 ullo
566 4254 802 4309 unquam
840 4248 1082 4307 tempore
1124 4238 1331 4309 ingredi
1372 4239 1585 4303 audeat,
1638 4240 1717 4293 vel
1754 4249 2007 4295 cxactare

428 4330 682 4401 pradicta
722 4343 786 4383 ex
822 4329 1061 4398 prafatis
1092 4330 1250 4383 rebus
1291 4331 1523 4399 quodam
1554 4330 1605 4383 in
1649 4330 1765 4385 loco
1809 4346 2007 4399 prasu—

430 4430 558 4474 mat.
602 4420 666 4475 Et
716 4420 973 4490 quidquid
1016 4434 1084 4473 ex
1115 4421 1275 4473 rebus
1306 4419 1418 4489 iam
1454 4420 1611 4474 dicta
1643 4420 1896 4475 Ecclesia
1939 4420 2003 4474 li-

431 4525 554 4565 scus
581 4521 797 4579 sperare
822 4518 1055 4580 poterat,
1088 4517 1256 4564 totum
1288 4525 1387 4564 nos
1418 4518 1729 4566 memorata
1755 4512 2007 4566 Ecclesia

431 4599 797 4654 concedimus.
826 4599 1050 4668 Insuper
1078 4607 1131 4653 et
1163 4599 1291 4652 illud
1326 4600 1377 4653 in
1424 4601 1528 4654 hoc
1568 4610 1834 4671 pracepto
1866 4602 2009 4654 inse-

430 4702 555 4747 rere
603 4692 925 4762 deprecante
946 4691 1058 4760 iam
1089 4692 1233 4744 dicto
1271 4692 1523 4761 episcopo
1546 4693 1827 4762 iussimus,
1870 4693 2009 4747 sicut

434 4791 489 4837 et
514 4784 569 4837 in
599 4781 754 4837 bona
784 4782 1060 4837 memoria
1090 4780 1298 4837 Domini
1325 4790 1379 4835 et
1418 4782 1677 4849 genitoris
1707 4784 1878 4838 nostri
1904 4782 2007 4837 Ca-

435 4873 533 4927 roli
580 4873 923 4942 imperatoris
960 4881 1232 4941 pracepto
1276 4873 1539 4926 insertum
1589 4872 1907 4942 reperimus,
1949 4878 2008 4924 ut

434 4960 614 5016 nullus
640 4958 804 5029 iudex
832 4969 923 5015 aut
943 4972 1124 5015 comes
1142 5001 1155 5025 ,
1184 4969 1277 5015 aut
1300 4961 1550 5030 quislibet
1576 4962 1735 5015 homo
1764 4961 1847 5015 vel
1864 4977 2008 5029 qua—

434 5051 564 5105 libet
598 5064 825 5119 persona
852 5050 1121 5119 pradicta
1157 5050 1401 5105 ecclesia
1430 5051 1707 5105 ministros
1734 5050 1817 5105 vel
1847 5050 2009 5104 advo-

436 5148 585 5193 catos
610 5139 663 5192 in
680 5138 840 5193 malle
860 5139 1075 5208 publico
1101 5154 1358 5193 accusare
1382 5146 1694 5208 prasumat,
1718 5146 2007 5207 antequam

436 5227 721 5281 conveniat
742 5228 1019 5281 ministros
1040 5241 1221 5281 rerum
1253 5236 1305 5279 et
1335 5226 1546 5293 iudices
1578 5226 1826 5281 villarum
1852 5234 2011 5297 atque

433 5317 715 5369 hominum
743 5330 774 5369 a
805 5317 999 5384 quibus
1038 5316 1198 5370 lasus
1245 5324 1357 5379 est,
1399 5324 1457 5368 ut
1486 5317 1552 5369 ab
1581 5316 1658 5369 eis
1695 5314 2011 5370 familiarem

438 5414 493 5459 et
516 5403 720 5473 iustam
750 5406 979 5474 accipiat
999 5406 1299 5477 justitiam;
1335 5413 1390 5458 et
1419 5406 1461 5459 si
1501 5421 1531 5458 a
1560 5406 1830 5474 pradictis
1854 5408 2014 5461 mini-

439 5495 568 5549 stris
593 5508 747 5550 suam
770 5492 1033 5561 iustitiam
1055 5497 1305 5567 accipere
1326 5510 1431 5550 non
1457 5497 1706 5556 valuerit.
1736 5506 1867 5551 tunc
1892 5512 2016 5552 con-

440 5583 621 5648 veniat
636 5582 947 5652 episcopum
966 5584 1235 5651 iamdicta:
1256 5585 1529 5651 Ecclesia,
1557 5595 1613 5638 ut
1636 5588 1702 5639 ab
1724 5588 1839 5657 ipSo
1861 5602 2011 5642 suam

439 5672 700 5739 justitiam
742 5671 1059 5731 familiarem
1106 5683 1159 5729 ct
1202 5675 1399 5729 bonam
1437 5686 1599 5746 atque
1634 5676 1835 5745 iustam
1867 5680 2012 5732 acci-

2103 3262 2280 3310 ctores
2310 3254 2395 3308 vel
2423 3254 2653 3323 ministri
2686 3254 2854 3325 ipsius
2882 3253 3120 3309 ecclesia
3156 3268 3253 3322 pro
3283 3253 3680 3322 opportunitate

2100 3352 2154 3396 et
2185 3332 2412 3399 utilitate
2438 3343 2503 3398 de
2524 3342 2762 3413 prafatis
2784 3344 2945 3397 rebus
2981 3343 3160 3398 facere
3190 3342 3485 3407 voluerint,
3516 3343 3681 3396 libero

2103 3434 2156 3487 in
2184 3433 2435 3487 omnibus
2464 3430 2814 3501 perfruantur
2856 3432 3078 3488 arbitrio
3125 3431 3377 3495 faciendi.
3418 3442 3684 3501 quatenus

2102 3521 2387 3591 pontiﬁces
2416 3521 2586 3590 ipsius
2616 3521 2761 3575 sedis
2790 3536 2914 3575 eum
2940 3536 3102 3599 grege
3142 3521 3243 3578 sibi
3272 3523 3568 3577 misso
3592 3536 3682 3590 pro

2105 3613 2470 3669 incolumitate
2500 3622 2705 3679 nostra,
2729 3614 2971 3683 coniugis
2995 3629 3059 3668 ac
3081 3613 3248 3682 prolis
3275 3652 3292 3678 ,
3312 3622 3369 3669 et
3391 3614 3685 3668 stabilitate

2106 3705 2313 3774 imperii
2336 3720 2364 3758 a
2388 3705 2498 3759 Deo
2518 3705 2674 3760 nobis
2694 3704 2869 3760 collati
2894 3720 2988 3759 sua
3011 3705 3315 3775 gratissima
3339 3704 3684 3758 miseratione

2106 3813 2201 3867 per
2246 3799 2568 3852 immensum
2621 3797 2973 3851 conservandi
2998 3796 3202 3865 iugiter
3242 3796 3455 3851 Domini
3495 3798 3680 3866 implo-

2109 3894 2229 3940 rent
2292 3887 2740 3941 misericordiam.
2810 3886 2877 3939 Et
2934 3894 2993 3939 ut
3058 3887 3173 3939 hac
3224 3886 3523 3939 auctoritas
3596 3902 3687 3955 per

2108 3975 2373 4030 curricula
2413 3990 2677 4030 annorum
2712 3975 3073 4030 inviolabilem
3112 3983 3272 4044 atque
3316 3975 3685 4031 inconvulsam

2106 4064 2343 4118 obtineat
2364 4063 2690 4126 ﬁrmitatem,
2716 4078 2876 4117 manu
2899 4065 3117 4133 propria
3140 4065 3327 4119 subter
3351 4080 3475 4118 eam
3507 4064 3686 4119 ﬁrma-

2108 4156 2303 4213 vimus,
2320 4163 2373 4207 et
2388 4154 2568 4208 annuli
2596 4156 2761 4208 nostri
2775 4155 3140 4222 impressione
3155 4154 3379 4225 sigillari
3402 4154 3684 4223 iussimus.

2182 4244 2404 4316 Signum
2436 4244 2690 4299 Ludovici
2728 4245 2954 4314 piissimi
2983 4245 3344 4313 imperatoris.

2179 4333 2503 4403 Maginarius
2535 4334 2774 4388 notarius
2803 4334 2868 4387 ad
2907 4333 3077 4388 vicem
3123 4332 3363 4404 Hugonis
3405 4337 3686 4404 recognovi

2111 4434 2165 4479 et
2195 4424 2507 4494 subscripsi.

2033 4496 2085 4553 Ῑ)
2182 4516 2315 4570 Data
2339 4516 2455 4572 Kal.
2477 4515 2659 4580 Mart.,
2687 4528 2849 4577 anno,
2874 4516 3087 4568 Christo
3114 4515 3456 4583 propitio,25
3481 4516 3689 4585 imperii

2110 4606 2312 4661 domini
2336 4605 2590 4659 Ludovici
2620 4603 2846 4674 piissimi
2876 4602 3124 4673 Augusti,
3139 4603 3327 4658 indict.
3342 4604 3601 4674 δάκω
3618 4605 3694 4659 Pi.

2110 4695 2281 4749 ctavis
2303 4693 2521 4748 civitate
2548 4692 2760 4763 publica
2792 4693 2845 4746 iu
2870 4691 2965 4745 Dei
2989 4692 3204 4747 nomine
3218 4690 3469 4745 feliciter.
3494 4692 3687 4753 Amen.

2853 4780 2959 4836 CC.

2364 4889 2496 4948 Ι1⁵80
2532 4888 2868 4928 IONASTBRIO
2903 4887 3386 4928 ANTISSIIDORENBI.

2725 4965 2897 5036 (Anno
2919 4964 3067 5034 855.)

2114 5054 2289 5125 [Apud
2317 5053 2515 5108 Mabill.
2548 5052 2898 5192 Act.
3149 5092 3163 5117 ,
3224 5067 3347 5107 sae.
3396 5068 3485 5117 tv,
3536 5062 3689 5122 parte

2184 5222 2239 5276 ln
2280 5222 2497 5277 nomine
2532 5221 2742 5275 Domini
2770 5220 2865 5274 Dci
2915 5226 2969 5273 et
3018 5219 3315 5275 Salvatons
3350 5220 3530 5275 nostri
3568 5219 3687 5273 Iesu

2114 5316 2337 5381 Christi,
2381 5316 2708 5381 Ludovicus,
2748 5314 2928 5368 divina
2971 5312 3356 5382 repropitiante
3378 5312 3685 5372 clementia.

2116 5408 2409 5477 imperator
2434 5406 2726 5476 Augustus.

2187 5498 2244 5553 Si
2274 5498 2621 5566 petitionibus
2643 5502 2920 5552 servorum
2970 5495 3062 5550 Dei
3084 5492 3248 5563 iustis
3271 5504 3330 5550 et
3355 5496 3675 5551 rationabili-

2117 5591 2239 5655 bus,
2270 5606 2404 5660 quas
2458 5588 2756 5658 maiestatis
2790 5596 2993 5643 nostra
3032 5588 3252 5642 auribus
3280 5588 3683 5649 insinuaverint,

2118 5681 2281 5735 divini
2315 5680 2491 5737 cultus
2539 5694 2721 5735 amore
2773 5678 3031 5745 favemus,
3086 5678 3229 5739 illius
3264 5679 3685 5735 misericordiam
