3924 6342
223 400 357 458 £26!

219 602 558 675 Quapropter
598 615 783 661 notum
828 622 948 664 esse
993 611 1238 668 volumus
1289 618 1499 672 cunctis
1550 618 1795 676 ﬁdelibus

1357 413 1741 472 Dll‘LOMATA
1785 421 2328 478 ECCLESIASTICA.

3513 39 3542 46 _..
3549 41 3560 46 -
3591 39 3598 42 .
3607 27 3618 32 ’

3318 433 3456 489 1269.

216 511 380 567 nobis
415 514 732 583 propensius
777 515 1165 574 conciliandam
1208 522 1429 580 omnino
1449 527 1792 582 conﬁdimus.
1823 536 1872 590 Α
1967 528 2024 584 Si
2049 530 2282 585 ﬁdelium
2315 543 2618 588 nostrorum
2649 535 2809 604 justis
2836 547 2889 592 et
2934 539 3339 600 rationabilibus
3363 561 3458 617 pe-

1897 619 2192 686 titionibus,
2223 638 2356 691 quas
2395 639 2492 693 pro
2511 626 2864 682 ecclesiarum
2896 630 2996 685 sibi
3047 635 3458 693 commissarum

219 697 528 752 sanctmDei
558 698 812 754 Ecclesia:
851 710 909 755 et
936 704 1154 769 nostizis,
1205 710 1560 776 prmsentibus
1587 712 1794 769 scilicet
1894 709 2302 766 neceSsitatibus
2356 715 2556 769 nostris
2608 717 2829 772 auribus
2865 719 3112 776 intimare
3155 723 3457 795 voluerunt,

217 795 276 840 et
303 786 518 854 futuris,
570 791 692 858 quia
745 790 1086 849 Christianus
1125 799 1450 853 venerabilis
1477 802 1644 857 abbas
1672 819 1789 858 mo-

218 879 444 933 nasterii
497 882 669 937 sancti
701 880 955 938 Germani
1007 885 1334 943 confessoris
1375 889 1595 957 Christi,
1649 896 1790 964 quod

217 974 305 1022 est
323 968 483 1024 situm
509 970 562 1024 in
609 970 866 1028 subnrbio
886 972 1452 1045 Antissiodorensium,
1499 985 1686 1039 adiens
1706 999 1790 1039 se.-

216 1059 502 1114 ronitatem
552 1060 802 1116 culminis
849 1066 1021 1119 mstri
1077 1068 1346 1136 suggessit
1387 1075 1786 1130 mansuetudini

217 1153 438 1210 nostra,
471 1155 872 1204 autecessorem
894 1165 1050 1206 suum
1075 1153 1342 1220 abbatem,
1376 1158 1666 1214 Deusdedit
1692 1177 1786 1218 vo-

214 1235 430 1300 cabulo,
454 1245 696 1293 nostram
713 1237 1027 1306 jamdudum
1049 1243 1302 1312 petivisse
1327 1247 1683 1315 clementiam,
1730 1261 1788 1306 ut

215 1334 417 1381 nostra:
433 1328 770 1385 auctoritatis
784 1332 1335 1402 prmceptolicentiam
1353 1336 1456 1390 sibi
1479 1341 1786 1395 monachis-

211 1434 322 1488 que
346 1420 400 1473 in
435 1422 622 1477 eodem
647 1424 975 1483 monasterio
1001 1425 1101 1480 sub
1142 1441 1240 1480 suo
1268 1429 1526 1499 regimine
1546 1431 1785 1502 degenti-

212 1508 316 1564 bus
356 1510 626 1576 daremus,
669 1513 953 1568 abbatibus
998 1530 1145 1569 more
1179 1517 1428 1573 humana:
1478 1520 1785 1590 fragilitatis

213 1600 600 1658 decedentibus
633 1619 699 1658 ex
727 1606 1030 1674 semetipsis
1083 1609 1375 1664 secundum
1415 1615 1584 1669 sancti
1609 1614 1783 1672 Bene-

213 1691 344 1747 dicti
385 1694 624 1763 reguiam
652 1695 878 1765 eligendi
905 1697 1188 1752 abbatem.‘
1223 1699 1437 1770 Nosque
1473 1703 1590 1772 ejus
1616 1707 1781 1764 ratio-

212 1780 481 1836 nabilibus
510 1784 758 1851 precibus
783 1795 1100 1852 annuentes,
1123 1803 1228 1842 non
1249 1790 1422 1846 solum
1445 1795 1690 1849 eamdem
1721 1796 1782 1851 li-

1891 812 2077 852 aurem
2108 802 2600 870 accommodamus,
2626 820 2825 874 easque
2854 808 2918 862 ad
2946 820 3186 878 Optatum
3208 812 3457 871 eiectum

1889 887 2251 955 perducimus,
2281 905 2384 944 non
2399 891 2570 946 solum
2594 897 2796 966 regiam
2818 905 2872 951 et
2894 897 3459 969 imperatoriamexer-

1889 989 2073 1030 cemus
2095 980 2554 1046 consuetudinem,
2607 985 2700 1039 sed
2729 986 2892 1040 etiam
2917 988 3130 1044 eosdem
3161 993 3342 1051 ﬁdeles
3363 1013 3457 1053 no-

1887 1072 2030 1119 stros
2059 1065 2125 1119 ad
2154 1067 2466 1124 ﬁdelitatem
2490 1071 2636 1128 circa
2681 1086 2863 1144 partes
2890 1088 3104 1135 nostras
3141 1085 3457 1153 propensius

1888 1159 2332 1226 conservandam,
2379 1163 2794 1233 sacerdotesque
2829 1182 2893 1222 ac
2928 1183 3113 1225 servos
3150 1168 3245 1226 Dei
3271 1174 3323 1227 in
3350 1176 3456 1229 eis-

1887 1241 2008 1296 dem
2036 1244 2278 1300 ecclesiis
2303 1262 2400 1316 pro
2443 1251 2642 1306 nostris
2675 1256 2987 1312 excessibus
3016 1258 3225 1315 Domini
3252 1263 3467 1317 miseri-

1886 1334 2418 1394 cordiamexorantes
2444 1343 2804 1412 promptiores
2825 1356 2986 1417 atque
3007 1349 3313 1408 devotiones
3335 1356 3456 1409 red-

1885 1425 2081 1481 dimus.
2123 1427 2355 1486 Proinde
2377 1440 2558 1487 notum
2587 1449 2706 1489 esse
2721 1436 2969 1492 volumus
2995 1442 3234 1496 omnium
3257 1453 3452 1499 sancte

1885 1515 1980 1570 Dei
2006 1515 2263 1572 Ecclesia:
2284 1528 2694 1592 nostrorumque
2718 1523 2952 1580 ﬁdelium
2985 1535 3093 1582 tam
3106 1533 3451 1600 prmsentium

1882 1620 2043 1675 quam
2062 1615 2118 1663 et
2141 1607 2461 1675 futurorum,
2494 1612 2789 1680 industriae,
2817 1619 2957 1686 quod
2991 1617 3448 1689 Garinus'comes,

1881 1695 1983 1752 sub
2009 1697 2163 1768 cujus
2187 1713 2318 1754 cura
2346 1709 2506 1770 atque
2534 1704 2794 1770 regimine
2818 1711 3202 1766 monasterium
3232 1711 3290 1768 S.
3308 1713 3454 1770 Mar-

1881 1785 2020 1853 celli,
2044 1789 2182 1856 quod
2216 1799 2426 1854 constat
2447 1807 2568 1848 esse
2593 1803 2964 1854 contractum
2981 1799 3040 1856 in
3071 1801 3192 1856 vico
3216 1803 3307 1872 qui
3326 1804 3454 1862 dici-

210 1871 443 1927 οεηιίίηη
475 1872 544 1925 οι)
589 1872 826 1928 divinum
863 1891 1101 1930 amorem
1130 1878 1405 1944 tribuisse,
1452 1883 1547 1937 sed
1593 1894 1779 1942 uestro
1806 1888 1855 1948 Β
1883 1882 1970 1930 tur
1985 1875 2678 1946 Hubiliacus,commissum
2703 1885 2982 1952 habemus,
3001 1871 3246 1948 nostram
3266 1894 3453 1949 adiens

209 1961 474 2031 imperiali
497 1972 896 2034 pmceptoeam
925 1968 1101 2024 denuo
1119 1971 1490 2028 conﬁrmasse.
1532 1974 1635 2030 Sed
1649 1993 1778 2046 quo-

209 2047 356 2103 niam
383 2051 704 2119 quibusdam
727 2056 1128 2125 emergentibus
1149 2057 1386 2116 adversm
1405 2064 1578 2131 partis
1613 2069 1780 2122 turbi-

207 2137 369 2195 nibus
415 2139 556 2194 idem
608 2151 810 2200 nostrae
861 2147 1286 2204 conﬁrmationis
1324 2153 1583 2223 scriptum
1621 2160 1780 2215 nobis

208 2228 438 2286 ﬁdeliter
467 2234 767 2292 obediendo
795 2237 1062 2294 excidisse
1089 2255 1255 2312 seque
1296 2246 1544 2303 amisisse
1576 2249 1782 2318 profes-

206 2336 300 2380 sus
331 2332 433 2388 est,
481 2325 794 2383 humillimis
821 2330 1072 2398 precibus
1099 2342 1299 2390 nostras
1321 2337 1644 2407 supplicavit
1671 2342 1779 2398 cle-

205 2414 440 2479 mentiae,
485 2423 543 2470 ut
571 2429 922 2473 memoratam
952 2423 1325 2481 auctoritatem
1359 2430 1528 2484 nostri
1577 2430 1778 2491 favoris

204 2504 658 2576 benignitatisque
687 2510 1012 2565 abundantia
1065 2517 1379 2586 rescriptam
1404 2521 1643 2590 recipere
1665 2539 1776 2578 me-

204 2603 438 2651 reretur.
486 2595 650 2664 Cujus
693 2599 1110 2668 supplicationes
1133 2604 1320 2676 dignas
1342 2623 1405 2663 ac
1431 2609 1777 2669 rationabiles

197 2681 523 2752 judicantcs,
551 2701 735 2742 aurem
765 2688 838 2744 illi
853 2693 1258 2752 accommodare
1278 2696 1434 2752 libuit
1463 2717 1474 2753 :
1499 2708 1552 2755 et
1575 2700 1775 2759 idcirco

202 2773 306 2828 hos
353 2784 556 2834 nostra;
616 2781 956 2836 auctoritatis
1007 2785 1185 2854 apices
1232 2786 1380 2842 circa
1415 2800 1771 2847 memoratum

201 2859 571 2920 Christianum
601 2867 851 2925 abbatem
877 2886 941 2926 ac
961 2876 1251 2930 monachos
1274 2877 1329 2930 in
1354 2880 1640 2947 smpedicto
1664 2898 1776 2937 mo-

203 2956 441 3009 nasterio
468 2956 801 3015 S.Cermani
829 2963 1153 3020 confessoris
1174 2967 1382 3023 Domini
1412 2985 1508 3038 per
1529 2980 1771 3042 tempora

203 3041 437 3099 labentia
461 3049 561 3102 sub
589 3051 820 3120 regulari
843 3053 1029 3109 habitu
1055 3058 1369 3128 degentibus
1397 3061 1517 3120 ﬁeri
1548 3041 1771 3135 darique

202 3133 577 3194 decrevimus:
627 3157 722 3211 per
751 3159 885 3212 quos
935 3151 1274 3218 praecipimus
1317 3163 1479 3224 atque
1517 3133 1771 3226 jubernus

1887 1967 2280 2036 celsitudinem,
2307 1971 2560 2030 indicavit
2579 1977 2973 2034 mansuetudini
3000 1987 3202 2039 nostra!
3218 1983 3454 2050 qualiter

1880 2058 2155 2114 canonicis
2186 2059 2240 2113 in
2292 2060 2480 2116 eodem
2526 2065 2858 2118 monasterio
2884 2064 2993 2121 Deo
3027 2067 3452 2132 deservientibus

1877 2149 2134 2216 quasdam
2152 2165 2240 2204 res
2261 2149 2499 2219 ejusdem
2526 2155 2843 2211 monasterii
2872 2156 2984 2225 ipse
3006 2165 3062 2211 et
3073 2166 3449 2218 antecessores

1878 2240 1962 2293 sui
1999 2241 2065 2294 ad
2086 2255 2274 2295 eorum
2309 2242 2551 2298 diversas
2584 2245 2935 2302 necessitates
2964 2246 3264 2308 fulciendas
3290 2259 3453 2321 atque

1877 2330 2235 2386 sublevandas
2267 2331 2599 2399 tribuissent,
2631 2333 2881 2391 videlicet
2903 2336 3082 2391 villam
3108 2353 3228 2408 quae
3256 2340 3442 2396 dicitut

1877 2421 2170 2488 Fioriacus,
2203 2424 2359 2480 sitam
2391 2424 2443 2477 in
2481 2441 2622 2496 pago
2652 2425 3130 2498 Magnimontense,
3158 2446 3280 2490 cum
3298 2435 3447 2496 omni

1876 2510 2184 2579 integritate
2225 2527 2339 2575 sua,
2378 2513 2461 2566 vel
2490 2531 2615 2569 cum
2662 2516 2912 2575 omnibus
2939 2519 3007 2573 ad
3043 2535 3102 2575 se
3125 2523 3439 2591 pertinenti-

1874 2602 2006 2669 bus;
2048 2611 2102 2656 ct
2137 2604 2192 2658 in
2216 2619 2351 2674 pago
2378 2604 2753 2671 Cabilonensc,
2799 2608 2854 2662 in
2876 2607 2993 2664 loco
3015 2610 3106 2678 qui
3128 2611 3319 2668 dicitur
3348 2613 3450 2669 Bo-

1874 2693 2096 2758 seronti,
2142 2709 2358 2749 mansos
2387 2711 2463 2749 xu
2495 2711 2618 2750 cum
2659 2699 2914 2759 omnibus
2934 2700 3000 2756 ad
3032 2715 3091 2756 se
3124 2704 3450 2772 pertinati-

1872 2781 2012 2836 bus:
2047 2784 2251 2840 obnixe
2285 2794 2526 2840 nostram
2566 2788 2970 2857 imperatoriam
3010 2793 3308 2864 majestatis
3357 2798 3448 2854 de-

1873 2888 2099 2942 precans
2118 2877 2515 2943 excellentiam,
2544 2887 2812 2938 uicorum
2835 2880 2980 2941 facta
3010 2895 3197 2941 nostra
3219 2888 3444 2946 robora-

1875 2979 2057 3020 remus
2083 2966 2512 3034 conﬁrmatione,
2540 2979 2804 3039 quatenus
2834 2973 3085 3044 deinceps
3113 2977 3441 3037 inviolabilia

1873 3057 2200 3124 perennibus
2231 3060 2558 3128 temporibus
2591 3071 2958 3130 perseverent.
2995 3063 3162 3134 Cujus
3181 3068 3447 3136 supplies»

1874 3144 2030 3211 tioni,
2061 3161 2222 3214 quam
2263 3147 2476 3217 dignam
2517 3147 2899 3216 indicavimus.
2931 3166 3172 3211 abnuere
3199 3155 3398 3225 placuit
3426 3174 3441 3222 ;

202 3234 264 3281 ut
288 3229 716 3300 quandocunque
741 3235 1003 3305 quispiam
1038 3240 1291 3296 abbatum
1320 3218 1559 3312 ejusdem
1589 3265 1772 3304 mona-
1799 3218 1842 3280 Ο
1875 3244 1930 3290 οι
1967 3237 2107 3306 qui)“
2147 3277 2162 3302 ν
2209 3246 2268 3293 υί
2316 3238 2636 3307 Primiani“
2684 3249 2800 3306 θεῖν
2848 3243 3138 3311 Pomm-Vn
3159 3285 3174 3308 ν
3199 3218 3278 3302 .θά
3319 3247 3443 3302 eae-

200 3320 355 3374 sterii
395 3322 574 3377 divina
623 3328 903 3384 vocatione
950 3332 1110 3386 rebus
1158 3335 1407 3392 humanis
1455 3344 1767 3408 excesserit,

201 3407 472 3468 licentiam
499 3414 736 3470 habeant
780 3433 844 3472 ex
875 3423 1176 3489 semetipsis
1199 3465 1211 3488 ,
1265 3426 1308 3480 si
1340 3427 1460 3482 talis
1489 3429 1630 3485 inter
1677 3407 1771 3488 eos

201 3499 430 3556 inveniri
459 3507 674 3572 poterit,
725 3510 816 3577 qui
857 3511 949 3565 eis.
976 3515 1267 3569 secundum
1301 3518 1600 3589 regularem
1627 3525 1771 3577 ordio

198 3605 325 3648 nem
367 3608 598 3662 prmesse
635 3597 813 3652 valeat
839 3610 893 3654 et
916 3603 1190 3670 prodesse,
1223 3607 1471 3662 abbatem
1524 3610 1722 3682 eligere
1754 3633 1765 3666 :

197 3692 464 3752 quatenus
493 3688 752 3758 regularis
789 3691 995 3746 ordinis
1016 3709 1265 3749 normam
1289 3697 1403 3764 ejus
1431 3702 1765 3756 sanctissima

197 3772 662 3830 administratione
683 3778 1026 3848 integerrime
1041 3797 1439 3850 conservantes,
1460 3790 1572 3843 imo
1598 3792 1767 3845 adim-

197 3860 346 3931 plere
374 3863 670 3930 studcntes,
710 3882 806 3936 pro
827 3869 1000 3933 nobis,
1035 3871 1255 3942 conjuge
1275 3875 1533 3946 proleque
1560 3890 1771 3951 nostra,

197 3964 264 4009 ac
288 3953 578 4009 stabilitate
600 3963 654 4009 et
673 3971 807 4024 pace
831 3958 992 4012 totius
1023 3961 1229 4030 imperii
1251 3978 1283 4016 a
1311 3963 1422 4019 Deo
1443 3966 1598 4023 nobis
1619 3985 1768 4025 com—

197 4040 352 4096 missi
363 4044 620 4098 attentius
646 4060 738 4100 eos
752 4047 1089 4116 quietiusque
1109 4051 1318 4107 Domini
1342 4055 1766 4116 misericordiam

196 4128 480 4186 indefessis
503 4134 757 4200 precibus
778 4149 1011 4190 exorare
1037 4138 1284 4195 delectet.
1342 4143 1410 4196 Et
1439 4153 1494 4198 ut
1525 4148 1638 4202 haec
1665 4165 1765 4204 no-

195 4229 324 4276 strae
347 4225 722 4294 praeceptionis
760 4229 1058 4284 auctoritas
1084 4234 1283 4286 nostris
1309 4243 1362 4287 et
1391 4251 1764 4294 successorum

195 4326 507 4386 nostrorum
548 4319 876 4387 temporibus
917 4321 1274 4378 inviolabilem
1321 4335 1375 4380 et
1399 4327 1762 4387 inconvulsam

193 4404 439 4458 obtineat
462 4405 788 4471 ﬁrmitatem,
810 4424 971 4462 manu
999 4412 1215 4479 propria
1238 4423 1420 4469 nostra
1447 4419 1632 4471 subter
1644 4434 1762 4474 eam

196 4491 555 4558 ﬁrmavimus,
594 4501 646 4547 et
666 4496 870 4550 annulli
913 4499 1083 4553 nostri
1114 4500 1464 4570 impressione
1501 4507 1760 4578 assignari

193 4579 450 4648 iussimus
468 4624 484 4640 .

265 4669 401 4726 Data
433 4681 624 4740 quarto
652 4673 918 4731 Kalendas
939 4676 1186 4747 Augusti,
1217 4696 1374 4745 anno,
1398 4682 1614 4740 Christo
1644 4702 1761 4755 pro-

191 4757 346 4828 pitio,
363 4759 620 4826 vigesimo
649 4764 882 4818 secundo
910 4766 1119 4834 imperii
1145 4768 1323 4826 domni
1351 4770 1601 4827 Ludovici
1622 4776 1758 4842 piis-

193 4848 317 4903 simi
350 4846 594 4918 Augusti,
628 4852 917 4909 indictione
946 4855 1154 4910 decima
1180 4859 1352 4912 tertia.
1401 4861 1593 4916 Actum
1615 4863 1758 4919 Luco

192 4937 319 4994 villa
353 4939 408 4996 in
426 4937 520 4994 Dei
542 4943 759 5001 nomine
779 4943 1026 4998 feliciter.
1069 4947 1261 5004 Amen.

912 5037 1038 5092 CCI.

385 5123 500 5177 Pso
530 5138 864 5183 casuscasus:
894 5144 941 5184 δ.
983 5145 1239 5186 MARCELLI
1279 5148 1542 5188 secessu.

791 5219 963 5288 (Anno
1008 5221 1156 5290 855.)

195 5301 295 5372 [Ex
336 5303 666 5357 chartulario
696 5306 1165 5384 hujtisecclesire,‘
1186 5313 1332 5384 apud
1375 5314 1434 5366 D.
1463 5312 1750 5384 Bouquet.,

700 5384 828 5428 tom.
857 5377 943 5439 Vl,
964 5392 1085 5449 pag.
1105 5378 1198 5438 b’Ol
1216 5377 1252 5449 ξ]

259 5484 318 5538 In
347 5485 562 5539 nomine
599 5485 808 5540 Domini
839 5487 930 5542 Dei
975 5497 1027 5541 et
1071 5487 1363 5546 Salvatoris
1410 5495 1581 5546 nostri
1627 5495 1753 5550 Jesu

195 5571 409 5636 Christi,
452 5574 767 5638 Ludovicus,
814 5578 992 5631 divina
1021 5580 1402 5648 repropitiante
1448 5582 1750 5649 clementia,

214 5673 484 5732 mperator
509 5665 794 5735 Augustus.

259 5766 285 5793 δ
325 5755 650 5826 chendum,
703 5757 1014 5825 prrcscn'pta:
1045 5774 1123 5811 res
1161 5799 1175 5811 .
1217 5802 1228 5813 .
1275 5804 1287 5814 .

1871 3337 2017 3381 etum
2080 3329 2373 3397 perducere
2415 3345 2521 3382 non
2569 3330 2923 3400 incongruum
2982 3334 3248 3391 duximus.
3313 3337 3444 3396 Pro-

1869 3418 1992 3474 inde
2045 3419 2144 3474 lios
2196 3429 2396 3472 nostrae
2452 3421 2790 3478 auctoritatis
2841 3423 3020 3492 apices
3077 3440 3204 3496 erga
3249 3427 3441 3496 praefa-

1870 3519 1954 3565 tos
2005 3513 2292 3566 canonicos
2352 3512 2407 3567 in
2463 3523 2764 3571 memorato
2814 3518 3146 3574 monasterio
3210 3518 3441 3575 Domino

1869 3616 1966 3670 per
2010 3601 2267 3659 diuturna
2319 3612 2556 3670 tempora
2612 3605 2926 3673 militantes,
2958 3608 3138 3666 divino
3188 3610 3437 3681 inspirati

1869 3709 2050 3748 amore
2077 3694 2191 3748 ﬁeri
2231 3693 2527 3761 jussimus,
2579 3711 2676 3764 per
2726 3712 2862 3764 quos
2911 3699 3246 3755 decernimus
3275 3711 3437 3773 atque

1867 3784 2138 3838 sancimus
2181 3794 2239 3839 ut
2287 3785 2633 3855 praescriptas
2664 3801 2771 3850 res,
2801 3799 2825 3827 ι
2862 3788 3112 3843 videlicet
3147 3795 3434 3858 praenomi-

1867 3881 2006 3925 natze
2029 3873 2195 3935 villae',
2235 3888 2296 3927 ac
2325 3883 2451 3928 ante
2477 3874 2650 3928 dictos
2677 3890 2910 3941 mansos,
2951 3892 3073 3934 cum
3097 3882 3348 3937 omnibus
3367 3884 3434 3937 ad

1868 3974 1925 4014 se
1950 3958 2094 4027 juste
2118 3961 2429 4029 etlegaliter
2449 3963 2861 4031 pertinentibus,
2886 3966 3025 4020 sicut
3051 3967 3118 4021 ab
3138 3977 3261 4023 ante
3290 3971 3434 4024 dicto

1867 4047 2088 4102 Warino
2101 4051 2297 4104 comite
2321 4061 2483 4118 atque
2498 4053 2983 4120 praedocessoribus
3008 4056 3119 4110 suis
3134 4055 3247 4124 jam
3273 4058 3431 4117 dictis

1866 4140 2139 4195 canonicis
2164 4141 2367 4195 collata:
2394 4153 2553 4207 sunt;
2594 4143 2670 4196 ita
2694 4159 2789 4212 per
2814 4145 2952 4199 hanc
2979 4155 3217 4200 nostram
3249 4157 3435 4203 aucto-

1865 4230 2082 4285 r-itatem
2115 4232 2167 4284 in
2196 4247 2382 4286 eorum
2413 4232 2536 4300 jure
2583 4249 2647 4294 ac
2694 4243 2975 4303 potestate,
3030 4238 3140 4299 suis
3185 4240 3432 4296 videlicet

1866 4322 2048 4376 usibus
2081 4322 2414 4393 diversisque
2447 4325 2857 4380 necessitatibus
2910 4327 2976 4379 ad
3017 4327 3253 4382 divinum
3305 4346 3430 4400 pro~
3497 4355 3512 4365 ·

1865 4411 2084 4479 peusius
2127 4412 2330 4465 cultum
2383 4415 2783 4482 exsequendum
2835 4415 3189 4483 fanmlantes,
3230 4421 3430 4489 absque

1866 4500 2146 4568 cujuslibet
2165 4501 2573 4557 diminoratione
2593 4512 2684 4557 aut
2709 4506 3032 4560 retractione
3045 4519 3426 4576 permaneant:

1865 4597 1920 4640 et
1947 4588 2122 4642 nullus
2148 4604 2520 4644 successorum
2563 4608 2782 4645 suorum
2806 4633 2818 4654 ,
2856 4601 3121 4648 rectorum
3178 4597 3429 4653 videlicet

1865 4679 2107 4745 przedicti
2159 4681 2502 4745 monasterii,
2557 4680 2624 4734 ab
2677 4697 2861 4736 eorum
2914 4683 3276 4741 dominatione
3331 4703 3425 4742 eas

1865 4770 2241 4837 quoquomodo
2269 4769 2480 4825 auferre
2503 4811 2517 4836 ,
2548 4781 2643 4826 aut
2667 4773 2719 4827 in
2751 4775 3042 4842 quamlibet
3060 4787 3270 4846 partem
3288 4795 3425 4848 qua-

1864 4875 2074 4929 cunque
2102 4862 2385 4916 occasione
2424 4863 2716 4921 transferre
2761 4874 3069 4933 prresumat.
3122 4866 3226 4921 Sed
3265 4869 3425 4922 liceat

1862 4949 1941 5003 eis
1969 4950 2084 5019 jam
2114 4952 2271 5007 dictis
2300 4952 2460 5006 rebus
2485 4952 2551 5006 ad
2593 4953 2803 5010 Domini
2842 4961 2896 5007 et
2933 4954 3026 5008 Dei
3053 4957 3225 5017 nostri
3251 4955 3422 5010 famu-

1862 5037 2025 5093 latum
2043 5039 2349 5108 diligentius
2367 5042 2727 5109 peragendum
2749 5043 2949 5111 absque
2968 5045 3279 5114 cujusquam
3294 5063 3421 5101 con-

1859 5126 2137 5182 trarietate
2179 5129 2287 5191 uti;
2341 5138 2396 5182 et
2446 5145 2778 5199 quzecunque
2821 5133 2885 5186 ad
2933 5148 3060 5189 suos
3104 5135 3156 5188 in
3209 5135 3417 5192 Domini

1859 5216 2024 5272 nostri
2051 5215 2177 5272 lesu
2205 5214 2405 5270 Christi
2447 5217 2633 5272 militia
2679 5235 2804 5272 usus
2827 5227 2881 5273 et
2909 5223 3253 5276 necessitates
3295 5238 3417 5292 per-

1861 5303 2053 5369 tinent,
2079 5305 2362 5368 ordinare,
2408 5306 2691 5375 disponere
2725 5309 2974 5378 justeque
3003 5309 3212 5366 elﬁcere
3242 5329 3253 5363 :
3284 5329 3416 5382 qua-

1861 5401 2014 5448 tenus
2054 5395 2260 5451 sublala
2303 5397 2478 5451 omnis
2526 5399 2828 5466 indigentiae
2863 5401 3102 5467 penuria,
3134 5416 3231 5468 pro
3253 5403 3414 5457 nobis

1857 5500 1917 5541 ac
1946 5485 2168 5554 conjuge
2192 5493 2414 5550 nostra,
2449 5496 2503 5541 et
2545 5503 2676 5556 pace
2705 5503 2770 5542 ac
2811 5488 3099 5552 stabilitate
3131 5492 3291 5544 totius
3319 5491 3413 5545 im-

1856 5574 1988 5642 perii
2020 5589 2049 5628 a
2091 5576 2198 5631 Deo
2236 5577 2390 5630 nobis
2435 5578 2707 5639 commissi
2757 5578 3016 5633 attentius
3069 5595 3163 5633 eos
3212 5581 3412 5657 indesi-

1855 5671 2045 5715 nenter
2096 5662 2306 5715 Domini
2360 5662 2782 5717 misericordiam
2811 5680 3037 5719 exorare
3064 5666 3311 5721 delectet.
3346 5667 3409 5720 Et

1339 5803 1350 5813 .
1395 5781 1455 5815 ac
1477 5766 1722 5819 anterlicti
1760 5771 1942 5820 mansi.
