3924 6322
484 363 622 418 {2155

1617 366 1941 425 LUDOVICI
1974 368 1995 423 ι
2033 368 2501 445 cocxoussro
2540 371 2627 427 ru

3620 381 3643 431 l
3656 380 3752 433 ται

482 492 542 536 ut
566 482 680 538 hac
704 488 907 537 nostra
948 478 1375 535 confirmationis
1402 481 1703 537 auctoritas
1736 491 2057 554 perpetuum
2087 492 2134 550 Α
2163 487 2493 541 monasterio
2528 486 2785 557 praedicto
2816 497 3017 544 sancte
3045 488 3229 545 Maria:
3274 501 3328 546 et
3365 494 3552 548 sancti
3614 493 3756 548 Petri

480 574 724 631 obtineat
742 574 1005 645 vigorem,
1030 572 1097 627 de
1120 570 1321 627 annulo
1338 580 1528 629 nostro
1548 576 1735 631 subter
1756 591 1875 631 eam
1891 576 2061 645 iussi-

480 685 603 724 mus
624 667 882 739 sigillam.

552 755 776 827 Signum
801 754 1060 810 Ludovici
1090 753 1428 810 serenissimi
1461 753 1710 827 Augusti.

551 848 953 904 llirmiumarus
995 848 1244 903 notarius
1284 848 1351 903 ad
1392 847 1565 903 vicem
1612 847 1855 919 Hugouis
1904 864 2057 904 reco-

480 938 660 1008 gnovL

555 1025 685 1080 Data
714 1040 767 1080 vr
797 1025 1066 1083 Kalendas
1088 1026 1336 1099 Augusti,
1361 1041 1523 1089 anno,
1556 1026 1776 1083 Christo
1804 1028 2057 1098 prapitio,

475 1115 545 1170 ἓξ
590 1116 801 1187 imperii
833 1117 1017 1172 domui
1056 1118 1312 1173 Ludovici
1356 1119 1587 1189 piissimi
1617 1118 1847 1189 Augusti
1879 1120 1934 1174 in
1963 1120 2059 1175 Dei

478 1208 701 1265 nomine
731 1208 983 1265 feliciter.
1012 1210 1207 1266 Amen.

1186 1302 1330 1359 CCII.

858 1406 957 1448 PRO
994 1408 1331 1448 IONASTEBIO
1382 1408 1669 1457 SITEIBNSI.

1078 1484 1252 1557 (Anno
1306 1486 1456 1557 835.)

578 1574 757 1650 [Apud
785 1577 1012 1643 Mahill.,
1040 1579 1103 1631 de
1129 1579 1203 1633 Re
1229 1578 1591 1649 diplomatica,
1629 1597 1754 1653 pag.
1799 1582 1951 1655 635.]

542 1669 595 1723 In
628 1670 846 1725 nomine
870 1670 1083 1726 Domini
1112 1670 1208 1725 Dei
1235 1679 1289 1726 et
1330 1670 1632 1728 Salvatoris
1663 1672 1795 1729 Jesu
1830 1673 2055 1743 Christi,

468 1758 793 1825 Ludovicus,
810 1759 990 1815 divina
1018 1761 1409 1831 repropitiante
1432 1762 1741 1827 clementia,
1763 1764 2061 1835 imperator

468 1848 760 1919 Augustus.
1092 1900 1099 1906 .

538 1936 595 1993 Si
624 1954 812 2010 preces
832 1938 1069 1995 ﬁdelium
1100 1948 1409 1996 nostrorum
1463 1952 1655 1999 devote
1692 1945 1848 2001 nobis
1876 1959 2053 2001 tamu-

467 2029 692 2086 lantium
724 2032 791 2086 ad
814 2039 1057 2101 optatum
1077 2031 1329 2088 eﬂ‘ectum
1378 2034 1552 2089 solita:
1601 2037 1957 2108 benignitatis
1992 2038 2056 2093 li-

466 2118 751 2175 beralitate
779 2121 1063 2191 pervenire
1108 2122 1473 2190 concedimus,
1518 2125 1885 2181 abundantius
1936 2143 2055 2182 cre-

468 2210 650 2265 dimus
713 2220 967 2280 oportere
1033 2214 1409 2283 suggestiones
1474 2214 1811 2271 dilectissimi
1867 2216 2055 2273 fratris

470 2302 645 2356 nostri
687 2301 929 2371 Hugonis
989 2302 1310 2357 venerabilis
1362 2303 1595 2367 abbatis,
1644 2321 1780 2375 quas
1834 2307 2055 2361 omnino

468 2398 678 2452 ratione
698 2397 886 2468 plenas
912 2412 1032 2453 esse
1058 2414 1164 2453 non
1193 2398 1523 2464 dubitamus,
1548 2400 1865 2470 dignissimo
1883 2401 2053 2455 hono-

468 2488 749 2543 rificentia:
783 2488 1016 2559 propria:
1036 2488 1231 2543 effectu
1258 2488 1537 2559 perficere,
1600 2506 1805 2561 easque
1854 2492 2050 2561 praeci-

472 2594 575 2648 pue
602 2595 722 2649 quae
753 2580 1039 2635 manifesto
1074 2595 1184 2635 sate
1224 2580 1528 2636 devotionis
1553 2580 1766 2637 fervore
1790 2582 1859 2637 ad
1910 2582 2049 2637 divi-

472 2681 600 2725 ntrm
629 2669 830 2725 cultum
860 2671 1180 2741 propensius
1199 2671 1601 2741 exsequendum
1633 2671 1906 2741 pertinere
1955 2686 2052 2725 no-

471 2766 710 2814 scuntur.
734 2757 1075 2827 Quapropter
1096 2759 1563 2813 noveritomnium
1591 2759 1829 2814 fidelium
1852 2767 2053 2815 sanctm

466 2847 565 2904 Dei
596 2848 850 2903 Ecclesia:
875 2855 1313 2916 nostrorumque,
1346 2855 1453 2900 tam
1492 2848 1837 2917 praesentium
1888 2864 2051 2917 quam

469 2946 522 2993 et
546 2937 849 2993 futurorum
901 2937 1188 3000 industria,
1246 2938 1371 3007 quia
1433 2947 1767 2993 memoratus
1825 2938 2052 2994 dilectus

470 3030 643 3086 frater
676 3037 864 3085 noster
883 3026 1036 3099 Hugo
1066 3028 1207 3083 sacri
1230 3027 1415 3097 palatii
1440 3028 1611 3082 nostri
1651 3028 2053 3083 archinotarius

472 3132 528 3177 et
556 3121 884 3177 venerabilis
924 3120 1093 3175 abbas
1142 3119 1454 3175 monasterii
1500 3117 1675 3173 Sithiu
1711 3119 1797 3173 siti
1829 3119 1882 3175 in
1910 3134 2048 3189 pago

471 3211 848 3275 Tervanninsi,
872 3210 1169 3265 constructi
1226 3209 1279 3263 in
1308 3210 1567 3264 honorem
1614 3209 1787 3265 beatae
1839 3224 2054 3278 semper
2079 3184 2123 3245 C

470 3302 695 3373 virginis
728 3300 1007 3372 genitricis
1028 3299 1242 3355 Domini
1272 3301 1441 3353 nostri
1477 3298 1601 3353 Iesu
1628 3298 1830 3354 Christi
1868 3300 2051 3355 Marias

472 3407 535 3447 ac
562 3390 845 3447 beatOrum
873 3390 1237 3461 apostolorum
1261 3390 1403 3446 Petri
1420 3398 1475 3446 et
1503 3390 1676 3456 Pauli,
1692 3391 1745 3445 in
1763 3405 1871 3461 quo
1885 3390 2050 3445 etiam

472 3497 702 3551 corpora
727 3479 1323 3537 Christiconfessorum
1362 3480 1656 3536 Audomari
1704 3489 1867 3550 atque
1921 3480 2052 3535 Ber-

478 3574 574 3627 tiui
616 3573 878 3627 tumulata
910 3580 1226 3637 noscuntur,
1254 3579 1452 3627 nostra:
1474 3573 1706 3626 innotuit
1746 3570 2049 3626 celsitudiui

475 3663 707 3732 qualiter
730 3661 841 3730 iam
864 3660 1064 3715 dudum
1106 3668 1344 3730 tempore
1366 3660 1782 3730 przedccessoris
1822 3661 1903 3714 sui
1934 3660 2054 3713 Fri-

476 3756 651 3825 dugisi
676 3754 884 3808 abbatis
909 3752 1082 3807 eidem
1118 3752 1447 3807 monasterio
1478 3760 1719 3806 nostram
1738 3750 2054 3810 fecissemus

478 3843 878 3903 auctoritatem,
937 3856 1032 3909 per
1058 3855 1219 3909 quam
1264 3841 1393 3893 illud
1430 3855 1550 3894 eum
1593 3840 1845 3895 omnibus
1882 3842 1951 3896 ad
1995 3857 2053 3895 se

479 3932 871 4004 pertinentibus
899 3946 1103 3985 morem
1120 3936 1405 3999 paternum
1418 3928 1729 3997 avitumque
1742 3938 2051 3997 sequentes,

479 4023 579 4078 sub
602 4030 785 4076 nostra
810 4014 1264 4075 constiiueremus
1290 4015 1603 4071 defensione
1640 4026 1695 4071 et
1723 4016 2055 4071 mundebur-

478 4115 567 4176 do,
600 4122 761 4180 atque
790 4108 1147 4164 immunitatis
1188 4106 1433 4171 tuitione,
1490 4121 1698 4161 necnon
1730 4119 1919 4160 omnes
1947 4105 2054 4160 cel-

477 4213 559 4266 las
585 4218 639 4263 et
669 4209 844 4271 villas,
886 4220 980 4259 seu
1004 4212 1230 4259 caeteras
1258 4204 1628 4273 possessiones
1662 4218 1783 4272 qua:
1828 4203 1881 4256 in
1935 4203 2051 4271 qui-

478 4301 713 4357 buslibet
741 4299 894 4369 pagis
918 4305 972 4350 et
1009 4295 1299 4350 territoriis
1329 4293 1470 4347 infra
1528 4294 1787 4348 ditionem
1840 4293 2052 4361 imperii

482 4392 651 4447 nostri
680 4389 1003 4452 consistunt,
1030 4394 1090 4439 ut
1117 4386 1295 4440 nullus
1335 4399 1706 4439 successorum
1744 4392 2053 4437 nostrorum

480 4476 765 4544 divideret,
793 4487 884 4534 aut
914 4478 965 4531 in
992 4477 1126 4532 alios
1152 4492 1283 4531 usus
1307 4483 1667 4540 converteret,
1707 4473 2055 4543 utqnefami-

2164 582 2218 629 et
2239 574 2390 629 Pauli
2420 585 2583 645 atque
2609 576 2891 632 beatorum
2929 579 3131 636 Christi
3162 580 3547 638 confessorum
3577 584 3759 640 Ando-

2163 666 2299 721 mari
2327 676 2381 723 et
2402 667 2605 723 Bertini
2633 671 3039 727 concessimus:
3069 674 3143 728 ita
3174 674 3249 729 illi
3278 682 3460 730 ratum
3487 685 3546 730 et
3562 676 3757 732 stabile

2164 770 2487 827 permanere
2516 759 2857 828 permittant,
2880 769 2940 815 ut
2960 762 3167 818 nullam
3203 763 3529 820 divisionem
3564 766 3623 819 in
3648 781 3759 820 mo-

2163 848 2417 903 nasteriis
2431 858 2525 904 aut
2545 850 2718 916 cellis,
2741 851 2826 907 vel
2856 854 3025 920 villis,
3053 872 3147 911 seu
3203 859 3418 913 exteris
3445 859 3758 928 possessio-

2162 939 2321 994 nibus
2348 942 2401 995 in
2437 942 2766 1011 quibuslibet
2794 946 2949 1017 pagis
2996 956 3052 1001 et
3082 949 3375 1004 territoriis
3416 952 3751 1016 consistant,

2161 1027 2365 1085 faciant
2409 1040 2504 1085 aut
2549 1022 2731 1087 facere
2749 1037 3087 1104 permittant,
3118 1040 3287 1093 autin
3327 1040 3463 1095 alios
3490 1057 3632 1096 usus
3672 1042 3752 1111 ip-

2163 1138 2251 1178 sas
2288 1137 2375 1177 res
2396 1132 2770 1194 retorqueant.
2806 1125 2914 1181 Sed
2940 1136 2996 1183 et
3034 1130 3137 1185 hoc
3165 1145 3266 1200 per
3289 1131 3391 1186 hos
3438 1132 3753 1203 imperiales

2162 1212 2344 1282 apices
2380 1214 2659 1269 sancimus
2697 1225 2860 1285 atque
2890 1218 3233 1275 decernimus
3268 1232 3327 1274 ut
3385 1223 3566 1276 nullus
3591 1221 3751 1291 iudex

2163 1302 2413 1371 publicus
2443 1311 2538 1357 aut
2568 1304 2823 1373 quislibet
2848 1322 2912 1359 ex
2953 1306 3241 1375 iudiciaria
3271 1319 3545 1378 potestate
3583 1313 3637 1364 in
3663 1327 3749 1365 ec-

2161 1391 2356 1447 clesias
2378 1404 2472 1447 aut
2499 1392 2727 1464 locavel
2762 1410 2938 1465 agros,
2970 1412 3063 1451 seu
3101 1397 3335 1469 reliquas
3368 1402 3749 1470 possessiones

2162 1482 2444 1536 memorati
2472 1483 2810 1549 monasterii,
2833 1500 2969 1553 quas
2992 1488 3250 1542 moderno
3274 1497 3515 1559 tempore
3540 1493 3595 1545 in
3627 1492 3747 1561 qni-

2160 1571 2395 1628 buslibet
2414 1574 2567 1643 pagis
2595 1582 2651 1631 et
2690 1577 2982 1632 territoriis
3023 1578 3163 1632 infra
3220 1581 3483 1636 ditionem
3533 1585 3748 1653 imperii

2160 1663 2333 1717 nostri
2364 1663 2509 1734 iuste
2530 1673 2586 1721 et
2614 1666 2860 1738 legaliter
2886 1669 3149 1737 possidet,
3203 1671 3287 1726 vel
3333 1689 3454 1741 qua:
3492 1674 3749 1744 deinceps

2162 1752 2216 1807 in
2246 1754 2369 1823 jure
2390 1756 2563 1825 ipsius
2598 1759 2770 1812 sancti
2797 1758 2903 1814 loci
2926 1759 3157 1815 voluerit
3180 1761 3357 1816 divina
3383 1764 3564 1833 pietas
3587 1781 3747 1835 auge-

2084 1840 2129 1899 B
2159 1845 2227 1911 ri,
2252 1846 2319 1899 ad
2366 1862 2558 1903 causas
2583 1847 2874 1917 iudiciaria
2920 1866 3071 1907 more
3118 1852 3415 1907 audiendas
3468 1854 3557 1907 vel
3600 1854 3745 1909 freda

2156 1936 2444 2006 exigenda,
2480 1946 2573 1993 aut
2616 1940 2925 1994 mansiones
2946 1940 3031 1995 vel
3071 1952 3288 2010 paratas
3322 1941 3601 1999 faciendas
3657 1956 3745 1998 aut

2154 2022 2410 2082 foderum-
2446 2028 2793 2099 exigendum,
2826 2038 2918 2084 aut
2948 2030 3291 2101 ﬁdeiussores
3324 2032 3618 2097 tollendos,
3657 2044 3745 2087 aut

2156 2118 2401 2174 homines
2428 2120 2599 2191 ipsius
2632 2124 2946 2178 monasterii
3012 2132 3121 2179 tam
3180 2125 3437 2196 ingenuos
3487 2143 3654 2197 quam
3694 2136 3744 2181 et

2154 2225 2342 2265 servos
2365 2211 2782 2283 distringendos,
2816 2229 2915 2269 nec
2950 2214 3090 2269 ullas
3120 2216 3516 2271 redhibitiones
3566 2226 3657 2271 aut
3680 2218 3743 2271 il-

2154 2302 2331 2357 licitas
2354 2304 2669 2359 occasiones
2705 2306 3062 2374 requirendas
3091 2307 3199 2361 ullo
3229 2324 3471 2377 unquam
3505 2319 3743 2379 tempore

2154 2391 2362 2462 ingredi
2390 2392 2608 2457 audeat,
2648 2393 2734 2449 vel
2762 2409 2826 2449 ea
2874 2410 2995 2465 quae
3054 2413 3217 2467 supra
3264 2409 3573 2454 memorata
3622 2412 3741 2455 sunt

2152 2480 2368 2547 penitus
2411 2488 2663 2535 exaetare
2704 2493 2999 2552 praesumat
3045 2486 3185 2540 :sed
3233 2485 3396 2541 liceat
3444 2500 3743 2543 memorato

2154 2569 2336 2624 abbati
2364 2570 2584 2640 suisque
2614 2575 3021 2630 successoribus
3048 2576 3391 2645 velprtedicti
3408 2582 3736 2641 monasterii,

2154 2660 2295 2715 sicut
2322 2662 2377 2715 in
2406 2670 2679 2733 praecepto
2700 2664 2882 2719 domni
2918 2676 2973 2721 et
3000 2669 3261 2737 genitoris
3284 2672 3459 2724 nostri
3497 2674 3735 2726 contine-

2156 2760 2261 2818 tur,
2291 2766 2411 2807 cum
2440 2768 2631 2809 omnes
2654 2753 2835 2811 fredos
2873 2765 2929 2811 et
2954 2759 3160 2814 bannos
3193 2760 3293 2814 sibi
3322 2777 3615 2818 concessus
3634 2763 3742 2819 sub

2153 2844 2510 2900 immunitatis
2538 2854 2739 2901 nostra:
2767 2847 3081 2903 defensione
3110 2852 3298 2919 quieto
3325 2855 3524 2908 ordine
3574 2856 3741 2924 possi-

2154 2935 2282 2989 dere
2321 2945 2633 3004 :quatenus
2661 2937 2806 3005 ipsos
2851 2954 3039 2994 servos
3084 2942 3201 3005 Dei,
3230 2943 3322 3010 qui
3381 2943 3585 2999 ibidem
3632 2944 3737 2999 Deo

2155 3022 2505 3090 famulantur,
2545 3041 2643 3094 pro
2664 3027 2818 3082 nobis
2863 3044 2928 3083 ac
2985 3030 3137 3099 prole
3188 3020 3397 3097 nostra,
3438 3036 3527 3088 vel
3582 3036 3736 3090 etiam

2154 3128 2252 3182 pro
2278 3114 2570 3170 stabilitate
2591 3116 2756 3176 totius
2786 3117 2999 3187 imperii
3030 3120 3200 3173 nostri
3228 3135 3257 3172 a
3298 3119 3414 3175 Deo
3438 3122 3600 3178 nobis
3623 3139 3739 3179 con-

2154 3203 2290 3265 cessi
2322 3212 2488 3274 atque
2517 3208 2871 3261 conservandi
2912 3207 3115 3279 iugiter
3148 3210 3361 3265 Domini
3426 3215 3732 3269 misericor-

2155 3294 2297 3349 diam
2328 3310 2557 3350 exorare
2591 3296 2837 3351 delectet.
2862 3298 2930 3351 Et
2958 3307 3018 3353 ut
3039 3300 3153 3353 haec
3180 3301 3487 3356 auctoritas
3542 3305 3738 3358 nostris

2156 3387 2460 3457 futurisque
2485 3388 2818 3457 temporibus
2845 3390 3073 3446 Domino
3094 3400 3411 3462 protegente
3434 3394 3615 3448 valeat
3655 3396 3733 3448 inc

2155 3478 2412 3533 convulsa
2454 3494 2792 3548 permanere,
2840 3495 3003 3535 manu
3058 3484 3273 3552 propria
3326 3484 3521 3537 subter
3566 3485 3738 3538 ﬁrma-

2154 3569 2331 3623 vimus
2351 3576 2407 3623 et
2436 3570 2619 3623 annuli
2650 3572 2819 3624 nostri
2844 3571 3199 3641 impressione
3228 3574 3431 3643 signari
3455 3574 3732 3641 iussimus.

2227 3656 2449 3728 Signum
2480 3658 2736 3715 Ludovici
2775 3661 3108 3716 serenissimi
3147 3662 3524 3732 imperatoris.

2226 3746 2604 3803 Hirminmaris
2628 3751 2870 3804 notarius
2921 3751 2988 3805 ad
3020 3750 3193 3805 vicem
3246 3751 3493 3821 Hugonis
3531 3753 3736 3806 abbatis

2155 3841 2437 3908 recognovi
2467 3848 2520 3894 et
2546 3841 2857 3910 subscripsi.

2226 3930 2360 3983 Data
2380 3932 2458 3984 ld.
2486 3931 2731 4001 Augusti,
2770 3946 2910 3987 anno
2934 3933 2999 3987 2i
3038 3934 3251 4004 imperii
3275 3935 3459 3989 domni
3484 3935 3734 3989 Ludovici

2155 4020 2382 4089 piissimi
2410 4021 2657 4088 Augusti,
2696 4022 2991 4079 indictione
3037 4023 3122 4077 l0.
3168 4024 3365 4078 Actum
3414 4024 3737 4093 Aquisgrani

2153 4110 2355 4180 palatio
2379 4112 2526 4180 regio
2547 4111 2599 4165 in
2625 4110 2719 4166 Dei
2752 4115 2967 4167 nomine
3004 4113 3253 4168 feliciter.
3298 4114 3494 4167 Amen.

2864 4202 3035 4257 CClll.

2552 4312 2654 4353 PRO
2680 4312 2929 4352 C(ENOBIO
2960 4311 3321 4352 FLORIACENSI.

2776 4388 2950 4459 (Anno
2983 4386 3133 4456 355.)

2479 4476 2655 4548 [Apud
2682 4476 2745 4530 D.
2782 4478 3070 4545 Bouquet.,
3110 4493 3234 4547 pag.
3268 4478 3419 4550 θοι]

484 4534 554 4628 lia
603 4534 841 4643 eiusdem
871 4569 1181 4624 monasterii
1207 4567 1366 4621 nullis
1391 4565 1719 4635 quibuslibet
1746 4565 2055 4619 hominibus
2082 4534 2132 4591 ο
2228 4568 2283 4621 In
2311 4534 2527 4623 nomine
2549 4534 2767 4623 Domini
2819 4569 2913 4622 Dei
2968 4576 3021 4623 et
3064 4534 3364 4624 salvatoris
3400 4534 3578 4626 nostri
3619 4572 3735 4627 Jesu

486 4667 729 4721 fodcrum
771 4664 953 4725 daret,
1001 4658 1268 4728 imperiali
1310 4658 1633 4711 auctoritate
1677 4655 2054 4718 decrevimus,

486 4766 675 4827 petens
701 4764 762 4808 ut
786 4753 1031 4807 eamdem
1058 4758 1297 4804 nostram
1320 4745 1699 4802 auctoritatem
1726 4752 1824 4800 su’o
1846 4759 2057 4813 quoque

490 4843 707 4898 nomine
734 4840 979 4894 renovari
1004 4837 1340 4907 iuberemus.
1374 4834 1482 4889 Nos
1506 4835 1687 4903 itaque
1726 4835 1793 4889 ob
1817 4848 2056 4889 amorem

490 4935 728 4987 divinum
757 4941 811 4986 et
846 4930 1202 4985 reverentiam
1230 4937 1392 4997 atque
1438 4928 1699 4981 honorem
1746 4923 2057 4978 eorumdem

490 5032 824 5084 sanctorum,
856 5034 1065 5073 necnon
1100 5026 1153 5070 et
1191 5018 1542 5070 mouitionem
1583 5014 1825 5084 eiusdem
1876 5012 2061 5066 fratris

492 5109 685 5174 nostri,
710 5116 1059 5162 memoratam
1086 5107 1462 5161 auctoritatem
1492 5115 1730 5159 nostram
1748 5104 1893 5158 circa
1910 5117 2059 5156 eum—

493 5201 616 5255 dem
647 5199 821 5253 locum
851 5205 1197 5265 rectoresque
1227 5210 1322 5264 per
1377 5204 1617 5265 tempora
1674 5191 1910 5247 labentia
1957 5190 2061 5244 sibi

494 5288 844 5342 succedentes
895 5287 1141 5339 renovari
1191 5284 1533 5347 censuimus,
1583 5290 1640 5336 et
1680 5297 1747 5335 ea
1789 5296 1909 5349 qua:
1952 5279 2062 5332 illic

494 5381 711 5432 decreta
735 5374 1233 5444 fuerunt,prmsenti
1255 5373 1418 5427 etiam
1441 5373 1765 5427 auctoritate
1780 5371 2058 5424 reborare.

494 5467 726 5521 Proinde
756 5467 853 5519 hos
880 5474 1089 5519 nostros
1120 5464 1424 5533 imperiales
1449 5464 1629 5532 apices
1650 5462 1766 5515 fieri
1780 5459 2064 5529 iussimus,

497 5574 591 5630 per
629 5574 763 5625 quos
807 5571 1147 5610 successores
1180 5562 1397 5608 nostros
1436 5555 1789 5607 admonemus
1838 5558 1897 5605 ut
1928 5550 2069 5605 sicut

570 5697 593 5721 ιι
642 5683 1023 5752 Βρρν;η,τὶιὶαηιρ
1077 5685 1280 5752 gratia,
1338 5684 1475 5751 apud
1526 5683 1888 5736 llalzillonium
1926 5725 1939 5746 ,
1977 5683 2069 5751 qui

502 5754 631 5809 illud
656 5763 975 5822 pnes-cptum
998 5754 1159 5806 edidit
1189 5754 1279 5805 lib.
1318 5753 1461 5806 vt'dc
1486 5752 1562 5804 lle
1592 5753 1835 5822 diplom.,
1864 5769 1915 5822 p.
1944 5753 2065 5807 522.

2157 4658 2379 4724 Chaisti,
2431 4660 2753 4727 Ludovicus,
2779 4660 2957 4715 divina
2999 4660 3326 4730 propitiante
3373 4662 3663 4717 clementia
3689 4676 3734 4727 ι,

2161 4752 2453 4820 imperator
2493 4751 2785 4822 Augustus.

2233 4839 2365 4894 Cum
2416 4841 2767 4909 petitionibus
2820 4854 3097 4895 servorum
3150 4840 3266 4906 Dei,
3319 4857 3457 4911 quas
3521 4843 3736 4897 auribus

2163 4927 2460 4981 clementize
2504 4936 2724 4994 nostrae,
2757 4928 3109 4996 compellente
3136 4942 3228 4982 eos
3279 4930 3523 4999 qualibet
3562 4946 3739 4985 neces-

2166 5019 2348 5082 sitate,
2419 5018 2691 5072 insinuare
2745 5018 3103 5083 studuerunt,
3160 5017 3400 5072 favorem
3446 5020 3739 5089 imperialis

2166 5108 2494 5162 excellentiae
2515 5108 2631 5175 eius
2660 5122 2867 5171 amore,
2906 5107 3060 5175 cuius
3102 5108 3305 5161 militia:
3327 5107 3537 5179 iugiter
3564 5110 3734 5164 deser-

2167 5198 2281 5251 vire
2310 5206 2623 5263 noscuntur,
2647 5198 3055 5252 accommodare
3074 5212 3361 5261 curamus;
3394 5198 3541 5253 illius
3558 5200 3734 5267 procul

2169 5284 2330 5338 dubio
2395 5281 2821 5337 misericordiam
2881 5281 3156 5335 conciliari
3224 5282 3542 5347 credimus,
3595 5283 3735 5350 cujus

2168 5373 2373 5427 honore
2400 5381 2456 5425 .et
2492 5387 2675 5425 amore
2704 5372 2756 5424 id
2786 5371 3075 5425 efficaciter
3114 5372 3140 5411 δ
3164 5387 3542 5440 procuramus.
3580 5372 3739 5443 Igitur

2168 5470 2352 5515 uotum
2397 5476 2515 5515 esse
2547 5460 2792 5514 volumus
2843 5459 3093 5514 omnibus
3134 5459 3384 5515 ﬁdelibus
3412 5470 3613 5516 sancta:
3651 5459 3737 5513 Dei

2168 5553 2421 5608 Ecclesia:
2450 5554 2754 5620 nostrisque
2771 5591 2784 5615 ,
2810 5550 3168 5620 praesentibus
3194 5551 3407 5607 scilicet
3429 5561 3485 5607 et
3532 5550 3732 5611 futuris,

2244 5686 2271 5725 ὃ
2314 5686 2454 5756 \pud
2484 5686 2750 5745 eumdem,
2777 5684 2827 5734 id
2860 5682 3085 5753 efﬁcere.
