3924 6318
208 396 343 453 1263

202 575 500 656 Benedicti,
551 589 695 660 quod
742 598 827 643 est
870 591 1240 641 constructum
1267 583 1321 636 in
1350 595 1485 650 pago
1527 575 1778 632 Aurelia-

202 699 392 751 nense,
417 698 521 738 una
542 696 663 737 cum
684 674 1098 749 congregatione
1122 673 1226 728 sibi
1248 672 1551 733 commissa,
1582 675 1780 721 nostra:

203 771 439 827 innotuit
482 764 789 822 celsitudini
814 777 880 817 eo
904 762 1046 830 quod
1070 764 1204 813 avos
1246 765 1431 810 noster
1470 756 1625 809 boote
1667 766 1779 804 me-

203 860 393 915 moriae
415 856 673 925 Pippinus
703 869 798 907 rex
835 853 901 906 de
929 850 1101 903 salute
1141 847 1333 901 anima:
1355 861 1465 900 sua:
1509 859 1571 899 ac
1600 841 1782 896 fratris

202 951 290 1005 sui
317 945 693 1004 Carolomanni
724 941 993 1011 cogitans,
1023 946 1077 993 et
1100 938 1166 993 de
1192 934 1468 990 abolendis
1495 932 1641 987 amb;
1669 945 1779 983 tum

203 1036 468 1107 peccatis,
498 1036 775 1101 beataeque
805 1037 858 1084 et
904 1036 1178 1098 perpetuae
1224 1025 1345 1079 vita:
1375 1020 1609 1093 praemiis
1655 1034 1782 1073 cou-

206 1125 521 1196 sequendis,
545 1122 832 1193 quamdam
858 1119 1037 1173 villam
1074 1116 1214 1187 juris
1265 1114 1371 1177 sui,
1417 1126 1537 1179 qua:
1586 1107 1784 1162 dicitur

207 1220 549 1285 Suncampus
581 1227 629 1277 ι,
676 1228 799 1267 cum
830 1207 1163 1283 appendiciis
1189 1214 1244 1260 et
1280 1202 1420 1257 villis
1446 1216 1510 1255 ac
1538 1198 1783 1254 terminis

209 1310 281 1365 ad
311 1324 369 1365 se
389 1305 805 1378 pertinentibus,
830 1306 1131 1356 memorato
1162 1292 1492 1350 monasterio
1522 1290 1580 1344 S.
1607 1288 1782 1343 Bene-

208 1401 340 1456 dicti
388 1414 486 1470 per
533 1393 875 1450 auctoritatis
913 1404 1022 1443 sua:
1075 1395 1400 1457 praeceptum
1443 1381 1779 1451 delegasset:

208 1505 381 1561 eoque
414 1499 540 1543 tunc
558 1486 738 1540 divina
759 1480 1040 1536 vocatione
1063 1478 1222 1532 rebus
1245 1473 1492 1530 humanis
1513 1477 1782 1539 exempto,

208 1580 429 1651 quidam
461 1575 697 1631 vasallus
726 1574 862 1643 ejus,
920 1570 1136 1625 nomine
1164 1565 1485 1627 Gislearius,
1536 1561 1629 1629 qui
1680 1573 1788 1613 me-

211 1679 476 1725 moratam
510 1666 687 1720 villam
737 1662 857 1733 jure
882 1659 1229 1716 beneﬁciaria
1280 1654 1614 1725 possederat,
1645 1656 1789 1721 post-

211 1779 375 1833 quam
423 1759 658 1830 legitima
706 1754 927 1810 traditio
969 1759 1131 1821 atque
1176 1748 1437 1803 vestitura
1482 1746 1547 1799 de
1598 1744 1787 1796 eadem

1331 374 1718 433 DlPLOMATA
1760 366 2305 426 ECCLESIASTICA.

202 505 436 578 qualiter
456 501 594 556 Boso
621 496 942 554 venerabilis
969 494 1135 549 abbas
1157 506 1223 547 ex
1249 488 1576 545 monasterio
1603 483 1775 541 sancti
1804 482 1849 542 A

3314 350 3443 406 I236

1881 495 2019 545 rum,
2049 488 2158 534 tam
2185 478 2529 548 prresentium
2549 489 2710 544 quam
2730 480 2788 533 et
2807 470 3132 532 futurorum,
3158 466 3441 524 industria.

1880 571 2025 647 quod
2104 568 2453 624 Marcuardus
2536 560 2859 619 venerabilis
2911 557 3075 612 abbas
3130 553 3445 609 monasterii

1880 659 2034 729 cujus
2085 658 2405 713 vocabulum
2449 663 2532 710 est
2582 652 2800 708 Prumia
2858 648 3088 703 innotuit
3140 645 3448 699 cclsitudiui

1880 754 2079 804 nostra:
2114 765 2179 805 eo
2227 748 2370 818 quod
2409 760 2527 800 cum
2564 737 2882 813 quibus.’am
2941 737 3248 793 hominibus
3276 776 3290 799 ,
3354 737 3448 805 qui

1880 840 2206 895 Heberarius
2230 848 2284 893 et
2313 838 2620 892 ilebrardus
2658 832 3027 893 nominz;ntur,
3064 827 3320 897 quasdam
3361 842 3447 879 res

1881 938 1939 984 et
1978 929 2242 997 mancipia
2278 943 2376 997 pro
2414 926 2692 979 ambarum
2722 922 2954 992 partium
2985 916 3451 972 commoditatibus

1881 1028 2291 1077 commutasset.
2329 1018 2487 1072 Dedit
2517 1017 2682 1085 igitur
2718 1021 2903 1068 nostra
2933 1008 3286 1081 permissione
3314 1021 3450 1076 pne-

1882 1113 2027 1169 l‘atus
2054 1110 2377 1167 venerabilis
2402 1107 2750 1163 Marcuardus
2787 1104 2954 1159 abbas
2999 1117 3065 1157 ex
3102 1099 3262 1153 rebus
3316 1112 3453 1166 pra:-

1884 1202 2149 1260 nominati
2189 1199 2501 1255 monasterii
2533 1199 2585 1251 ia
2614 1213 2752 1267 pago
2776 1192 3152 1263 Andegavinse
3182 1200 3235 1244 et
3261 1187 3452 1242 Rothi-

1883 1314 2074 1363 nense,
2090 1298 2144 1352 in
2159 1296 2294 1352 locis
2312 1295 2404 1363 qui
2432 1294 2679 1356 dicuntur
2700 1286 3100 1350 Hulmontillus,
3123 1282 3452 1345 Carmarias,

1883 1392 2085 1447 Boscus
2138 1396 2192 1444 et
2236 1387 2405 1441 Tillus
2442 1381 2677 1454 praefatis
2730 1378 3025 1450 lieberario
3071 1384 3125 1430 et
3176 1370 3457 1428 llebrardo

1887 1482 1953 1537 ad
1978 1481 2252 1553 proprium
2276 1472 2659 1547 perpetualiter
2678 1470 3001 1533 habendum,
3018 1472 3457 1537 quatumcunque

1890 1549 2020 1629 inibi
2073 1549 2139 1628 de
2179 1570 2304 1641 jure
2376 1565 2617 1635 ejusdem
2681 1558 2997 1616 monasterii
3052 1556 3349 1611 habeatur-
3394 1549 3456 1605 Et

1888 1681 1918 1720 e
1941 1673 2129 1720 contra
2162 1662 2215 1715 in
2264 1655 2702 1729 compensatione
2728 1649 3037 1705 earumdem
3080 1659 3259 1700 rerum
3308 1642 3458 1697 dedc-

1892 1762 2019 1809 runt
2046 1766 2186 1822 smpe
2220 1748 2348 1805 dicti
2392 1743 2720 1801 Heberarius
2739 1750 2793 1795 et
2818 1738 2985 1793 frater
3004 1750 3133 1790 suus
3154 1732 3460 1788 llebrardus

214 1853 360 1917 villa,
390 1867 511 1906 cum
539 1847 789 1903 omnibus
816 1846 883 1898 ad
908 1857 965 1896 se
988 1837 1383 1911 pertinentibus
1407 1833 1491 1889 vel
1527 1831 1790 1902 aspicien-

1903 1847 1958 1900 ie
2008 1843 2170 1897 rebus
2210 1837 2443 1910 propriis
2490 1840 2788 1889 memorato
2823 1825 3140 1882 Marcuardo
3167 1819 3461 1878 venerabili

216 1945 362 1999 tibus
390 1940 458 1994 ad
498 1944 710 2009 partem
756 1941 881 1988 ante
906 1930 1035 1985 dicti
1078 1925 1393 1982 monasterii
1423 1922 1480 1978 S.
1513 1919 1790 1976 Benedicti

217 2039 357 2091 facta
385 2035 577 2095 fuerat,
613 2029 874 2100 quasdam
901 2024 1116 2079 villu'as
1140 2021 1206 2076 ad
1237 2024 1587 2074 memoratam
1608 2012 1791 2068 villam

216 2126 543 2195 aspicientes
591 2119 674 2174 vel
712 2117 1062 2188 pertinentes,
1110 2124 1337 2181 quarum
1382 2103 1641 2161 vocabula
1670 2109 1794 2157 sunt

220 2192 623 2276 Blairulﬁ—villa,
665 2205 1013 2277 Sigini-villa,
1042 2196 1539 2277 Haderbaldi—villa,
1566 2192 1791 2249 Enveri-

219 2306 366 2368 villa,
416 2298 791 2356 Catonis-villa
822 2302 877 2351 et
904 2287 1359 2348 Frondonis—villa
1398 2288 1447 2351 δ,
1480 2286 1601 2355 jure
1630 2283 1792 2338 bene-

219 2393 425 2450 ﬁciario
452 2392 518 2444 ad
548 2388 853 2444 habendum
878 2389 1215 2451 usurpasset,
1246 2388 1407 2447 atque
1452 2375 1650 2442 injuste
1702 2387 1794 2427 oc-

218 2500 281 2539 cu
290 2498 407 2554 pass
417 2489 470 2535 et
488 2498 498 2533 :
520 2488 574 2533 et
596 2479 675 2533 sic
689 2474 1014 2546 procedente
1029 2480 1267 2537 tempore
1287 2467 1353 2521 de
1369 2466 1492 2536 jure
1516 2461 1791 2533 szepedicti

218 2551 533 2627 monasterii
555 2568 762 2636 elapsus
783 2577 923 2618 esse.
951 2560 1057 2616 Sed
1078 2574 1199 2614 cum
1222 2557 1290 2612 ad
1308 2556 1447 2610 banc
1472 2566 1689 2608 causam
1716 2551 1795 2605 in-

218 2660 589 2732 vestigandam
616 2659 879 2725 nobisque
899 2650 1314 2708 renuntiandam
1334 2649 1529 2702 missos
1558 2652 1792 2707 nostros,

218 2754 412 2809 Jouam
451 2749 700 2804 videlicet
729 2745 1094 2803 venerabilem
1121 2741 1560 2796 Aurelianensem
1589 2736 1797 2805 episco-

218 2859 373 2914 pum,
398 2849 454 2896 et
476 2840 752 2911 Hugonem
777 2837 1037 2891 illustrem
1068 2832 1321 2888 comitem
1355 2829 1793 2888 destinassemus,

220 2946 278 2993 et
307 2947 416 2991 tam
443 2947 509 2988 ex
554 2947 741 2988 eorum
788 2929 1050 2992 relatione
1093 2940 1256 2994 quam
1297 2930 1350 2978 et
1397 2935 1463 2975 ex
1511 2916 1793 2974 memorati

220 3030 308 3084 avi
336 3025 507 3082 nostri
538 3023 788 3095 praecepti
816 3021 1046 3075 lectione
1084 3018 1203 3072 luce
1235 3017 1435 3070 clarius
1478 3012 1633 3067 nobis
1655 3018 1797 3081 pate-

225 3121 400 3182 ﬁeret,
423 3123 748 3170 memoratas
773 3112 928 3167 villas
943 3111 1007 3165 de
1025 3108 1147 3177 jure
1167 3123 1308 3176 srcpe
1330 3105 1458 3161 dicti
1486 3102 1796 3157 monasterii

224 3208 423 3275 injuste
446 3207 746 3260 abstractas
778 3201 943 3256 fuisse
969 3218 983 3253 :
1015 3198 1217 3268 placuit
1240 3196 1397 3251 nobis
1441 3208 1540 3263 pro
1568 3190 1802 3246 remedio

224 3300 419 3354 animae
451 3306 651 3351 nostrae
677 3309 770 3348 cas
796 3307 916 3347 cum
947 3289 1196 3345 omnibus
1244 3288 1403 3342 rebus
1437 3285 1502 3339 ad
1529 3298 1586 3338 se
1635 3281 1802 3353 perti-

225 3390 481 3445 nentibus
502 3387 674 3441 eidem
706 3383 930 3439 reddere
959 3379 1309 3436 monasterio.
1363 3377 1432 3432 Et
1469 3383 1529 3430 ut
1557 3375 1671 3429 haec
1712 3389 1805 3427 au-

225 3480 454 3536 ctoritas
480 3476 787 3531 donationis
820 3481 1019 3528 nostra:
1054 3470 1263 3525 ﬁrmior
1286 3468 1567 3529 habeatur,
1608 3473 1664 3519 et
1710 3477 1808 3531 per

225 3572 405 3627 futura
434 3578 675 3637 tempora
697 3565 889 3621 melius
909 3568 1285 3624 conservetur,
1305 3559 1371 3613 de
1409 3556 1606 3611 annulo
1622 3562 1807 3608 nostro

226 3662 413 3718 subter
438 3675 556 3715 eam
580 3658 839 3728 jussimus
872 3653 1129 3728 sigillare.

301 3752 411 3823 Ego
434 3746 810 3804 Hirmiumaris
835 3726 1078 3797 notarius
1104 3740 1171 3794 ad
1190 3738 1360 3792 vicem
1387 3734 1624 3804 llugonis
1655 3746 1813 3785 reco-

227 3844 389 3916 gnovi
418 3851 470 3898 et
492 3840 808 3909 subscripsi.

301 3935 436 3988 Data
452 3947 490 3984 ll
507 3929 685 3984 Nonas
698 3928 982 3984 Ianuarias
1000 3938 1021 3964 ε
1033 3966 1046 3988 ,
1064 3939 1225 3987 anno,
1241 3920 1456 3976 Christo
1472 3916 1725 3988 propitio,
1740 3914 1811 3968 22

230 4023 443 4092 imperii
471 4021 651 4075 domni
684 4018 941 4073 Ludovici
965 4016 1194 4086 piissimi
1223 4012 1473 4083 Augusti,
1520 4009 1808 4063 indictione

236 4115 323 4167 i3.
373 4114 565 4167 Actum
601 4109 909 4166 Tbeodonis
931 4107 1056 4161 villa
1083 4105 1285 4177 palatio
1334 4102 1480 4172 regio
1507 4102 1559 4154 in
1594 4098 1685 4153 Dei
1712 4112 1809 4151 no-

235 4201 381 4255 mine
411 4198 659 4254 feliciter.
686 4197 876 4251 Amen.

926 4258 1081 4317 CCIV

610 4351 708 4391 PRO
742 4345 1078 4388 IONASTERIO
1119 4341 1423 4383 PRUMIENSI.

846 4410 1018 4479 (Anno
1048 4405 1197 4475 855.)

244 4497 315 4551 De
347 4494 611 4550 concamio
644 4490 781 4561 quod
821 4488 1051 4561 fecerunt
1072 4485 1414 4561 _Ebcrharius
1448 4492 1497 4537 et
1532 4481 1811 4535 Marcuar—
1836 4497 1888 4556 D

868 4559 964 4610 dus
994 4556 1174 4609 abbas.

300 4651 473 4726 [Apud
505 4648 732 4701 Manen.
796 4641 958 4713 ampl.
996 4639 1238 4704 ϐοηθοίη
1270 4647 1400 4693 tom.
1431 4637 1470 4701 Ι,
1495 4636 1601 4693 col.
1636 4635 1751 4708 94.]

312 4742 369 4796 ln
403 4738 617 4793 nomine
666 4734 878 4789 Domini
919 4731 1012 4786 Dei
1051 4739 1106 4784 et
1141 4729 1442 4784 Salvatoris
1476 4728 1648 4781 nostri
1685 4726 1813 4783 Jesu

241 4828 463 4891 Christi,
511 4811 835 4888 Ludovicus,
871 4821 1050 4876 divina
1088 4818 1471 4889 repropitiante
1508 4817 1808 4882 clementia,

244 4921 534 4988 imperator
556 4914 845 4983 Augustus.

316 5007 375 5063 Si
400 5020 518 5075 quae
546 5003 730 5058 ﬁdeles
758 5001 970 5072 imperii
1000 5001 1169 5055 nostri
1200 5015 1298 5070 pro
1332 5014 1518 5054 eorum
1557 5007 1814 5068 opportu-

248 5098 505 5180 nitatibus
529 5097 670 5149 inter
700 5110 760 5149 se
785 5100 1265 5157 commutaverunt,
1298 5092 1497 5146 nostris
1522 5091 1811 5147 continua-

249 5205 368 5244 tnus
395 5188 605 5250 edictis,
643 5185 975 5254 imperialem
1000 5198 1314 5238 exercemus
1341 5182 1812 5246 consuetudinem,

249 5282 421 5334 ethoc
451 5278 501 5330 in
525 5277 862 5345 postmodum
882 5273 1003 5342 jure
1026 5273 1335 5326 ﬁrmissimo
1360 5285 1672 5324 mansurum
1697 5284 1817 5324 esse

250 5370 515 5425 volumus.
543 5368 746 5423 idcirco
786 5367 996 5421 noverit
1042 5364 1280 5418 omnium
1333 5362 1567 5415 ﬁdelium
1596 5369 1812 5415 nostro—-

322 5492 345 5519 ι
372 5478 529 5547 Apud
550 5477 770 5539 Mabill.,
803 5476 1125 5547 suitcaitlus,
1149 5473 1306 5547 vulgo
1324 5470 1650 5547 §oyc_ha_t_n_p.

324 5551 349 5587 ι»
378 5540 532 5616 Apud
552 5548 815 5616 eumdem,
861 5540 1273 5616 ﬁlarruIﬁ-uillti,
1317 5540 1813 5616 Sigieifvilla,__lla—

253 5608 655 5677 drebleHi—villa,
698 5608 1093 5673 Numeri-villa,
1122 5608 1522 5665 Cat/tertisévilla
1566 5620 1610 5662 ει
1640 5609 1815 5664 Fron-

252 5684 573 5747 tlonis-rilla,
609 5684 761 5751 vulgo
799 5680 1144 5751 .llairoutjillc,
1191 5678 1461 5751 Suittt'ille,
1499 5680 1810 5747 Arbouvillr,

255 5754 556 5817 litvriurillc,
586 5748 902 5806 Clutl'ont'ic'lc
937 5760 981 5801 ct
1014 5748 1294 5803 Frourillc.

1890 1933 2070 1989 abbati
2106 1931 2173 1985 ad
2198 1938 2406 2001 partem
2438 1941 2579 1996 srepe
2616 1922 2743 1980 dicti
2782 1915 3100 1974 monasterii
3125 1914 3210 1969 sui
3238 1912 3294 1968 in
3322 1926 3463 1981 pago

1892 2023 2163 2077 Nauvinse
2189 2061 2203 2085 ,
2246 2019 2300 2073 in
2332 2017 2456 2071 villa
2491 2030 2612 2085 qua:
2647 2011 2848 2067 dicitur
2893 2004 3264 2069 Roccesheim,
3294 2016 3464 2073 quan-

1895 2125 2222 2182 tumcunque
2268 2111 2322 2164 in
2378 2108 2566 2162 eadem
2613 2104 2739 2158 villa
2781 2101 2866 2155 vel
2900 2099 3067 2168 ipsius
3090 2096 3234 2151 villae
3278 2090 3463 2148 marita

1888 2204 2009 2274 jure
2038 2199 2398 2272 proprietario
2422 2195 2773 2268 possidebant
2797 2233 2810 2256 ,
2839 2191 2892 2246 id
2917 2198 3000 2246 est
3026 2186 3272 2271 curtilcm
3301 2184 3466 2240 domi-

1894 2296 2133 2349 nicatum
2163 2307 2285 2348 cum
2315 2290 2556 2345 aediﬁciis
2583 2290 2813 2355 desuper
2842 2283 3051 2354 positis,
3079 2262 3363 2335 lfa‘entem
3402 2276 3465 2330 de

1896 2393 2037 2440 terra
2089 2382 2326 2437 aratoria
2359 2380 2684 2435 dominicata
2725 2374 2969 2445 jornales
3019 2388 3200 2428 Luxu
3245 2380 3297 2426 et
3342 2384 3465 2439 pto-

1894 2473 2116 2545 prisosd
2143 2488 2193 2527 γι
2218 2512 2233 2538 ,
2276 2472 2330 2525 in
2377 2468 2572 2539 quibus
2618 2474 2744 2522 sunt
2774 2464 3011 2536 jornales
3052 2479 3081 2518 c
3129 2468 3183 2516 et
3209 2468 3307 2525 xx,
3341 2472 3464 2513 cum

1895 2564 2181 2634 mancipiis
2210 2561 2441 2631 desuper
2468 2557 2934 2615 commauentibus
2956 2595 2969 2617 ,
3002 2567 3230 2624 quorum
3276 2562 3464 2603 nume-

1898 2671 1992 2710 rus
2027 2663 2083 2709 et
2139 2652 2356 2708 nomina
2403 2650 2456 2704 in
2508 2644 3021 2704 commutationibus
3069 2643 3137 2696 ab
3181 2641 3261 2695 eis
3307 2636 3466 2693 factis

1896 2746 2129 2816 pleuitcr
2148 2743 2515 2799 continentur.
2543 2739 2822 2793 Dederunt
2842 2735 3003 2790 etiam
3021 2734 3073 2787 iu
3089 2731 3214 2786 villa
3240 2736 3467 2784 vocante

1900 2835 2361 2893 ilusﬁleidesheim
2384 2831 2642 2889 .curtiletu
2666 2844 2832 2884 unum
2858 2867 2872 2891 ,
2907 2826 2971 2880 ad
3009 2839 3166 2895 quem
3201 2821 3471 2891 aspiciunt

1899 2927 1965 2981 de
2015 2933 2157 2979 terra
2211 2922 2451 2977 aratoria
2494 2918 2736 2989 jornales
2785 2933 2943 2981 svnt,
2999 2917 3061 2969 de
3092 2921 3247 2983 prato
3282 2912 3336 2965 in
3365 2924 3469 2978 quo

1899 3014 2223 3085 colliguntur
2268 3011 2375 3067 feni
2412 3011 2650 3066 carradze
2701 3018 2830 3071 tres,
2869 3014 2924 3059 et
2963 3005 3028 3059 de
3072 3002 3315 3074 porprisa
3338 2999 3473 3054 silva

1897 3105 2137 3174 jornales
2164 3111 2308 3167 octo,
2339 3111 2392 3157 et
2420 3101 2578 3156 aliam
2605 3113 2945 3155 communem
2994 3095 3181 3151 silvam
3210 3108 3316 3149 non
3353 3105 3474 3161 pro-

1906 3196 2128 3265 prisam.
2162 3193 2426 3249 Similiter
2454 3193 2618 3247 etiam
2658 3199 2714 3246 et
2752 3190 2805 3245 in
2852 3204 2988 3260 pago
3022 3185 3394 3244 Wormacinse
3419 3186 3474 3239 in

1904 3285 2031 3343 villa
2079 3292 2306 3340 vocante
2352 3280 2871 3339 Ilaskmundesheim
2930 3278 3177 3334 curtilcm
3217 3290 3384 3331 unum
3422 3283 3475 3329 et

1899 3374 2139 3445 jornales
2187 3389 2357 3428 xxvnt
2388 3374 2453 3428 de
2479 3372 2651 3426 vineis
2678 3371 2737 3425 in
2762 3371 2956 3439 quibus
2999 3367 3321 3437 colliguntur
3360 3364 3473 3418 vini

1908 3465 2149 3522 carrada:
2184 3472 2399 3533 tresket
2438 3464 2491 3518 in
2522 3462 2872 3517 Dionenheim
2908 3469 2962 3517 et
2997 3458 3383 3514 Rodulﬁsheim
3413 3457 3476 3511 de

1909 3556 2083 3612 vineis
2107 3557 2175 3612 ad
2214 3555 2324 3609 vini
2362 3554 2617 3609 carradas
2654 3554 2788 3607 duas
2820 3551 3164 3622 colligendas.
3193 3549 3257 3603 Et
3293 3549 3345 3602 in
3378 3548 3472 3601 Ba-

1912 3647 2149 3701 tenheim
2170 3645 2366 3700 curtile
2390 3661 2404 3698 t
2431 3653 2488 3699 et
2506 3645 2571 3699 de
2600 3645 2754 3698 vinea
2781 3643 2849 3697 ad
2872 3658 3031 3696 unam
3057 3642 3341 3697 carradam
3367 3640 3475 3695 viui

1907 3735 2283 3805 colligendam.
2315 3733 2442 3787 Haec
2471 3742 2651 3787 autem
2700 3731 2947 3801 superius
2986 3729 3327 3785 denominata
3354 3744 3477 3782 cum

1911 3824 2214 3892 mancipiis,
2245 3823 2434 3891 pratis,
2466 3822 2631 3883 silvis,
2676 3820 2908 3890 pascuis,
2958 3820 3111 3888 aquis
3148 3832 3480 3887 aquarumve

1910 3914 2225 3969 decursibus
2246 3953 2261 3977 ,
2297 3914 2438 3967 sicut
2468 3913 2521 3967 in
2548 3910 3061 3967 commutationibus
3106 3909 3175 3964 ab
3205 3909 3284 3962 eis
3321 3906 3479 3960 factis

1908 4005 2215 4060 continetur
2241 4010 2410 4057 totum
2447 4010 2503 4055 et
2542 4002 2609 4056 ad
2640 4002 2904 4070 integrum
2935 4041 2949 4065 ,
2980 4000 3261 4069 quaesitum
3304 4004 3359 4051 et
3410 3997 3475 4049 ad

1911 4092 2310 4162 inquirendum,
2345 4091 2484 4145 sicut
2512 4091 2848 4159 pnemissum
2880 4098 2957 4144 est
2986 4130 2999 4152 ,
3031 4086 3356 4157 praescriptis
3386 4086 3478 4140 bo-

1911 4181 2145 4236 miuibus
2172 4180 2467 4234 Heberario
2495 4187 2547 4233 et
2570 4178 2843 4233 Hebrardo
2861 4178 3130 4232 antedicto
3161 4175 3477 4230 Marcuardo

1914 4270 2203 4326 venerabili
2252 4270 2432 4325 abbati
2473 4268 2541 4323 ad
2601 4278 2809 4338 partem
2873 4268 3109 4338 praedicti
3165 4265 3477 4321 monasterii

1915 4362 2285 4424 tradiderunt,
2340 4368 2400 4412 ut
2436 4360 2491 4412 in
2537 4358 2653 4427 ejus
2697 4357 2818 4426 jure
2858 4367 3137 4431 _perpetuo
3197 4356 3477 4411 consistat.

1920 4454 2069 4510 Unde
2115 4462 2170 4507 et
2208 4452 2343 4505 duas
2392 4450 2834 4504 commutationes
2881 4464 3107 4518 quarum
3154 4447 3480 4515 mentionem

1916 4545 2140 4600 fecimus
2160 4542 2277 4613 pari
2301 4550 2484 4597 tenore
2506 4541 2858 4610 conscriptas,
2889 4540 3240 4609 manibusque
3263 4552 3480 4592 suorum

1915 4644 1969 4691 et
2012 4634 2238 4688 aliorum
2280 4631 2545 4686 bonorum
2581 4629 2856 4684 hominum
2887 4629 3133 4683 manibus
3155 4629 3435 4683 roboratas
3464 4668 3478 4689 ,

1916 4723 2190 4797 obtutibus
2210 4722 2411 4777 nostris
2433 4721 2498 4775 ad
2520 4721 2859 4792 relegendum
2885 4721 3057 4774 allata:
3093 4728 3233 4783 sunt,
3260 4719 3353 4773 sed
3386 4735 3481 4789 pro

1916 4818 2121 4888 integra
2148 4814 2403 4869 ﬁrmitate
2428 4815 2695 4884 petierunt
2719 4814 3088 4867 celsitudinem
3117 4821 3351 4867 nostram
3380 4852 3394 4877 ,
3426 4821 3480 4865 ut

1913 4905 2131 4960 easdem
2163 4905 2612 4960 commutationes
2650 4902 2824 4956 denuo
2866 4917 2964 4971 per
3000 4912 3197 4956 nostra:
3236 4916 3479 4957 mansue-

1912 4994 2115 5049 tudinis
2158 5001 2484 5063 przeceptum
2536 4990 2743 5060 plenius
2785 4989 3103 5045 conﬁrmare
3143 4991 3475 5045 deberemus.

1914 5086 2152 5152 Quorum
2196 5082 2541 5152 petitionibus
2577 5095 2855 5135 assensum
2887 5081 3150 5151 denegare
3173 5080 3438 5135 noluimus
3464 5122 3477 5142 ,

1916 5176 2011 5231 sed
2056 5175 2193 5229 sicut
2236 5173 2526 5241 unicuique
2594 5171 2826 5226 ﬁdelium
2883 5182 3185 5227 nostrorum
3239 5173 3383 5242 juste
3428 5182 3481 5225 et

1919 5262 2311 5318 rationabiliter
2354 5261 2648 5330 petentium
2676 5302 2689 5326 ,
2737 5262 2807 5315 ita
2853 5278 2951 5318 nos
2997 5263 3101 5316 illis
3150 5264 3481 5318 concessisse

1920 5366 2081 5423 atque
2130 5354 2180 5407 in
2234 5353 2482 5407 omnibus
2521 5351 2869 5407 conﬁrmasse
2908 5352 3235 5423 cognoscite.
3288 5352 3480 5407 Pnaci-

1992 5479 2013 5503 ο
2046 5467 2143 5521 Hic
2186 5465 2398 5519 initium
2437 5465 2584 5535 regni
2608 5481 2637 5519 a
2684 5479 2863 5519 mense
2892 5463 3193 5534 Septembri
3224 5464 3347 5517 anui
3379 5465 3481 5517 815

1922 5538 2326 5591 accersendum.

1991 5607 2015 5644 ιι
2049 5606 2326 5675 Ρηψνὶδιιδ
2371 5620 2461 5658 seu
2503 5605 2802 5675 porprisum
2838 5612 2897 5675 et
2926 5603 3227 5673 purprisum
3255 5610 3346 5675 est
3382 5617 3480 5655 vox

1924 5673 2212 5729 Teutoni—ca
2248 5716 2263 5737 ,
2312 5690 2470 5742 quam
2510 5674 2794 5728 Goldastus
2835 5674 3217 5744 interpretatur
3250 5673 3480 5727 int-usum

1923 5764 2014 5800 seu
2047 5746 2286 5801 t't'olcnlcr
2311 5754 2636 5813 acriqmlum.
