3924 6320
466 367 596 421 i267
1592 368 1908 425 LUDOVICI
1949 371 1968 425 l
2002 370 2473 433 COGNOMENTO
2511 377 2594 431 PII
3594 368 3730 430 1268

463 484 672 555 pientes
694 498 825 554 ergo
846 482 1096 550 iubemus
1124 491 1189 545 ut
1227 483 1490 552 quidquid
1526 498 1652 552 pars
1671 481 1816 551 justo
1859 490 1915 538 et
1959 499 2045 537 ra-
2073 488 2123 547 Α
2148 486 2344 542 bilibus
2376 487 2646 558 episcopis
2687 488 3006 542 conﬁrmato
3040 486 3395 540 constitutum
3439 500 3557 538 esse
3600 499 3723 539 conv

466 573 797 629 Iionabiliter
823 571 976 626 alteri
1000 572 1290 627 contulerit
1320 571 1485 641 parti,
1512 572 1769 642 deinceps
1789 585 1886 643 per
1907 574 2049 629 hane
2149 579 2352 633 stabat.
2384 578 2582 633 Verum
2628 577 2752 632 licet
2796 575 3164 632 ecclesiastica
3200 578 3362 642 atque
3405 562 3733 643 pontiﬁcalis

463 672 705 719 nostram
745 662 1122 716 auctoritatem
1163 659 1287 729 jure
1332 660 1641 716 ﬁrmissimo
1668 670 1851 717 teneat
1888 669 2049 731 atque
2148 670 2466 726 constitutio
2493 684 2588 724 sua
2614 670 2830 739 imoque
2861 670 3039 735 divina
3070 668 3394 722 auctoritate
3420 665 3575 719 ﬁrma
3611 682 3731 721 esse

461 754 779 821 possideat,
828 760 883 807 et
929 751 1187 822 quidquid
1240 751 1323 805 exi
1377 751 1436 805 ie
1478 751 1659 807 facere
1706 754 2046 817 decreverit,
2148 760 2462 828 pmvideat,
2509 768 2691 815 tamen
2739 776 2843 815 non
2892 760 3149 814 indecens
3176 767 3337 827 atque
3370 758 3726 829 incongruum

461 842 962 899 liberoinomuibus
987 842 1226 911 potiatur
1250 857 1312 894 ar
1400 842 1478 895 rio
1507 842 1759 897 l‘a’iendi.
1778 843 1918 898 Etut
1935 845 2051 899 hsce
2141 850 2426 919 judicavit,
2454 851 2502 906 οἱ
2542 860 2728 907 nostra
2771 854 2935 906 etiam
2979 850 3244 920 imperiali
3276 849 3606 906 auctoritate
3634 865 3727 904 sna

460 936 892 991 confirmationis
941 943 1141 990 nostra:
1174 943 1321 989 δῦθι(
1408 950 1469 989 as
1509 935 1562 989 in
1627 934 1834 989 olabilis
1861 950 2047 1005 perse-
2149 942 2469 998 umstitutio
2493 940 2651 996 ﬁrma
2693 956 2814 998 esse
2843 950 3106 1013 perpetuo
3130 940 3454 994 sanciretur.
3500 938 3730 995 Proinde

459 1036 630 1091 vetet,
651 1027 718 1081 de
739 1026 938 1081 annulo
967 1033 1152 1082 nostro
1166 1026 1337 1081 subter
1407 1041 1493 1079 am
1514 1026 1573 1095 ju
1624 1026 1774 1080 .imus
1790 1024 2048 1095 sigillare.

533 1114 935 1170 Hirminmarus
984 1116 1227 1169 notarius
1270 1115 1337 1169 ad
1393 1115 1556 1169 vicem
1614 1114 1854 1185 ﬂugonis
1900 1129 2051 1170 reco-

461 1207 645 1279 guovL

531 1299 663 1353 Data
695 1314 750 1353 tv
780 1295 904 1353 ldus
934 1296 1291 1366 Septembris,
1403 1311 1505 1360 :no,
1552 1295 1771 1351 Christo
1794 1296 2046 1366 prepitio,

463 1388 534 1441 22
587 1388 798 1458 imperii
850 1388 1031 1442 domui
1067 1386 1325 1441 Ludovici
1380 1386 1610 1455 piissimi
1662 1374 1909 1456 Augusti,
1959 1385 2050 1441 in—

468 1478 706 1535 dictione
738 1477 825 1533 lli.
860 1478 1055 1533 Actum
1089 1477 1419 1533 monasterio
1444 1478 1696 1542 Prumite,
1726 1477 1782 1531 in
1812 1477 1907 1532 Dei
1954 1493 2054 1532 no-

465 1567 614 1623 mine
641 1566 893 1622 feliciter.
918 1566 1114 1621 Amen.

1174 1635 1327 1692 CCV.

498 1738 597 1781 uno
625 1738 855 1781 asuntco
896 1739 1177 1780 SENONENSI
1216 1734 1624 1781 ARCtill-SPISCOPO
1664 1740 1729 1778 ns
1776 1724 2001 1781 annuit

1085 1808 1131 1851 8.
1156 1807 1358 1851 BEIIGII
1374 1838 1388 1851 .

1053 1882 1228 1955 (Anno
1259 1881 1408 1953 835.)

458 1971 556 2045 [Ex
600 1973 814 2035 schedis
860 1996 991 2035 mss.
1034 1979 1371 2035 bibliothecae
1399 1978 1456 2033 S.
1505 1977 1816 2034 Germania
1846 1976 2041 2045 Pratis,

670 2051 810 2120 apud
837 2049 900 2103 D.
927 2047 1218 2119 Bouquet.,
1239 2057 1371 2103 tom.
1398 2048 1488 2113 VI,
1514 2064 1635 2119 pag.
1674 2048 1823 2121 605.]

522 2132 824 2193 Innomine
870 2138 966 2193 Dei
998 2147 1053 2193 et
1100 2136 1401 2193 Salvatbris
1445 2139 1617 2193 nostri
1646 2137 1773 2194 Jesu
1815 2140 2036 2205 Christi,

453 2229 772 2294 Ludovicus,
803 2230 982 2285 divina
1005 2230 1390 2301 repropitiante
1420 2224 1725 2296 clementia,
1748 2231 2043 2302 imperator

452 2324 749 2393 Augustus.

524 2409 583 2464 Si
621 2412 764 2465 enim
807 2411 950 2482 quod
980 2413 1048 2466 ad
1077 2423 1359 2467 servorum
1386 2411 1483 2466 Dei
1524 2412 1764 2481 quietem
1792 2414 2031 2482 pertinet

453 2500 803 2555 devotissima
866 2499 1227 2557 sollicitudine
1279 2510 1337 2557 et
1379 2502 1644 2572 imperiali
1702 2505 2038 2573 providentia

451 2602 827 2661 procuramus,
856 2591 923 2645 ad
949 2591 1370 2647 emolumentum
1396 2592 1590 2648 animae
1619 2602 1840 2658 nostrae,
1864 2595 1945 2650 vel
1970 2597 2037 2651 ad

448 2690 710 2735 tctcrnam
740 2680 1125 2737 beatitudinem
1150 2683 1562 2753 capessendam,
1590 2684 1693 2739 hoc
1724 2686 1910 2754 procul
1939 2688 2037 2742 du-

452 2770 541 2825 bio
584 2771 858 2841 pertinere
901 2782 1009 2827 non
1053 2772 1381 2829 dubitamus.
1430 2774 1639 2833 Idcirco
1682 2784 1871 2833 notum
1918 2779 2034 2835 ﬂeri

451 2863 697 2917 volumus
724 2862 976 2918 omnibus
1017 2870 1219 2919 sanctae
1246 2864 1341 2919 Dei
1369 2858 1625 2921 Ecclesiae
1654 2867 1903 2925 ﬁdelibus
1932 2884 2033 2925 no-

448 2954 704 3024 strisque,
725 2954 1082 3025 praesentibus
1102 2955 1311 3013 scilicet
1326 2966 1381 3013 et
1404 2957 1620 3023 futuris,
1644 2962 1771 3029 quia
1786 2961 2035 3022 Aldricus

450 3043 781 3099 venerabilis
827 3044 1108 3100 Senonica:
1152 3045 1306 3102 urbis
1358 3048 1795 3120 archiepiscopus
1838 3060 2035 3107 nostrae

455 3133 719 3203 suggessit
754 3135 1153 3190 mansuetudini
1182 3136 1247 3191 de
1276 3137 1508 3205 quodam
1554 3142 1883 3197 monasterio
1924 3149 2035 3197 tne-
2058 3174 2103 3237 ε

452 3224 653 3279 morati
698 3225 958 3296 episcopii
1013 3226 1119 3292 sui,
1170 3226 1314 3296 quod
1356 3225 1513 3296 juxta
1561 3244 1746 3285 muros
1790 3229 2030 3299 eiusdem

450 3314 692 3370 civitatis
717 3315 770 3369 in
800 3316 1063 3371 honorem
1091 3315 1236 3371 beati
1271 3314 1854 3387 Remigiiconfessoris
1878 3318 2033 3375 Chri-

449 3404 521 3459 sti
567 3405 803 3475 positum
853 3405 1049 3472 fuerat,
1100 3420 1166 3461 eo
1213 3405 1355 3475 Quod
1403 3415 1623 3476 propter
1652 3407 2031 3477 impedimenta

448 3495 697 3563 quautam
719 3506 839 3565 qua:
861 3508 925 3550 es
950 3496 1348 3565 propinquitate
1375 3504 1537 3565 atque
1564 3496 1878 3554 assiduitate
1900 3512 2024 3568 prae-

450 3585 574 3639 fatae
594 3584 747 3639 urbis
789 3579 1039 3639 monachi
1077 3584 1188 3639 illic
1219 3584 1449 3639 Domino
1475 3583 1800 3641 famulantes
1823 3591 2031 3657 perpeti

448 3672 788 3736 videbantur,
816 3672 931 3743 ipse
956 3672 1010 3725 in
1043 3671 1272 3727 alterum
1303 3671 1503 3738 locum,
1540 3670 1693 3740 cujus
1715 3676 2029 3730 vocabulum

446 3769 533 3814 est
563 3759 850 3815 Valliculas
874 3759 1008 3830 [Al.,
1036 3760 1319 3831 Vallilias],
1349 3768 1543 3815 octavo
1571 3761 1783 3816 scilicet
1808 3764 1878 3818 ab
1898 3765 2032 3821 urbe

445 3849 632 3903 eadem
655 3848 923 3913 milliario,
945 3862 1068 3902 eum
1088 3847 1277 3904 fecerit
1299 3850 1665 3904 transmutari.
1680 3849 1849 3915 Quem
1870 3853 2030 3907 etiam

448 3940 629 3994 locum
657 3937 941 3994 ﬂrottaum
961 3940 1233 4008 quondam
1271 3939 1545 4010 Meginarii
1580 3940 1791 3996 comitis
1810 3956 2031 3997 uxorem

450 4028 763 4097 supradicto
802 4028 974 4083 sancti
1010 4027 1240 4099 Remigii
1274 4028 1626 4093 monasterio,
1653 4028 1724 4083 ob
1764 4042 1918 4084 suam
1953 4031 2032 4085 vi-

449 4118 609 4186 rique
638 4119 724 4172 sui
770 4119 1015 4188 requiem
1046 4126 1208 4187 atque
1255 4117 1574 4184 remedium,
1607 4118 1915 4175 donationis
1957 4121 2027 4175 ti-

447 4208 561 4262 tulo
587 4209 918 4279 delegavisse
943 4216 1171 4263 testatus
1193 4216 1295 4263 est.
1341 4202 1449 4263 Sed
1478 4225 1546 4263 ne
1577 4208 1872 4277 quamlibet
1902 4226 2027 4265 con-

448 4301 789 4356 trarietatem
810 4308 905 4355 aut
938 4300 1362 4370 inquietudinem
1387 4308 1416 4353 'a
1438 4299 1760 4368 praesulibus
1780 4314 1876 4369 per
1897 4309 2029 4356 tem-

447 4404 577 4461 pora
613 4391 845 4445 labentia
876 4390 929 4444 in
958 4392 1145 4445 eadem
1173 4390 1299 4445 sede
1341 4388 1445 4443 sibi
1472 4389 1888 4445 succedentibus
1910 4405 2023 4445 tuo.

2145 1031 2247 1085 hos
2273 1040 2471 1088 nostra
2501 1034 2841 1088 auctoritatis
2868 1032 3177 1103 imperiales
3199 1032 3380 1101 apices
3404 1045 3533 1101 erga
3564 1047 3729 1100 saepe-

2146 1123 2350 1178 dictum
2402 1125 2791 1180 monasterium
2841 1126 2958 1183 ﬁeri
3008 1125 3344 1180 decrevimus
3371 1165 3387 1188 ,
3442 1140 3545 1193 per
3596 1138 3730 1193 quos

2148 1213 2502 1270 decernentes
2527 1215 2870 1286 praecipimus
2916 1223 3077 1284 atque
3112 1216 3388 1271 sancimus
3416 1224 3500 1280 ut,
3534 1217 3673 1271 sicut
3696 1232 3725 1270 a

2147 1311 2448 1358 memorato
2472 1304 2764 1359 venerabili
2793 1291 3010 1359 Aldrico
3035 1304 3466 1376 archiepiscopo,
3497 1319 3725 1363 consen-

2148 1393 2410 1450 tientibus
2442 1397 2752 1452 reverendis
2793 1395 3111 1465 dignissimo
3148 1397 3353 1451 honore
3398 1397 3729 1469 coepiscopis

2148 1484 2284 1549 suis,
2325 1486 2678 1540 constitutum
2702 1501 2776 1541 ac
2818 1486 3099 1557 privilegio
3132 1488 3446 1542 eorumdem
3472 1488 3728 1543 aliorum-

2148 1588 2253 1643 que
2289 1573 2645 1644 complurium
2675 1576 3013 1631 sacerdotum
3042 1576 3241 1631 Christi
3285 1587 3447 1647 atque
3472 1578 3725 1633 abbatum

2149 1664 2397 1721 manibus
2418 1666 2673 1721 roborato
2698 1666 3074 1721 conﬁrmatum
3097 1674 3180 1721 est
3202 1684 3214 1719 :
3257 1666 3330 1720 ita
3356 1667 3616 1736 deinceps
3634 1682 3723 1736 per

2151 1756 2292 1811 hanc
2326 1764 2569 1811 nostram
2618 1758 2998 1811 auctoritatem
3034 1757 3199 1811 fixum
3242 1767 3406 1826 atque
3453 1758 3724 1812 inconvul-

2082 1826 2126 1883 Β
2154 1862 2270 1901 sum
2299 1848 2677 1903 inviolabiliter
2711 1856 3041 1917 permaneat.
3091 1847 3199 1903 Nec
3226 1848 3495 1917 quispiam
3524 1850 3723 1918 episco-

2144 1951 2334 2004 porum
2356 1938 2409 1992 in
2438 1948 2737 1994 memorata
2764 1941 2896 1994 urbe
2923 1952 3020 2009 per
3045 1949 3287 2008 tempora
3316 1940 3555 1995 labentia
3580 1941 3723 1995 Chrio

2142 2036 2227 2082 sto
2253 2030 2485 2098 propitio
2515 2030 2915 2085 succedentium
2936 2030 3228 2099 quidquam
3252 2031 3318 2085 de
3344 2030 3432 2084 his
3457 2032 3718 2093 minuere,

2142 2118 2451 2186 immutare,
2498 2130 2592 2175 aut
2633 2121 2908 2191 quidpiam
2941 2122 3148 2177 servitii
3196 2121 3426 2190 amplius
3474 2137 3639 2191 quam
3671 2124 3718 2177 in

2139 2211 2426 2281 saepedicto
2448 2213 2732 2283 privilegio
2759 2214 3022 2267 insertum
3048 2221 3155 2278 est,
3182 2228 3379 2283 augere
3400 2224 3715 2283 prmsumat;

2137 2301 2233 2357 sed
2253 2302 2413 2357 liccat
2435 2304 2715 2358 monachis
2738 2316 2834 2372 per
2858 2311 3097 2372 tempora
3141 2303 3273 2357 inibi
3322 2304 3557 2357 Domino
3590 2304 3721 2357 mili-

2136 2392 2374 2447 tantibus
2417 2392 2517 2447 sub
2563 2393 2964 2448 conditionibus
3006 2393 3059 2446 in
3106 2390 3221 2461 jam
3253 2392 3397 2447 dicto
3440 2393 3717 2463 privilegio

2136 2482 2335 2538 taxatis
2362 2484 2543 2552 quiete
2589 2483 3017 2553 regulariterque
3060 2481 3261 2545 vivere,
3312 2490 3367 2535 et
3400 2496 3501 2551 pro
3546 2482 3714 2545 nobis,

2135 2569 2384 2643 conjuge,
2434 2572 2689 2642 proleque
2734 2580 2940 2636 nostra,
2990 2585 3054 2625 ac
3097 2568 3391 2625 stabilitate
3439 2570 3654 2638 imperii
3686 2584 3714 2624 a

2136 2660 2247 2716 Deo
2271 2660 2428 2715 nobis
2456 2660 2733 2715 commissi
2780 2668 2943 2729 atque
2972 2660 3323 2715 conservandi
3370 2658 3582 2727 iugiter
3624 2658 3716 2713 Do-

2133 2750 2266 2809 mini
2294 2750 2723 2805 misericordiam
2756 2750 3079 2820 propensius
3117 2763 3365 2804 exorare.
3417 2750 3484 2803 Et
3515 2751 3714 2811 uoluet:

2134 2847 2335 2895 nostra:
2361 2839 2790 2896 confirmationis
2834 2838 3130 2893 auctoritas
3171 2847 3279 2891 tam
3326 2839 3534 2892 nostris
3561 2853 3714 2907 quam

2135 2937 2188 2984 et
2214 2944 2584 2986 successorum
2628 2937 2939 2984 nostrorum
2975 2923 3306 2998 temporibus
3350 2927 3710 2982 inviolabilem

2133 3025 2295 3087 atque
2341 3018 2712 3073 inconvulsam
2754 3018 2998 3073 obtineat
3044 3016 3379 3081 firmitatem,
3427 3017 3496 3071 de
3523 3019 3713 3071 annulo

2136 3118 2321 3165 nostro
2354 3111 2541 3165 subter
2565 3123 2684 3164 eam
2710 3107 2968 3177 iussimus
2998 3108 3281 3178 assignari.

2204 3198 2428 3270 Signum
2453 3200 2712 3255 Ludovici
2745 3198 3079 3255 serenissimi
3107 3199 3349 3267 Augusti.

2202 3289 2580 3347 Hirminmaris
2624 3290 2868 3347 notarius
2926 3289 2995 3344 ad
3045 3290 3216 3344 vicem
3268 3288 3512 3359 Hugonis
3565 3305 3707 3345 reco-

2131 3382 2308 3450 gnovi.

2210 3470 2343 3526 Data
2368 3489 2458 3529 xvi
2488 3471 2755 3527 Kalendas
2781 3468 3113 3534 Decembris,
3133 3482 3295 3533 anno,
3326 3466 3549 3523 Christo
3587 3484 3705 3537 pro-

2130 3569 2283 3640 pitio,
2310 3566 2380 3621 22
2425 3565 2638 3634 imperii
2678 3562 2881 3617 domini
2908 3560 3162 3616 Ludovici
3188 3558 3417 3629 piissimi
3461 3560 3704 3630 Augusti,

2130 3658 2425 3714 indictione
2454 3655 2539 3708 l5.
2571 3653 2763 3709 Actum
2783 3650 3108 3721 Aquisgrani
3135 3649 3335 3720 palatLo
3360 3651 3514 3721 regio
3541 3650 3597 3704 in
3619 3650 3706 3705 Dei

2130 3752 2348 3807 nomine
2377 3747 2626 3803 feliciter.
2650 3745 2843 3801 Amen.

2836 3834 3008 3891 CCVI.

2131 3966 2381 4008 LOTIIARII
2440 3962 2768 4005 ριεῦερτοκ
2822 3962 2924 4003 PRO
2975 3961 3310 4001 IONABTERIO
3354 3961 3403 4001 S-
3447 3961 3693 4004 usuusu

2705 4030 3136 4072 IEDIOLANENSIS.

2757 4106 2930 4180 (Anno
2952 4106 3103 4176 835.)

2330 4202 2585 4276 [Ughclli,
2617 4199 2779 4255 Italia
2801 4214 2974 4261 sacra,
2998 4205 3128 4250 tom.
3162 4194 3249 4258 IV,
3286 4212 3340 4265 p.
3371 4196 3490 4269 80.]

2195 4296 2251 4349 In
2280 4294 2494 4348 nomine
2520 4288 2729 4345 Domini
2760 4286 2930 4342 nostri
2951 4283 3077 4341 Iesu
3105 4285 3326 4349 Christi,
3367 4284 3465 4339 Dei
3492 4287 3699 4349 at‘tcrni,

2125 4381 2432 4445 Lotharius,
2481 4379 2658 4435 divina
2696 4376 2979 4432 ordinante
3006 4373 3368 4444 providentia,
3408 4374 3702 4444 imperator

445 4480 628 4547 nachi,
657 4494 794 4551 quos
822 4494 853 4534 a
898 4488 1196 4535 memorato
1233 4478 1355 4534 loco
1382 4477 1769 4548 transmigrare
1796 4478 2021 4547 fecerat,
2047 4508 2101 4568 Β
2126 4475 2414 4568 Augustus.

444 4571 684 4641 quolibet
711 4580 952 4641 tempore
981 4571 1187 4641 perpeti
1215 4578 1555 4642 cogerentur,
1580 4570 1915 4641 privilegium
1941 4573 2023 4628 eis

444 4659 810 4715 ecclesiastica
858 4661 1198 4725 auctoritate,
1243 4660 1299 4713 in
1336 4661 1474 4714 urbe
1520 4659 1881 4730 Wangionum
1914 4676 2021 4717 una

443 4764 569 4806 cunt
586 4750 986 4805 venerabilibus
1008 4748 1339 4818 coepiscopis
1359 4747 1605 4803 ﬁdelibus
1624 4749 1828 4803 nostris
1850 4749 2022 4804 diver-

443 4857 626 4897 sarum
653 4841 1004 4897 ecclesiarum
1034 4840 1380 4904 constitutus,
1420 4852 1478 4893 se
1507 4836 1700 4893 fecisse
1740 4838 2019 4907 professus

443 4940 548 4997 est,
589 4932 731 4987 sicut
750 4932 915 4986 etiam
938 4946 1002 4987 eo
1044 4937 1327 5001 perspecto
1356 4936 1517 4998 atque
1561 4927 1762 4983 reiecto
1792 4928 2017 4985 manife-

443 5022 679 5078 stissime
702 5022 915 5078 claruit.
946 5021 1140 5093 In‘quo
1162 5020 1470 5075 ﬁrmissime
1490 5033 1753 5073 consensu
1782 5019 2019 5074 omnium

444 5121 719 5178 sanxerat,
772 5122 832 5167 ut
879 5111 1056 5167 nullus
1101 5110 1415 5180 pontificum
1465 5109 1566 5163 sibi
1618 5108 2017 5163 succedentium

445 5200 716 5269 quidpiam
762 5201 829 5256 de
876 5201 1038 5256 rebus
1082 5216 1218 5269 quas
1275 5200 1329 5253 in
1376 5198 1556 5269 priore
1595 5198 1713 5253 loco
1764 5197 2018 5267 degentes

446 5294 820 5361 possederant,
874 5293 1215 5357 imminuere,
1267 5298 1361 5344 aut
1412 5290 1613 5360 majora
1658 5288 1734 5343 illi
1772 5289 2014 5353 servitia,

442 5398 605 5453 quam
631 5383 731 5438 sub
758 5398 823 5438 eo
850 5384 1206 5453 pertulerant,
1252 5381 1453 5437 inferre
1497 5390 1886 5451 praesumeret;
1922 5382 2015 5436 sed

442 5476 630 5531 liceret
662 5474 771 5531 illis
821 5489 909 5530 res
950 5476 1014 5531 ad
1058 5483 1413 5530 memoratum
1463 5471 1848 5527 monasterium
1895 5472 2017 5524 reli—

441 5566 747 5636 giosissima
770 5566 1050 5621 devotione
1076 5566 1309 5619 fidelium
1333 5563 1602 5632 delegatus
1626 5562 1807 5630 quieto
1827 5561 2016 5615 ordine

439 5655 738 5725 possidere,
792 5656 1029 5726 nihilque
1081 5656 1159 5710 eis
1207 5653 1388 5709 oneris
1437 5652 1666 5722 amplius
1721 5652 2015 5720 imponere,

440 5760 605 5815 quam
644 5746 697 5801 in
746 5758 1042 5803 memorato
1088 5744 1369 5816 privilegio
1401 5759 1520 5799 cum
1568 5742 1768 5798 eisdem
1796 5756 2016 5795 venera-

2194 4564 2406 4631 Quanto
2456 4554 2851 4631 pracellentius
2898 4552 3207 4609 humanitas
3256 4553 3403 4621 viget
3454 4555 3697 4624 praelata,

2125 4662 2275 4711 tanto
2311 4650 2605 4710 studiosius
2632 4647 2830 4704 divinis
2857 4644 3080 4714 exsequi
3106 4644 3261 4699 debet
3307 4644 3609 4714 obsequiis,
3645 4658 3698 4702 et

2121 4748 2374 4821 quislibet
2423 4742 2690 4815 postulata
2726 4738 2963 4795 ﬁdelium
3012 4737 3079 4791 ad
3112 4736 3215 4791 hoc
3246 4737 3575 4822 pertinentia
3602 4739 3697 4795 de-

2121 4845 2244 4892 vota
2264 4829 2805 4891 obaudirevoluntate
2827 4835 2989 4896 atque
3010 4824 3268 4895 perﬁcere
3292 4824 3694 4891 decertatione;

2124 4933 2387 4996 quatenus
2413 4936 2479 4977 ex
2524 4918 2828 4975 commissis
2864 4914 3141 4987 largitoris
3172 4914 3563 4971 benetractans
3585 4917 3696 4987 pia-

2119 5017 2265 5082 citis,
2305 5012 2420 5082 ejus
2457 5012 2752 5081 opitulante
2785 5008 3087 5069 clementia,
3119 5014 3173 5060 et
3197 5007 3489 5075 praesentia
3520 5006 3691 5063 felici-

2122 5115 2206 5162 ter
2240 5105 2473 5161 transire
2507 5101 2701 5165 valeat,
2755 5105 2811 5155 et
2836 5107 3037 5153 acterna
3087 5095 3437 5150 inenarrabili
3485 5096 3694 5165 pietate

2119 5196 2313 5252 collata
2344 5193 2467 5249 felix
2499 5191 2728 5245 feliciter
2761 5186 3061 5256 adipiscerc
3101 5192 3396 5237 mereatur.
3447 5184 3690 5254 Denique

2119 5290 2242 5343 dum
2274 5286 2467 5341 dilecta
2492 5283 2689 5352 coniux
2716 5287 2897 5334 nostra
2936 5274 3352 5344 Hirmingardis,
3384 5275 3689 5330 divinarum

2118 5377 2368 5439 sollicita,
2403 5372 2795 5429 studiosissime
2828 5374 3065 5421 nostram
3093 5364 3279 5419 sedulo
3310 5379 3533 5421 monere
3562 5382 3688 5435 pru-

2118 5473 2334 5520 euraret
2363 5461 2723 5523 clementiam,
2774 5465 2835 5510 ut
2864 5456 3014 5510 locis
3052 5453 3159 5509 Deo
3193 5453 3389 5507 dicatis
3446 5463 3689 5508 nostrain

2117 5556 2529 5623 sublimaremus
2559 5548 2998 5609 muniﬁcentiam,
3027 5544 3311 5599 occasione
3355 5552 3574 5597 actuata
3622 5558 3688 5597 cx

2120 5648 2401 5702 dilectione
2427 5642 2611 5699 fratris
2639 5639 2740 5701 sui,
2769 5636 2958 5708 puerili
2985 5634 3245 5706 elegantia
3267 5633 3457 5699 delati,
3512 5633 3682 5703 [Iugo-

2119 5740 2202 5793 nis
2243 5736 2479 5800 nomine,
2527 5729 2815 5788 instantius
2846 5728 2948 5782 hoc
2985 5725 3211 5780 suadere
3255 5724 3558 5779 decertavit
3591 5743 3602 5777 :
3631 5717 3688 5767 ιιι
