3924 6340
298 416 444 474 ηερε

1441 404 1837 460 οινιολιΑΤΑ
1878 401 2425 458 ECCLESIASTICA.

3418 404 3556 461 1276

294 538 642 602 augmentum
671 524 887 594 pietatis
914 529 1132 584 nostrre,
1180 525 1237 574 et
1282 519 1707 574 emolumentum
1730 532 1870 571 mer-
1898 515 1948 574 Α
1976 515 2280 582 Lotharius,
2315 515 2495 571 divina
2539 518 2823 574 ordinante
2857 519 3213 589 providentia,
3261 513 3556 587 imperato;

293 621 446 678 cedis
470 619 522 672 iu
549 617 666 672 loco
689 629 799 683 quo
825 614 936 681 ipse
963 623 1188 678 corpore
1209 609 1462 663 humatus
1488 607 1713 672 exstitit,
1763 621 1874 661 cte-

294 709 526 765 meterio
571 704 780 761 scilicet
806 702 866 756 S.
900 700 1195 762 Ambrosii,
1242 697 1309 751 ad
1354 698 1603 751 decorem
1632 695 1871 759 luminis,

295 802 365 855 ob
392 797 824 868 procurationem
854 791 1096 847 ecclesia:
1121 797 1441 844 ornamenta
1465 788 1712 858 quadam
1740 800 1873 841 eon-

295 893 562 947 ferremus
585 887 846 945 beneﬁcia
867 899 966 954 pro
993 882 1259 938 mercedis
1285 888 1486 936 nostra
1515 885 1801 949 augmento
1820 884 1874 929 et

303 981 513 1053 praefati
539 978 693 1048 pueri
726 974 940 1031 cumulo
975 970 1344 1028 beatitudinis.
1377 967 1715 1038 Quapropter
1742 980 1868 1020 cun-

295 1080 505 1126 ctorum
541 1067 841 1137 comperiat
879 1063 1115 1118 ﬁdelium
1144 1067 1344 1119 sancta:
1370 1059 1463 1112 Dei
1491 1057 1747 1112 Ecclesiae
1769 1069 1870 1109 no-

295 1175 658 1229 strorumque,
695 1156 1038 1226 praesentium
1054 1154 1258 1208 scilicet
1276 1161 1332 1205 et
1344 1151 1665 1212 futurorum,
1681 1145 1877 1216 sagaci-

297 1261 399 1316 tas,
421 1251 545 1320 quia
558 1246 907 1316 nosejnsdem
921 1245 1125 1298 dilectae
1144 1240 1389 1310 conjugis
1411 1246 1608 1293 nostrae
1630 1233 1876 1303 benepla-

295 1341 418 1394 citis
434 1339 681 1409 precibus
705 1337 924 1406 dignare
938 1333 1196 1393 volentes,
1220 1344 1499 1385 assensum
1515 1326 1868 1397 praebuimus:

297 1433 522 1500 ideoque
573 1429 747 1484 eidem
800 1433 987 1481 sancto
1023 1424 1138 1476 loco
1182 1436 1280 1490 pro
1341 1419 1582 1473 remedio
1633 1417 1869 1484 ejusdem

296 1522 446 1592 pueri
487 1527 729 1574 nostram
755 1514 1163 1572 beneﬁcentiam
1201 1508 1544 1566 conferamus
1582 1506 1872 1576 quamdam

293 1623 524 1678 curtem,
547 1612 762 1666 nomine
789 1609 1069 1670 Lemonla,
1100 1620 1221 1659 cum
1251 1617 1382 1657 cura
1407 1601 1788 1662 indomnicata,
1819 1605 1874 1652 et

293 1703 554 1773 capellam
584 1703 651 1756 ad
697 1716 755 1756 se
797 1699 1170 1767 aspicientem,
1198 1695 1432 1748 dicatam
1462 1691 1667 1745 scilicet
1694 1690 1749 1743 in
1777 1690 1872 1742 ho—

296 1808 428 1848 nore
452 1791 625 1847 sancti
659 1788 893 1848 Genesii.
917 1801 1016 1840 nec
1041 1800 1148 1839 non
1172 1783 1392 1846 oliveta,
1425 1780 1508 1835 vel
1532 1794 1740 1842 mansa,
1772 1777 1869 1831 sed

295 1900 418 1940 cum
444 1882 730 1952 mancipiis
751 1880 944 1934 ibidem
973 1874 1458 1935 commanentibus,
1487 1871 1573 1925 vel
1598 1869 1866 1938 aspicien-

294 1977 454 2039 tibus,
495 1974 715 2042 triginta
740 1978 969 2039 quatuor
988 1967 1070 2020 vel
1092 1965 1342 2020 omnibus
1377 1960 1719 2032 pertinentiis
1771 1971 1865 2010 seu

292 2063 607 2134 adjacentiis
635 2062 766 2125 suis,
801 2063 876 2112 ita
910 2067 968 2110 ut
1011 2057 1076 2109 ab
1106 2051 1492 2123 bodiernavdie
1537 2049 1719 2103 futura
1761 2060 1860 2115 pro

294 2165 536 2224 tempore
562 2161 800 2206 rectores
822 2149 1060 2220 ejusdem
1087 2145 1189 2199 loci
1216 2158 1339 2198 eam
1390 2142 1455 2195 ad
1502 2142 1752 2194 decorem
1785 2137 1865 2188 lu-

291 2246 471 2308 minis,
524 2251 579 2296 et
602 2247 918 2295 ornamenta
946 2233 1312 2290 ecclesiastica
1338 2229 1700 2300 procuranda,
1762 2241 1860 2295 pro

291 2333 531 2388 remedio
548 2332 741 2385 animae
789 2327 1026 2398 praedicti
1055 2323 1208 2393 pueri
1237 2322 1337 2376 sub
1366 2317 1692 2389 pertinentia
1716 2313 1863 2382 ejus-

289 2427 412 2480 dem
442 2425 542 2479 loci
583 2429 798 2476 teneant
823 2430 980 2487 atque
1003 2416 1331 2486 possideant,
1356 2422 1409 2466 et
1431 2420 1489 2464 ut
1529 2419 1753 2465 crateras
1776 2422 1864 2463 res

288 2517 526 2585 ejusdem
554 2513 794 2569 ecclesiae
821 2509 1111 2565 secundum
1138 2506 1419 2560 utilitatem
1444 2503 1610 2571 ipsius
1635 2500 1736 2555 loci
1764 2499 1865 2554 dis-

288 2616 509 2678 ponant.
549 2606 652 2659 Pro
679 2602 950 2656 ﬁrmitatis
988 2614 1219 2667 namque
1242 2596 1412 2667 gratia
1434 2595 1577 2651 circa
1617 2591 1861 2650 eumdem

288 2706 556 2760 sanctum,
583 2703 637 2750 et
666 2692 1024 2750 venerabilem
1056 2690 1233 2743 locum
1264 2685 1492 2742 solemni
1521 2697 1741 2738 munere
1765 2683 1864 2736 has

288 2795 503 2842 nostras
522 2785 732 2838 litteras
763 2782 876 2836 ﬁeri
887 2780 1146 2849 jussimus
1179 2796 1192 2830 :
1228 2793 1325 2847 per
1349 2791 1484 2847 quas
1501 2774 1859 2837 decernimus,

288 2885 510 2945 rateque
539 2887 853 2928 mansurum
887 2870 1287 2932 constituimus,
1326 2874 1388 2932 ut
1419 2865 1596 2920 nullus
1625 2863 1861 2919 ﬁdelium

287 2973 489 3020 sanetae
522 2964 618 3018 Dei
641 2962 894 3016 Ecclesia:
916 2967 1346 3027 nostrorumque,
1378 2955 1724 3025 praesentium
1747 2951 1854 3006 sci—

289 3058 412 3110 licet
435 3063 490 3109 et
517 3053 839 3115 futurorum,
879 3050 1111 3119 praefata:
1157 3056 1358 3104 sanctae
1387 3045 1626 3101 ecclesiae
1653 3059 1720 3098 ex
1759 3042 1864 3096 hac

287 3146 654 3216 suprascripta
670 3151 844 3207 curte,
877 3142 1093 3208 suisque
1111 3137 1470 3208 pertinentiis,
1500 3135 1582 3189 vel
1612 3133 1859 3202 adjacen-

289 3199 397 3301 tiis,
427 3199 722 3305 quamlibet
743 3232 942 3286 inferre
969 3199 1256 3299 presumat
1285 3227 1585 3282 molestiam
1609 3199 1702 3277 aut
1727 3236 1858 3276 con-
1889 3199 1932 3260 (ἶ

289 3327 657 3388 trarietatem;
711 3321 804 3376 sed
871 3327 1109 3373 rectores
1157 3315 1396 3385 ejusdem
1458 3314 1560 3367 loci
1612 3309 1865 3383 perennis

288 3415 623 3485 temporibus
646 3429 769 3468 eum
793 3411 971 3480 quieto
992 3409 1180 3465 ordine
1197 3406 1460 3468 fruentes,
1493 3412 1545 3458 et
1568 3399 1862 3457 secundum

288 3508 577 3561 utilitatem
634 3501 875 3571 ejusdem
918 3500 1160 3556 ecclesia:
1204 3497 1567 3569 gubemantes
1607 3492 1864 3548 attentius

288 3596 528 3668 praedicti
550 3596 708 3666 pueri
735 3600 959 3649 exorent
1006 3591 1238 3655 veniam,
1295 3597 1350 3644 et
1376 3597 1591 3642 aeternae
1621 3585 1856 3639 beatitu-

287 3689 430 3745 diuis
454 3687 637 3757 gloriae
666 3685 1084 3755 perceptionem,
1117 3668 1465 3749 nostramque
1488 3677 1752 3732 divinitus
1772 3676 1862 3730 de-

289 3786 580 3851 precentur
626 3775 991 3832 felicissimam
1056 3774 1498 3828 incolumitatem.
1543 3771 1611 3825 Et
1645 3776 1708 3823 ut
1748 3771 1861 3823 hac

289 3877 475 3922 nostra
525 3867 819 3921 auctoritas
867 3864 1161 3934 pleniorem
1205 3862 1258 3916 in
1303 3861 1395 3914 Dei
1461 3859 1678 3913 nomine
1716 3856 1864 3912 obti-

290 3966 413 4013 neat
459 3958 715 4026 vigorem,
767 3966 819 4011 et
855 3971 885 4008 a
927 3955 1172 4009 ﬁdelibus
1215 3960 1413 4007 sanctae
1462 3951 1556 4003 Dei
1601 3948 1857 4003 Ecclesiae

292 4046 597 4113 nostrisque
645 4044 953 4114 diligentius
1001 4049 1350 4096 conservetur
1395 4038 1684 4106 veriusque
1737 4049 1857 4089 cre-

289 4139 478 4200 datur,
522 4151 684 4190 manu
739 4134 954 4205 propria
1023 4134 1208 4187 subter
1246 4147 1363 4186 eam
1413 4129 1766 4189 ﬁrmavimus,
1807 4134 1863 4178 ct

289 4226 470 4281 annuli
493 4227 664 4280 nostri
692 4225 1044 4294 impressione
1079 4225 1266 4276 subter
1286 4220 1547 4290 assignari
1571 4218 1852 4286 jussimus.

359 4317 584 4387 Signum
607 4315 848 4369 Lotharii
885 4311 1254 4382 gloriosissimi
1283 4309 1528 4379 Augusti.

360 4406 730 4461 Dructemirus
773 4405 840 4458 ad
865 4405 1036 4458 vicem
1061 4403 1317 4471 Egilmari
1347 4400 1631 4470 recognovi
1652 4407 1708 4454 et
1735 4399 1851 4454 sub.

290 4496 476 4566 scripsi
495 4531 511 4548 .

361 4589 552 4643 Datum
597 4603 740 4642 nono
779 4586 896 4640 Kal.
950 4584 1253 4645 Februarii,
1301 4597 1461 4645 anno,
1493 4581 1708 4636 Christo
1738 4596 1860 4650 pro.

291 4679 454 4746 pitio,
504 4679 716 4747 imperii
762 4677 961 4731 domini
997 4673 1242 4728 Lotharii
1271 4672 1611 4741 imperatoris
1654 4671 1739 4736 12,
1782 4672 1860 4724 iu-

292 4768 526 4823 dictione
553 4769 637 4821 15.
665 4768 860 4822 Actum
897 4766 1072 4834 Papiae
1099 4765 1317 4818 civitate
1344 4765 1396 4818 iu
1426 4764 1518 4818 Dei
1546 4763 1760 4818 nomine
1793 4760 1862 4815 fe-

292 4855 487 4914 liciter.
522 4857 713 4911 Amen.

991 4922 1186 4977 CCVII.

571 5030 669 5069 PRO
696 5029 932 5071 CLERICIS
957 5027 1208 5066 DKECESIS
1222 5026 1592 5065 CREMONENSIS.

927 5104 1097 5175 (Anno
1121 5103 1265 5171 835.)

294 5197 573 5252 Lat/rarius
612 5196 641 5249 1
663 5197 945 5265 imperator
990 5193 1202 5265 clericos
1230 5192 1461 5244 dimcesis
1492 5189 1853 5243 Cremonensis

360 5262 745 5334 conquerentes
771 5265 907 5334 quod
946 5262 1225 5332 parafreda
1265 5271 1311 5312 et
1371 5276 1554 5334 currus
1601 5268 1855 5334 prtz’stqre

363 5327 528 5388 coacti
567 5327 792 5402 fuissent
806 5333 873 5386 ad
898 5327 1158 5386 servitium
1182 5327 1735 5402 cernercs-imperial“,
1755 5327 1850 5402 fe-

361 5415 442 5459 cta
457 5395 1036 5472 inquisitionejustitiw,
1052 5402 1114 5453 ab
1128 5398 1429 5468 hujusmodi
1443 5413 1598 5450 onere
1619 5395 1850 5451 absolvit.

363 5493 664 5563 [Muratori,
690 5491 1022 5562 Antiquitatis
1044 5488 1245 5541 Italicae
1268 5494 1397 5539 tom.
1440 5485 1500 5549 ll,
1529 5501 1646 5555 pag.
1673 5484 1730 5538 6|

359 5585 416 5639 in
450 5583 665 5636 nomine
698 5581 906 5633 Domini
941 5579 1105 5632 nostri
1135 5576 1258 5630 Jesu
1300 5575 1497 5629 Christi
1532 5575 1623 5627 Dei
1647 5575 1856 5634 interni,

364 5727 386 5752 ει
418 5713 654 5764 Vocatur
681 5708 882 5762 Ramno
911 5708 961 5758 in
994 5706 1177 5758 eodem
1214 5713 1500 5772 praecepto,
1536 5703 1672 5769 quod
1700 5702 1858 5754 Baiu-

295 5783 408 5837 zius
431 5779 790 5846 vitiatumjam
823 5777 1085 5838 ediderat;
1116 5775 1206 5827 sed
1233 5773 1598 5840 corrigemlum
1625 5773 1847 5836 videtur,

1976 608 2274 677 Augustus.

2051 698 2109 751 Si
2161 697 2516 767 petitionibus
2564 713 2842 755 servorum
2881 700 3013 766 Dei,
3078 702 3135 757 in
3178 718 3313 771 quas
3352 703 3552 758 nostris

1977 792 2196 847 auribus
2238 792 2611 862 patefeceriut,
2651 793 2878 848 libenter
2923 795 3224 860 annuimus,
3269 805 3324 852 et
3350 813 3442 852 eas
3483 794 3550 852 ad

1975 880 2222 935 eﬁ‘ectum
2243 882 2603 950 perducimus,
2627 883 2728 938 hoc
2748 884 2902 940 nobis
2921 884 3104 953 procul
3131 885 3291 940 dubio
3315 888 3380 941 ad
3403 902 3546 942 mer-

1976 973 2123 1026 cedis
2164 980 2361 1028 nostra:
2399 983 2742 1042 augmentum
2790 983 3117 1030 etzeternam
3165 975 3546 1031 beatitudinem

1977 1062 2358 1131 capessendam
2396 1063 2666 1118 ncrtinere
2692 1062 3033 1119 conﬁdimus.
3071 1065 3236 1134 Igitur
3257 1072 3443 1126 notum
3479 1065 3552 1119 sit

1974 1153 2225 1209 omnibus
2265 1151 2509 1208 ﬁdelibus
2550 1161 2749 1209 sancta:
2794 1153 2888 1208 Dei
2927 1153 3178 1210 Ecclesiae
3217 1161 3549 1208 nostrorum-

1973 1258 2099 1311 que,
2126 1243 2479 1314 praesentibus
2502 1243 2706 1298 scilicet
2729 1251 2782 1296 et
2803 1240 3014 1306 futuris,
3039 1242 3162 1312 quia
3183 1257 3368 1298 omnes
3398 1256 3549 1311 pres-

1973 1332 2147 1401 byteri
2192 1341 2246 1386 et
2296 1332 2548 1402 parocbia
2599 1330 2976 1386 Cremonensis
3019 1339 3126 1385 tam
3182 1332 3246 1385 de
3298 1331 3545 1399 plebibus

1972 1441 2240 1496 quamque
2265 1433 2320 1479 et
2337 1424 2402 1478 de
2423 1422 2677 1486 oraculis,
2707 1431 2830 1475 ante
2856 1429 3090 1475 nostram
3123 1421 3396 1474 venientes
3416 1435 3546 1489 pra:-

1972 1518 2224 1582 sentiam,
2279 1523 2474 1569 nostra:
2502 1511 3169 1567 innotueruntcelsitudiui
3200 1512 3340 1580 quod
3391 1526 3546 1580 para-

1971 1608 2120 1661 freda
2155 1615 2208 1659 et
2260 1619 2412 1658 carra
2449 1605 2517 1658 ad
2554 1611 2797 1656 nostram
2838 1617 3107 1656 cameram
3157 1591 3543 1669 deponendam

1970 1697 2163 1765 injuste
2195 1696 2488 1750 dedissent.
2524 1694 2696 1760 Quam
2719 1708 2938 1748 causam
2972 1692 3254 1762 diligenter
3283 1691 3543 1746 Buctaldo

1974 1805 2058 1843 sac
2069 1789 2110 1841 ri
2134 1787 2318 1856 palatii
2337 1785 2612 1854 capellano
2636 1793 2842 1847 nostro,
2866 1798 2966 1837 nec
2993 1798 3097 1836 non
3122 1790 3176 1836 et
3195 1781 3438 1834 Maurino
3457 1795 3544 1834 co-

1972 1879 2086 1933 miti
2109 1878 2295 1948 palatii
2333 1876 2524 1940 nostri,
2560 1891 2652 1932 seu
2693 1884 2746 1930 et
2773 1875 3024 1944 Adalgiso
3058 1874 3239 1927 comiti
3270 1873 3541 1940 inquirere

1965 1968 2334 2036 praecepimus,
2367 1966 2411 2019 si
2446 1981 2542 2035 per
2575 1964 2837 2032 justitiam
2875 1963 2987 2032 ipsa
3009 1960 3292 2031 parafreda
3325 1959 3404 2014 vel
3426 1961 3538 2028 ipsa

1967 2073 2121 2111 carra
2138 2057 2205 2111 ad
2222 2065 2467 2110 nostrum
2492 2055 2771 2110 servitium
2792 2053 3152 2122 peragendum
3175 2051 3302 2105 dare
3320 2051 3535 2105 debuis-

1965 2159 2103 2214 sent,
2119 2165 2187 2203 an
2217 2165 2344 2202 non.
2371 2148 2476 2202 Sed
2499 2146 2906 2217 diligentissime
2927 2146 3028 2198 hoc
3049 2144 3423 2213 perquirentes
3445 2157 3541 2195 no—

1964 2243 2048 2296 bis
2064 2241 2510 2295 renuntiaverunt
2530 2240 2670 2308 quod
2690 2235 3151 2306 contrajustitiam
3165 2252 3322 2307 supra
3335 2251 3536 2289 memo—

1966 2342 2079 2387 rata
2103 2331 2386 2402 parafreda
2411 2331 2493 2385 vel
2507 2331 2694 2385 eadem
2718 2345 2872 2384 carra
2900 2331 3000 2399 ipsi
3027 2329 3333 2384 sacerdotes
3359 2328 3535 2382 dedis-
3607 2369 3615 2384 κ

1964 2433 2102 2479 sent.
2150 2422 2488 2490 Quapropter
2523 2422 2773 2475 omnibus
2805 2419 3049 2474 ﬁdelibus
3066 2419 3266 2473 nostris
3295 2418 3536 2488 praecipi-

1964 2533 2082 2572 mus
2107 2527 2165 2571 ut
2191 2513 2369 2569 nullus
2402 2512 2656 2580 deinceps
2697 2511 2778 2566 eis
2820 2511 2885 2566 de
2933 2510 3062 2578 ipsis
3105 2507 3405 2579 parafredis
3452 2505 3534 2559 vcl

1962 2610 2134 2665 carris
2155 2609 2352 2664 nullam
2382 2606 2820 2662 contrarietatem
2855 2602 3057 2657 inferre
3096 2609 3404 2670 praesumat.
3437 2614 3535 2652 nec

1964 2701 2030 2754 ad
2054 2712 2293 2753 nostrum
2324 2698 2684 2766 peragendum
2711 2693 3013 2760 servitium,
3051 2706 3152 2746 nec
3177 2691 3341 2744 etiam
3376 2689 3531 2748 alicui

1963 2805 2206 2859 persona:
2238 2806 2250 2841 :
2280 2789 2373 2844 sed
2423 2787 2581 2842 liceat
2614 2787 2694 2842 eis
2742 2787 2957 2854 quidem
3009 2785 3302 2853 possidere,
3334 2792 3388 2837 et
3434 2798 3534 2852 pro

1964 2890 2170 2944 nostra,
2200 2887 2252 2933 et
2282 2878 2464 2934 uxoris
2487 2888 2541 2930 et
2570 2877 2796 2932 ﬁliorum
2833 2885 3135 2930 nostrorum
3167 2874 3533 2928 incolumitate

1965 2972 2174 3026 Domini
2207 2971 2546 3026 clementiam
2576 2970 2940 3027 delectabilius
2967 2982 3214 3025 exorare.
3246 2968 3313 3023 Et
3337 2976 3395 3022 ut
3419 2967 3534 3021 haec

1963 3070 2146 3116 nostra
2179 3062 2469 3116 auctoritas
2496 3061 2642 3116 omni
2684 3061 2736 3114 in
2763 3069 2999 3129 tempore
3020 3058 3224 3112 ﬁrmior
3247 3057 3528 3119 habeatur,

1963 3159 2016 3206 et
2042 3166 2140 3219 per
2160 3151 2340 3204 futura
2381 3160 2620 3221 tempora
2660 3150 3034 3206 inviolabiliter
3053 3156 3419 3213 conservetur,
3467 3147 3532 3203 de

1965 3241 2162 3294 annulo
2183 3249 2366 3294 nostro
2391 3242 2574 3296 subter
2601 3242 2819 3310 sigillari
2832 3240 3107 3309 jussimus.

2035 3351 2182 3423 (Non
2208 3361 2351 3407 adest
2375 3355 2682 3424 subscriptio
2707 3351 3075 3422 imperatoris.)

2035 3443 2403 3499 Dructemirus
2425 3445 2784 3498 subdiaconus
2823 3453 2980 3512 atque
3001 3442 3242 3497 notarius
3265 3441 3329 3494 ad
3360 3441 3531 3494 vicem

1963 3534 2222 3589 Abumari
2255 3533 2560 3602 recognovi.

2034 3648 2167 3701 Data
2215 3646 2394 3701 Nonas
2437 3647 2632 3710 Martii,
2682 3662 2841 3711 anno,
2877 3645 3091 3700 Christo
3141 3643 3393 3713 propitio,
3428 3644 3530 3694 im-

1962 3741 2093 3808 perii
2151 3739 2351 3793 domini
2403 3739 2642 3792 Lotharii
2703 3739 2774 3806 pii
2839 3736 3175 3806 imperatoris
3221 3735 3326 3797 ΓΙ,
3391 3732 3532 3788 indi-

1960 3830 2136 3884 ctione
2176 3830 2259 3882 15.
2295 3828 2486 3882 Actum
2517 3826 2763 3896 Sexpilas
2791 3825 2986 3895 palatio
3017 3824 3182 3895 regio,
3229 3826 3281 3876 in
3313 3822 3405 3876 Dei
3436 3835 3534 3876 no-

1965 3921 2107 3974 mine
2131 3919 2376 3974 feliciter.
2409 3919 2578 3973 Amen
2597 3952 2613 3970 .

2642 4088 2837 4143 CCVIII
2846 4131 2856 4142 .

2384 4241 2481 4279 νεα
2515 4239 2760 4279 ECCLESIA
2799 4237 3102 4277 HELENENSI.

2577 4354 2747 4424 (Anno
2773 4352 2919 4423 856.)

1885 4533 1938 4591 Β
1999 4491 2189 4562 [Apud
2231 4487 2501 4541 Baluzium
2547 4487 2599 4539 in
2642 4486 2896 4553 Append.,
2941 4484 3009 4536 ad
3041 4483 3272 4536 Marcum
3315 4481 3488 4550 flisp.,

2605 4575 2706 4631 col.
2738 4574 2885 4645 775.]

2028 4730 2082 4781 In
2114 4728 2330 4781 nomine
2366 4724 2575 4779 Domini
2618 4725 2712 4779 Dei
2753 4733 2807 4778 et
2854 4722 3148 4777 Salvatoris
3184 4722 3351 4774 nostri
3401 4721 3523 4774 Jesu

1958 4819 2177 4881 Christi,
2196 4817 2523 4879 Ludovicus,
2547 4814 2724 4868 divina
2753 4812 3072 4882 propitiante
3096 4808 3523 4881 [repropitiante']

1959 4908 2268 4971 clementia,
2291 4907 2584 4974 imperator
2611 4903 2902 4973 Augustus.

2036 5019 2093 5074 Si
2139 5033 2267 5088 erga
2315 5017 2432 5071 ioca
2479 5015 2674 5070 divinis
2717 5014 2948 5068 cultibus
2984 5011 3280 5079 mancipata
3310 5019 3527 5079 propter

1963 5127 2203 5165 amorem
2229 5110 2323 5163 Dei
2351 5109 2534 5176 eisque
2563 5108 2616 5160 in
2648 5105 2844 5159 eisdem
2866 5103 2997 5156 locis
3024 5100 3402 5154 famulantibus
3429 5100 3522 5152 be-

1960 5201 2152 5256 neﬁcia
2174 5206 2468 5269 opportuna
2493 5196 2764 5265 largimur,
2779 5192 3056 5262 praemium
3078 5191 3215 5259 apud
3240 5189 3528 5243 Dominum

1959 5300 2175 5345 ceterum
2203 5285 2647 5342 remunerationis
2669 5284 2821 5338 nobis
2850 5281 3065 5350 rependi
3087 5293 3192 5333 non
3216 5275 3517 5331 difﬁdimus.

1957 5382 2123 5450 igitur
2152 5389 2338 5435 notum
2364 5393 2484 5433 esse
2512 5377 2757 5430 volumus
2793 5373 2997 5426 cunctis
3028 5368 3272 5423 ﬁdelibus
3298 5367 3518 5428 nostris,

1958 5472 2312 5540 praesentibus
2362 5469 2570 5523 scilicet
2620 5476 2674 5519 et
2727 5463 2955 5523 futuris,
3007 5459 3149 5526 quod
3198 5454 3520 5511 venerabilis

1960 5563 2145 5616 Fulmo
2166 5575 2188 5601 ε
2213 5559 2452 5614 ecclesia:
2474 5555 2781 5610 Helenensis
2801 5553 3078 5621 cpiscopus
3101 5547 3415 5615 deprecatus
3437 5550 3521 5596 est

1965 5699 2235 5757 Salomon,
2267 5696 2355 5762 qui
2387 5705 2524 5745 anno
2551 5688 2652 5743 8'52
2675 5687 2783 5762 jam
2807 5693 2920 5737 erat
2943 5684 3237 5762 episcopus.
3267 5676 3520 5762 ﬁeringa:

2098 5746 2241 5822 enim
2267 5746 2465 5823 comes,
2487 5773 2664 5814 coram
2675 5746 2959 5810 wSalomone
2976 5746 3243 5822 episcopo,
3267 5746 3516 5799 BnbilaDO
