3924 6362
392 395 516 450 ωτι

1515 399 1836 458 LUDOVICI
1873 399 1902 468 ιη
1932 399 2401 459 CUGNOMENTO
2438 403 2522 460 Pii

3504 406 3644 460 1971

385 484 684 555 utajeslatis
707 494 904 540 nostra:
925 487 1350 542 misericordiam
1372 496 1431 542 ut
1453 488 1763 559 praedictam
1784 489 1967 545 sedem
1995 493 2043 550 A
2071 483 2396 551 Ludovicus.
2415 487 2595 546 divina
2617 492 2998 561 repropitiante
3015 493 3318 561 clementia,
3347 497 3644 566 imperator

384 591 507 631 cum
537 575 786 632 omnibus
814 572 881 632 ad
909 591 967 632 se
988 577 1136 648 juste
1168 580 1224 635 et
1253 575 1499 653 legaliter
1528 583 1790 638 moderno
1824 581 1965 636 tem;

383 683 512 738 pore
539 669 957 739 pertinentibus,
1003 671 1104 726 sub
1132 681 1315 728 nostra
1359 674 1586 730 tuitione
1616 683 1671 730 et
1710 675 1962 730 immuni-

385 758 512 814 tatis
539 759 851 814 defensione
878 776 1000 816 cum
1043 758 1300 829 omnibus
1326 765 1508 839 rebus,
1539 759 1590 821 id
1618 773 1702 820 est
1737 765 1872 820 cella
1905 765 1962 819 S.

384 844 598 916 l'elicis,
633 864 754 906 cum
786 853 1035 908 omnibus
1078 855 1344 912 terminiis
1369 865 1424 913 et
1459 853 1792 929 appendiciis
1831 854 1960 923 suis,

383 947 437 994 et
454 937 584 994 villa
613 954 733 1011 qua
759 941 960 998 dicitur
989 942 1285 1010 Torrente,
1327 956 1383 1002 et
1420 947 1526 1002 alio
1555 947 1814 1003 vocabulo
1842 942 1967 1002 Ala-

383 1027 576 1098 manls,
605 1038 658 1087 et
681 1035 944 1104 spedulia,
977 1044 1031 1090 et
1057 1047 1155 1106 pro
1185 1040 1536 1109 congruentia
1576 1037 1816 1096 ecclesia:
1856 1055 1967 1096 suae

380 1121 714 1194 territorium
743 1141 773 1179 a
804 1123 1060 1180 Petrallta
1089 1141 1262 1198 uSque
1289 1143 1452 1198 super
1482 1146 1578 1186 sua
1610 1129 1842 1185 claustra
1863 1171 1878 1195 ,
1911 1138 1968 1196 et

380 1211 626 1267 cellulam
656 1213 820 1268 etiam
850 1214 910 1270 S.
938 1207 1160 1282 Iuliani,
1185 1217 1270 1273 vel
1300 1229 1479 1275 terras
1515 1235 1652 1289 quas
1679 1219 1762 1274 sui
1791 1219 1966 1274 homi-

383 1315 478 1356 nes
517 1315 582 1356 ex
629 1318 814 1359 eremo
859 1310 1182 1372 traxerunt,
1227 1322 1436 1364 necnon
1481 1310 1712 1365 mediam
1760 1318 1968 1381 partem

379 1391 694 1460 pulveratici
721 1403 789 1448 ex
812 1393 999 1461 raﬂca,
1029 1405 1083 1452 et
1117 1413 1184 1452 ex
1216 1409 1456 1454 mercato
1482 1400 1748 1466 similiter,
1780 1415 1874 1456 seu
1901 1400 1968 1456 de

379 1483 690 1549 pascuarlo,
738 1485 1230 1543 constitueremus:
1273 1503 1381 1561 quo
1425 1491 1500 1546 ita
1545 1481 1599 1544 et
1640 1506 1738 1546 nos
1773 1491 1968 1548 fecisse

379 1573 618 1627 omnium
647 1583 891 1630 vestrum
928 1587 1216 1647 cognoscat
1259 1580 1544 1636 industria.
1585 1580 1967 1653 Praecipicntes

377 1677 509 1734 ergo
545 1658 884 1731 jubemus‘ut
914 1666 1092 1723 nullus
1114 1666 1281 1737 judex
1324 1666 1574 1741 publicus
1605 1672 1685 1726 vel
1713 1671 1967 1741 quislibet

380 1763 445 1806 ex
461 1746 750 1820 judiclaria
775 1763 1046 1826 potestate
1071 1758 1125 1812 in
1147 1759 1425 1826 ecclesias,
1465 1761 1648 1828 villas,
1687 1762 1838 1827 loca,
1882 1764 1966 1818 vel

2069 581 2361 651 Augustus.

2139 668 2400 726 Omnibus
2411 668 2660 727 ﬁdelibus
2685 679 2884 729 sancta:
2907 673 2998 730 Dei
3027 674 3285 730 Ecclesiae
3310 691 3374 732 ac
3405 678 3605 733 nostris
3623 718 3642 740 .

2068 761 2424 828 praesentibus
2450 771 2504 816 et
2529 761 2742 828 futuris,
2769 773 2953 820 notum
2977 765 3047 820 sit
3067 765 3192 834 quia
3217 766 3300 819 vir
3321 768 3642 822 venerabilis

2067 851 2315 906 Aldricus
2360 851 2734 907 Cenomanic'e
2777 855 2927 910 urbis
2972 856 3273 925 episcopus,
3321 856 3504 911 divino
3548 858 3637 911 bo-

2069 954 2202 996 nore
2231 939 2450 996 fervens
2464 944 2667 1012 pariter
2695 951 2750 996 et
2777 959 2980 1010 amore,
2998 947 3438 1000 monasteriolum
3466 949 3519 1001 in
3546 963 3642 1003 sua

2068 1033 2325 1101 parochia
2356 1043 2494 1088 novo
2514 1043 2682 1103 opere
2706 1048 2909 1103 suoque
2924 1039 3141 1106 proprio
3163 1038 3360 1092 sudore
3383 1047 3435 1092 et
3461 1039 3648 1094 laboro

2068 1119 2121 1173 in
2154 1121 2362 1176 honore
2387 1123 2480 1176 Dei
2513 1130 2567 1177 et
2593 1119 2892 1178 Salvatdris
2932 1128 3100 1180 noetri
3137 1141 3203 1180 ac
3247 1135 3452 1182 sancta:
3499 1127 3645 1195 ejus—

2068 1208 2190 1263 dem
2227 1211 2505 1280 genitricis
2540 1210 2720 1266 Mariae
2748 1213 3140 1283 beatorumque
3175 1225 3476 1286 martyrum
3509 1214 3649 1270 Ger-

2067 1300 2203 1353 vasii
2233 1308 2288 1352 et
2309 1300 2538 1355 Pretasii
2561 1309 2724 1370 atque
2749 1299 3008 1370 Stephani
3032 1310 3458 1372 wnttorumque
3489 1319 3649 1372 getae

2037 1436 2040 1439 .
2069 1389 2252 1444 raliter
2273 1399 2582 1444 sanctorum
2606 1390 2658 1444 in
2678 1390 2804 1445 loco
2827 1393 2918 1460 qui
2933 1392 3082 1460 prius
3103 1392 3263 1462 vulgo
3282 1392 3532 1447 Bmialus
3551 1409 3646 1447 vo-

2068 1480 2310 1544 cabatur,
2344 1488 2658 1535 construere
2685 1480 2913 1543 studuit,
2955 1491 3008 1534 et
3036 1482 3103 1536 ad
3131 1489 3374 1551 aptatum
3396 1483 3646 1551 dignum-

2067 1581 2173 1636 que
2206 1567 2459 1622 decorem
2490 1575 2652 1636 atque
2671 1566 3063 1635 perfectionem
3087 1583 3300 1623 summo
3323 1571 3504 1624 studio
3527 1585 3648 1638 per-

2069 1659 2263 1714 ducere
2311 1659 2652 1729 procuravit,
2703 1674 3049 1728 congruoque
3094 1668 3336 1729 tempore
3380 1662 3652 1716 dedicavit

2069 1745 2401 1815 solemniter,
2432 1759 2488 1814 et
2513 1751 2578 1804 de
2609 1749 2768 1804 rebus
2791 1749 2903 1819 jam
2932 1747 3091 1803 dicta;
3137 1751 3280 1803 sedis
3304 1750 3407 1804 sibi
3457 1752 3652 1805 divini-

379 1857 562 1912 agros,
591 1858 683 1898 seu
708 1839 944 1916 reliquas
973 1849 1344 1916 possessiones
1368 1861 1678 1908 memoratae
1700 1847 1963 1918 ecclesize,

2072 1849 2154 1896 tus
2180 1841 2483 1896 commissa:
2505 1839 2832 1895 sullicientcr
2861 1839 2927 1892 ad
2960 1839 3311 1894 necessitates
3333 1841 3515 1893 varias
3541 1855 3651 1895 mo-

377 1942 512 1999 quas
542 1931 799 1986 moderno
843 1942 1086 2005 tempore
1130 1934 1402 2008 possidet,
1441 1942 1526 1996 vel
1561 1958 1682 2012 quae
1708 1941 1965 2014 deinceps

380 2021 432 2074 in
453 2016 576 2091 jure
609 2023 776 2092 ipsius
807 2023 910 2079 loci
942 2026 1172 2082 voluerit
1209 2029 1390 2084 divina
1430 2033 1604 2101 pictas
1649 2036 1865 2104 augeri,
1898 2036 1966 2089 ad

378 2127 570 2166 causas
591 2110 880 2180 judiciario
914 2131 1064 2172 more
1101 2119 1397 2174 audiendas
1438 2121 1523 2176 vel
1569 2123 1964 2192 discutiendas,

377 2201 462 2256 vel
486 2203 636 2258 freda
659 2206 943 2276 exigenda,
971 2215 1064 2262 aut
1087 2212 1398 2266 mansiones
1419 2213 1502 2267 vel
1531 2205 1748 2282 paratas
1771 2214 1971 2270 facien—

379 2293 495 2356 das,
519 2302 610 2347 aut
640 2292 987 2364 ﬁdeiussores
1033 2297 1333 2366 tollendos,
1383 2311 1475 2356 aut
1521 2304 1771 2360 homines
1800 2307 1969 2376 ipsius

378 2381 621 2436 ecclesia!
640 2387 828 2440 eontra
865 2389 1090 2442 rationis
1115 2390 1362 2445 ordinem
1393 2393 1792 2463 distringendos
1812 2438 1825 2460 ,
1867 2413 1968 2453 nec

380 2469 518 2524 ullas
548 2471 933 2530 redliibitioncs
962 2490 1064 2530 nec
1091 2477 1309 2534 illicitas
1342 2483 1658 2537 occasiones
1686 2486 1966 2555 requiren-

378 2557 493 2626 das,
515 2561 722 2633 ingredi
749 2566 963 2620 audeat.
983 2565 1333 2639 Praecipimus
1354 2571 1517 2625 etiam
1539 2581 1700 2642 atque
1717 2573 1969 2642 jubemus

379 2658 438 2702 n’t
465 2661 553 2706 res
579 2666 714 2721 quas
745 2655 1006 2710 moderno
1035 2662 1280 2725 tempore
1301 2656 1449 2726 juste
1484 2667 1539 2715 et
1577 2661 1824 2731 legaliter
1847 2679 1970 2735 pos—

377 2741 538 2805 -idet,
561 2742 657 2805 vel
677 2759 796 2813 qua:
827 2745 1026 2800 ibidem
1067 2747 1245 2802 divina
1276 2749 1450 2818 pietas
1489 2753 1675 2822 augeri
1705 2753 1969 2821 voluerit,

378 2831 432 2886 in
463 2844 651 2886 suntm
683 2834 808 2903 jure
835 2842 888 2889 et
921 2835 1290 2891 dominatione
1324 2838 1528 2908 absque
1572 2841 1856 2911 cujuslibet
1883 2844 1969 2898 in-

378 2921 695 2990 quietudine
725 2930 818 2978 aut
843 2924 1027 2979 illicita
1052 2929 1437 2984 contrarietate
1456 2929 1771 3000 pet-sistant,
1795 2947 1970 3002 neque

381 3012 543 3066 ullam
569 3012 864 3068 indebitam
892 3015 1219 3070 calumniam
1255 3024 1349 3070 aut
1383 3018 1761 3088 repetitionem
1799 3020 1864 3074 de
1890 3021 1970 3075 eis

380 3116 408 3155 a
440 3115 710 3171 quoquam
739 3102 848 3158 ullo
883 3117 1120 3172 unquam
1152 3111 1392 3175 tempore
1416 3108 1729 3176 patiantur;
1769 3109 1869 3163 sed
1911 3109 1972 3162 li-

2067 1934 2364 1988 nacliorum
2397 1934 2449 1986 in
2487 1947 2552 1988 eo
2579 1932 2807 1987 Domino
2829 1930 3172 1985 militantium
3187 1932 3398 1986 abunde
3429 1932 3653 1987 fulcien-

2067 2021 2162 2075 das
2196 2030 2359 2091 atque
2388 2021 2712 2090 supplendas
2741 2021 2916 2074 ditare
2961 2035 3069 2072 non
3120 2019 3347 2073 distulit.
3399 2019 3556 2075 Unde
3598 2027 3654 2074 et

2067 2111 2327 2180 scriptum
2362 2112 2626 2179 quoddam
2654 2125 2750 2165 sua
2776 2117 3206 2179 ceterorumque
3252 2110 3649 2164 venerabilium

2066 2201 2440 2269 eplscopbrum
2471 2201 2909 2268 reliquorumque
2943 2200 3199 2254 ordinum
3250 2199 3362 2253 Deo
3406 2201 3650 2253 serviem-

2069 2289 2201 2343 tium
2225 2304 2325 2344 nec
2350 2305 2457 2344 non
2487 2289 2752 2344 laicorum
2797 2290 3285 2357 religiosorumque
3328 2290 3539 2357 pariter
3589 2303 3652 2344 ac

2067 2380 2328 2434 nobilium
2374 2381 2621 2435 manibus
2663 2381 2976 2434 roboratum
3009 2389 3210 2436 nostrae
3235 2378 3538 2447 majestatis
3563 2381 3651 2436 ob-

2068 2471 2276 2526 tutibus
2308 2471 2563 2535 offerens,
2608 2471 2886 2526 humiliter
2925 2480 3123 2526 nostra:
3172 2473 3498 2542 supplicavit
3547 2473 3652 2527 cle-

2068 2562 2285 2619 mentia:
2325 2573 2386 2617 ut
2413 2564 2556 2632 quod
2581 2563 2695 2632 ipse
2743 2562 2925 2616 divino
2965 2570 3144 2616 tactus
3181 2576 3366 2615 amore
3395 2563 3485 2631 pia
3528 2562 3651 2615 reli-

2069 2653 2325 2720 giosaque
2355 2651 2645 2707 devotione
2671 2666 2908 2720 superno
2945 2650 3109 2706 fultus
3157 2653 3361 2705 auxilio
3405 2652 3609 2706 fecerat
3632 2691 3647 2716 ,

2069 2751 2252 2797 nostra
2283 2741 2550 2811 imperiali
2581 2743 2903 2796 auctoritate
2920 2743 3178 2796 roborare
3197 2749 3359 2810 atque
3384 2742 3436 2794 in
3453 2757 3646 2810 perpe-

2071 2841 2222 2886 tuum
2247 2833 2452 2902 absque
2471 2831 2754 2901 cujuslibet
2792 2832 3140 2887 convulSione
3182 2840 3278 2884 aut
3323 2833 3650 2899 tergiversa-

2074 2925 2220 2979 tione
2247 2923 2618 2978 ﬁrmissimum
2635 2936 2956 2991 permanere
2980 2921 3201 2976 deberet
3229 2921 3522 2975 decernere
3539 2929 3650 2974 stu-

2070 3013 2342 3079 deremus,
2367 3023 2424 3068 et
2445 3022 2507 3068 ut
2539 3014 2788 3068 monachi
2817 3013 2949 3066 inibi
2980 3015 3236 3082 degentes
3253 3028 3355 3065 una
3374 3027 3497 3065 cum
3526 3026 3651 3066 cov-

2073 3120 2234 3160 sensu
2264 3120 2362 3160 suo
2398 3120 2880 3174 successorumque
2929 3103 3047 3171 ejus
3092 3103 3366 3157 licentiam
3409 3105 3551 3156 inter
3594 3118 3650 3158 se

378 3201 501 3246 ceat
529 3193 609 3247 eis
637 3203 967 3249 memoratas
999 3209 1109 3261 res,
1138 3209 1260 3250 cum
1289 3197 1542 3251 omnibus
1572 3196 1638 3251 ad
1671 3214 1729 3252 se
1747 3197 1892 3265 juste
1915 3208 1968 3253 et
1997 3182 2039 3244 C
2072 3195 2300 3265 eligendi
2331 3195 2834 3249 baberentabbates
2858 3195 2947 3262 qui
2972 3207 3067 3248 eos
3079 3191 3376 3247 secundum
3407 3193 3646 3264 regulam

380 3281 628 3352 legaliter
656 3283 1071 3353 pertinentibus,
1115 3285 1318 3354 absque
1349 3285 1576 3354 alicujus
1603 3286 1804 3356 injusta
1837 3302 1969 3343 con-

380 3367 699 3429 tradictione
736 3376 918 3444 quieto
957 3375 1150 3431 ordine
1174 3377 1486 3446 possidere,
1525 3387 1581 3432 et
1620 3380 1686 3434 de
1729 3381 1808 3436 eis
1843 3380 1969 3449 jure
2000 3407 2010 3418 ι

377 3464 745 3520 ecclesiastico
772 3467 1060 3536 disponere
1089 3469 1351 3538 quidquid
1374 3469 1674 3538 voluerint;
1703 3482 1970 3542 quatenus

380 3564 567 3612 nostro
584 3556 862 3626 juvamine
889 3559 1128 3613 divinum
1154 3559 1357 3614 cultum
1380 3561 1650 3630 copiosius
1670 3578 1971 3633 exsequen-

380 3653 482 3712 tes,
515 3661 614 3716 pro
645 3657 852 3713 nostra,
882 3650 1144 3720 conjugis,
1169 3650 1442 3720 prolisque
1471 3661 1669 3707 nostrae
1691 3654 1972 3708 incolumi-

383 3746 515 3804 tate,
565 3747 620 3792 et
656 3738 956 3798 stabilitate.
984 3740 1196 3810 imperii
1228 3743 1399 3796 nostri
1436 3758 1531 3796 eos
1560 3743 1772 3798 Domini
1802 3745 1968 3800 mise-

384 3828 674 3883 ricordiam
723 3829 986 3885 attentius
1046 3843 1274 3884 exorare
1329 3828 1577 3886 delectet.
1636 3831 1703 3886 Et
1747 3841 1806 3887 ut
1856 3834 1972 3889 haec

382 3919 678 3974 auctoritas
702 3929 886 3975 nostra
909 3922 1268 3990 praesentibus
1304 3919 1608 3991 futurisque
1641 3925 1971 3990 temporibus

384 4010 697 4066 lneonvulsa
727 4021 1063 4082 permaneat,
1090 4027 1252 4067 manu
1282 4013 1499 4082 propria
1527 4029 1647 4068 eam
1672 4013 1859 4069 subter
1881 4014 1973 4069 lir-

385 4102 670 4169 mavimus,
696 4113 750 4159 et
774 4104 976 4159 annulo
1003 4113 1190 4160 nostro
1214 4105 1435 4175 sigillari
1453 4104 1734 4174 jussimus.

454 4205 678 4275 Signum
709 4207 966 4263 Ludovici
994 4209 1328 4263 serenissimi
1359 4210 1721 4277 imperatoris.

455 4318 855 4376 Hirminmarus
869 4320 1114 4376 notarius
1133 4319 1200 4376 ad
1216 4320 1390 4376 vicem
1405 4317 1645 4388 Hugonis
1663 4323 1971 4393 recognovi.

457 4429 590 4484 Data
608 4446 666 4484 Ill
689 4429 870 4486 Nonas
893 4431 1133 4496 Martias,
1158 4445 1323 4497 anno,
1348 4431 1568 4487 Christo
1581 4434 1835 4502 propitio,
1853 4433 1921 4487 25
1946 4445 1970 4472 ι

2070 3287 2244 3342 sancti
2273 3285 2548 3341 Benedicti
2575 3292 2842 3354 regerent.
2881 3282 3047 3352 Cujus
3072 3282 3331 3352 piissimis
3363 3282 3477 3336 Deo
3506 3297 3651 3338 auta-

2069 3379 2267 3434 bilibus
2287 3387 2343 3433 et
2360 3379 2515 3433 nobis
2531 3378 2814 3432 admodum
2832 3377 3222 3446 amplectendis
3246 3375 3651 3445 supplicationi-

2068 3470 2167 3525 bus
2187 3486 2373 3526 aurem
2395 3469 2594 3524 favoris
2611 3470 2966 3524 libentissime
2987 3470 3489 3532 accommodantes,
3514 3471 3650 3524 hanc

2068 3568 2265 3613 nostra:
2311 3561 2648 3614 auctoritatis
2687 3559 3138 3629 conscriptionem
3176 3559 3226 3613 ei
3263 3558 3381 3613 ﬁeri
3421 3573 3487 3612 ae
3530 3559 3645 3612 dari

2068 3653 2437 3720 praecepimus,
2471 3667 2567 3721 per
2605 3666 2767 3720 quinm
2793 3650 3139 3704 decernimus
3179 3659 3340 3717 atque
3370 3650 3647 3704 sancimus

2071 3751 2130 3794 ut
2177 3751 2533 3796 memoratum
2561 3755 2694 3810 opus
2742 3739 3160 3810 religiosissimis
3207 3740 3278 3793 ab
3318 3753 3384 3794 eo
3421 3739 3649 3807 patratis

2071 3835 2263 3888 studiis
2293 3833 2440 3889 omni
2467 3841 2708 3901 tempore
2738 3832 2952 3886 ﬁrmum
2981 3840 3037 3884 et
3067 3830 3261 3884 stabile
3306 3837 3646 3899 permaneat,

2070 3923 2521 3991 quemadmodum
2552 3924 2606 3975 in
2637 3929 2936 3974 memorato
2961 3919 3262 3974 devotionis
3287 3936 3400 3978 sua:
3422 3922 3648 3988 scripto,

2072 4011 2213 4078 quod
2236 4011 2392 4064 nobis
2417 4010 2684 4063 obtulerat
2709 4009 2775 4062 ad
2799 4010 3162 4079 relegendum,
3191 4010 3302 4077 ipse
3336 4010 3653 4077 complexus

2025 4168 2027 4170 η
2073 4107 2175 4164 est,
2201 4113 2376 4167 neque
2418 4100 2482 4153 de
2527 4103 2686 4154 rebus
2731 4115 2867 4168 quas
2910 4100 2977 4153 ad
3031 4099 3172 4153 idem
3206 4099 3649 4154 monasteriolum

2071 4189 2319 4252 contulit,
2357 4204 2387 4241 a
2414 4203 2684 4258 quoquam
2714 4190 2819 4242 ullo
2847 4205 3081 4258 unquam
3105 4200 3348 4257 tempore
3373 4190 3647 4257 quippiam

2074 4282 2366 4346 minuatur,
2396 4291 2486 4335 aut
2515 4283 2853 4336 conditiones
2904 4281 3033 4334 inibi
3063 4281 3241 4334 studio
3285 4281 3402 4348 ejus
3448 4282 3648 4336 inditas

2074 4371 2312 4440 qualibet
2347 4370 2628 4426 Occasione
2657 4370 2958 4424 eOuvellere
2988 4378 3080 4423 aut
3122 4368 3394 4421 ullatenus
3421 4369 3651 4437 quisque

2078 4461 2347 4530 negligere
2376 4469 2684 4529 praesumat,
2733 4461 2828 4515 sed
2875 4460 3324 4528 quemadmodum
3353 4459 3422 4512 ab
3452 4472 3520 4514 eo
3568 4459 3652 4526 pie

391 4520 604 4590 imperil
629 4521 812 4575 domui
840 4520 1098 4600 Ludovici
1129 4520 1359 4592 piissimi
1397 4520 1646 4591 Augusti,
1680 4522 1967 4579 indictione

2079 4552 2432 4620 religioseque
2458 4551 2660 4605 saucita
2689 4559 2832 4613 sunt,
2864 4550 2939 4602 ita
2982 4564 3077 4617 per
3103 4549 3241 4602 banc
3270 4559 3515 4601 nostram
3553 4562 3652 4600 auo

388 4611 456 4663 14
481 4612 526 4662 b.
553 4610 745 4665 Actum
782 4609 1107 4682 Aquisgrani
1142 4611 1344 4681 palatio
1374 4612 1523 4682 regio
1555 4612 1608 4667 in
1631 4611 1727 4667 Dei
1755 4612 1973 4667 nomine

389 4699 638 4754 feliciter.
669 4699 860 4754 Amen.

1090 4806 1270 4867 CCIX.

440 4943 687 4990 Lunovrcr
728 4947 797 4987 Νι
834 4947 1066 4988 υιριου
1098 4950 1208 4991 rso
1248 4947 1498 4990 manu
1537 4949 1922 4992 οειςοιιιιιεεδει.

1023 5046 1199 5117 (Λιιηο
1221 5046 1374 5118 sse.)

567 5152 744 5226 [Apud
784 5155 994 5221 38103.,
1021 5154 1272 5222 Nisum,
1305 5160 1441 5212 tom.
1461 5157 1506 5222 1,
1531 5172 1651 5229 pag.
1678 5151 1796 5228 97.}

459 5264 516 5321 In
539 5269 755 5325 nomine
779 5269 872 5326 Dei
917 5276 973 5324 et
1000 5267 1300 5326 Salvator-is
1321 5270 1495 5325 nostri
1540 5267 1667 5324 Iesu
1715 5268 1920 5325 Christi
1948 5313 1962 5337 ,

390 5371 637 5432 Aruleusi
659 5373 839 5434 abbati
860 5393 946 5434 res
968 5376 1084 5502 ej‘us
1107 5376 1420 5432 monasterii
1445 5377 1501 5431 in
1524 5377 1634 5432 inte
1674 5393 1792 5432 rum
1817 5382 1975 5435 restio

393 5446 532 5502 tuit.
562 5440 705 5500 facta
743 5448 919 5502 eidem
962 5462 994 5501 c
1034 5453 1152 5501 arta
1199 5445 1537 5501 revestitoria
1564 5463 1617 5501 ιγ
1639 5395 1827 5502 genus
1866 5450 1972 5502 Fe-

393 5446 532 5510 tuit,
562 5440 705 5500 facta
743 5448 919 5502 eidem
962 5440 1152 5502 charta
1199 5445 1537 5501 revestitoria
1564 5463 1617 5501 ιγ
1639 5440 1827 5502 Nonas
1866 5450 1972 5504 Fc-

391 5513 664 5596 bruarias,
681 5517 927 5598 annui},
939 5515 1470 5598 _i_mperante_domno
1491 5527 1676 5571 nostro
1701 5516 1974 5598 Ludovico

1670 5602 1696 5624 σ

405 5586 739 5666 imperatore.
773 5586 907 5642 Vide
934 5584 1171 5666 Mai-cam
1202 5584 1566 5665 liispanicam,
1597 5602 1718 5708 ἕξις.
1752 5585 1872 5641 769.
1987 5664 1990 5665 γ

405 5715 412 5718 _
466 5667 492 5692 ει
521 5649 760 5710 Pessime
784 5655 839 5710 iu
867 5655 1159 5718 exemplari
1190 5662 1397 5718 vitiato,
1430 5670 1568 5708 anno
1638 5655 1690 5707 0.
1733 5656 1972 5711 Dominis

401 5715 911 5796 Va‘issetius,tomo
951 5725 974 5781 ι
1007 5715 1256 5778 Historiae
1297 5715 1619 5796 Oecitanize,
1663 5740 1784 5796 pag.
1832 5724 1965 5796 735,

397 5790 497 5843 col.
535 5793 581 5856 l,
613 5795 980 5865 corrigendum
1009 5801 1192 5849 censet
1221 5808 1358 5845 anno
1399 5793 1462 5858 8,
1493 5801 1548 5846 ut
1578 5790 1799 5856 quadret
1831 5794 1966 5850 indi-

2076 4646 2382 4699 ctoritatem
2415 4643 2723 4698 inconvulsa
2749 4642 3062 4711 perenniter
3096 4647 3370 4694 maneant.
3400 4638 3653 4703 Quando-

2075 4734 2292 4804 quidem
2314 4743 2494 4787 autem
2524 4733 2705 4788 divina
2744 4733 3026 4787 vocatione
3056 4730 3225 4784 abbas
3251 4730 3344 4798 qui
3394 4727 3650 4798 presenti

2077 4830 2318 4893 tempore
2345 4822 2631 4893 przel‘ectus
2667 4829 2770 4886 est,
2813 4829 2906 4874 aut
2949 4819 3042 4889 qui
3073 4817 3272 4872 futuris
3313 4817 3650 4889 temporibus

2078 4916 2399 4984 subrogandi
2425 4923 2570 4978 sunt,
2611 4914 2678 4967 ab
2710 4915 2811 4968 hac
2838 4913 2955 4967 luce
2981 4909 3362 4980 migraverint,
3387 4923 3494 4962 una
3530 4923 3652 4962 cum

2079 5017 2342 5058 consensu
2375 5003 2610 5071 ejusdem
2659 5003 2863 5057 Aldriei
2905 5001 3137 5072 episcopi
3169 5011 3651 5068 successurumque

2077 5094 2216 5163 ejus,
2243 5094 2532 5162 prtesulum
2555 5093 2807 5148 videlicet
2851 5099 3162 5146 memoratae
3186 5091 3354 5151 sedis,
3379 5088 3650 5142 licentiam

2078 5185 2308 5250 habeant
2333 5199 2399 5237 ex
2453 5185 2643 5253 seipsis
2673 5183 2905 5254 eligendi
2955 5182 3196 5244 abbates,
3245 5181 3288 5233 si
3336 5180 3473 5232 tales
3515 5181 3648 5230 inter

2072 5284 2165 5329 eos
2192 5273 2416 5344 reperiri
2443 5274 2712 5344 potuerint
2740 5272 2832 5343 qui
2853 5272 2934 5326 eis
2956 5269 3151 5324 merito
3177 5271 3301 5322 vita:
3332 5275 3386 5322 et
3410 5266 3651 5320 scientia?

2076 5384 2213 5458 ctio,
2257 5393 2312 5458 et
2339 5393 2664 5458 praeceptum
2696 5383 2863 5458 refert
2891 5384 3195 5458 ad__annum
3235 5381 3330 5436 82l
3357 5397 3376 5458 _;
3415 5380 3509 5458 sed
3548 5398 3649 5458 non

2076 5451 2458 5508 animadvertit
2479 5451 2564 5509 vir
2591 5454 2935 5509 doctissimus
2965 5452 3238 5522 Hugouem
3260 5492 3273 5515 ,
3304 5452 3368 5522 ad
3396 5451 3650 5522 cujusvi-

2076 5539 2192 5604 ἔξω
2233 5525 2567 5604 recognitum
2611 5533 2694 5604 est
2724 5519 3076 5604 praiceptum',
3115 5521 3328 5600 nonnisi
3368 5535 3511 5573 anno
3548 5519 3649 5573 835

2077 5592 2339 5648 Tbeotoni
2369 5595 2421 5648 in
2452 5592 2754 5647 cancellarii
2780 5607 2974 5647 munus
3008 5592 3354 5645 successisse.

2144 5661 2172 5700 δ
2204 5661 2295 5716 Sic
2319 5663 2653 5717 restitnimus
2677 5661 2967 5730 exemplari
2995 5660 3199 5714 vitiato.
3236 5658 3368 5712 Male
3395 5658 3446 5710 in
3480 5658 3645 5722 edito,

2075 5732 2358 5785 indictione
2391 5731 2476 5785 15.
