3924 6314
212 403 350 458 i375

1334 397 1728 455 DlPLOMATA
1765 397 2305 457 ECCLESIASTICA.

3321 408 3453 463 H74

205 509 502 566 secundum
528 508 761 579 regulam
790 508 956 562 sancti
1004 505 1278 559 Benedicti
1307 522 1538 575 prmesse
1571 516 1627 561 et
1660 521 1783 576 pro-
1810 510 1860 567 Α
1886 498 2084 564 Christi
2110 552 2125 575 ,
2167 512 2489 573 Ludovicus.
2523 512 2706 569 divina
2732 517 3122 587 reprOpitiante
3146 521 3447 583 clementia.

209 592 368 656 desse
411 601 635 669 possint.
667 599 732 653 Et
758 609 818 653 ut
841 599 956 653 hare
984 605 1183 661 nostra:
1215 598 1643 653 conﬁrmationis
1687 613 1783 651 au-

207 690 437 761 otoritas
462 698 775 757 perpetuam
821 689 1022 742 nostris
1067 702 1548 759 successorumque
1576 698 1787 743 nostro-

210 793 331 833 rum
356 781 683 850 temporibus
698 780 937 833 obtineat
953 779 1285 853 ﬁrmitatem,
1302 779 1367 834 de
1390 779 1590 835 annulo
1603 789 1787 835 nostro

209 871 396 926 subter
426 886 543 924 eam
570 870 834 939 jussimus
861 870 1106 940 sigillari.

283 962 721 1018 Hincminmarus
745 964 985 1018 notarius
1028 964 1096 1018 ad
1132 964 1307 1018 vicem
1339 962 1581 1034 Hugonis
1633 979 1788 1018 reco-

209 1056 374 1121 gnovi
394 1061 455 1106 .et
482 1052 797 1122 subscripsi.

282 1139 417 1196 Data
442 1157 549 1195 xvn
573 1140 690 1195 Kal.
720 1139 870 1205 Julii,
896 1156 1058 1207 anno,
1078 1140 1296 1196 Christo
1322 1141 1574 1211 propitio,
1592 1140 1664 1195 23
1690 1140 1790 1195 im-

206 1232 349 1301 perii
378 1233 561 1289 domui
604 1233 774 1288 nostri
822 1233 1075 1288 Ludovici
1116 1232 1345 1303 piissimi
1370 1232 1620 1303 Augusti,
1654 1233 1792 1287 indi-

206 1322 391 1378 ctione
420 1315 503 1377 lS.
526 1321 721 1379 Actum
749 1322 1001 1378 Cuudulﬁ
1035 1324 1160 1377 villa
1192 1323 1246 1378 in
1274 1323 1369 1378 Dei
1410 1324 1629 1380 nomine
1673 1323 1791 1380 feli-

208 1413 368 1470 citer.
398 1414 593 1470 Amen.

917 1478 1074 1539 CCX.

685 1576 788 1615 PRO
826 1571 999 1615 BADEI
1038 1572 1304 1617 ECCLESlA.

822 1640 994 1711 (Anno
1025 1640 1173 1712 858.)

526 1731 700 1803 [Apud
732 1732 940 1795 Baluz.,
970 1732 1125 1796 ibid.,
1168 1749 1289 1801 pag.
1322 1732 1471 1807 100.]

277 1819 335 1874 ln
365 1820 583 1875 nomine
622 1820 836 1875 Domini
879 1821 975 1875 Dei
1017 1830 1072 1876 et
1112 1820 1409 1878 Salvatoris
1451 1824 1621 1879 nostri
1661 1822 1790 1881 Jesu
1815 1843 1865 1903 Β

205 1909 449 1976 Christi,
495 1910 819 1977 Ludovicus,
860 1910 1042 1967 divina
1070 1912 1456 1972 renronitiante
1478 1914 1787 1982 clementia,

203 2002 506 2075 imperator
540 2004 832 2075 Angustus.

270 2094 473 2149 Notum
502 2095 669 2165 igitur
696 2110 815 2151 esse
844 2096 1092 2152 volumus
1136 2099 1389 2153 omnibus
1420 2099 1665 2157 fidelibus
1695 2117 1791 2157 no-

204 2183 357 2249 stris,
386 2184 745 2252 praesentibus
798 2193 853 2240 et
886 2184 1101 2251 futuris,
1151 2188 1277 2256 quia
1325 2188 1573 2245 Aldricus
1616 2190 1789 2247 Ceno-

206 2274 435 2329 manicm
465 2274 616 2328 urbis
639 2274 968 2331 venerabilis
995 2277 1282 2347 episcopus
1308 2277 1505 2333 obtulit
1548 2280 1616 2334 ad
1655 2280 1792 2336 rele-

204 2368 442 2436 gendum
474 2368 775 2437 majestatis
802 2375 1001 2423 nostra:
1027 2369 1304 2424 obtutibus
1333 2371 1605 2440 quoddam
1630 2372 1791 2429 devo-

204 2458 371 2513 tionis
395 2466 555 2526 atque
581 2458 948 2529 dispositionis
974 2474 1083 2513 suae
1109 2460 1365 2529 scriptum
1386 2476 1495 2530 quo
1518 2470 1786 2519 statuerat

204 2557 368 2617 atque
395 2548 640 2618 religiosa
672 2548 1048 2603 distributione
1074 2550 1415 2619 disposuerat
1439 2549 1671 2620 qualiter
1701 2570 1790 2609 res

203 2653 327 2705 qum
349 2644 592 2707 tempore
634 2653 745 2692 suae
770 2637 1105 2693 decessionis
1133 2638 1187 2692 in
1217 2638 1490 2710 episcopio
1516 2641 1615 2695 sibi
1643 2652 1793 2696 com-

200 2730 375 2784 misso
408 2728 803 2792 invenirentur,
855 2728 914 2781 in
959 2742 1055 2782 sua
1102 2727 1443 2799 eleemosyna
1493 2731 1788 2785 secundum

201 2811 535 2872 voluntatem
563 2818 889 2888 modumque
919 2834 950 2872 a
977 2833 1037 2874 se
1060 2818 1429 2876 ecclesiastice
1459 2822 1788 2893 descriptum

204 2905 440 2961 ﬁdeliter
472 2906 815 2976 Iargirentur,
857 2915 1045 2978 petens
1086 2908 1362 2964 humiliter
1396 2918 1457 2965 ut
1487 2913 1629 2981 quod
1663 2928 1693 2966 a
1728 2928 1788 2969 se

204 2998 295 3067 pia
319 2999 601 3054 devotione
620 3010 856 3069 votoque
878 2997 1285 3072 religiosissime
1307 3002 1588 3057 constabat
1609 3002 1790 3073 dispo-

204 3093 397 3156 situm,
433 3102 619 3148 nostra
652 3093 919 3163 imperiali
963 3095 1285 3150 auctoritate
1322 3094 1477 3152 ﬁeret
1508 3098 1788 3152 inconvul-

204 3194 348 3236 sum.
381 3182 545 3253 Cujus
567 3183 963 3239 venerabilibus
989 3174 1466 3255 supplicationibus
1489 3197 1789 3243 annuentes
1814 3176 1859 3239 C

204 3273 347 3327 ha‘ne
374 3282 572 3327 nostrae
608 3273 948 3329 auctoritatis
966 3274 1426 3345 conscriptionem
1456 3276 1505 3331 ei
1536 3276 1652 3332 ﬁeri
1672 3277 1788 3346 jus-

204 3362 415 3426 simus;
466 3378 565 3431 per
609 3377 772 3434 quam
817 3363 1159 3419 decernimus
1203 3372 1365 3434 atque
1410 3367 1685 3422 sancimus
1727 3378 1786 3423 ut

201 3453 657 3522 quemadmodum
710 3455 779 3509 ab
833 3469 897 3508 eo
954 3470 1053 3524 per
1100 3450 1458 3511 memoratu‘m
1523 3459 1784 3527 scriptum

204 3541 523 3611 dispositum
570 3553 731 3612 atque
773 3545 1120 3600 distributum
1169 3554 1419 3611 constat,
1478 3548 1553 3602 ita
1607 3550 1785 3605 modis

202 3632 457 3686 omnibus
496 3632 815 3688 observetur
848 3642 1008 3703 atque
1043 3635 1348 3692 ﬁrmissime
1389 3645 1656 3704 teneatur,
1692 3655 1785 3695 ne-

202 3735 308 3789 que
337 3720 625 3789 cujuslibet
664 3722 855 3791 cupida
897 3723 1215 3791 improbitas
1260 3726 1611 3795 improbaque
1636 3729 1787 3797 cupi-

201 3810 347 3864 ditas
380 3809 430 3865 id
461 3811 570 3865 ullo
594 3820 712 3865 astu
741 3811 1040 3866 convellere
1070 3813 1282 3891 audeat,
1311 3822 1403 3867 aut
1429 3815 1701 3885 quippiam
1730 3816 1785 3870 in

201 3901 333 3955 suos
364 3918 495 3956 usus
531 3910 868 3971 retorqueat,
913 3902 1006 3958 sed
1046 3903 1187 3957 sicut
1217 3904 1284 3957 ab
1311 3919 1397 3968 eo,
1442 3913 1501 3957 ut
1525 3905 1780 3971 diximus,

202 3993 605 4063 religiosissime
634 4001 891 4049 statutum
929 3994 1136 4063 liquido
1177 3995 1434 4056 cernitur,
1478 3995 1551 4050 ita
1593 3994 1658 4051 ab
1698 3997 1786 4053 his

202 4098 338 4153 quos
375 4084 443 4137 ad
482 4083 727 4139 eamdem
755 4085 1190 4140 distributionem
1241 4085 1630 4153 impetrandam
1676 4087 1785 4141 ele-

200 4173 364 4243 gerit,
386 4173 764 4227 incunctanter
794 4181 954 4241 atque
980 4174 1247 4243 intrepide
1275 4172 1617 4241 perﬁciatur;
1650 4189 1781 4243 qua—

202 4270 364 4318 tenus
399 4271 455 4315 et
494 4262 609 4331 ipse
646 4270 807 4316 tantm
834 4263 1203 4331 dispositionis
1230 4261 1461 4315 fructum
1498 4262 1553 4315 in
1578 4271 1781 4319 aeterna

202 4354 536 4408 beatitudine
564 4354 631 4406 ab
660 4354 898 4407 omnium
928 4352 1252 4406 retributore
1278 4353 1568 4421 percipiat,
1600 4360 1655 4407 et
1682 4370 1782 4409 nos

200 4442 445 4512 ejusdem
474 4443 825 4497 beatitudinis
852 4442 1184 4496 consortium
1221 4442 1493 4509 copiosius
1520 4445 1775 4512 consequi

202 4546 528 4587 mereamur.
572 4531 641 4585 Ut
680 4530 841 4600 igitur
864 4529 979 4583 hmc
1006 4536 1190 4583 nostra
1225 4530 1519 4584 auctoritas
1549 4530 1777 4583 inviola-

200 4624 365 4680 bilem
407 4622 653 4677 obtinere
694 4621 870 4676 valeat
911 4622 1149 4689 vigorem
1175 4660 1189 4684 ,
1240 4620 1306 4675 de
1350 4621 1549 4676 annulo
1592 4632 1779 4677 nostro

200 4717 389 4770 subter
414 4729 531 4769 eam
556 4712 819 4782 jussimus
846 4710 1091 4779 sigillari.

276 4805 672 4860 llirminmarus
693 4800 934 4855 notarius
954 4799 1020 4852 ad
1039 4798 1211 4853 vicem
1234 4797 1471 4868 Hugonis
1491 4798 1777 4868 recognovi

199 4905 258 4951 et
281 4892 597 4961 subscripsi.

276 4984 409 5037 Data
433 4999 507 5037 vn
520 4982 642 5036 ldus
657 4980 1005 5049 Septemorts,
1025 4991 1189 5041 anno,
1206 4974 1421 5031 Christo
1437 4976 1691 5046 propitio,
1710 4976 1780 5029 25

196 5073 413 5143 imperii
441 5070 620 5127 domni
650 5068 902 5123 Ludovici
938 5065 1167 5136 piissimi
1201 5064 1457 5134 Augusti,
1488 5064 1779 5119 indictione

194 5162 397 5234 prima.

268 5251 465 5305 Actum
490 5250 764 5305 Carisiaco
791 5246 991 5317 palatio
1017 5244 1166 5314 regio
1196 5242 1247 5296 in
1280 5242 1375 5296 Dei
1412 5241 1626 5295 nomine
1655 5239 1775 5293 teli-

195 5340 358 5397 citer.
389 5339 579 5393 Amen.

899 5425 1072 5481 CCXI.

678 5523 776 5562 PRO
813 5521 985 5559 EADEM
1025 5515 1292 5557 ECCLESIA.

819 5595 988 5663 (Anno
1019 5588 1163 5659 836.)

686 5684 861 5756 [Apud
893 5683 1097 5746 Baluz.,
1133 5679 1288 5750 ibid.]

266 5778 325 5834 ln
370 5778 585 5833 nomine
630 5774 838 5831 Domini
879 5773 969 5827 Dei
1013 5781 1065 5826 et
1108 5770 1401 5826 Salvatoris
1443 5767 1613 5823 nostri
1646 5763 1773 5820 Jcsu

1889 603 2180 671 imperator
2209 603 2499 673 Augustus.

1958 688 2014 743 Si
2043 690 2383 745 sacerdotum
2410 706 2796 764 servorumque
2826 696 2919 751 Dei
2949 695 3112 766 justis
3139 710 3195 757 et
3222 703 3457 760 rationa—

1886 782 2082 836 bilibus
2107 783 2452 851 petitionibus
2485 799 2673 839 aurem
2701 790 3199 856 accommodamus,
3241 802 3457 849 eorum-

1886 888 1989 941 que
2022 872 2199 941 justas
2238 881 2293 927 et
2334 875 2682 933 rationabiles
2708 880 3095 947 postulationes
3123 884 3187 937 ad
3215 897 3453 955 optatum

1885 961 2137 1017 eﬁ'cctum
2164 965 2532 1033 perducimus,
2571 982 2676 1021 non
2704 969 2875 1023 solum
2908 973 3109 1042 regiam
3139 986 3192 1029 et
3220 978 3451 1047 impera-

1888 1053 2081 1107 toriam
2108 1068 2423 1108 exercemus
2444 1059 2906 1127 consuetudinem,
2936 1064 3029 1116 sed
3051 1065 3212 1118 etiam
3238 1069 3453 1122 eosdem

1886 1160 1986 1215 pro
2018 1145 2327 1201 excessibus
2361 1148 2562 1202 nostris
2595 1149 2807 1204 Domini
2852 1154 3278 1223 misericprdiam
3322 1173 3454 1212 exo-

1889 1234 2085 1290 randos
2124 1235 2427 1292 devotiores
2471 1240 2941 1311 promptioresque
2983 1242 3241 1309 facimus,
3294 1257 3455 1317 atque

1888 1345 1983 1402 per
2009 1331 2114 1385 hoc
2143 1330 2458 1387 immensam
2487 1331 2581 1387 Dei
2610 1334 3037 1405 misericqrdiam
3066 1336 3278 1394 facilius
3303 1338 3457 1395 nobis

1890 1421 2279 1477 conciliandam
2318 1435 2437 1477 esse
2475 1422 2813 1479 conﬁdimus.
2863 1425 3068 1480 Idcirco
3108 1437 3294 1483 notum
3335 1444 3457 1484 esse.

1891 1520 2136 1573 volumus
2172 1518 2382 1573 cunctis
2422 1517 2663 1572 ﬁdelibus
2702 1528 2901 1575 sanctze
2941 1520 3034 1575 Dci
3073 1522 3327 1578 Ecclesia:
3362 1540 3457 1579 nt»

1890 1606 2143 1675 strisque,
2158 1606 2514 1676 praesentibus
2536 1606 2740 1661 scilicet
2760 1616 2815 1663 et
2832 1608 3050 1674 futuris,
3072 1613 3195 1681 quia
3210 1612 3459 1670 Aldricus

1890 1701 2214 1755 venerabilis
2243 1702 2526 1770 cpiscopus
2553 1700 2748 1757 obtulit
2786 1703 2942 1759 nobis
2973 1706 3232 1774 quasdam
3274 1717 3453 1763 aucto-

1893 1792 2084 1845 ritates
2127 1807 2311 1861 regum
2356 1792 2686 1847 Francorum
2716 1793 2963 1849 videlicet
2990 1794 3333 1852 deccssorum
3364 1814 3459 1854 no~

1892 1888 2124 1935 stroriun
2160 1894 2285 1950 erga
2321 1881 2705 1936 monasterium
2734 1898 2892 1937 suum
2920 1885 3061 1953 quod
3098 1896 3248 1941 extra
3277 1903 3462 1943 muros

1888 1968 2127 2037 ejusdem
2154 1970 2304 2025 urbis
2331 1970 2382 2023 iu
2412 1969 2617 2024 honore
2642 1978 2843 2027 sancta:
2864 1971 2963 2026 Dei
2987 1974 3260 2043 genitricis
3282 1976 3463 2033 Maria:

1888 2064 1945 2111 et
1987 2058 2159 2112 sancti
2210 2056 2351 2112 Petri
2403 2059 2769 2127 apostolorum
2820 2061 3080 2133 principis
3124 2065 3460 2137 aliorumque

1888 2155 2199 2202 sanctorum
2229 2149 2391 2203 situm
2419 2158 2581 2218 atque
2609 2160 2989 2205 consecratum
3022 2160 3106 2208 est
3134 2154 3325 2220 factas,
3362 2172 3462 2225 per

1890 2252 2026 2307 quas
2045 2251 2169 2291 eum
2191 2238 2485 2293 immunem
2508 2254 2536 2292 a
2554 2239 2964 2308 quibuscunque
2984 2242 3213 2311 publicis
3237 2243 3464 2299 functio-

1890 2330 2050 2385 nibus
2078 2331 2380 2385 Statuentes
2422 2330 2520 2384 sub
2551 2345 2649 2384 sua
2677 2330 3018 2386 immunitate
3055 2340 3109 2387 et
3148 2332 3461 2389 defensione

1888 2406 2288 2478 constituerunt
2306 2462 2319 2487 ,
2361 2422 2673 2492 suppliciter
2696 2422 2971 2491 postulans
2996 2430 3055 2476 ut
3081 2423 3165 2493 pia
3193 2422 3331 2479 facta
3360 2442 3459 2479 an-

1889 2519 2220 2571 tecessorum
2248 2519 2555 2565 nostrorum
2585 2520 2843 2566 consueta
2872 2511 3207 2582 benignitate
3228 2520 3283 2568 et
3308 2530 3462 2569 man-

1889 2602 2176 2657 suetudine
2224 2610 2425 2656 nostra:
2467 2600 2801 2659 celsitudinis
2846 2602 3149 2656 roboranda
3196 2602 3459 2672 imperiali

1889 2689 2211 2748 auctoritate
2234 2691 2587 2745 saneiremus.
2640 2690 2805 2761 Cujus
2849 2692 3105 2760 precibus
3152 2708 3335 2747 aurern
3378 2692 3459 2747 fa-

1888 2782 2034 2836 voris
2062 2780 2417 2836 libentissime
2444 2779 2941 2844 accommodantes,
2987 2779 3087 2835 has
3125 2784 3463 2837 auctoritatis

1886 2860 2089 2926 nostra:
2115 2871 2325 2929 litteras
2354 2869 2497 2924 circa
2525 2876 2886 2937 memoratum
2928 2869 3307 2924 monasterium
3340 2869 3461 2925 ﬁeri

1880 2960 2183 3029 jussimus;
2244 2976 2341 3030 per
2390 2972 2524 3028 quas
2578 2957 2955 3027 praecipientes
3000 2958 3245 3013 volumus
3299 2966 3463 3029 atque

1880 3050 2135 3120 jubemus
2176 3060 2236 3105 ut
2278 3050 2458 3104 nullus
2500 3050 2756 3119 quislibet
2796 3050 3016 3119 majoris
3058 3058 3151 3104 aut
3187 3048 3461 3106 inferioris

1890 3142 2095 3198 ordinis
2120 3157 2214 3196 seu
2240 3140 2526 3210 quisquam
2554 3155 2618 3196 ex
2645 3139 2935 3211 judiciarla
2964 3148 3241 3210 potestate.
3258 3142 3312 3195 in
3336 3158 3460 3197 curs

1891 3240 1971 3289 tes
2000 3238 2055 3286 et
2078 3230 2232 3284 villas
2262 3244 2355 3284 seu
2387 3229 2505 3283 loca
2547 3237 2641 3282 aut
2682 3243 2840 3299 agros
2873 3227 3112 3297 ejusdem
3147 3232 3457 3285 monasterii

1888 3323 1955 3376 ad
1988 3336 2182 3376 causas
2216 3319 2504 3390 judiciario
2547 3334 2697 3374 more
2741 3318 3037 3374 audiendas
3082 3329 3137 3374 et
3176 3320 3457 3376 inferenda

1887 3409 2149 3479 exigenda
2172 3449 2185 3473 ,
2233 3416 2328 3461 aut
2363 3408 2602 3462 teloneos
2635 3406 3013 3476 requirendos,
3048 3403 3149 3465 nec
3180 3408 3330 3464 t'rcda
3366 3420 3456 3467 aut

1890 3498 2230 3569 ﬁdejussores
2269 3498 2568 3563 tollendos,
2617 3512 2714 3554 seu
2760 3498 3068 3553 mansiones
3098 3507 3201 3569 aut
3244 3509 3460 3569 paratas

1889 3589 2166 3645 faciendas
2184 3629 2199 3653 ,
2242 3596 2333 3654 aut
2357 3587 2604 3642 homines
2629 3587 2795 3657 ipsius
2823 3587 3138 3642 monasterii
3167 3596 3275 3641 tam
3305 3588 3457 3657 iuge-

1887 3695 2025 3735 nuos
2052 3695 2213 3750 quam
2244 3694 2429 3734 servos
2457 3677 2858 3748 distringendos
2877 3718 2893 3743 ,
2919 3693 3018 3732 nec
3040 3677 3176 3733 ullas
3216 3679 3456 3734 redhibi-

1886 3772 2062 3828 tiones
2094 3768 2442 3837 reunreudas
2468 3761 2901 3844 seu"exigendas,
2926 3764 3032 3820 ullo
3059 3777 3294 3835 unquam
3326 3774 3458 3821 tem-

1883 3876 2014 3931 pore
2064 3858 2270 3927 ingredi
2317 3864 2611 3927 praesumat
2659 3863 2752 3909 aut
2798 3856 3015 3925 exigere
3066 3856 3297 3920 audeat;
3360 3858 3458 3911 scd

1885 3950 2145 4022 quidquid
2187 3948 2379 4003 exinde
2423 3944 2586 4000 ﬁscus
2628 3960 2845 4015 sperare
2888 3952 3136 4014 poterat,
3186 3953 3353 4001 totum
3400 3946 3455 4000 in

1884 4040 2169 4096 luminaria
2198 4037 2436 4106 ejusdem
2468 4035 2707 4090 ecclesiae
2741 4043 2901 4102 atque
2940 4036 3288 4089 necessitates
3326 4050 3455 4107 con-

1882 4132 2209 4205 gregationis
2241 4132 2292 4183 in
2324 4144 2389 4185 eo
2424 4127 2651 4182 Domino
2685 4127 2967 4183 militantis
3002 4127 3358 4183 sublevandas
3391 4145 3456 4185 ac

1883 4222 2180 4277 fulciendas
2205 4230 2467 4291 perpetuo
2493 4221 2649 4274 cedat
2678 4229 2838 4287 atque
2866 4217 3144 4288 proﬁciat,
3190 4230 3455 4289 quatenus

1884 4322 2241 4370 memoratam
2290 4311 2763 4380 congregationem
2810 4324 2910 4378 pro
2954 4311 3139 4371 nobis,
3192 4310 3451 4381 conjuge.

1884 4424 1948 4463 ac
1973 4396 2368 4477 prole‘nostra,
2412 4414 2469 4457 et
2497 4401 2788 4465 stabilitate
2828 4401 2995 4456 totius
3032 4401 3239 4471 imperii
3281 4406 3451 4459 nostri

1805 4501 1857 4559 Β
1885 4497 2096 4552 Domini
2147 4492 2574 4549 misericordiam
2623 4491 2880 4546 attentius
2928 4506 3152 4547 exorare
3198 4493 3447 4549 delectet.

1887 4588 1943 4642 Si
1973 4586 2093 4656 quis
2131 4594 2310 4638 autem
2344 4581 2648 4651 judiciarfte
2682 4580 3101 4650 potestatistam
3134 4585 3451 4638 temerarius

1885 4676 2155 4734 exstiterit
2194 4682 2256 4727 ut
2295 4673 2437 4727 hanc
2468 4681 2709 4727 nostram
2737 4685 3030 4739 eorumque
3064 4672 3449 4740 prmeeptioncs

1884 4766 2083 4821 violare
2108 4773 2352 4827 conetur,
2385 4762 2597 4816 noverit
2625 4776 2703 4825 se,
2744 4761 2883 4814 sicut
2910 4760 2962 4813 in
2991 4759 3445 4829 prmdecessorum

1882 4864 2191 4911 nostrorum
2236 4850 2669 4907 immunitatibus
2712 4848 3039 4911 continetur,
3085 4862 3148 4901 nc
3190 4846 3289 4901 sol.
3330 4862 3448 4902 esse

1880 4944 2213 5000 multandum
2231 4984 2245 5005 ,
2285 4956 2349 4997 ex
2380 4941 2572 5010 quibus
2600 4938 2732 4994 duas
2759 4945 2945 5007 partes
2970 4944 3207 4993 rectores
3237 4952 3444 4990 inemo-

1880 5037 1983 5090 rati
2011 5034 2358 5098 monasterii,
2401 5032 2616 5087 tertiam
2640 5045 2771 5086 vero
2802 5028 2964 5083 ﬁscus
2991 5033 3174 5081 noster
3199 5026 3442 5095 recipiat.

1880 5126 1945 5180 Et
1975 5133 2033 5179 ut
2061 5126 2179 5179 haec
2201 5133 2387 5179 nostra
2427 5121 2725 5175 auctoritas
2763 5116 3121 5173 inviolabilem
3160 5124 3214 5169 et
3254 5115 3441 5168 incon-

1876 5214 2084 5269 vulsam
2123 5213 2362 5267 obtineat
2393 5211 2740 5272 ﬁrmitatem,
2793 5221 2951 5260 manu
2999 5202 3213 5273 pr0pria
3258 5192 3444 5255 subter

1876 5318 1993 5357 eam
2024 5301 2385 5363 ﬁrmavimus,
2424 5307 2480 5353 et
2503 5298 2685 5353 annuli
2715 5295 2884 5350 nostri
2921 5292 3273 5362 impressione
3302 5291 3437 5345 assi-

1878 5394 2027 5465 gnari
2052 5393 2331 5463 jussimus.

1950 5487 2172 5554 Signum
2202 5484 2458 5540 Ludovici
2484 5480 2711 5553 piissimi
2740 5480 3097 5548 imperatoris.

1946 5576 2341 5631 llirminmarus
2371 5571 2611 5629 notarius
2637 5568 2702 5622 ad
2726 5568 2895 5622 vicem
2926 5564 3163 5635 llugonis
3193 5576 3453 5633 recogno-

1875 5668 1951 5721 vit
1977 5676 2031 5719 ct
2056 5662 2393 5733 subscripsit.

1948 5758 2079 5813 Data
2104 5774 2136 5811 χ
2158 5755 2274 5811 Kal.
2306 5751 2498 5825 April.,
2528 5765 2689 5821 anno,
2719 5748 2935 5805 Christo
2972 5744 3223 5817 propitio,
3248 5741 3317 5798 25
3338 5742 3437 5797 im-
