3924 6340
451 412 590 467 1275

1578 398 1903 458 LUDOVICI
1934 397 1955 452 Ι
1992 395 2459 454 COGNOMENTD
2496 396 2574 451 PII

3577 395 3710 448 ιὲῗϐ

440 526 580 597 perii
610 524 789 579 domni
830 522 995 578 nostri
1025 520 1281 577 Ludovici
1322 519 1549 589 piissimi
1582 516 1847 589 Augusti,
1892 512 2030 566 indi-
2058 512 2109 570 A
2134 524 2290 566 suum
2327 520 2659 581 praiceptum
2686 553 2701 577 ,
2745 513 2963 582 propria
3003 513 3214 567 scilicet
3262 527 3358 567 sua
3404 490 3567 569 manu
3621 530 3707 569 ro-

443 615 627 669 ctione
657 613 710 666 4.

516 705 715 758 Actum
734 702 1063 774 Aquisgrani
1093 701 1294 773 palatio
1320 700 1471 771 regio
1500 701 1551 754 in
1580 699 1673 753 Dei
1703 698 1921 753 nomine
1952 697 2030 751 fe-

446 793 642 849 liciter.
671 793 869 848 Amen.

936 1032 1034 1069 PRO
1073 1031 1248 1070 EADEI
1288 1031 1557 1070 ECCLESIA.

1061 1128 1233 1193 (Αηηο
1271 1128 1423 1199 ssc.)

949 1216 1128 1288 [Apud
1152 1217 1369 1283 Belum,
1397 1218 1526 1273 ibid.

517 1318 576 1373 In
604 1319 825 1373 nomine
852 1317 1067 1374 Domini
1115 1320 1213 1376 Dei
1261 1330 1319 1376 et
1369 1321 1672 1377 Salvatoris
1706 1323 1875 1377 nostri
1906 1323 2034 1376 Iesu

446 1410 649 1468 Christi
668 1453 692 1478 ,
739 1412 1066 1479 Ludovicus,
1096 1414 1280 1469 divina
1306 1415 1697 1485 repropitiante
1722 1414 2032 1477 clementia,

447 1502 744 1572 imperator
772 1503 1067 1575 Augustus.

518 1592 578 1647 Si
620 1596 971 1663 petitionibus
1036 1600 1379 1653 sacerdotum
1448 1612 1837 1668 servorumque
1893 1596 2031 1661 Dei,

445 1683 607 1752 iustis
643 1694 698 1741 et
745 1688 1098 1747 rationalibus
1148 1691 1599 1761 postulationibus
1632 1707 1732 1761 pro
1773 1689 2037 1760 quibusli-

446 1780 540 1834 bet
564 1781 919 1837 ecclesiamm
940 1784 1044 1839 sibi
1064 1786 1476 1841 commissarum
1503 1788 1733 1858 negotiis
1762 1796 1816 1842 et
1846 1801 2036 1841 neces-

2134 606 2404 669 boratum,
2433 614 2487 660 et
2516 601 2702 660 annuli
2716 606 2798 660 sui
2817 606 3170 674 imprcsslone
3193 604 3487 674 signatmu,
3516 604 3710 667 futuris

2135 694 2464 764 temporibus
2491 693 2617 763 jure
2645 695 3009 750 ecclesiastico
3043 694 3450 763 possidendum,
3489 703 3551 749 ut
3586 694 3705 749 vere

2134 784 2273 852 quod
2294 783 2594 849 asserebat,
2611 786 2878 839 veraciter
2899 784 3053 839 nobis
3068 799 3169 854 per
3187 785 3367 839 omnia
3385 792 3703 854 putesceret,

2134 874 2326 930 obtulit
2357 876 2637 932 obtutibus
2668 874 2967 948 majestatis
3009 885 3211 931 nostra:
3245 876 3489 946 quaedam
3518 877 3706 930 instru-

2138 973 2314 1018 menta
2343 974 2652 1019 sanctorum
2682 966 2919 1035 pr0priis
2938 963 3431 1036 subscriptionlbus
3453 964 3665 1018 ﬁrmata
3687 1005 3703 1025 ,

2137 1061 2484 1113 monumenta
2514 1053 2765 1109 videlicet
2788 1056 3121 1120 chartarum,
3168 1055 3501 1126 etpraedicti
3524 1055 3707 1109 domui

2134 1151 2188 1196 et
2219 1143 2482 1213 genitoris
2493 1144 2679 1198 nostri
2703 1142 2881 1201 Caroli
2905 1145 3135 1214 piissimi
3157 1144 3385 1216 Augusti
3410 1144 3711 1213 inquisitio-

2135 1247 2258 1287 nem
2280 1240 2443 1301 atque
2464 1234 2967 1302 supranominatum
2986 1244 3330 1304 prmeeptum,
3356 1249 3462 1303 per
3475 1234 3641 1302 quod,
3656 1232 3709 1287 ut

2128 1325 2243 1394 jam
2267 1323 2471 1378 dictum
2488 1333 2603 1387 est,
2633 1326 3008 1395 praescriptum
3044 1326 3279 1381 Anisolae
3319 1327 3710 1381 monasterium

2134 1422 2448 1468 memoratae
2486 1414 2674 1468 matris
2716 1413 2961 1469 ecclesia:
3007 1414 3321 1469 solemuiter
3368 1424 3425 1470 et
3471 1417 3714 1485 legaiiter

2136 1504 2386 1559 reddidit.
2402 1503 2626 1573 Insuper
2640 1504 2832 1559 detulit
2846 1504 2999 1561 nobis
3010 1506 3267 1561 nonnulla
3284 1506 3515 1563 aliorum
3532 1524 3712 1580 regum

2133 1602 2407 1665 praecepta
2436 1610 2545 1650 non
2578 1609 2749 1664 pauca
2779 1596 3234 1665 decessorumque
3286 1605 3601 1652 ηοςιτοι-υω
3631 1616 3715 1654 re-

2139 1700 2264 1756 gum
2295 1684 2548 1740 videlicet
2581 1684 2918 1739 Francorum
2938 1725 2952 1749 ,
2983 1685 3220 1755 prapriis
3250 1686 3506 1741 manibus
3535 1703 3718 1742 θοι-τοι

2140 1780 2331 1834 borata
2359 1817 2375 1843 ,
2410 1785 2465 1831 et
2496 1776 2689 1847 sigillis
2732 1790 2924 1831 eorum
2979 1762 3167 1830 subter
3200 1774 3721 1857 sigillata;_ﬁquibus

447 1869 699 1927 similius
739 1888 931 1928 eorum
946 1890 1117 1931 aures
1150 1886 1367 1932 nostras
1398 1846 1629 1933 libenter
1650 1880 1958 1942 annuimus,
1979 1889 2035 1933 et
2063 1846 2108 1904 Β
2137 1869 2396 1939 impedis
2440 1846 2601 1937 ειαύε
2641 1865 2858 1921 “leuis
2890 1864 3170 1935 θῗίάθηῑθτ
3205 1852 3523 1921 οδίθηάίιυί
3538 1866 3725 1935 Pndi—

445 1972 541 2012 eas
585 1975 711 2014 cum
762 1963 855 2017 Dei
898 1964 1104 2019 auxilio
1130 1966 1195 2019 ad
1229 1967 1480 2020 elTectum
1507 1969 1877 2037 perducimus,
1925 1983 2032 2022 non

446 2049 620 2104 solum
653 2053 857 2122 regiam
897 2061 953 2107 et
981 2052 1397 2122 imperatoriam
1450 2043 1779 2113 exercemus
1807 2072 2036 2113 consue-

446 2140 692 2196 tudinem
716 2182 729 2205 ,
768 2142 865 2198 sed
903 2142 957 2197 id
995 2143 1153 2199 nobis
1205 2147 1274 2200 ad
1317 2156 1533 2202 aeternae
1584 2149 2035 2203 remunerationis

446 2234 668 2302 praemia
723 2235 1066 2303 percipienda
1110 2237 1450 2306 profuturum
1500 2238 1704 2307 liquido
1741 2239 2032 2293 credimus.

449 2324 656 2379 Idcirco
680 2336 865 2380 notum
890 2342 1013 2382 esse
1044 2329 1291 2383 volumus
1314 2329 1527 2384 cunctis
1560 2329 1807 2384 fidelibus
1836 2337 2036 2385 saneta

448 2415 541 2469 Dei
573 2416 818 2470 ecclesiae
855 2424 910 2471 et
958 2420 1162 2473 nostris
1188 2459 1201 2481 ,
1236 2422 1593 2488 praesentibus
1622 2420 1847 2475 scilicet
1874 2429 1931 2475 et
1961 2420 2039 2473 fu-

449 2508 624 2569 turis,
670 2509 927 2577 quoniam
990 2510 1181 2564 adiens
1237 2511 1588 2565 serenitatem
1637 2519 1881 2566 nostram
1940 2510 2036 2565 Al-

449 2598 633 2653 dricus
660 2598 986 2655 venerabilis
1017 2598 1393 2655 Cenomanicae
1426 2601 1579 2656 urbis
1619 2602 1906 2672 episcopus
1952 2601 2036 2655 in-

448 2685 626 2739 ualuit
672 2687 829 2742 nobis
855 2690 1000 2757 quod
1031 2688 1422 2743 monasterium
1446 2690 1682 2745 Anisolaa
1708 2691 1871 2745 situm
1898 2690 2039 2745 infra

450 2779 713 2834 terminos
759 2778 1030 2847 parochia‘.
1061 2794 1195 2844 sure,
1235 2780 1287 2833 in
1318 2794 1433 2849 quo
1466 2780 1631 2836 etiam
1674 2789 1894 2837 sanctus
1939 2780 2043 2838 Ca-

452 2868 695 2941 ι’ἱὶῳδω
729 2882 958 2938 corpore
988 2870 1300 2938 requiescit,
1328 2886 1359 2925 a
1383 2868 1497 2938 jam
1530 2871 1675 2926 dicto
1707 2872 1904 2927 domno
1931 2872 2037 2927 Ca—

454 2961 662 3029 rilspbo
686 2960 1011 3016 concedente
1036 2970 1198 3031 atque
1220 2964 1507 3018 ordinante
1534 2965 1733 3019 domno
1749 2964 2041 3019 Innocente

454 3054 781 3122 prsescriptae
810 3052 959 3107 urbis
973 3055 1241 3122 quondam
1258 3053 1511 3123 episcopo
1541 3056 1605 3109 de
1627 3056 1789 3110 rebus
1820 3064 1928 3109 tam
1956 3056 2039 3110 sui

453 3143 711 3209 episcopii
746 3157 909 3210 quam
950 3150 1007 3197 et
1033 3144 1098 3198 de
1124 3142 1285 3197 rebus
1306 3144 1535 3198 aliorum
1566 3145 1830 3199 bonorum
1865 3145 2041 3199 homi-

455 3248 585 3287 num
614 3242 724 3287 tam
754 3249 939 3304 regum
974 3249 1139 3304 quam
1178 3244 1234 3289 et
1262 3234 1488 3288 aliorum
1520 3235 1775 3290 nobilium
1798 3236 2037 3291 virorum

455 3334 758 3381 memorato
786 3328 983 3383 domm
1026 3326 1316 3398 Cariiepbo
1361 3330 1578 3385 traditis
1603 3372 1617 3394 ,
1651 3346 1786 3401 quas
1826 3339 1881 3386 et
1924 3332 2041 3403 ipse

454 3427 644 3490 postea
676 3433 773 3489 per
806 3421 1165 3475 instrumenta
1209 3424 1523 3478 chartarum
1556 3431 1612 3477 et
1636 3439 1735 3493 per
1764 3424 2040 3479 licentiam

450 3511 571 3566 sive
604 3511 928 3581 permissum
973 3519 1136 3580 atque
1164 3528 1486 3567 consensum
1525 3513 1858 3587 Cbildeberti
1897 3516 2043 3585 regis

459 3602 791 3656 Francorum
816 3603 884 3656 ad
911 3610 1138 3656 matrem
1182 3612 1236 3657 et
1266 3604 1502 3659 civitatis
1536 3604 1822 3659 ecclesiam
1852 3645 1867 3668 ,
1922 3620 2042 3674 qua:

458 3702 542 3749 est
571 3701 885 3749 constructa
917 3694 971 3748 in
997 3694 1204 3749 honore
1236 3706 1435 3752 sancte
1481 3697 1662 3751 Mariae
1696 3698 1790 3752 Dei
1821 3698 2045 3767 genitri-

459 3786 539 3841 cis
566 3792 619 3840 et
647 3793 961 3840 sanctorum
1000 3793 1299 3855 martyrum
1352 3786 1599 3841 Gervasii
1653 3796 1708 3841 et
1764 3786 1997 3842 Protasii
2026 3827 2039 3851 ,

461 3876 700 3931 instante
728 3884 781 3929 et
809 3874 1171 3929 coniirmante
1221 3875 1374 3943 jusso
1426 3876 1668 3945 praedicti
1710 3878 2042 3933 Cbildeberti

461 3966 607 4037 regis
638 3964 969 4019 Francorum
991 4004 1005 4029 ,
1034 3974 1092 4019 et
1136 3958 1357 4018 tradidit
1386 3975 1547 4034 atque
1578 3967 1840 4022 canonice
1872 3976 1927 4021 et
1971 3968 2046 4024 le-

462 4053 656 4125 galiter
720 4053 1091 4117 confirmavit,
1152 4054 1205 4107 in
1264 4054 1459 4123 quibus
1512 4055 1676 4109 rebus
1726 4057 2043 4125 prmdictum

464 4147 854 4201 monasterium
905 4146 1187 4199 fundatum
1244 4162 1272 4199 a
1318 4145 1430 4212 jam
1481 4148 1640 4202 dictis
1675 4149 1879 4203 sanctis
1915 4150 2045 4204 viris

466 4245 629 4304 atque
657 4246 1031 4289 constructum
1057 4244 1159 4298 est,
1186 4245 1241 4289 et
1276 4252 1303 4287 a
1332 4236 1601 4302 praedictae
1647 4238 1789 4291 sedis
1829 4238 2046 4308 pontifi-

467 4326 622 4380 cibus
654 4325 915 4379 canonice
937 4324 1257 4394 legibusque
1282 4324 1440 4393 longo
1466 4333 1709 4394 tempore
1734 4342 2043 4395 possessum

471 4426 634 4485 atque
684 4416 1017 4470 dominatum
1043 4456 1057 4479 ,
1087 4407 1184 4469 sed
1209 4414 1531 4483 quibusdam
1562 4416 2046 4471 intervenientibus

469 4510 649 4564 causis
680 4506 1020 4577 postmodum
1070 4521 1100 4560 a
1131 4504 1253 4573 jure
1290 4505 1527 4575 praefata:
1574 4508 1764 4562 matris
1804 4508 2049 4563 ecclesiae
2076 4525 2127 4583 D

471 4601 807 4655 subtractum
848 4604 909 4650 et
938 4594 1122 4664 aliquo
1168 4604 1411 4665 tempore
1461 4596 1661 4666 injuste
1715 4598 1883 4652 fuisse
1917 4598 2048 4653 alie-

472 4696 679 4743 natum.
712 4686 821 4741 Sed
847 4685 964 4740 haec
988 4686 1169 4740 omnia
1193 4726 1207 4749 ,
1258 4693 1319 4739 ut
1346 4687 1502 4740 nobis
1529 4704 1559 4740 a
1590 4688 1837 4755 Drogone
1883 4688 2053 4744 fratre

474 4787 530 4832 et
602 4776 1035 4846 archicapeihuo
1092 4784 1278 4831 nostro
1334 4789 1390 4831 et
1439 4794 1468 4831 a
1526 4780 1748 4849 reliquis
1804 4778 2054 4837 ﬁdelibus

475 4870 656 4924 missis
696 4868 899 4923 nostris
923 4909 938 4934 ,
972 4868 1169 4940 quibus
1192 4869 1297 4923 hoc
1332 4868 1657 4939 investigare
1684 4880 1739 4925 et
1768 4872 2055 4942 diligenter

477 4963 754 5030 inquirere
783 4962 1159 5032 praecepimus,
1186 4962 1453 5016 veraciter
1483 4963 1848 5017 renuntiatum
1879 4972 1965 5017 est
2001 4972 2055 5017 et

478 5055 694 5125 scriptis
720 5048 1125 5109 manifestatum
1169 5069 1199 5107 a
1239 5053 1397 5109 bona:
1442 5054 1719 5109 memoriae
1757 5056 1953 5110 domno
2001 5063 2057 5110 et

479 5150 723 5221 genitore
748 5152 932 5201 nostro
952 5144 1146 5200 Carolo
1168 5144 1558 5216 gloriosissimo
1577 5162 1702 5217 rege
1723 5146 2054 5201 Francorum

483 5246 551 5299 ad
593 5242 859 5312 liquidum
887 5240 1016 5296 olim
1046 5239 1212 5295 fuisse
1238 5247 1347 5293 tam
1374 5254 1472 5313 per
1500 5254 1557 5294 se
1597 5253 1757 5308 quam
1785 5255 1882 5309 per
1926 5239 2057 5293 llde-

480 5336 719 5392 lissimos
741 5335 935 5389 missos
955 5342 1079 5388 s'uos
1099 5340 1437 5402 perscrutata
1461 5340 1516 5386 et
1541 5332 2061 5401 diligenterinvesti-

484 5437 608 5500 gata
635 5466 650 5491 ,
684 5434 739 5481 et
766 5434 889 5496 post
917 5425 994 5479 rei
1033 5423 1316 5485 veritatem
1366 5424 1633 5478 veraciter
1682 5425 2059 5494 investigatam

483 5519 821 5588 pleniterque
868 5531 964 5586 per
990 5515 1169 5570 omnia
1201 5510 1471 5585 cognitam
1503 5515 1568 5568 ad
1600 5512 1690 5580 jus
1727 5524 1780 5568 et
1818 5515 2061 5570 domina-

489 5611 691 5663 tionem
735 5608 1063 5678 praescripta
1114 5606 1488 5661 Cenomanicze
1556 5606 1747 5659 matris
1818 5607 2061 5660 ecclesiae

490 5698 755 5753 Franconi
799 5696 1041 5766 ejusdem
1088 5695 1343 5751 ecclesias
1374 5697 1626 5765 episcopo
1676 5694 1909 5749 Anisolae
1948 5711 2062 5748 mo-

492 5788 787 5844 nasterium
831 5786 1090 5842 canonice
1131 5794 1186 5839 ct
1233 5785 1477 5856 legalitcr
1522 5784 1786 5839 redditum
1815 5824 1828 5849 ,
1865 5792 1917 5837 et
1968 5800 2062 5849 per

2138 1968 2285 2015 ctum
2302 1958 2690 2014 monasterium
2701 1958 2841 2028 juris
2862 1956 3163 2025 saapedictae
3184 1958 3327 2011 sedis
3347 1956 3723 2012 Cenomanic:

2142 2052 2245 2107 sibi
2270 2051 2573 2106 commissae
2585 2064 2726 2117 esse,
2742 2057 2798 2105 et
2823 2051 2878 2104 in
2904 2049 3076 2119 ipsius
3099 2047 3474 2107 dominatione
3494 2046 3630 2117 jure
3646 2047 3725 2101 ﬁr-

2140 2140 2387 2195 missimo
2415 2138 2616 2194 debere
2644 2139 2957 2209 persistere,
2988 2151 3095 2206 qua
3127 2138 3194 2194 de
3228 2153 3287 2193 re
3318 2137 3608 2192 humiliter
3633 2138 3726 2192 im-

2138 2231 2363 2301 plorans
2383 2237 2622 2285 nostram
2644 2228 2988 2285 clementiam
3009 2236 3068 2282 ut
3090 2228 3232 2299 quod
3256 2238 3365 2282 tam
3387 2228 3728 2283 evidentibus

2140 2321 2360 2377 indiciis
2388 2319 2729 2384 declaratur,
2756 2326 2943 2372 nostra
2985 2332 3200 2388 quoque
3242 2317 3584 2380 assensione,
3620 2318 3726 2372 imo

2139 2411 2465 2467 auctoritate
2510 2408 2901 2464 declararetur.
2950 2406 3079 2475 Quae
3117 2408 3192 2462 ita
3223 2407 3487 2490 liquidius
3538 2421 3729 2478 cogno-

2142 2493 2378 2562 scentes,
2415 2498 2604 2568 eisque
2633 2498 2702 2553 ob
2730 2511 2973 2552 amorem
3009 2496 3105 2553 Dei
3139 2505 3196 2552 et
3246 2496 3494 2567 ejusdem
3534 2505 3723 2557 sancti

2143 2592 2292 2646 sedis
2330 2588 2692 2645 reverentiam
2721 2585 2965 2645 favorem
2999 2586 3445 2643 uostrieulminis
3475 2586 3729 2647 adhibere

2142 2681 2366 2750 dignum
2401 2677 2730 2749 iudicantes,
2762 2678 2904 2732 hanc
2931 2678 3270 2733 auctoritatis
3299 2686 3502 2731 nostra:
3529 2693 3730 2747 praece-

2140 2776 2384 2848 ptionem
2411 2773 2525 2828 suis
2544 2787 2644 2843 per
2675 2779 2915 2840 tempora
2948 2770 3357 2826 successoribus
3383 2768 3505 2824 ﬁeri
3528 2785 3598 2827 ac
3623 2770 3731 2825 dari

2134 2866 2422 2936 jussimus,
2460 2879 2558 2934 per
2586 2878 2748 2935 quam
2773 2864 3114 2918 decernimus
3158 2870 3321 2933 atque
3362 2863 3646 2929 sancimus
3680 2871 3736 2917 ut

2143 2966 2506 3016 memoratum
2535 2962 2925 3012 monasterium
2954 2953 3190 3009 Auisolaa
3233 2952 3381 3023 quod
3420 2952 3733 3025 aliquandiu

2144 3051 2212 3106 ab
2240 3064 2428 3106 eorum
2451 3047 2574 3117 jure
2596 3056 2656 3101 et
2690 3044 2895 3101 ditione
2924 3045 3261 3101 subtractum
3308 3041 3514 3107 fuerat,
3541 3042 3735 3098 abhinc

2145 3144 2199 3198 in
2231 3151 2508 3212 posterum
2537 3137 2771 3193 habeant
2790 3145 2843 3191 et
2859 3136 3169 3206 possideant
3185 3151 3199 3199 ;
3216 3140 3278 3188 ut
3296 3133 3565 3204 quidquid
3588 3147 3734 3187 more

2143 3232 2518 3290 ecclesiastico
2544 3230 2611 3286 de
2635 3245 2703 3284 eo
2726 3229 3013 3297 disponere
3041 3226 3345 3297 voluerint,
3372 3225 3607 3282 liberam
3637 3225 3733 3279 ba-

2141 3328 2306 3381 beant
2329 3325 2673 3394 potéstatem,
2709 3332 2885 3389 neque
2904 3317 3013 3372 ullo
3035 3317 3290 3385 deinceps
3313 3322 3569 3383 tempore
3594 3330 3624 3367 a
3642 3316 3729 3385 ju-

2144 3431 2203 3470 re
2241 3412 2575 3485 prasscriptae
2613 3409 2755 3465 sedis
2785 3405 3008 3476 ejusque
3049 3415 3323 3460 rectorum
3370 3401 3621 3473 qualibet
3656 3418 3733 3458 oo-

2146 3505 2365 3560 casione
2392 3510 2488 3557 aut
2511 3499 2767 3557 violentia
2794 3506 3130 3571 segregetur,
3155 3497 3250 3552 sed
3271 3510 3492 3565 semper
3516 3495 3573 3550 in
3602 3493 3735 3548 illius

2148 3604 2533 3664 rectorumque
2577 3592 2694 3662 ejus
2722 3598 2991 3660 potestate
3011 3595 3065 3641 et
3093 3587 3450 3658 dispositione
3474 3594 3534 3640 et
3559 3584 3734 3640 volun-

2146 3693 2257 3741 tate
2277 3686 2344 3739 ad
2363 3665 2607 3739 divinum
2628 3681 2829 3736 cultum
2845 3678 3165 3749 propensius
3182 3678 3597 3747 exsequendum
3618 3690 3732 3731 cum

2145 3775 2397 3830 omnibus
2422 3772 2492 3827 ad
2530 3786 2589 3827 se
2634 3770 3035 3841 pertinentibus
3060 3766 3415 3836 integerrime
3436 3763 3735 3819 sincerissi-

2146 3879 2343 3933 meque
2376 3869 2638 3933 perpetuo
2671 3858 2956 3914 consistat.
3006 3856 3073 3909 Et
3098 3864 3158 3909 ut
3193 3856 3309 3909 haec
3330 3862 3537 3908 nostra:
3566 3853 3733 3908 reddi.

2148 3954 2313 4008 tionis
2339 3952 2639 4006 auctoritas
2666 3945 3029 4003 inviolabilem
3063 3955 3121 4000 et
3144 3943 3529 4002 incouvulsam
3556 3957 3737 4013 perpe-

2149 4051 2403 4109 tuamque
2447 4039 2693 4095 obtineat
2723 4036 3057 4100 firmitatem,
3092 4050 3253 4088 manu
3288 4034 3512 4103 propria
3560 4033 3751 4087 subter

2150 4131 2522 4194 ﬁrmavimus,
2558 4140 2617 4185 et
2643 4128 2828 4183 annuli
2866 4127 3038 4183 nostri
3068 4126 3427 4195 impressione
3469 4123 3736 4193 assignari

2144 4222 2426 4293 jussimus.

2224 4315 2449 4386 Signum
2475 4311 2735 4368 Ludovici
2768 4308 2999 4381 piissimi
3027 4308 3390 4378 imperatoris.

2225 4404 2620 4458 Hirminmarus
2636 4399 2881 4456 notarius
2894 4401 2959 4453 ad
2984 4398 3154 4453 vicem
3183 4396 3426 4467 Hugonis
3452 4397 3735 4466 recognovi

2154 4505 2208 4553 et
2236 4494 2554 4564 subscripsi.

2225 4588 2361 4641 Data
2374 4602 2446 4640 vn
2469 4584 2591 4639 ldus
2623 4579 2921 4650 Septemb,
2953 4594 3118 4643 anno,
3136 4578 3355 4635 Christo
3378 4580 3647 4650 propitio,
3674 4579 3739 4634 23

2152 4679 2369 4748 imperii
2398 4675 2578 4733 domui
2603 4671 2862 4729 Ludovici
2888 4670 3117 4741 piissimi
3140 4669 3371 4741 Augusti
3398 4710 3415 4737 ,
3444 4670 3737 4726 indictione

2151 4770 2343 4839 prima.

2221 4862 2415 4913 Actum
2439 4854 2711 4925 Carisiaco
2736 4852 2935 4923 palatio
2962 4850 3110 4922 regio
3146 4851 3199 4903 in
3244 4850 3338 4905 Dei
3373 4850 3600 4906 nomine
3625 4849 3746 4907 {eii-

2155 4950 2313 5005 citer.
2344 4945 2515 5003 Amen
2529 4985 2545 4999 .

2829 5031 3048 5087 CCXIII.

2405 5162 2505 5202 PRO
2544 5158 2771 5200 Αιωιιεο
2807 5156 3165 5197 CENOIANESSI
3214 5156 3488 5197 EPISCOPO.

2784 5233 2957 5304 (Anno
2985 5232 3133 5304 856.)

2166 5309 2501 5398 I’riuilegium
2536 5333 2754 5379 monetis
2793 5324 2841 5377 ei
2863 5322 3097 5445 dcjusque
3132 5322 3526 5377 successoribus
3562 5338 3733 5376 conce-

2900 5402 3025 5445 itur.

2900 5402 3025 5445 itur.

2659 5482 2830 5554 [Apud
2863 5482 3069 5543 Baluz.,
3094 5479 3250 5552 ibid.]

2235 5599 2292 5652 In
2323 5596 2549 5651 nomine
2570 5594 2783 5648 Domini
2832 5592 2926 5646 Dei
2977 5600 3032 5646 et
3072 5591 3375 5649 Salvatoris
3406 5596 3584 5649 nostri
3619 5592 3735 5646 Jcsu

2162 5688 2393 5749 Christi,
2425 5685 2749 5750 Ludovicus,
2795 5684 2973 5738 divina
3010 5683 3399 5753 repropitiante
3430 5682 3735 5744 clementia.

2165 5785 2454 5844 imperator
2482 5781 2772 5843 Augustus.
