3924 6314
242 417 376 471 ηπ

238 616 384 671 libus
401 618 746 685 petitionibus
769 619 835 673 ad
848 626 1089 687 optatum
1109 629 1292 671 aurem
1318 616 1807 678 accommodamus,

241 722 359 761 non
381 707 552 761 solum
593 707 795 776 regiam
825 716 879 762 et
920 706 1318 776 imperatoriam
1344 719 1657 760 exercemus
1684 718 1809 759 con-

239 796 600 860 suetudinem,
627 797 719 851 sed
742 798 903 850 etiam
926 798 1141 850 eosdem
1170 810 1265 863 pro
1280 794 1587 848 excessibus
1607 792 1810 847 nostris

240 887 453 942 Dumini
481 888 904 944 misericordiam
932 888 1235 943 exorandus
1268 886 1569 941 devotiores
1590 898 1808 954 promp-

240 977 513 1047 tioresque
537 978 783 1043 facimus,
814 987 976 1049 atque
999 993 1094 1048 per
1122 979 1223 1033 hoc
1250 978 1566 1032 immensam
1590 976 1681 1029 Dei
1715 974 1811 1027 mi-

239 1068 593 1123 sericordiam
617 1068 828 1124 facilius
857 1070 1011 1125 nobis
1026 1070 1416 1125 conciliandam
1441 1084 1560 1124 esse
1583 1068 1809 1123 conﬁdi-

237 1173 383 1213 mus.
416 1158 621 1213 Idcirco
648 1168 835 1216 notum
872 1175 991 1217 esse
1019 1161 1267 1216 volumus
1311 1160 1522 1215 eunetis
1566 1158 1813 1212 ﬁdelibus

237 1256 442 1303 sanctae
469 1248 562 1303 Dei
598 1249 857 1305 Ecclesiae
882 1252 1208 1320 nostrisque,
1225 1248 1583 1320 praesentibus
1604 1248 1812 1303 scilicet

235 1343 294 1391 et
345 1335 571 1401 futuris,
608 1338 732 1407 quia
774 1340 858 1394 vir
901 1340 1224 1394 venerabilis
1261 1339 1631 1394 Cenomanicae
1662 1338 1812 1393 urbis

235 1426 555 1496 episcOpus,
588 1428 838 1483 Aldricus
867 1430 1105 1494 nomine,
1138 1428 1291 1484 nobis
1324 1429 1557 1483 innotuit
1582 1443 1644 1483 eo
1669 1430 1812 1497 quod

238 1524 618 1571 antecessores
648 1517 753 1581 sui,
786 1517 1020 1572 Merolus
1049 1518 1255 1573 scilicet
1288 1526 1342 1571 et
1370 1517 1760 1573 Gauzciolenus
1793 1558 1808 1581 ,

238 1616 404 1676 atque
426 1608 853 1677 praedecessores
878 1624 1063 1663 eorum
1090 1648 1103 1673 ,
1144 1610 1199 1664 in
1239 1609 1493 1678 praedicta
1536 1609 1669 1661 urbe
1699 1622 1815 1661 mo-

237 1706 422 1752 netam
444 1698 713 1767 publicam
736 1715 832 1769 per
851 1708 1116 1769 praecepta
1142 1701 1297 1755 bona:
1326 1700 1599 1754 memoriae
1628 1698 1811 1753 domni

236 1796 289 1841 et
316 1787 576 1857 genitoris
605 1789 773 1842 nostri
805 1789 983 1842 Caroli
1031 1796 1085 1841 et
1130 1789 1341 1858 Pippini
1380 1788 1465 1841 avi
1502 1789 1669 1843 nostri
1700 1787 1813 1841 sive

1376 408 1766 467 DlPLOMATA
1802 408 2353 467 ECCLESIASTICA.

314 527 370 581 Si
390 527 729 582 sacerdotum
746 541 1131 595 servorumque
1150 525 1245 579 Dei
1269 525 1431 595 justis
1445 533 1498 578 et
1512 522 1805 577 rationabi-
1836 522 1884 579 Α

3348 402 3481 477 1279

2569 528 2790 584 CCXIV.
2812 548 2824 569 ο

2254 632 2353 669 Ριιο
2389 632 2725 673 MONASTERIO
2764 636 2807 673 S.
2840 635 3137 675 (ZARIIIPHI.

2520 706 2691 778 (Anno
2722 707 2871 779 836.)

2392 794 2565 867 [Apud
2592 797 2798 863 Baluz.,
2839 798 2992 870 ibid.]

1983 884 2039 938 In
2066 887 2279 940 nomine
2307 886 2516 940 Domini
2551 885 2645 941 Dei
2693 895 2747 941 et
2797 886 3091 941 Salvatoris
3144 889 3312 943 nostri
3348 886 3476 942 Jesu

1912 974 2143 1041 Christi,
2187 977 2508 1041 Ludovicus,
2558 976 2736 1029 divina
2764 976 3146 1046 repropitiante
3167 976 3473 1039 clementia,

1914 1065 2211 1133 imperator
2238 1066 2528 1137 Augustus.

1977 1159 2033 1212 Si
2051 1160 2389 1214 sacerdotum
2404 1175 2791 1229 servorumque
2809 1160 2904 1214 Dei
2923 1160 3083 1229 justis
3111 1170 3167 1215 et
3188 1160 3483 1217 rationabi-

1913 1248 2051 1302 libus
2074 1248 2422 1318 petitionibus
2443 1264 2627 1304 aurem
2674 1251 3161 1315 accommodamus,
3190 1263 3483 1317 eorumque

1906 1337 2083 1405 justas
2119 1345 2175 1392 et
2202 1338 2548 1392 rationabiles
2585 1338 2977 1407 postulationes
3018 1337 3083 1391 ad
3128 1345 3373 1405 optatum
3406 1335 3484 1390 ef—

1912 1426 2109 1482 fectum
2137 1428 2499 1498 perducimus,
2534 1444 2639 1483 non
2671 1429 2841 1483 solum
2872 1429 3077 1499 regiam
3109 1438 3164 1483 et
3196 1430 3482 1498 imperato-

1914 1519 2051 1572 riam
2076 1532 2393 1573 exercemus
2428 1520 2893 1584 consuetudinem,
2918 1519 3010 1573 sed
3048 1520 3211 1574 etiam
3264 1518 3483 1573 eosdem

1914 1625 2011 1677 pro
2040 1609 2349 1664 excessibus
2387 1611 2590 1664 nostris
2641 1610 2852 1664 Domini
2904 1609 3327 1665 misericordiam
3358 1624 3485 1663 exo-

1915 1700 2085 1754 rando
2134 1699 2439 1754 devotiorcs
2498 1700 2963 1769 promptioresque
3011 1699 3278 1763 facimus,
3322 1708 3484 1768 atque

1914 1804 2012 1860 per
2043 1792 2147 1845 hoc
2178 1792 2496 1845 immensam
2518 1791 2612 1845 Dei
2637 1790 3066 1845 misericordiam
3094 1790 3303 1845 facilius
3332 1790 3487 1845 nobis

238 1876 556 1933 Theoderici
612 1879 753 1949 regis
804 1886 964 1949 atque
1012 1880 1344 1933 anteriurum
1404 1895 1588 1949 regum
1654 1880 1810 1947 plena
1842 1863 1885 1920 Β
1914 1883 2306 1937 conciliandam
2351 1897 2471 1937 esse
2511 1884 2849 1938 conﬁdimus.
2894 1882 3097 1937 Idcirco
3143 1890 3327 1936 notum
3368 1896 3486 1935 esse

236 1984 425 2023 eorum
478 1970 801 2033 auctoritate
847 1984 1158 2024 concessam
1197 1969 1505 2038 praedictam
1539 1976 1810 2021 monetam

236 2059 552 2115 habuissent
567 2100 580 2124 ,
609 2074 728 2129 qua:
750 2068 971 2128 prepter
994 2059 1317 2113 ablutionem
1340 2074 1521 2113 rerum
1546 2059 1812 2129 prmdictte

234 2149 381 2204 sedis
401 2150 663 2213 ecclesiae,
704 2151 817 2203 sive
839 2159 1061 2219 propter
1083 2150 1431 2203 vastationem
1457 2164 1641 2202 earum
1671 2190 1683 2206 .
1717 2150 1812 2202 ali-

234 2256 344 2311 quo
370 2248 636 2310 tempore,
654 2240 782 2295 licet
807 2256 999 2311 parvo,
1022 2250 1316 2310 nostroque
1332 2242 1444 2295 sive
1459 2242 1511 2295 in
1542 2241 1646 2295 ﬁne
1664 2240 1814 2309 geni-

236 2331 371 2386 toris
410 2332 580 2387 nostri
604 2332 863 2401 praedicta
880 2340 1097 2388 moneta
1115 2332 1334 2386 dimissa
1352 2341 1403 2385 et
1421 2341 1644 2401 propter
1670 2346 1807 2401 prte—

233 2420 503 2476 dicturum
535 2436 714 2476 rerum
742 2422 979 2490 inopiam
1000 2429 1161 2489 atque
1186 2422 1571 2479 desolationem
1598 2430 1808 2475 ces<ata

234 2523 416 2578 rSset;
449 2529 610 2582 quam
668 2528 841 2583 neque
890 2528 989 2568 nos
1023 2554 1037 2577 ,
1088 2528 1263 2583 neque
1310 2513 1538 2567 domnus
1587 2513 1811 2568 Carolus

234 2603 451 2674 genitor
479 2611 686 2667 noster,
715 2617 889 2673 neque
921 2602 1061 2659 ullus
1085 2604 1281 2658 missus
1308 2612 1493 2658 noster
1512 2613 1697 2658 nostra
1720 2612 1813 2657 aut

233 2706 333 2745 sua
363 2690 687 2745 auctoritate
713 2691 1026 2760 prohibuit,
1073 2693 1165 2748 sed
1210 2691 1547 2747 solummodo
1592 2699 1813 2761 propter

234 2780 516 2851 praefatam
564 2782 910 2851 indigentiam
946 2782 1167 2838 dimissa
1201 2790 1364 2838 esset.
1396 2781 1602 2838 Obtulit
1649 2783 1810 2835 etiam

232 2873 542 2929 antedietus
576 2873 861 2943 episcopus
901 2873 1177 2929 obtutibus
1202 2873 1403 2945 nostris
1432 2884 1698 2943 praecepta
1729 2888 1813 2927 re-

232 2978 363 3033 gum
386 2964 840 3033 praedecessorum
861 2973 1168 3019 nostrorum
1192 2964 1441 3019 videlicet
1457 2964 1810 3027 Francorum,

234 3054 290 3108 in
317 3054 514 3123 quibus
541 3055 920 3109 continebatur
945 3054 1085 3125 quod
1116 3055 1377 3125 prazdicta
1414 3062 1627 3108 moneta
1656 3061 1809 3106 ante-

232 3142 542 3199 cessoribus
578 3144 821 3212 prcedicti
877 3144 1078 3199 Aldrici
1130 3144 1366 3214 episcopi
1414 3160 1445 3198 a
1479 3142 1811 3213 praescriptis

234 3232 455 3304 regibus
500 3247 757 3288 concessa
807 3234 1043 3303 antiquis
1073 3242 1128 3288 et
1154 3234 1429 3289 modernis
1478 3233 1810 3301 temporibus

233 3322 446 3381 fuisset.
478 3325 610 3391 Quae
639 3332 693 3379 et
722 3340 819 3379 nos
856 3326 1159 3397 relegentes
1203 3334 1353 3380 tanta
1401 3326 1728 3387 invenimus,
1760 3334 1813 3379 et

232 3421 393 3491 signa
433 3429 596 3490 atque
644 3420 817 3489 sigilla
870 3434 1053 3489 regum
1102 3420 1556 3487 praedecessorum
1600 3434 1813 3489 quoque

233 3519 551 3565 nostrorum
578 3511 632 3565 in
661 3510 740 3565 eis
761 3511 1129 3580 inspicientes,
1157 3524 1284 3563 vera
1311 3525 1428 3565 esse
1453 3525 1572 3579 qua:
1601 3510 1815 3565 dicebat

233 3600 608 3668 cognovimus.
642 3599 847 3655 Idcirco
882 3600 1256 3669 praecipientes
1276 3600 1527 3669 jubemus
1553 3609 1610 3655 ut
1636 3600 1814 3656 nullus

240 3691 441 3745 missus
454 3699 636 3745 noster
656 3690 739 3744 vel
760 3706 943 3745 comes
957 3690 1124 3758 ipsius
1136 3691 1423 3759 provincia:
1447 3698 1541 3744 aut
1562 3692 1814 3758 quislibet

229 3796 301 3835 ex
325 3780 611 3850 judiciaria
652 3788 917 3849 potestate
953 3780 1001 3833 ei
1040 3780 1552 3848 successoribusque
1588 3781 1701 3834 suis
1745 3795 1809 3833 ex

230 3873 461 3943 prmfata
476 3882 688 3927 moneta
703 3871 812 3926 ullo
831 3886 1067 3941 unquam
1090 3878 1329 3940 tempore
1350 3870 1585 3939 aliquam
1608 3870 1806 3923 calum-

231 3963 384 4017 niam
430 3971 525 4016 aut
565 3962 867 4017 molestiam
905 3972 998 4015 aut
1032 3960 1287 4030 injustam
1312 3959 1672 4028 pulsationem
1701 3959 1813 4014 sive

231 4055 608 4111 causationem
632 4062 793 4123 atque
818 4052 1271 4108 machinationem
1303 4051 1481 4106 facere
1500 4060 1809 4120 ptzesumat,

230 4150 331 4203 sed
354 4148 555 4202 nostris
582 4146 881 4214 futurisque
906 4144 1239 4214 temporibus
1259 4143 1573 4213 praescripta
1597 4153 1811 4195 moneta

234 4240 291 4293 in
344 4237 566 4308 praefata
596 4236 729 4291 urbe
754 4236 1042 4304 saepedicto
1068 4235 1318 4301 episcopo
1359 4241 1520 4301 atque
1547 4231 1665 4300 ejus
1692 4247 1813 4286 suc-

230 4330 546 4384 cessoribus
593 4332 944 4395 permaneat;
988 4324 1061 4377 ita
1095 4333 1272 4380 tamen
1300 4331 1360 4377 ut
1392 4323 1493 4377 hoc
1519 4322 1814 4392 praevideat

234 4430 347 4478 tam
380 4416 635 4488 praeﬁxus
672 4415 921 4469 Aldricus
956 4430 1121 4484 quam
1156 4422 1211 4467 et
1239 4414 1322 4468 sui
1351 4428 1721 4476 successores,
1754 4423 1813 4468 ut

1912 1974 2160 2029 volumus
2193 1976 2403 2029 eunetis
2444 1974 2690 2030 ﬁdelibus
2721 1986 2921 2029 sancta:
2956 1974 3050 2029 Dei
3103 1973 3358 2028 Ecclesia:
3390 1988 3487 2027 no-

1912 2066 2171 2133 strisque,
2195 2065 2551 2133 praesentibus
2580 2066 2783 2119 scilicet
2799 2064 3082 2130 etfuturis,
3100 2065 3223 2133 quia
3239 2062 3486 2117 Aldricus

1911 2154 2234 2208 venerabilis
2256 2156 2405 2209 urbis
2428 2154 2800 2209 Cenomanicse
2823 2155 3105 2223 episcopus
3124 2154 3319 2209 obtulit
3334 2154 3488 2207 nobis

1913 2244 2177 2312 quasdam
2203 2246 2554 2299 auctoritates
2578 2260 2763 2313 regum
2789 2243 3119 2299 Francorum
3141 2244 3486 2300 decessorum

1911 2333 2161 2388 videlicet
2208 2342 2514 2389 nostrorum
2572 2351 2695 2405 erga
2743 2337 3129 2391 monasterium
3163 2351 3317 2392 suum
3347 2337 3488 2407 quod

1912 2422 2052 2477 infra
2084 2425 2345 2477 terminos
2383 2426 2655 2493 praedicta:
2679 2426 2831 2479 urbis
2869 2427 3136 2494 parochias
3164 2427 3217 2480 in
3245 2427 3364 2481 loco
3394 2427 3485 2496 qui

1912 2523 2135 2569 vocatur
2172 2513 2409 2580 Anisola,
2456 2516 2507 2568 in
2535 2530 2641 2585 quo
2669 2525 2890 2571 sanctus
2920 2516 3235 2586 Carilephus
3264 2532 3490 2585 corpore

1912 2604 2222 2671 requiescit,
2255 2604 2309 2657 in
2355 2605 2562 2660 honore
2589 2606 2828 2675 praedicti
2868 2607 3043 2661 sancti
3066 2606 3333 2678 Carilephi
3359 2608 3490 2662 alio-

1911 2708 2141 2763 rumque
2186 2703 2496 2749 sanctorum
2548 2696 2711 2749 situm
2767 2703 2929 2764 atque
2980 2705 3355 2751 consecratum
3405 2709 3482 2751 est

1912 2784 2083 2840 factas
2108 2825 2122 2850 ,
2180 2800 2277 2855 per
2307 2801 2441 2855 quas
2480 2802 2602 2841 eum
2662 2788 2955 2842 immunem
3010 2804 3039 2842 a
3079 2790 3485 2859 quibuscuuque

1910 2874 2143 2944 publicis
2177 2875 2544 2931 functionibus
2570 2884 2871 2933 statuentes
2896 2879 2993 2933 sub
3020 2894 3116 2933 sua
3148 2880 3488 2935 immunitate

1911 2974 1969 3019 et
1993 2964 2305 3019 defensione
2333 2965 2729 3019 constituerunt
2754 3005 2769 3030 ,
2799 2965 3107 3035 suppliciter
3127 2968 3405 3037 postulans
3428 2975 3488 3019 ut

1911 3056 2000 3125 pia
2026 3054 2167 3109 facta
2192 3063 2591 3109 antecessormn
2612 3064 2919 3109 nostrorum
2955 3065 3209 3112 consueta
3247 3057 3490 3127 benigni-

1914 3156 2025 3203 tate
2065 3157 2119 3202 et
2144 3146 2559 3202 mansuetudine
2608 3155 2807 3202 nostrae
2836 3148 3165 3203 celsitudinis
3192 3148 3490 3204 roboranda

1917 3240 2181 3309 imperiali
2235 3241 2557 3294 auctoritate
2604 3240 2956 3294 sanciremus.
3028 3237 3191 3309 Cujus
3241 3240 3490 3307 precibus

1916 3346 2100 3384 aurem
2146 3330 2347 3385 favoris
2398 3331 2757 3386 libentissime
2814 3331 3282 3385 accommodantes
3316 3372 3330 3395 ,
3393 3331 3492 3386 has

1914 3423 2253 3476 auctoritatis
2290 3428 2491 3476 nostra:
2533 3421 2744 3476 litteras
2790 3422 2934 3477 circa
2981 3429 3337 3477 memoratum
3372 3439 3489 3476 mo-

1916 3512 2211 3567 nasteriiun
2240 3512 2355 3567 ﬁeri
2390 3513 2651 3582 jussimus
2677 3530 2691 3577 ;
2720 3527 2819 3581 per
2845 3528 2979 3582 quas
3006 3513 3380 3583 praecipientes
3401 3529 3491 3567 vo-

1916 3604 2093 3658 hunus
2118 3614 2279 3674 atque
2301 3602 2555 3671 jubemus
2588 3646 2601 3667 ,
2646 3613 2706 3659 ut
2758 3605 2937 3658 nullus
2983 3604 3237 3673 quislibet
3274 3603 3494 3671 majoris

1915 3702 2010 3749 aut
2066 3692 2338 3746 inferioris
2385 3692 2591 3745 ordinis
2628 3708 2719 3745 seu
2757 3693 3043 3761 quisquam
3091 3705 3155 3744 ex
3201 3691 3487 3759 judiciaria

1912 3792 2179 3853 potestate
2219 3783 2273 3836 in
2322 3791 2502 3836 curtes
2534 3782 2617 3836 vel
2674 3782 2828 3834 villas
2871 3796 2965 3834 seu
3027 3780 3140 3833 loca
3199 3788 3292 3833 aut
3334 3795 3492 3850 agros

1914 3872 2158 3942 ejusdem
2193 3870 2510 3925 monasterii
2551 3870 2617 3923 ad
2656 3883 2851 3923 causas
2874 3867 3161 3939 judiciario
3208 3882 3359 3922 more
3400 3884 3493 3921 au-

1916 3963 2156 4027 diendas,
2190 3961 2275 4016 vel
2306 3959 2583 4015 inferenda
2608 3960 2891 4029 exigenda,
2925 3967 3017 4013 aut
3044 3958 3283 4013 teloneos
3316 3960 3492 4027 requi-

1916 4055 2150 4118 rendos,
2194 4068 2296 4107 nec
2324 4052 2473 4106 freda
2515 4059 2608 4104 aut
2661 4050 3007 4121 ﬁdejussores
3050 4050 3350 4114 tollendos,
3398 4066 3489 4104 seu

1917 4144 2227 4198 mansiones
2255 4151 2350 4195 aut
2372 4149 2594 4210 paratas
2616 4138 2915 4205 faciendas,
2940 4149 3032 4194 aut
3056 4140 3302 4195 homines
3325 4140 3492 4207 ipsius

1914 4231 2232 4287 monasterii
2256 4238 2368 4286 tam
2392 4230 2652 4298 ingenuos
2677 4244 2837 4299 quam
2866 4243 3053 4283 servos
3074 4229 3489 4297 distringendos,

1916 4337 2016 4377 nec
2046 4322 2186 4377 ullas
2218 4321 2603 4376 redhibitiones
2632 4320 2983 4389 requirendas
3036 4319 3148 4373 sive
3200 4319 3493 4387 exigendas

1915 4412 2021 4467 ullo
2072 4426 2308 4480 unquam
2351 4418 2592 4477 tempore
2628 4408 2832 4478 ingredi
2879 4413 3167 4476 prmsumat
3199 4447 3213 4468 ,
3264 4412 3357 4459 aut
3401 4421 3491 4459 ex-

231 4510 414 4579 aliqua
438 4506 647 4562 falsitas
672 4506 725 4560 in
755 4506 868 4575 ipsa
892 4512 1104 4559 moneta
1129 4519 1234 4557 non
1251 4513 1525 4573 appareat.
1546 4505 1680 4558 Etut
1699 4504 1813 4557 hinc
1839 4530 1891 4588 Β
1917 4504 2133 4573 quirere
2167 4502 2362 4555 audeat
2387 4518 2399 4565 ;
2436 4499 2532 4554 sed
2560 4498 2818 4568 quidquid
2856 4498 3050 4553 exinde
3078 4496 3241 4588 ﬁscus
3272 4511 3493 4565 sperare

232 4597 519 4652 concessio
568 4602 754 4650 nostra
807 4594 871 4647 de
904 4593 1156 4662 praedicta
1189 4601 1401 4646 moneta
1448 4592 1642 4646 futuris
1675 4604 1809 4647 con-

233 4694 484 4743 servetur
513 4685 845 4755 temporibus
868 4720 883 4746 ,
917 4698 1076 4752 quam
1123 4698 1222 4737 nos
1259 4697 1358 4750 pro
1405 4682 1499 4737 Dei
1548 4697 1730 4737 amore
1758 4691 1811 4737 et

232 4792 336 4847 pro
363 4776 663 4832 reverentia
696 4774 864 4843 ipsius
894 4773 996 4827 loci
1025 4771 1141 4825 ﬁeri
1180 4769 1444 4838 iussimus
1465 4811 1480 4833 ,
1536 4782 1594 4826 et
1632 4772 1811 4827 verius

234 4870 497 4925 credatur
524 4874 578 4922 et
621 4865 928 4936 diligentius
973 4870 1323 4917 conservetur
1351 4904 1364 4927 ,
1410 4878 1572 4916 manu
1625 4872 1807 4918 nostra

235 4958 425 5014 subter
486 4957 856 5013 ﬁrmavimus.
908 4962 962 5008 et
1015 4953 1081 5008 de
1129 4954 1327 5007 annulo
1369 4963 1555 5009 nostro
1590 4955 1807 5025 sigillari

228 5050 513 5119 iussimus.

313 5140 539 5211 Signum
572 5138 824 5193 Ludovici
858 5136 1086 5207 piissimi
1117 5135 1483 5204 imperatoris.

314 5232 712 5287 llirminmarus
751 5229 993 5284 notarius
1041 5227 1107 5281 ad
1172 5228 1345 5282 vicem
1382 5226 1620 5295 Hugonis
1666 5241 1810 5283 reco-

236 5326 399 5397 gnovi
434 5332 490 5378 et
524 5323 836 5391 subscripsi.

314 5414 448 5469 Data
483 5428 535 5465 χι
573 5411 689 5464 Kal.
727 5411 945 5480 Aprilis,
996 5424 1155 5469 anno,
1205 5407 1419 5461 Christo
1454 5409 1707 5477 propitio,
1741 5408 1810 5465 25

239 5504 454 5575 imperii
510 5502 692 5557 domui
752 5501 1003 5555 Ludovici
1057 5498 1281 5569 piissimi
1334 5497 1593 5567 Augusti,
1644 5500 1813 5555 indic-

240 5595 388 5649 tione
420 5593 503 5646 H.

310 5684 504 5737 Actum
529 5681 851 5753 Aquisgrani
876 5681 1075 5752 palatio
1115 5678 1261 5748 regio
1294 5678 1343 5733 in
1372 5678 1461 5734 Dei
1489 5680 1705 5735 nomine
1737 5679 1813 5735 fe-

239 5774 437 5834 liciter.
468 5775 654 5829 Amen.

1914 4601 2125 4662 poterat
2150 4631 2165 4657 ,
2209 4599 2379 4646 totum
2411 4592 2463 4643 in
2488 4590 2773 4643 luminaria
2801 4588 3038 4656 ejusdem
3063 4587 3306 4641 ecclesire
3330 4594 3492 4655 atque

1912 4684 2267 4740 necessitates
2307 4680 2741 4751 congregationis
2784 4681 2836 4733 in
2870 4693 2934 4733 eo
2958 4678 3184 4731 Domino
3210 4676 3492 4729 militantis

1913 4772 2271 4829 sublevandas
2320 4789 2379 4826 ac
2431 4770 2723 4825 fulciendas
2780 4778 3039 4840 perpetuo
3103 4769 3259 4821 cedat
3328 4774 3490 4835 atque

1911 4864 2188 4933 proﬁciat,
2216 4871 2481 4932 quatenus
2506 4868 2855 4916 memoratam
2882 4858 3353 4929 congregationem
3384 4872 3485 4924 pro

1917 4955 2095 5017 nobis,
2126 4953 2372 5023 conjuge,
2408 4968 2471 5006 ac
2501 4952 2649 5022 prole
2680 4960 2888 5014 nostra,
2919 4957 2971 5003 et
3003 4947 3295 5002 stabilitate
3323 4946 3489 4999 totius

1918 5046 2127 5113 imperii
2156 5045 2325 5098 nostri
2372 5044 2581 5099 Domini
2622 5040 3049 5096 misericordiam
3088 5038 3345 5093 attentius
3366 5051 3493 5091 exo-

1918 5153 2040 5190 rare
2056 5137 2301 5190 delectet.
2328 5135 2385 5187 Si
2411 5135 2531 5200 quis
2560 5142 2737 5185 autem
2758 5130 3057 5199 iudiciariae
3081 5127 3363 5197 potestatis
3380 5137 3489 5179 tam

1918 5227 2237 5281 temerarius
2286 5224 2575 5286 exstiterit,
2601 5231 2661 5275 ut
2713 5222 2851 5276 hanc
2899 5229 3137 5275 nostram
3190 5232 3487 5286 eorumque

1917 5317 2303 5385 praeceptiones
2338 5314 2541 5367 violare
2583 5321 2826 5375 conetur,
2871 5310 3081 5366 noverit
3130 5325 3208 5372 se,
3260 5310 3400 5362 sicut
3438 5308 3489 5360 in

1913 5410 2367 5477 przedecessorum
2388 5414 2694 5459 nostrorum
2719 5402 3144 5458 immunitatibus
3159 5399 3488 5460 continetur,

1917 5514 1977 5551 oc
2006 5498 2105 5551 sol.
2132 5511 2249 5552 esse
2273 5496 2630 5558 multandum,
2650 5510 2713 5547 ex
2742 5494 2934 5561 quibus
2956 5493 3088 5546 duas
3108 5499 3291 5560 partes
3321 5496 3491 5541 recto-

1915 5604 2001 5643 res
2031 5588 2313 5641 memorati
2349 5585 2692 5647 monasterii,
2728 5583 2937 5637 tertiam
2970 5596 3094 5635 vero
3120 5581 3280 5633 ﬁscus
3306 5586 3492 5631 noster

1917 5681 2169 5749 accipiat.
2217 5681 2281 5732 Et
2321 5687 2379 5731 ut
2409 5679 2524 5732 haec
2561 5687 2745 5731 nostra
2786 5674 3077 5729 auctoritas
3126 5668 3485 5725 inviolabilem

1918 5780 1969 5826 ct
1998 5769 2369 5825 inconvulsam
2400 5768 2638 5822 obtineat
2668 5766 2976 5821 ﬁrmitatem
2995 5803 3010 5831 ,
3057 5776 3218 5816 manu
3268 5756 3481 5829 propria
