3924 6316
406 373 540 430 1279

1532 373 1854 433 LUDOVlCl
1894 375 1912 428 ι
1951 366 2426 428 COGNOMENTO
2464 366 2549 426 λιιι

3537 367 3672 425 1330

406 488 587 544 subter
607 504 727 544 eam
754 489 1088 546 firmavimus
1114 501 1169 546 et
1198 491 1381 544 annuli
1411 493 1579 545 nostri
1630 490 1984 561 impressione
2012 488 2061 546 Λ
2088 485 2415 542 reddidimus
2438 526 2451 549 ,
2504 493 2567 540 ut
2612 486 2667 539 in
2723 495 2984 555 perpetuo
3024 487 3080 540 in
3129 487 3392 543 utilitates
3435 498 3493 544 et
3546 503 3681 544 usus

407 581 671 653 assignari
696 581 975 650 jussimus.

475 670 701 742 Signum
723 669 984 735 Ludovici
1011 672 1237 741 piissimi
1261 673 1626 742 imperatoris.

2082 576 2321 644 ejusdem
2367 576 2616 631 ecclesiae
2644 576 2858 646 Deoque
2895 578 2948 631 in
2999 592 3063 632 ea
3093 576 3516 632 deservientium
3545 594 3676 648 per-

2084 676 2319 723 maneat.
2366 667 2574 723 Idcirco
2615 668 3029 738 suggerentibus
3072 678 3238 738 atque
3277 669 3557 723 humiliter
3580 685 3679 741 po-

480 761 877 815 llirminmarus
898 763 1139 817 notarius
1159 761 1225 816 ad
1242 762 1413 817 vicem
1438 762 1679 833 llugouis
1698 764 1987 833 recognovi
2086 758 2410 813 stulantibus
2455 758 2727 828 praedictis
2788 758 3036 813 ﬁdelibus
3091 760 3332 824 nOStris,
3374 770 3678 814 memorato

412 863 468 909 et
493 853 814 923 subscripsi.

2087 846 2340 901 videlicet
2376 847 2596 901 Aldrico
2636 847 2929 902 venerabili
2974 848 3225 918 episcopo
3270 857 3326 903 et
3370 848 3681 920 Banzlegbo

479 943 617 997 Da“,
646 958 721 997 vn
765 942 889 997 [dus
916 940 1269 1012 Septembris,
1300 959 1462 1009 anno,
1496 943 1712 999 Chl-isto
1732 944 1988 1013 propitio,
2082 936 2198 1006 jam
2246 936 2392 990 dicto
2438 935 2581 991 fideli
2625 945 2814 991 nostro
2852 939 2956 992 hoc
2998 937 3430 992 confirmationis
3478 949 3680 992 nostrae

410 1032 481 1088 25
532 1033 746 1102 imperii
770 1033 956 1088 domui
989 1032 1245 1089 Ludovici
1277 1034 1506 1104 piissimi
1536 1034 1804 1106 Augusti,
1846 1034 1991 1090 indi-
2092 1038 2255 1098 atque
2282 1029 2597 1084 redditionis
2638 1039 2966 1098 praeceptum
2998 1029 3290 1099 saepedicto
3314 1028 3538 1084 Aldrico
3567 1030 3682 1098 epi-

410 1126 591 1180 ctione
616 1126 811 1195 prima.

482 1215 680 1269 Actum
709 1213 985 1271 Carisiaco
1011 1214 1210 1285 palatio
1251 1218 1399 1288 regio
1432 1218 1486 1272 in
1510 1217 1605 1273 Dei
1633 1217 1854 1274 nomine
1878 1216 1997 1272 fcli-

418 1306 576 1360 citer.
610 1303 805 1360 Amen.

1101 1374 1303 1432 CCXV.

502 1477 655 1519 VILLA
693 1478 977 1520 LUGDDNUI
1016 1480 1194 1520 DATUR
1229 1480 1495 1522 εεοιεειε
1534 1482 1906 1525 (ΖΕΝΟΙΔΝΙΕΕ.

1046 1556 1218 1628 (Anno
1247 1558 1373 1615 856.

917 1648 1096 1719 [Apud
1124 1648 1332 1714 Baluz.,
1356 1648 1512 1720 ibid.]

492 1736 550 1792 lu
599 1737 818 1792 nomine
866 1738 1080 1793 Domini
1114 1740 1207 1793 Dci
1239 1748 1293 1795 et
1321 1739 1620 1796 Salvatoris
1668 1742 1842 1797 nostri
1871 1758 1998 1800 .esu

2093 1132 2257 1188 scopo
2281 1118 2365 1173 vel
2394 1121 2464 1177 ad
2487 1127 2697 1188 partem
2719 1118 2832 1188 jam
2861 1121 3020 1175 dicae
3043 1120 3204 1173 urbis
3225 1118 3341 1173 fieri
3365 1117 3634 1185 jussimus
3663 1136 3677 1178 ;

2093 1223 2192 1278 per
2226 1206 2372 1279 quod
2401 1209 2746 1263 decernimus
2780 1217 2942 1277 atque
2980 1207 3234 1276 jubemus
3268 1214 3329 1260 ut
3372 1206 3554 1260 nullus
3582 1208 3683 1260 sub

2094 1301 2300 1357 ditione
2330 1301 2541 1370 imperii
2592 1302 2762 1356 nostri
2792 1302 2994 1372 degens
3023 1300 3133 1354 ullo
3163 1310 3402 1369 unquam
3440 1309 3684 1368 tempore

2097 1393 2165 1447 de
2200 1392 2454 1461 przedicta
2502 1391 2627 1446 villa
2666 1392 2752 1446 vel
2781 1392 2848 1448 de
2875 1392 3126 1446 omnibus
3153 1392 3221 1445 ad
3254 1406 3376 1445 eam
3410 1394 3685 1459 pertinen-

2098 1481 2245 1536 tibus
2298 1482 2354 1535 in
2398 1481 2811 1551 quibuscunque
2872 1482 3028 1552 pagis
3077 1480 3163 1535 vel
3214 1481 3347 1536 locis
3399 1481 3687 1549 saepedicto

2099 1573 2316 1629 Aldrico
2341 1574 2592 1644 episcopo
2616 1574 2838 1644 suisque
2863 1574 3271 1628 successoribus
3300 1572 3411 1627 ullo
3444 1588 3682 1642 unquam

2103 1673 2345 1735 tempore
2371 1665 2792 1734 inquietudinem
2837 1664 3016 1719 facere
3043 1674 3337 1734 praesumat
3372 1673 3469 1717 aut
3498 1679 3687 1732 quam-

2104 1757 2234 1811 libet
2262 1754 2586 1810 calumniam
2614 1755 2859 1826 ingerere
2880 1795 2896 1821 ,
2924 1755 3017 1810 sed
3042 1754 3205 1808 liceat
3241 1757 3292 1808 ei
3331 1763 3389 1807 ct
3417 1766 3689 1807 successo-

418 1825 652 1889 Cliristi.
685 1826 1010 1895 Ludovicus,
1058 1830 1241 1886 divina
1272 1831 1664 1901 repropitiante
1685 1833 1998 1900 clementia,

2127 1846 2256 1901 ibus
2310 1844 2425 1901 suis
2462 1845 2646 1913 quieto
2683 1825 2889 1899 ordine
2928 1852 3288 1898 memoratam
3328 1842 3517 1895 villam
3571 1857 3690 1895 cum

426 1914 725 1985 imperator
744 1918 1042 1990 Augustus.

497 2003 553 2057 Si
586 2004 821 2061 fidelium
860 2018 1167 2064 nostrorum
1192 2008 1367 2079 justas
1395 2019 1451 2067 et
1492 2014 1844 2070 rationabiles
1864 2016 2003 2085 peti-

427 2093 605 2148 tiones
650 2110 716 2149 ac
746 2098 1147 2165 postulationes
1169 2141 1183 2166 ,
1223 2117 1356 2171 quas
1384 2118 1481 2172 pro
1509 2104 1753 2159 utilitate.
1775 2113 1833 2159 et
1858 2103 2003 2159 exal-

432 2183 636 2238 tatione
671 2195 872 2240 sanctae
911 2187 1005 2241 Dei
1040 2190 1292 2246 Ecclesiae
1319 2202 1637 2261 exposcunt,
1668 2194 1736 2249 ad
1760 2204 2003 2264 optatum

423 2272 678 2328 cli‘ectum
714 2276 1065 2346 perducimus
1090 2321 1103 2345 ,
1150 2296 1255 2336 non
1286 2282 1460 2337 solum
1489 2286 1691 2355 regiam
1720 2293 1883 2355 atque
1910 2287 2007 2339 im—

428 2362 691 2431 pcrialem
739 2368 1180 2422 consuetudinem
1236 2370 1289 2423 in
1335 2371 1437 2425 hoc
1486 2387 1845 2440 exercemus,
1913 2376 2008 2429 sed

430 2454 595 2507 etiam
628 2470 721 2509 eos
761 2457 917 2511 nobis
953 2462 1312 2529 promptiores
1340 2503 1353 2525 ,
1396 2470 1457 2517 ut
1505 2465 1806 2533 credimus,
1847 2476 2010 2537 atque

436 2544 741 2601 devotiores
786 2547 1036 2606 facimus.
1089 2552 1296 2608 idcirco
1346 2556 1597 2611 omnibus
1654 2565 1857 2615 sanctae
1918 2560 2012 2616 Dei

436 2634 694 2691 Ecclesiae
744 2638 990 2713 ﬁdelibus
1032 2650 1086 2697 et
1131 2645 1351 2707 nostris,
1398 2648 1763 2714 praesentibus
1806 2650 2014 2707 scilicet

432 2737 493 2782 et
545 2727 742 2784 futuris
768 2770 784 2794 ,
827 2740 1014 2786 notum
1056 2749 1177 2789 esse
1213 2736 1459 2791 volumus
1493 2740 1629 2809 quia
1678 2740 2015 2812 Banzlegbus

432 2834 618 2873 comes
642 2827 697 2873 et
726 2820 975 2877 Saxoniaa
1001 2826 1193 2892 patriae
1242 2828 1482 2884 marchio
1531 2838 1717 2886 noster
1752 2833 1911 2889 nobis
1940 2834 2018 2888 in-

440 2913 614 2965 notuit
651 2911 795 2982 quod
837 2917 1126 2983 quamdam
1162 2919 1343 2975 villam
1379 2922 1539 2977 sitam
1573 2924 1629 2977 in
1659 2939 1797 2997 pago
1845 2925 2019 2983 Ceno-

443 3006 677 3066 manico,
701 3005 921 3058 nomine
944 3005 1286 3076 Lugdunum,
1305 3009 1371 3064 de
1382 3009 1506 3078 jure
1526 3014 1799 3069 canonica:
1828 3018 2021 3073 matris

436 3092 684 3149 ecclesiae
728 3111 826 3166 per
855 3107 1098 3153 nostrum
1126 3098 1444 3159 beneficium
1476 3106 1796 3177 possideret,
1828 3110 1893 3167 de
1915 3128 2019 3182 qua

2103 1936 2358 1990 omnibus
2397 1934 2529 1989 locis
2576 1943 2634 1989 et
2679 1935 2971 1989 territoriis
2999 1934 3113 1988 sive
3143 1932 3433 2001 mancipiis
3475 1941 3533 1986 et
3572 1948 3691 1986 cum

2102 2025 2353 2081 omnibus
2392 2024 2461 2078 ad
2489 2039 2547 2079 se
2582 2023 2977 2094 pertinentibus
3024 2020 3147 2091 jure
3191 2021 3568 2076 ecclesiastico
3618 2030 3693 2074 te-

2103 2133 2233 2172 nere
2256 2124 2311 2171 et
2337 2116 2646 2187 possidere;
2686 2124 2738 2172 et
2765 2116 3029 2186 quidquid
3062 2132 3161 2186 pro
3201 2115 3612 2185 opportunitate
3645 2122 3695 2168 et

2108 2209 2491 2263 commoditate
2526 2207 2764 2278 prchatae
2807 2208 2950 2262 sedis
2988 2206 3236 2260 ecclesiae
3278 2204 3477 2260 exinde
3522 2202 3695 2257 facere

2109 2300 2488 2362 decreverint,
2539 2297 2767 2352 liberam
2816 2297 2871 2351 in
2921 2298 3174 2352 omnibus
3215 2297 3453 2351 habeant
3497 2292 3693 2349 futuris

2112 2388 2443 2457 temporibus
2482 2394 2804 2457 potestatem
2845 2385 3097 2441 faciendi.
3143 2386 3211 2440 Et
3245 2395 3306 2441 ut
3332 2387 3451 2440 bzec
3496 2394 3695 2438 nostra

2112 2478 2432 2533 redditionis
2444 2476 2737 2530 auctoritas
2755 2484 3071 2545 perpetuam
3092 2475 3333 2530 obtineat
3358 2473 3695 2538 ﬁrmitatem,

2115 2582 2277 2621 manu
2307 2566 2525 2636 propria
2560 2567 2746 2620 subter
2774 2580 2896 2621 eam
2926 2565 3263 2619 firmavimus
3288 2575 3345 2620 et
3385 2564 3453 2618 de
3504 2562 3699 2618 annulo

2116 2666 2304 2711 nostro
2338 2656 2562 2727 sigillari
2586 2655 2867 2724 jussimus.

2190 2747 2414 2818 Signum
2444 2746 2701 2801 Ludovici
2732 2745 3065 2802 serenissimi
3096 2746 3463 2816 imperatoris.

2190 2837 2587 2893 Hirminmarus
2608 2838 2853 2893 notarius
2878 2837 2943 2890 ad
2970 2837 3143 2892 vicem
3170 2836 3413 2906 Hugonis
3440 2853 3699 2908 recogno—

2120 2929 2172 2982 vi
2208 2932 2271 2984 et‘
2290 2929 2612 2997 subscripsi.

2193 3022 2324 3076 Data
2342 3038 2396 3076 xt
2421 3022 2647 3076 Kalend.
2671 3022 2895 3092 Aprilis,
2921 3038 3085 3089 anno,
3110 3022 3335 3079 Christo
3360 3025 3624 3095 propitio,
3641 3025 3701 3081 25

2126 3112 2337 3181 imperii
2353 3111 2550 3167 -domni
2572 3111 2829 3168 Ludovici
2852 3112 3083 3187 piissimi
3108 3113 3339 3182 Augusti
3364 3153 3380 3175 .
3416 3113 3703 3169 indictione

438 3184 803 3275 pergsingulqs
829 3202 999 3245 annos
1022 3207 1190 3249 nonas
1223 3202 1277 3249 et
1312 3193 1580 3267 legitimos
1623 3217 1821 3257 census
1861 3211 2022 3273 atque
2046 3186 2094 3251 C
2129 3204 2322 3275 prima.

444 3273 684 3328 decimas
704 3277 951 3343 partibus
970 3282 1206 3351 praefatae
1227 3288 1419 3342 matris
1444 3290 1686 3346 ecclesiae
1706 3302 1762 3347 et
1782 3292 2023 3362 ejusdem

444 3364 747 3419 rectoribus
776 3370 1128 3436 persolveret.
1156 3373 1271 3441 Qua
1301 3377 1367 3431 de
1394 3392 1453 3432 re
1496 3391 1828 3439 memoratus
1855 3385 2028 3440 Banz-

445 3453 636 3528 legbus
674 3467 1013 3527 pertractans
1054 3479 1236 3520 casum
1278 3469 1528 3526 humana:
1574 3471 1885 3545 fragilitatis
1912 3518 1926 3541 ,
1973 3487 2029 3532 et

444 3562 742 3617 pavescens
780 3551 1027 3609 ultimum
1071 3558 1370 3613 vocationis
1415 3561 1555 3616 diem
1584 3604 1599 3628 ,
1628 3565 1935 3637 timensque
1960 3584 2042 3623 ne~

449 3642 675 3730 prtefata
702 3645 829 3700 villa
858 3645 1037 3715 aliquo
1066 3652 1376 3719 cupiditatis
1405 3669 1516 3710 sua:
1542 3657 1759 3715 stimulo
1784 3661 1867 3714 vel
1890 3677 2027 3730 quo-

449 3728 582 3784 libet
610 3732 826 3803 ingcnio
852 3749 880 3787 a
918 3733 1037 3801 jure
1059 3740 1602 3809 praescriptze.matris
1628 3745 1871 3802 ecclesiae
1898 3728 2031 3805 alie-

450 3830 576 3875 nata
629 3824 820 3887 fieret,
873 3825 1102 3897 ideoque
1143 3829 1357 3886 fervens
1406 3849 1591 3890 amore
1644 3838 1864 3907 divino,
1898 3844 2031 3897 adiit

456 3907 795 3966 clementiam
827 3922 1072 3967 nostram
1096 3919 1409 3987 suppliciter
1430 3922 1727 3992 deprecans
1746 3936 1804 3982 ut
1831 3944 2033 3985 memo-

452 4004 626 4054 ratam
657 3999 839 4053 villam
880 4004 1097 4057 nomine
1145 4005 1465 4078 Lugdunum
1501 4027 1623 4066 cum
1675 4016 1927 4072 omnibus
1964 4020 2033 4075 ad

453 4104 511 4143 se
526 4091 921 4158 pertinentibus
942 4096 1185 4163 partibus
1204 4099 1474 4166 prmdicta:
1496 4100 1871 4163 Cenomanica:
1891 4110 2034 4165 sedis

454 4178 697 4232 ecclesia:
739 4186 795 4232 et
823 4178 1041 4236 Aldrico
1070 4182 1308 4250 ejuslem
1354 4188 1503 4242 urbis
1536 4193 1828 4253 venerabili
1856 4197 2034 4263 ponti-

458 4266 568 4329 fici,
601 4269 994 4335 pracsentaliter
1029 4282 1215 4326 nostra
1251 4274 1517 4342 imperiali
1544 4282 1866 4338 auctoritate
1907 4285 2031 4339 red-

459 4354 712 4410 deremus
739 4397 752 4419 ,
801 4368 855 4410 et
890 4359 1027 4414 hanc
1060 4361 1414 4417 redditionem
1441 4380 1538 4434 per
1563 4376 1808 4424 nostrum
1833 4386 2032 4441 praece-

457 4454 608 4515 ptum
658 4444 857 4501 futuris
906 4450 1237 4517 temporibus
1287 4451 1495 4509 ﬁrmius
1551 4458 1727 4513 cidem
1787 4461 2033 4518 ecclesiae

462 4537 682 4608 suisque
738 4540 1038 4595 rectoribus
1098 4542 1473 4609 possidendam
1536 4548 2029 4609 contirmassemus.

462 4622 628 4690 Cujus
660 4625 974 4694 petitionem
1021 4629 1090 4681 ob
1138 4645 1379 4686 amorem
1430 4635 1523 4688 Dei
1571 4646 1626 4690 et
1673 4643 2037 4697 reverentiam

464 4714 704 4782 ejusdem
734 4717 905 4770 sancti
938 4718 1041 4771 loci
1065 4735 1450 4791 servorumque
1479 4724 1575 4780 Dei
1631 4728 1764 4797 inibi
1804 4730 2037 4790 Domino

464 4806 841 4861 famulantium
882 4808 1111 4865 libenter
1140 4814 1441 4871 audivimus
1466 4857 1480 4880 ,
1520 4827 1575 4872 et
1602 4821 2035 4889 deprecationem

465 4911 530 4949 ac
557 4895 703 4964 pium
728 4896 1051 4953 desiderium
1082 4898 1196 4971 ejus
1230 4902 1295 4955 ad
1326 4912 1567 4971 optatum
1593 4907 1841 4964 eﬂ'ectum
1866 4914 2038 4967 adim-

464 4983 614 5050 plere
641 4985 858 5054 dignum
902 4988 1167 5045 duximus.
1198 4990 1538 5063 Quapropter
1567 5011 1664 5065 per
1696 5000 1799 5053 hoc
1837 5013 2036 5059 nostra:

466 5074 805 5130 auctoritatis
851 5080 1110 5147 scriptum
1154 5090 1454 5140 statuentes
1498 5087 1836 5146 decernimus
1873 5104 2036 5163 atque

458 5161 709 5231 jubemus
754 5173 814 5217 ut
858 5170 1303 5234 quemadmodum
1353 5175 1668 5244 sazpedictus
1701 5161 2035 5251 Banzlegbus

467 5254 638 5309 ﬁdelis
677 5264 860 5311 noster
904 5273 1255 5316 memoratam
1284 5267 1463 5321 villam
1493 5284 1613 5322 cum
1641 5273 1787 5326 omni
1815 5274 2037 5345 integri-

466 5352 596 5409 tate,
649 5346 788 5399 sicut
838 5348 929 5402 illa
968 5351 1053 5404 die
1101 5354 1200 5408 sub
1228 5354 1350 5422 jure
1377 5367 1573 5414 nostra:
1608 5366 1891 5430 potestatis
1919 5377 2039 5421 erat

466 5436 678 5501 quando
715 5451 744 5488 a
781 5437 1067 5508 largitione
1106 5454 1289 5499 nostra
1330 5450 1504 5517 ipsum
1549 5454 1866 5510 beneficium
1890 5474 2039 5515 acce-

464 5522 607 5590 pisse
638 5533 848 5580 constat
885 5543 983 5597 pro
1024 5533 1386 5590 emolumento
1415 5540 1606 5595 anima:
1632 5554 1831 5601 nostra:
1852 5555 1904 5601 et
1925 5556 2035 5603 sta-

463 5609 668 5664 bilitate
710 5612 920 5684 imperii
964 5621 1131 5675 nostri
1176 5636 1471 5681 memorato
1500 5634 1793 5689 venerabili
1818 5636 2034 5695 Aldrico

468 5698 714 5771 episcopo
761 5706 825 5757 ad
878 5704 1084 5776 partem
1153 5730 1261 5769 suae
1323 5719 1564 5776 ecclesia:
1624 5728 2034 5790 prtesentialiter

2198 3291 2392 3347 Actum
2420 3292 2746 3363 Aquisgrani
2781 3292 2981 3363 palatio
3017 3293 3169 3364 regio
3191 3293 3244 3347 in
3270 3292 3366 3348 Dei
3390 3294 3614 3348 nomine
3637 3292 3699 3347 fe

2129 3386 2325 3441 liciter.
2362 3385 2557 3440 Amen.

2796 3476 3019 3533 CCXVI.

2323 3583 2423 3623 PRO
2456 3582 2739 3623 SENONENSI
2777 3584 2823 3622 S.
2860 3584 3119 3623 COLUHBE
3159 3583 3527 3628 ηοδλετεωο.

2743 3658 2918 3729 (Anno
2948 3658 3099 3729 856.)

2133 3748 2235 3821 [Ex
2274 3748 2489 3821 schedis
2521 3764 2653 3821 mss.
2695 3748 3038 3803 bibliotheca:
3075 3746 3707 3821 S_._Germani‘a_l‘ratis

2351 3819 2490 3887 apud
2521 3817 2582 3871 D.
2613 3818 2903 3885 Bouquet.,
2934 3826 3063 3871 tom.
3091 3816 3177 3881 Vl,
3210 3832 3332 3887 pag.
3360 3815 3515 3888 6l0.]

2204 3927 2261 3981 in
2305 3927 2521 3980 nomine
2556 3926 2775 3979 Domini
2805 3925 2899 3981 Dei
2944 3935 2998 3979 et
3035 3923 3333 3979 Salvatoris
3372 3927 3548 3979 nostri
3588 3923 3708 3978 Jcsu

2134 4016 2356 4081 Christi,
2381 4016 2704 4081 Ludovicus,
2728 4016 2907 4070 divina
2933 4017 3261 4085 propitiante
3275 4014 3707 4088 [repropitiante]

2130 4102 2437 4169 clementia,
2457 4104 2749 4173 imperator
2773 4104 3068 4175 Augustus.

2204 4197 2401 4252 Notum
2430 4212 2550 4252 esse
2577 4197 2823 4252 volumus
2850 4198 3061 4252 cunctis
3091 4196 3337 4253 fidelibus
3373 4208 3582 4252 sanctae
3617 4197 3708 4251 Dei

2134 4287 2385 4341 Ecclesiae
2413 4295 2470 4341 et
2495 4288 2725 4351 nostris,
2765 4287 3124 4357 praesentibus
3153 4288 3361 4344 scilicet
3399 4299 3456 4343 et
3490 4288 3707 4351 futuris,

2135 4378 2259 4447 quia
2302 4376 2428 4431 olim
2462 4378 2588 4432 dum
2632 4379 2993 4433 monasticum
3035 4380 3279 4434 ordinem
3326 4396 3709 4451 usquequaque

2136 4466 2481 4534 depravatum
2511 4482 2634 4522 esse
2658 4476 2963 4531 constaret,
2991 4476 3046 4523 et
3081 4468 3149 4523 ad
3176 4484 3299 4524 eum
3331 4472 3708 4541 corrigendum

2136 4566 2297 4626 atque
2322 4559 2748 4639 emendandum,
2797 4561 2906 4615 imo
2943 4561 3009 4616 ad
3048 4563 3333 4629 pristinum
3363 4564 3709 4635 debitumque

2135 4648 2353 4701 modum
2393 4655 2448 4702 et
2488 4649 2898 4708 rectitudincm.
2942 4650 3238 4706 auxiliante
3266 4652 3517 4717 Domino,
3559 4657 3707 4709 redu-

2135 4738 2386 4805 cendum,
2414 4740 2700 4809 quemdam
2727 4741 2973 4796 abbatem
3000 4742 3239 4812 ejusdem
3266 4744 3475 4797 ordinis
3498 4742 3708 4817 ferven-

2136 4827 2423 4891 tissimum,
2465 4828 2815 4885 Benedictum
2851 4833 3190 4901 cognomine,
3242 4848 3341 4903 per
3382 4842 3704 4889 monasteria

2137 4915 2346 4983 imperii
2370 4930 2401 4969 a
2422 4915 2532 4969 Deo
2553 4918 2707 4972 nobis
2730 4921 3004 4974 commissi
3030 4920 3458 4987 destinaremus;
3490 4924 3705 4994 contigit

2136 5019 2259 5057 eum
2310 5004 2377 5058 ad
2422 5003 2811 5061 monasterium
2858 5010 3000 5077 quod
3050 5010 3251 5064 dicitu’r
3294 5009 3352 5064 S.
3400 5011 3705 5078 Columba,

2137 5095 2281 5150 haud
2323 5097 2507 5165 procul
2555 5098 2623 5153 ab
2666 5099 2799 5172 urbe
2834 5097 3133 5154 Senonensi
3178 5102 3467 5156 devenire:
3508 5104 3563 5158 in
3606 5120 3708 5173 quo

2135 5204 2257 5243 cum
2283 5197 2477 5244 caetera
2506 5192 2824 5261 regulariter
2841 5193 3089 5248 ordinare
3116 5205 3407 5266 satageret,
3434 5198 3561 5266 quia
3587 5208 3707 5251 tunc

2137 5284 2393 5349 temporis
2421 5282 2668 5337 abbatem
2696 5286 3034 5349 canonicum,
3065 5284 3234 5343 Jacob
3255 5271 3545 5353 vocabulo,
3582 5291 3705 5343 inibi

2136 5382 2368 5435 praeesse
2396 5372 2712 5441 contigerat,
2744 5374 3004 5441 quasdam
3031 5374 3332 5445 villas’qute
3357 5379 3558 5446 priscis
3586 5387 3707 5432 tem-

2137 5457 2356 5525 poribus
2400 5460 2465 5514 ad
2512 5476 2640 5515 usus
2680 5460 2906 5516 fratrum
2952 5463 3150 5518 ibidem
3186 5465 3297 5521 Deo
3336 5465 3703 5521 famulantium

2138 5547 2350 5602 fuerant
2377 5550 2685 5615 destinatae,
2718 5553 3047 5623 segregavit,
3088 5564 3145 5608 ut
3180 5557 3386 5626 absque
3418 5556 3588 5628 regali
3618 5568 3701 5610 aut

2137 5639 2350 5708 publico
2388 5642 2638 5707 servitio,
2673 5644 2756 5698 vel
2786 5645 3025 5713 quolibet
3046 5645 3258 5703 abbatis
3283 5650 3426 5705 dono
3456 5658 3551 5704 aut
3578 5665 3701 5704 exa-

2135 5727 2311 5784 ctione
2351 5730 2536 5786 usibus
2576 5746 2761 5788 eorum
2807 5742 3067 5804 perpetuo
3109 5736 3477 5805 deservirem,
3532 5744 3582 5797 id
3627 5751 3704 5797 est
