3924 6316
261 386 387 441 ιξει

1404 384 1786 444 DlPLOMATA
1828 388 2378 460 ECCLESIASTICA.

3366 386 3504 441 ηδε

261 498 438 552 villam
465 511 583 565 quze
614 496 811 551 dicitur
842 495 1054 562 Morus,
1101 512 1221 552 eum
1252 499 1504 553 omnibus
1535 499 1602 553 ad
1631 512 1691 553 se
1716 513 1836 567 pcr-
1864 504 1913 561 Α
1940 505 2251 557 monasterii
2282 505 2444 558 rebus
2488 512 2545 557 ut
2587 501 3027 572 irrel’ragabiliter
3056 499 3383 565 reficiantur,
3415 501 3506 555 do-

260 586 587 649 tinentibus,
637 595 692 639 et
730 586 911 640 villam
954 601 1075 655 qure
1119 587 1314 641 dicitur
1354 585 1663 651 Sarmasia,
1712 602 1835 641 cum

259 674 509 729 omnibus
551 674 616 728 ad
658 688 715 729 se
750 676 1178 744 pertinentibus;
1223 676 1473 731 similiter
1501 685 1555 731 et
1582 677 1833 731 Tauriaci

261 763 442 820 villam
470 779 588 819 cum
618 764 866 819 omnibus
903 764 970 819 ad
1009 779 1068 818 se
1109 765 1539 834 pertinentibus;
1589 764 1840 818 similiter

266 851 445 905 villam
489 851 707 905 Patrieii
737 866 859 906 cum
890 851 1140 907 omnibus
1187 854 1252 907 ad
1298 869 1357 908 se
1399 853 1833 922 pertinentibus;

263 943 511 997 similiter
533 951 587 997 et
604 943 786 995 villam
811 958 930 1011 quae
951 944 1307 1013 Longa—Aqua
1333 952 1695 1021 nuncupatur,
1714 960 1837 1000 cum

261 1032 511 1085 omnibus
539 1032 607 1085 ad
635 1046 694 1085 se
723 1032 1145 1100 pertinentibus;
1186 1032 1439 1088 similiter
1465 1042 1521 1086 et
1545 1033 1632 1087 illa
1658 1035 1837 1088 omnia

262 1134 381 1186 quae
423 1120 476 1173 in
518 1121 604 1174 his
640 1119 776 1174 villis
818 1135 946 1190 pars
990 1120 1231 1190 praedicti
1278 1122 1594 1176 monasterii
1639 1122 1837 1175 habere

262 1209 629 1277 dignoscitur:
682 1223 908 1277 quarum
954 1210 1170 1263 nomina
1219 1210 1333 1264 haec
1380 1217 1551 1264 sunt:
1605 1209 1838 1265 Gromen

263 1298 417 1363 villa,
464 1298 661 1353 Aurosi
698 1300 855 1362 villa,
907 1298 1212 1353 Messeriaci
1243 1298 1398 1361 villa,
1442 1297 1642 1368 Canapi
1683 1299 1835 1364 villa,

263 1389 475 1442 Coriaci
497 1388 644 1450 villa,
669 1387 1025 1442 Gravunciaci
1046 1387 1193 1451 villa,
1216 1387 1364 1443 Floxi
1387 1387 1530 1451 villa,
1552 1387 1840 1443 Curtennis

266 1479 421 1543 villa,
464 1478 691 1547 Spiriaci
732 1479 889 1542 villa,
938 1478 1141 1533 Abonis
1180 1478 1337 1542 v’tlla,
1388 1478 1638 1532 Bandrici
1683 1477 1834 1541 villa,

265 1569 476 1623 Paciaci
502 1568 625 1621 villa
646 1609 660 1633 ,
712 1568 947 1637 Luponis
980 1568 1101 1622 villa
1121 1609 1135 1633 ,
1176 1567 1505 1637 Syncleriaci
1534 1566 1688 1629 villa,
1729 1566 1837 1620 Re-

264 1659 441 1729 gniaci
477 1658 601 1711 villa
622 1697 638 1723 ,
685 1673 894 1712 necnon
925 1659 1153 1727 desuper
1183 1657 1399 1711 ﬂuvium
1418 1698 1432 1721 ,
1474 1657 1616 1726 quod
1644 1657 1842 1711 dicitur

266 1747 537 1812 Fullonis,
584 1747 868 1816 bospitiola
915 1748 1049 1813 duo,
1105 1757 1267 1817 atque
1312 1748 1474 1803 etiam
1525 1747 1652 1801 illud
1696 1747 1839 1816 quod

264 1838 536 1894 Auﬂ‘ridus
568 1848 622 1894 et
648 1840 888 1894 Donatus
916 1848 1141 1909 nepotes
1168 1838 1415 1894 Jeremiae
1446 1840 1715 1909 quondam
1743 1838 1839 1893 Se-

268 1930 475 1983 nonicae
510 1930 658 1983 urbis
685 1930 919 1999 episcopi
947 1931 1012 1984 ad
1037 1928 1315 2000 praefatum
1348 1930 1731 1986 monasterium
1761 1930 1837 1984 lc-

267 2019 460 2089 galiter
487 2020 830 2074 contulerunt
857 2039 869 2073 :
904 2020 1151 2074 similiter
1174 2021 1361 2075 vineas
1386 2028 1439 2075 et
1470 2030 1644 2075 terras
1668 2029 1840 2075 arato-

268 2111 380 2164 rias
409 2126 471 2165 ac
496 2119 651 2180 prata
679 2127 798 2179 quas
841 2112 895 2164 in
940 2111 1166 2166 circuitu
1205 2112 1489 2167 memorati
1527 2112 1837 2166 monasterii

270 2197 327 2252 S.
353 2199 625 2254 Columbae
651 2215 772 2254 esse
792 2208 1116 2264 noscuntur;
1150 2210 1309 2268 atque
1332 2200 1615 2270 bospitiola
1641 2215 1760 2268 quae
1788 2200 1840 2251 in

271 2289 388 2343 loco
417 2289 507 2358 qui
530 2286 742 2343 dicitur
768 2288 1007 2354 Canalis,
1050 2304 1172 2344 esse
1214 2298 1529 2344 noscuntur.
1575 2288 1680 2345 Sed
1708 2306 1842 2359 quo-

267 2379 415 2432 niam
459 2379 709 2449 deinceps
756 2386 1115 2433 memoratum
1163 2380 1549 2433 monasterium
1593 2394 1692 2447 per
1719 2378 1844 2433 sub-

267 2471 568 2538 reptionem
597 2470 952 2538 quorumdam
981 2467 1236 2522 Ecclesiae
1265 2466 1542 2522 Senoniae
1573 2469 1842 2523 subditum

270 2557 476 2622 fuerat,
520 2557 645 2611 licet
690 2559 792 2612 hoc
832 2558 1006 2611 denuo
1047 2556 1301 2625 liquidius
1326 2567 1739 2627 cognoscentes,
1787 2557 1841 2610 in

269 2664 369 2702 suo
395 2662 516 2701 eum
548 2644 905 2716 [ipsum]jure
928 2654 983 2700 et
1006 2645 1374 2700 dominatione
1412 2660 1475 2700 ac
1504 2647 1843 2714 propriorum

271 2739 525 2791 abbatum
555 2737 812 2807 regimine
843 2737 1339 2800 constituissemus;
1373 2738 1593 2791 veniens
1620 2752 1846 2791 venera-

268 2828 394 2882 bilis
418 2829 501 2882 vir
526 2827 828 2897 Snpplicius
848 2826 1085 2893 ejusdem
1114 2827 1278 2881 abbas
1303 2826 1531 2881 cmnobii
1559 2827 1625 2881 ad
1649 2836 1845 2881 nostra:

271 2919 567 2989 maiestatis
589 2917 929 2988 praesentiam
958 2916 1233 2971 humiliter
1267 2924 1505 2970 nostram
1527 2915 1846 2985 supplicavit

267 3011 633 3074 clementiam,
665 3017 723 3063 ut
766 3018 1006 3064 nostram
1046 3017 1345 3063 mereretur
1388 3008 1665 3079 percipere
1710 3022 1846 3076 prae-

271 3102 569 3171 ceptionem
588 3140 602 3164 ,
639 3114 736 3168 per
762 3114 923 3168 quam
954 3099 1157 3152 nostris
1182 3097 1484 3166 futurisque
1515 3097 1847 3165 temporibus

271 3191 414 3244 idem
452 3198 695 3243 nostrum
730 3187 1076 3242 constitutum
1106 3185 1316 3239 firmum
1346 3193 1508 3253 atque
1544 3183 1846 3237 inviolabile

269 3290 629 3350 permaneret.
661 3278 823 3347 Cujus
847 3278 1199 3348 petitionibus
1225 3276 1508 3329 favendum
1536 3275 1753 3343 dignum
1779 3290 1842 3328 ac

272 3372 593 3426 rationabile
615 3371 941 3439 judicantes,
972 3371 1071 3424 bos
1097 3376 1311 3422 nostros
1341 3366 1642 3434 imperiales
1666 3366 1845 3434 apices

270 3476 399 3530 erga
430 3461 772 3530 saepedictum
821 3458 1204 3513 monasterium
1248 3456 1364 3509 fieri
1408 3455 1699 3524 jussimus.
1748 3470 1846 3524 per

271 3567 409 3619 quos
451 3552 789 3620 prtecipimus
830 3558 990 3618 atque
1021 3548 1291 3603 sancimus
1334 3554 1393 3600 ut
1437 3546 1561 3600 nulli
1603 3546 1846 3600 ecclesiae

277 3643 545 3696 suftditum
566 3682 578 3703 ,
622 3641 713 3693 sed
745 3641 795 3693 in
832 3656 928 3693 suo
954 3653 1279 3706 suorumque
1308 3646 1576 3691 rectorum
1606 3637 1845 3690 dominio

276 3738 333 3784 et
359 3729 744 3798 gubernatione
774 3729 986 3796 degens,
1020 3726 1150 3779 nihil
1181 3726 1423 3793 obsequii
1450 3734 1543 3777 aut
1567 3723 1846 3778 solutionis

275 3819 361 3874 vel
401 3820 690 3888 quilquam
730 3816 933 3870 servitii
975 3814 1041 3869 de
1083 3815 1395 3868 memoratis
1428 3814 1567 3866 villis
1603 3813 1712 3866 ullo
1747 3828 1847 3865 un-

275 3921 439 3976 quam
474 3917 709 3974 tempore
740 3905 942 3967 solvat,
973 3912 1063 3956 aut
1093 3902 1300 3955 solvere
1329 3901 1717 3969 compellatur:
1752 3900 1846 3953 sed

271 4011 492 4065 semper
520 3996 720 4063 absque
750 3996 856 4048 ulla
887 3995 969 4049 sui
997 3994 1347 4047 diminutione
1381 3994 1433 4046 in
1464 4007 1591 4045 usus
1620 3991 1845 4045 fratrum

276 4088 407 4142 inibi
444 4087 554 4139 Deo
585 4086 927 4139 militantium
961 4084 1231 4151 variisque
1262 4082 1475 4135 illorum
1506 4080 1842 4135 necessitati-

274 4179 375 4230 bus
423 4176 773 4239 deserviant;
839 4189 939 4228 nec
989 4172 1256 4242 quispiam
1313 4185 1498 4224 earum
1551 4170 1844 4237 quidquam

273 4269 515 4336 ejusdem
536 4275 628 4322 aut
647 4266 867 4320 alterius
890 4263 1237 4331 professionis
1260 4262 1426 4314 abbas
1452 4259 1503 4312 in
1526 4258 1843 4312 beneficium

273 4361 507 4428 cuipiam
536 4358 664 4412 dare
690 4362 1013 4425 praesumat:
1052 4352 1171 4411 sed,
1209 4352 1350 4403 sicut
1375 4349 1627 4411 diximus,
1659 4362 1843 4401 eorum

277 4447 463 4500 usibus
499 4456 900 4513 pauperumque
929 4439 1326 4508 rcceptionibus
1354 4437 1662 4505 perenniter
1689 4436 1843 4490 obse-

1939 592 2213 645 cemimus
2233 600 2393 662 atque
2405 590 2674 659 iubemus.
2700 591 2767 647 Et
2788 599 2844 646 ut
2865 592 2980 646 haec
3007 598 3208 655 nostra
3220 588 3505 643 confirma-

1940 678 2101 734 tionis
2124 681 2420 735 auctoritas
2451 680 2654 735 nostris
2690 692 3170 748 successorumque
3200 685 3505 735 nostrorum

1939 769 2272 836 temporibus
2299 769 2679 824 inviolabiliter
2706 778 3075 831 conservetur,
3106 783 3266 822 manu
3291 768 3505 837 propria

1938 868 2120 914 nostra
2152 875 2270 915 eam
2294 862 2832 927 subteriirmavimus,
2882 868 2935 914 et
2975 860 3158 914 annuli
3195 860 3366 915 nostri
3404 860 3503 913 im-

1937 951 2215 1019 pressione
2240 952 2501 1020 assignari
2526 951 2803 1021 jussimus.

2010 1037 2235 1109 Signum
2256 1039 2512 1094 Ludovici
2540 1039 2869 1095 serenissimi
2897 1038 3258 1107 imperatoris.

2010 1128 2145 1182 Data
2182 1144 2247 1184 tv
2261 1128 2442 1184 Nonas
2478 1130 2697 1199 Aprilis,
2728 1146 2889 1194 anno,
2918 1128 3135 1183 Christo
3164 1128 3415 1200 propitio,
3439 1128 3510 1183 23

1939 1218 2149 1288 imperii
2179 1220 2359 1273 domui
2390 1219 2645 1275 Ludovici
2672 1220 2899 1289 piissimi
2926 1220 3182 1290 Augusti,
3215 1220 3509 1275 indictione

1941 1310 2007 1363 15
2031 1322 2078 1362 ι.
2116 1310 2307 1363 Actum
2334 1308 2655 1381 Aquisgrani
2685 1310 2883 1379 palatio
2911 1312 3056 1380 regio
3084 1312 3137 1364 in
3174 1310 3268 1364 Dei
3293 1309 3513 1367 nomine

1940 1399 2188 1454 feliciter.
2220 1400 2409 1454 Amen.

2605 1469 2850 1525 CCXVII.

2096 1564 2197 1603 PRO
2234 1563 2525 1603 BOTONENSI
2567 1564 2611 1602 S.
2644 1563 2967 1603 SALVATORIS
3004 1562 3353 1603 NONASTERIO.

2554 1624 2727 1694 (Anno
2755 1624 2903 1693 856.)

1943 1717 2045 1790 [Ex
2070 1718 2478 1790 probationibus
2502 1714 2748 1790 Ιίὶδιὸγὶαε
2770 1718 3081 1790 Britannice,
3110 1733 3231 1788 pag.
3256 1716 3347 1781 50,
3372 1717 3511 1786 apud

2441 1788 2505 1841 D.
2531 1787 2822 1856 Bouquet.,
2848 1786 3001 1858 ibid.]

1867 1873 1913 1931 B
2008 1875 2068 1930 In
2110 1877 2329 1932 nomine
2365 1876 2576 1930 Domini
2615 1876 2709 1939 Dei
2756 1884 2811 1929 et
2850 1876 3143 1930 Salvatoris
3184 1878 3355 1932 nostri
3384 1877 3513 1933 Jesu

1941 1964 2141 2021 Christi
2167 2007 2181 2031 ,
2228 1967 2554 2032 Ludovicus,
2585 1968 2761 2021 divina
2792 1968 3176 2036 repropitiante
3206 1967 3514 2035 clementia,

1939 2059 2245 2129 imperator
2260 2058 2555 2129 Augustus.

2014 2147 2071 2201 Si
2111 2147 2252 2200 illius
2292 2163 2505 2210 amore,
2545 2155 2650 2202 etc.
2676 2148 2724 2199 ἓν.
2778 2145 2940 2214 Cujus
2985 2156 3206 2216 precatu
3251 2149 3512 2218 permoti,

1942 2236 2101 2291 simul
2137 2247 2193 2290 et
2225 2238 2441 2291 hortatu
2472 2246 2634 2305 atque
2664 2237 2967 2291 interventu
2998 2237 3169 2292 fidelis
3208 2239 3375 2292 nostri
3410 2238 3518 2293 No—

1944 2328 2122 2382 ininoe
2147 2328 2478 2391 commoniti,
2509 2328 2830 2397 complacuit
2857 2330 3132 2382 serenitati
3163 2339 3361 2384 nostra:
3404 2330 3515 2399 ple-

1942 2417 2061 2471 bern
2092 2432 2212 2493 qua:
2242 2417 2461 2471 Rannac
2489 2418 2815 2481 nominatur,
2858 2434 2981 2472 cum
3020 2420 3166 2473 omni
3208 2420 3517 2490 integritate

1942 2521 2036 2561 sua
2056 2546 2070 2571 ,
2113 2521 2215 2560 nec
2241 2522 2344 2561 non
2376 2516 2430 2562 et
2460 2506 2703 2561 locellum
2744 2507 2833 2576 qui
2872 2509 3181 2563 nominatur
3207 2509 3364 2573 Plaz,
3408 2509 3519 2563 imo

1944 2605 1996 2651 et
2033 2597 2351 2667 plebiculam
2387 2614 2505 2667 qua:
2545 2599 2851 2653 nominatur
2879 2600 3086 2664 Ardon,
3129 2616 3224 2669 per
3248 2601 3389 2654 hanc
3420 2617 3516 2655 no-

1944 2696 2111 2741 stram
2138 2689 2514 2743 auctoritatem
2547 2698 2844 2744 memorato
2873 2690 3203 2744 monasterio
3225 2698 3385 2759 atque
3407 2705 3520 2744 mo-

1945 2779 2135 2833 nachis
2159 2780 2357 2835 ibidem
2380 2780 2607 2849 Deoper
2629 2780 2878 2834 diuturna
2902 2788 3142 2848 tempora
3164 2781 3511 2836 militantibus

1944 2869 2179 2933 tradere,
2206 2879 2310 2925 etc.
2343 2880 2364 2907 ο

2018 2960 2148 3014 Data
2176 2975 2236 3013 ιιι
2263 2960 2379 3014 Kal.
2412 2959 2764 3031 Septembris,
2809 2978 2967 3025 anno,
3014 2962 3228 3017 Christo
3255 2962 3510 3032 propitio,

1945 3048 2015 3103 25
2043 3049 2255 3119 imperii
2278 3051 2479 3104 domini
2520 3050 2796 3117 Ludovici,
2832 3052 3123 3106 indictione
3153 3051 3218 3105 l5
3237 3050 3286 3105 δ.
3320 3051 3515 3105 Actum

1949 3137 2228 3194 Karisiaco
2278 3140 2478 3209 palatio
2532 3143 2680 3211 regio
2736 3142 2789 3195 in
2847 3143 2941 3197 Dei
2994 3143 3211 3197 nomine
3268 3141 3515 3197 feliciter.

1874 3207 1916 3267 C
1948 3227 2141 3283 Anien.

2596 3299 2864 3357 CCXVIII.

2178 3406 2278 3445 ptio
2313 3406 2648 3447 YERENDABIO
2685 3409 2923 3447 cuumnsv
2963 3408 3206 3448 EPISCOPO
3229 3402 3253 3430 ⁸

2557 3470 2729 3541 (Anno
2763 3471 2911 3541 856.)

1948 3558 2124 3630 [Apud
2152 3559 2489 3625 Grandidier,
2534 3561 2673 3634 Hist.
2713 3562 2777 3614 de
2814 3562 3027 3634 I'Eglise
3062 3566 3126 3617 de
3166 3562 3514 3634 Strasbourg,

2459 3641 2588 3684 tom.
2614 3630 2674 3695 II,
2708 3646 2827 3699 pag.
2857 3631 3005 3703 203.]

2015 3721 2070 3773 In
2098 3721 2313 3774 nomine
2339 3719 2548 3775 Domini
2580 3721 2671 3775 Dei
2702 3721 2998 3777 Salvatoris
3023 3724 3195 3777 nostri
3218 3723 3343 3778 Jesu
3364 3724 3517 3779 Chri-

1947 3810 2031 3870 sti,
2058 3809 2378 3873 Ludovicus,
2408 3810 2586 3863 divina
2615 3812 3000 3879 rcpropitiante
3024 3812 3326 3879 clementia,
3350 3814 3517 3882 impe—

1948 3908 2094 3953 rator
2118 3898 2390 3968 Augustus

2017 3988 2211 4042 Notum
2240 3990 2310 4042 sit
2337 3990 2498 4059 igitur
2525 3991 2731 4044 cunctis
2763 3990 3005 4044 fidelibus
3036 3999 3233 4046 sanctae
3261 3991 3514 4046 Ecclesia:

1946 4077 2283 4145 nostrisque,
2320 4080 2666 4146 praesentibus
2698 4079 2901 4133 scilicet
2929 4086 2983 4132 et
3008 4080 3231 4144 futuris,
3273 4082 3397 4150 quia
3434 4082 3513 4135 di-

1945 4164 2115 4219 lectus
2144 4164 2309 4219 frater
2339 4173 2521 4219 noster
2562 4166 2738 4236 Drogo
2768 4166 2784 4204 τ
2816 4168 3250 4237 archiepiscopus
3286 4177 3339 4222 et
3374 4171 3509 4223 sacri

1945 4253 2129 4323 palatii
2176 4254 2343 4307 nostri
2387 4254 2861 4322 archicapellanus,
2908 4270 3007 4308 nec
3049 4271 3155 4309 non
3200 4255 3457 4310 Rataldus
3486 4259 3512 4295 ⁸

1948 4344 2130 4398 itidem
2158 4344 2459 4413 episcopus,
2498 4352 2733 4397 nostram
2765 4343 3020 4396 adeuntes
3049 4344 3511 4398 mansuetudinem

1948 4435 2308 4493 innotuerunt,
2332 4448 2395 4485 eo
2419 4433 2557 4500 quod
2584 4434 2707 4486 dum
2734 4433 2912 4486 divino
2932 4431 3134 4499 judicio
3159 4436 3509 4501 quorumdam

275 4543 528 4604 quantur.
570 4532 643 4586 Ea
673 4545 803 4585 vero
830 4543 949 4597 qua:
980 4527 1045 4580 ad
1075 4527 1353 4581 sarcienda
1381 4524 1620 4593 ejusdem
1653 4540 1841 4578 mona-
1869 4531 1920 4589 1)
1947 4522 2317 4576 malevolentia
2367 4530 2420 4576 et
2468 4521 2697 4576 factione
2748 4524 3042 4578 honoribus
3090 4524 3306 4578 caelitus
3357 4526 3511 4579 nobis

275 4622 427 4676 sterii
458 4630 595 4675 tecta
624 4619 928 4673 necessaria
947 4617 1166 4680 fuerint,
1191 4616 1254 4670 de
1275 4615 1649 4670 communibus
1676 4616 1845 4685 ipsius

352 4745 377 4772 ιι
401 4732 607 4801 Corrig.
638 4731 821 4801 indict.
852 4729 939 4781 Η.

352 4802 379 4841 ιι
409 4802 475 4855 Ut
514 4796 674 4869 su'pra
712 4800 765 4851 in
804 4806 1072 4868 prazcepto
1110 4812 1206 4867 pro
1243 4796 1431 4851 eodem
1476 4796 1839 4861 monasterio,

278 4870 383 4925 col.
414 4869 572 4923 1251.

349 4950 370 4977 ε
404 4939 474 4994 Ut
499 4952 655 5006 supra
678 4936 812 5006 ibid.

345 5008 371 5047 ἀ
398 5004 807 5075 Corrigendnm,
832 5005 1114 5058 indictione
1144 5004 1227 5057 Η.

350 5090 373 5116 ο
402 5072 581 5133 Edidit
590 5075 820 5142 diploma
836 5074 1209 5143 Schmpﬂinus,
1225 5072 1392 5143 Alsat.
1412 5072 1628 5143 diplom.
1650 5080 1777 5126 tom.
1796 5073 1834 5134 I,

316 5162 398 5215 ag.
427 5146 512 5209 'i'l,
561 5144 841 5215 exrcodiee
883 5142 1299 5215 IIlSIChl‘lSliatli
1332 5142 1580 5215 Urstisii,
1625 5142 1839 5215 quiest

316 5163 398 5215 ag.
438 5163 512 5209 ll,
561 5163 625 5201 CX
656 5163 841 5196 CO'JICB
883 5163 982 5196 IIIS.
1013 5163 1299 5197 hnI‘lSlIalll
1335 5163 1544 5196 υιδιιδιι
1567 5182 1580 5205 ,
1625 5163 1714 5209 (ιυι
1757 5163 1837 5194 εδι

277 5163 517 5277 Bisileae,
547 5214 639 5268 sed
670 5212 900 5268 maxime
930 5214 1283 5266 incorrectum
1312 5221 1364 5264 et
1393 5211 1657 5264 mutilum.
1705 5211 1837 5263 Illud

278 5286 366 5338 hic
401 5284 617 5345 damus,
657 5281 813 5349 quale
849 5296 911 5334 ex
955 5282 1283 5351 antographo
1321 5281 1644 5351 descriptum
1678 5280 1737 5331 D.
1772 5281 1835 5332 de

274 5352 391 5407 Jost
416 5353 569 5406 nobis
595 5352 1026 5405 communicavit.

355 5423 372 5459 ί
403 5422 576 5489 Drogo
615 5420 753 5471 filius
786 5419 961 5471 Caroli
1008 5417 1212 5489 Magni,
1259 5418 1541 5489 cpiscopus
1584 5415 1843 5489 Meteusis.

275 5508 363 5543 an.
393 5491 494 5542 858
516 5484 712 5551 Tactus,
757 5503 967 5555 semper
997 5484 1164 5539 iiIelis
1192 5484 1448 5538 remansit
1470 5484 1633 5555 fratri
1662 5486 1837 5555 Ludo-

278 5563 396 5613 vico
424 5559 537 5627 ιζιυ,
583 5566 639 5608 ut
677 5554 903 5627 probant
926 5554 1669 5627 Anna_les_Bet'tiniani_,_apud
1702 5554 1837 5627 Bon-7

277 5624 519 5697 quesum,
552 5624 798 5697 tom.VI,
832 5642 948 5697 pag.
985 5624 1103 5677 195.
1140 5624 1347 5697 :I‘itulus
1373 5624 1755 5697 archiepiscopi
1789 5625 1834 5677 ci

277 5692 496 5751 honoris
531 5711 691 5749 causa
730 5692 843 5745 fuit
865 5695 1090 5746 delatus.
1140 5692 1194 5744 In
1230 5694 1377 5746 Actis
1411 5693 1622 5745 concilii
1664 5692 1835 5745 'I‘heo-

278 5770 434 5823 denis
462 5766 617 5827 villa),
647 5780 748 5835 quo
777 5764 923 5815 iib‘:o
951 5762 1269 5818 Rbemensis
1304 5777 1391 5815 an.
1422 5760 1523 5815 835
1552 5760 1650 5815 fuit
1679 5761 1837 5829 depo-

1944 4616 2150 4670 collatis
2180 4616 2326 4669 dilati
2357 4614 2643 4670 fuissemus
2666 4617 2718 4680 ιι,
2764 4624 2818 4668 et
2848 4617 3208 4671 Verendarius
3236 4618 3250 4656 ί
3283 4631 3508 4671 venera-

1945 4726 2106 4787 situs,
2149 4726 2353 4794 primus
2386 4726 2525 4779 inter
2555 4740 2741 4779 omnes
2778 4724 3096 4793 subscripsit
3123 4725 3297 4793 Drogo
3326 4724 3507 4778 archi-

1898 4838 1905 4847 .
1943 4793 2245 4863 episcopus.
2280 4794 2597 4847 Nominatur
2615 4794 2789 4862 Drogo
2808 4795 2971 4860 frater
2990 4804 3037 4846 et
3061 4793 3507 4863 archicupellanm

1945 4874 2119 4916 noster
2146 4864 2198 4915 in
2228 4863 2513 4931 diplomate
2541 4864 2791 4916 Ludovici
2824 4863 2921 4923 Pii,
2950 4879 3055 4931 quo
3082 4879 3168 4915 an.
3196 4863 3299 4931 858
3327 4877 3509 4914 mona-

1943 4933 2164 4987 sterium
2193 4929 2422 4987 Anisolae
2454 4933 2625 4984 reddit
2659 4933 2947 4999 imperator
2970 4929 3225 4984 Adalrico
3251 4929 3509 4984 Cenoma-

1945 5001 2094 5055 nensi
2122 5002 2371 5071 episcopo
2392 5041 2405 5064 ,
2445 5001 2583 5069 apud
2610 5000 2889 5055 Baluzium
2909 5040 2922 5063 ,
2965 5000 3056 5054 lib.
3090 5016 3148 5052 ιιι
3183 4999 3502 5063 ﬁscellam,

1943 5069 2348 5199 ρδξίἓέίειιιιυς,
2369 5140 2479 5191 sive
2499 5138 2775 5192 Rothadus
2801 5139 3081 5206 episcopus
3103 5137 3505 5191 Suessionensis

1945 5208 2189 5261 interfuit
2238 5222 2448 5275 quoque
2494 5209 2809 5276 depositioni
2864 5207 3096 5260 I-Jbbonis
3147 5207 3501 5276 Rbemensis,

1946 5277 2201 5345 illumque
2233 5273 2388 5347 jussu
2433 5273 2776 5347 ἰιῐιιῂι-ῖιιοιίδ⁸
2798 5276 2945 5347 duxit
2987 5277 3043 5347 in,
3079 5273 3501 5347 abbatiaml‘ul-

1937 5343 2185 5408 densent,
2223 5343 2280 5397 ut
2308 5354 2493 5399 narrat
2510 5343 2865 5405 ’Flodoardus,
2902 5346 2953 5396 in
2989 5344 3219 5397 Historia
3253 5343 3501 5397 Ecclesia}

1940 5415 2275 5471 Rhemensis.
2310 5415 2401 5469 lib.
2433 5430 2502 5473 ιι,
2538 5430 2653 5482 cap.
2681 5416 2769 5467 ‘20.
2827 5414 2888 5465 Et
2920 5414 3201 5482 Ralaltlum
3236 5413 3303 5465 ad
3332 5427 3504 5482 annos

1936 5485 2059 5544 851.
2085 5484 2208 5544 837,
2228 5484 2328 5537 838
2356 5480 2617 5537 memorat
2648 5484 2931 5541 Eccardus.
2960 5481 3199 5536 Francia:
3224 5480 3502 5536 orientalis

1937 5562 2067 5605 tom.
2096 5552 2157 5611 ΙΙ.
2184 5568 2304 5621 pag.
2332 5553 2456 5613 250,
2484 5554 2588 5605 ἓεθ
2614 5564 2659 5606 et
2689 5553 2811 5605 509.

2007 5624 2031 5660 ει
2062 5617 2572 5690 Αιιυὶῖιίίηψθιειῑοι
2594 5622 2889 5674 Ludovicus
2913 5619 3037 5672 Pius
3063 5619 3126 5671 ad
3155 5634 3304 5671 suam
3330 5617 3396 5671 de
3419 5632 3504 5671 so-

1941 5690 2013 5744 lio
2041 5706 2180 5743 anno
2202 5690 2307 5743 855
2332 5690 2558 5743 nefande
2586 5693 2776 5743 factam
2804 5690 3249 5742 deturbationem.

2020 5762 2036 5799 ἱ
2067 5758 2143 5813 De
2166 5759 2490 5815 Vercudario
2513 5760 2789 5828 sequentia
2814 5758 2974 5812 tradit
2995 5756 3319 5811 Fortunatus
3342 5754 3507 5822 Spre-
