3924 6314
439 372 581 431 1285

1532 364 1856 428 ιυϋογιω
1893 365 1916 420 l
1952 364 2420 425 COGNOMENTO
2455 365 2541 414 Pll

3544 362 3683 420 {$84

430 494 554 539 υιιιὸ
580 483 755 538 Curius
795 488 1078 552 episeOpus
1109 494 1275 536 causa
1300 479 1576 535 ﬁdelitatis
1606 481 1761 535 nobis
1785 493 2004 535 eonser-
2030 479 2080 539 Α
2106 492 2204 532 cus
2228 478 2409 534 divina
2436 476 2650 532 favente
2666 477 2836 541 gratia
2857 475 3225 531 Romanorum
3255 474 3554 546 imperator
3576 475 3689 530 Au-

430 586 567 631 vatae
597 574 892 629 honoribus
919 572 1160 642 propriis
1199 571 1445 642 privatus
1484 570 1785 640 exsilioque
1814 578 2005 627 trusus

430 668 768 731 consisteret,
794 672 1119 735 praeceptum
1142 663 1416 732 qtmddam
1440 662 1645 717 domini
1670 669 1725 717 et
1746 661 2009 730 genitoris

430 758 600 813 nostri
620 756 798 812 Caroli
813 752 1147 810 serenissimi
1172 752 1537 823 imperatoris,
1554 766 1653 822 per
1665 752 1812 821 quod
1830 751 2007 807 eidem

428 848 671 903 ecclesia:
705 844 965 915 quasdam
1000 857 1090 897 res
1116 842 1468 912 proprietatis
1504 857 1618 898 sua
1657 840 1883 896 solemni
1915 840 2010 896 do-

432 939 651 992 natione
678 934 1010 997 contulerat,
1051 932 1323 1001 perditutn
1352 937 1410 987 et
1444 946 1476 986 a
1497 930 1620 1007 jure
1647 931 1887 1001 ejusdem
1918 943 2009 983 ec-

428 1026 606 1082 clesize
623 1025 837 1094 penitus
856 1024 1189 1078 abstractum
1208 1018 1395 1075 fuisse.
1425 1020 1537 1075 Sed
1557 1020 1813 1089 quoniam
1836 1019 2009 1074 nostri

423 1132 591 1173 causa
646 1119 1008 1170 memoratum
1060 1112 1374 1181 episcopum
1423 1110 1623 1167 exsilio
1669 1109 2009 1179 deportatum

424 1211 671 1271 constat,
697 1212 757 1260 et
783 1204 976 1259 eodem
1002 1201 1298 1258 interstitio
1330 1207 1687 1256 memoratam
1719 1198 2011 1253 auctorita-

425 1307 537 1353 tem
586 1295 789 1351 domini
838 1302 899 1349 et
944 1292 1209 1364 genitoris
1259 1292 1436 1345 nostri
1482 1291 1738 1345 amissam
1792 1288 2008 1342 tandem

424 1388 605 1442 divina
635 1384 1009 1441 misericordia
1044 1382 1201 1437 nobis
1236 1381 1466 1451 pristino
1496 1379 1691 1436 honori
1720 1377 2005 1439 restitutis,

426 1486 726 1530 memorato
750 1488 965 1543 quoque
990 1472 1243 1541 episcopo
1260 1471 1491 1541 propriae
1514 1468 1755 1524 ecclesiae
1778 1466 2008 1529 reddito,

422 1569 551 1638 quia
582 1567 698 1621 sine
730 1563 1000 1635 imperiali
1038 1562 1366 1621 auctoritate
1400 1566 1727 1614 memoratas
1763 1571 1851 1611 res
1889 1570 2009 1625 qua:

423 1668 552 1716 sunt
582 1660 637 1713 in
672 1672 810 1728 pago
840 1655 1181 1719 Elisacense,
1230 1653 1286 1709 in
1312 1651 1433 1706 loco
1461 1650 1552 1720 qui
1581 1647 1778 1702 dicitur
1806 1645 2010 1701 Selezi-

422 1759 567 1809 stata
587 1763 633 1814 ι,
668 1746 879 1818 capella
905 1745 1160 1800 videlicet
1184 1758 1308 1801 cum
1335 1742 1586 1799 omnibus
1628 1738 1697 1793 ad
1736 1752 1799 1791 se
1837 1735 2007 1805 perti-

2105 579 2314 641 gustus.

2180 663 2237 717 Si
2272 661 2389 717 loca
2418 661 2598 717 divino
2645 661 2815 716 cultui
2842 660 3145 730 mancipata
3173 656 3687 725 reformaverimus,

2107 762 2162 808 ct
2185 768 2305 822 quae
2334 752 2649 823 corrigenda
2674 760 2802 809 sunt
2826 752 2913 822 pia
2936 752 3234 810 intentione
3258 752 3685 815 correxerimus,

2108 845 2213 901 hoc
2244 844 2433 915 procul
2457 844 2619 899 dubio
2645 844 2712 897 ad
2732 843 3126 899 statibilitatem
3148 843 3298 914 regni
3324 844 3497 897 nostri
3510 850 3563 895 et
3588 842 3685 895 im-

2108 940 2270 1009 perii,
2295 948 2352 993 et
2375 939 2444 993 ad
2473 938 2966 994 remunerationem
3010 944 3267 993 aeternam
3296 935 3683 1004 recipiendam.

2106 1030 2237 1084 talia
2264 1028 2444 1084 facere
2470 1043 2578 1083 non
2612 1028 2937 1083 dubitamus.
2974 1026 3313 1098 Quapropter
3338 1026 3555 1083 noverit
3572 1040 3686 1080 om-

2109 1119 2259 1172 nium
2281 1125 2527 1173 nostrum
2553 1123 2610 1173 et
2626 1119 2869 1172 omnium
2895 1116 3131 1173 [idolium
3156 1120 3590 1175 Christianorum
3613 1120 3687 1173 in-

2110 1207 2339 1272 dustria,
2371 1208 2515 1277 quod
2546 1205 2745 1263 fratres
2775 1209 2843 1263 de
2871 1208 3097 1262 ecclesia
3144 1194 3541 1269 Glanderiensi,
3569 1222 3686 1276 qua:

2110 1297 2166 1351 in
2196 1298 2400 1359 honore
2429 1305 2629 1352 sanctae
2655 1296 2750 1351 Dei
2778 1296 3053 1367 genitricis
3084 1295 3267 1349 Mariae
3295 1304 3347 1350 et
3376 1305 3684 1351 sanctorum

2110 1386 2482 1443 confessorum
2511 1385 2748 1451 Martini,
2774 1386 2952 1457 Digni,
2972 1384 3263 1457 Bodagisli,
3306 1393 3473 1454 atque
3505 1385 3685 1440 Unde-

2110 1479 2196 1534 nis
2225 1484 2564 1543 consecrata,
2594 1476 2974 1546 conquerenda
3016 1476 3265 1531 adierunt
3287 1485 3534 1530 nostram
3556 1490 3688 1544 pra:-

2112 1572 2363 1637 sentiam,
2391 1572 2629 1627 dicentes
2654 1570 2941 1625 ecclesiam
2965 1584 3117 1623 suam
3146 1568 3433 1638 spoliatam
3464 1566 3629 1622 fuisse
3657 1582 3685 1620 a

2112 1662 2328 1733 regibus
2362 1662 2455 1732 qui
2510 1670 2636 1716 ante
2698 1660 3095 1731 progenitorem
3151 1668 3397 1714 nostrum
3438 1658 3687 1713 Carolum

2114 1755 2363 1826 Magnum
2386 1757 2731 1819 exstiterunt,
2758 1755 2824 1809 de
2848 1753 3013 1808 curiis
3050 1761 3107 1807 et
3132 1752 3293 1815 villis,
3323 1760 3384 1805 et
3408 1750 3688 1805 beneficiis

422 1840 702 1903 nentibus,
747 1846 803 1892 et
842 1837 897 1891 in
922 1833 1087 1891 Curia
1118 1833 1341 1889 civitate
1371 1830 1629 1902 telonium
1659 1828 1726 1882 ab
1752 1827 2012 1881 itineran—
2038 1841 2086 1901 Β
2115 1861 2146 1900 a
2175 1846 2401 1901 Domino
2428 1844 2712 1917 Bodagislo
2756 1852 2911 1915 palm
2961 1842 3101 1897 beati
3124 1841 3389 1911 Αηωιρδί
3433 1839 3689 1894 gemmis

421 1933 570 1988 tibus
616 1934 716 1986 sub
766 1928 1024 1983 ﬁrmitate
1065 1926 1205 1995 juris
1251 1939 1364 1981 sua:
1413 1920 1656 1979 ecclesiae
1706 1917 2011 1973 nullatenus

426 2034 639 2097 poterat
663 2024 934 2089 detinere,
973 2020 1283 2090 petiverunt
1309 2024 1553 2071 nostram
1579 2012 1829 2068 similiter
1854 2004 2012 2064 ce‘lsi-

424 2117 665 2174 tudinem
708 2122 769 2170 ut
809 2128 972 2183 super
998 2111 1202 2165 eisdem
1240 2107 1401 2162 rebus
1428 2112 1677 2161 nostrum
1709 2106 2010 2155 mereretur

422 2208 671 2276 accipere
700 2203 1099 2271 conscriptum,
1141 2214 1236 2268 per
1265 2196 1407 2266 quod
1428 2238 1442 2260 ,
1484 2195 1689 2262 absque
1720 2189 2011 2259 cujuslibet

424 2300 613 2353 illicita
659 2295 1044 2352 contrarietate
1094 2301 1188 2346 aut
1233 2289 1641 2359 inquietudine,
1689 2300 1783 2341 eas
1828 2292 2011 2354 partes

420 2405 563 2460 saepe
590 2388 719 2444 dicti
748 2384 1006 2456 episcopii
1052 2385 1104 2437 in
1151 2390 1427 2453 posterum
1462 2378 1743 2449 possidere
1788 2390 1851 2429 ac
1888 2373 2011 2443 jure

418 2479 659 2550 legitimo
687 2477 976 2545 disponere
1004 2473 1287 2544 potuisset.
1320 2468 1563 2537 Quorum
1594 2464 2011 2523 rationabilibus

418 2572 669 2643 precibus
699 2575 1034 2630 annuentes,
1081 2566 1181 2620 bos
1224 2571 1425 2618 nostrae
1450 2558 1798 2617 auctor'uatis
1828 2556 2011 2626 apices

417 2668 719 2717 memorato
763 2658 1016 2729 episcopo
1063 2655 1286 2723 suisque
1340 2666 1435 2724 per
1479 2660 1726 2720 tempora
1772 2647 2010 2704 labentia

416 2749 823 2808 successoribus
872 2746 1003 2803 ﬁeri.
1044 2761 1109 2800 ac
1160 2744 1281 2799 dari
1313 2742 1676 2806 decrevimus,
1731 2752 1828 2811 per
1876 2752 2010 2807 quas

419 2844 759 2915 praecipimus
802 2848 965 2909 atque
1008 2836 1263 2905 jubemus
1306 2844 1368 2889 ut
1414 2834 1669 2901 deinceps
1707 2829 2011 2899 smpedicte

418 2947 507 2987 res
544 2945 667 2984 cum
713 2927 862 2983 omni
907 2925 1253 2995 integritate,
1296 2934 1351 2976 et
1392 2920 1636 2991 telonous
1663 2918 1729 2972 de
1757 2915 2009 2972 omnibus

419 3020 802 3079 itinerantibus
839 3018 907 3071 ad
949 3015 1237 3071 ecclesiam
1265 3011 1497 3068 dominae
1538 3015 1746 3063 sanctae
1791 3006 2007 3071 Marim,

423 3124 821 3180 rectorumquc,
856 3106 1073 3163 Christo
1100 3104 1357 3176 propitio,
1386 3101 1531 3155 illius
1560 3098 1873 3177 perenniter
1902 3112 2009 3152 ma-

2108 1936 2344 2006 episcopi
2368 1935 2609 1991 ecclesiae
2636 1933 3009 1989 Gianderiensi
3037 1931 3279 1996 collatis,
3332 1940 3389 1984 et
3418 1946 3543 1999 qum
3593 1930 3689 1999 ipsi

2108 2032 2513 2079 constructores
2540 2023 2643 2078 loci
2668 2023 2858 2077 beatus
2881 2019 3083 2092 Dignus
3103 2027 3159 2074 et
3189 2019 3365 2081 Unda,
3384 2034 3416 2072 a
3446 2018 3691 2087 tyrannis

2110 2113 2400 2169 crudeliter
2428 2114 2607 2168 ablata
2631 2112 2816 2168 fuisse.
2850 2114 3048 2167 Aurem
3074 2126 3203 2182 ergo
3230 2120 3429 2166 nostra
3458 2111 3691 2166 clemen-

2109 2203 2200 2257 tiae
2220 2205 2298 2258 eis
2312 2204 2800 2268 accommodantes,
2824 2210 2879 2257 et
2904 2211 3125 2271 propter
3154 2202 3281 2255 illud
3307 2202 3549 2255 maxime
3572 2201 3689 2269 quia

2112 2292 2179 2345 ad
2208 2291 2491 2361 imperium
2522 2292 2829 2361 pertinebat
2854 2291 3028 2361 ipsum
3056 2291 3383 2355 cmnobium,
3406 2290 3690 2346 consilium

2109 2384 2414 2452 principum
2440 2383 2649 2450 imperii
2681 2397 2847 2451 super
2894 2383 2996 2436 hoc
3030 2383 3397 2452 quaesivimus,
3429 2383 3525 2451 qui
3556 2382 3692 2451 judi-

2111 2475 2195 2528 cio
2221 2475 2384 2528 curiae
2411 2473 2489 2529 eis
2523 2473 2850 2529 reddendum
2877 2488 2998 2528 esse
3028 2473 3171 2540 quod
3199 2473 3399 2541 injuste
3420 2468 3515 2528 eis
3551 2474 3692 2527 aliia-

2110 2574 2224 2617 tum
2249 2564 2380 2630 fuit;
2413 2563 2553 2633 quod
2578 2564 2840 2633 judicium
2866 2564 3055 2617 libenti
3086 2573 3141 2617 et
3188 2568 3343 2633 grato
3379 2563 3569 2617 animo
3602 2578 3693 2615 au-

2111 2653 2362 2707 divimus.
2395 2652 2499 2708 Per
2526 2655 2886 2707 interventum
2919 2652 3086 2722 igitur
3135 2652 3690 2706 conthoralis’nostrae

2111 2745 2465 2818 Gruingardis
2492 2746 2715 2815 reginze,
2746 2753 2800 2801 et
2833 2745 3067 2799 ﬁliorum
3113 2752 3426 2799 nostrorum
3451 2743 3688 2797 Lotharii

2109 2836 2358 2901 Caesaris,
2386 2845 2440 2889 et
2478 2836 2712 2906 Pippini,
2752 2846 2913 2904 atque
2950 2835 3227 2896 Lud0vici,
3258 2842 3310 2889 et
3353 2833 3688 2903 Angilramni

2110 2929 2528 2998 archicapellani
2569 2928 2774 2999 palatii,
2805 2936 2859 2981 et
2887 2926 3125 2997 episcOpi
3166 2925 3423 2981 Hie-tensis
3444 2927 3616 2986 urbis,
3641 2936 3690 2979 et

2109 3020 2411 3089 principum
2443 3019 2648 3082 Curia,
2683 3019 2959 3073 reddimus
3009 3018 3089 3072 eis
3136 3024 3345 3072 cortem
3406 3018 3689 3086 quamdam

2108 3111 2429 3175 Grundstat,
2458 3126 2582 3163 cum
2611 3110 2837 3164 ecclesia
2879 3116 2933 3163 et
2960 3109 3084 3162 dote
3111 3107 3247 3177 ejus,
3272 3123 3341 3164 ac
3380 3108 3522 3161 alias
3566 3108 3691 3162 duas

420 3210 614 3266 neant,
659 3211 713 3255 et
751 3197 1009 3269 quidquid
1054 3197 1119 3251 de
1160 3196 1242 3249 eis
1277 3191 1399 3262 jure
1438 3188 1811 3246 ecclesiastico
1846 3200 2005 3258 agere

2111 3202 2373 3257 ecclesias
2399 3203 2463 3256 de
2498 3201 2876 3263 Mertenshein,
2905 3209 2959 3255 et
2992 3200 3057 3254 de
3078 3198 3453 3267 Vettemberg,
3490 3208 3546 3253 et
3576 3199 3691 3253 dote

421 3294 717 3356 voluerint,
761 3292 987 3345 liberam
1017 3288 1071 3341 in
1097 3286 1351 3341 omnibus
1381 3283 1618 3337 habeant
1646 3284 1968 3350 potestatem
1990 3316 2004 3341 ,

422 3397 596 3452 neque
646 3381 811 3434 ullam
853 3377 1213 3440 calumniam,
1263 3380 1355 3428 aut
1400 3370 1843 3432 diminutionem,
1892 3366 2008 3420 sive

422 3472 785 3527 detentionem
821 3483 922 3538 pro
949 3466 1191 3535 ejusdem
1219 3461 1422 3518 domini
1455 3461 1511 3515 et'
1542 3457 1805 3529 genitoris
1834 3455 2006 3510 nostri

422 3560 763 3617 auctoritatis
792 3556 1083 3611 amissione
1110 3552 1219 3607 ullo
1244 3563 1483 3619 unquam
1519 3556 1762 3617 tempore
1804 3560 1836 3600 a
1868 3560 2008 3619 quo.

420 3668 585 3723 quam
627 3666 685 3705 se
727 3648 937 3719 perpeti
978 3646 1402 3717 pertimescant,
1457 3648 1724 3709 quatenus
1771 3652 1864 3692 eos
1909 3652 2007 3707 pro

423 3747 606 3795 nostra
637 3747 1055 3805 nostrorumque
1080 3731 1323 3787 omnium
1352 3729 1547 3791 salute,
1593 3735 1756 3795 atque
1795 3726 2006 3795 imperii

423 3846 455 3885 a
496 3832 607 3885 Deo
652 3829 807 3882 nobis
851 3825 1033 3880 collati
1074 3824 1370 3878 stabilitate
1413 3821 1624 3876 Domini
1666 3819 2006 3875 clementiam

420 3921 644 3976 liberius
670 3930 900 3972 exorare
925 3914 1175 3969 delectet.
1208 3913 1277 3965 Et
1302 3920 1363 3965 ut
1388 3920 1573 3964 nostra
1601 3910 1896 3962 auctoritas
1926 3908 2006 3960 in-

417 4010 789 4068 dissolubilem
825 4008 1069 4062 obtineat
1101 4004 1447 4066 ﬁrmitatem,
1492 4002 1557 4055 de
1587 3999 1787 4055 annulo
1819 4005 2005 4052 nostro

419 4105 609 4158 subter
632 4116 750 4155 eam
773 4099 1037 4168 jussimus
1063 4095 1306 4167 sigillari.

490 4195 624 4246 Data
648 4207 701 4244 vt
734 4189 860 4245 ldus
902 4186 1167 4251 Januarii,
1197 4202 1359 4249 anno,
1393 4184 1611 4238 Christo
1644 4181 1895 4251 propitio,
1935 4179 2005 4232 22

424 4282 636 4352 imperii
666 4280 849 4335 domni
876 4276 1132 4332 Ludovici
1164 4275 1393 4345 piissimi
1420 4273 1677 4342 Augusti,
1712 4271 2004 4325 indictione

424 4374 509 4425 lt.
562 4370 756 4425 Actum
798 4368 1135 4423 Francovurt
1157 4365 1205 4428 b,
1259 4365 1311 4417 in
1354 4363 1448 4416 Dei
1489 4361 1709 4416 nomine
1752 4359 2000 4414 feliciter.

421 4466 614 4518 Amen.

1108 4552 1332 4608 CCXIX.

746 4677 865 4721 PBO'
882 4677 1215 4719 MONASTEBIO
1253 4675 1669 4715 LONGOVILLANO.

1040 4777 1214 4848 (Anno
1254 4773 1401 4845 856.)

796 4890 888 4963 [D.
913 4887 1165 4951 Calmet.,
1204 4883 1348 4938 Hist.
1380 4881 1634 4952 Lothar.]

462 5070 465 5071 ν
490 5004 551 5060 in
571 5015 788 5058 nomine
813 5006 1013 5055 sancta:
1032 5004 1086 5049 et
1111 4993 1398 5048 individuae
1436 4991 1740 5055 Trinitatis,
1766 4991 1999 5044 Ludovi-

421 5137 638 5195 cherus,
666 5132 718 5184 in
742 5128 954 5188 Rhetia,
976 5126 1069 5179 lib.
1094 5141 1176 5188 ιιι,
1201 5138 1324 5195 pag.
1342 5121 1408 5176 98
1420 5139 1445 5195 _:
1478 5141 1495 5171 ε
1516 5120 1724 5195 Victori
1747 5119 1997 5195 epispopo

419 5190 666 5259 Coriensi
716 5198 971 5253 suifectus
1015 5190 1372 5249 Verendarius
1419 5191 1689 5245 Ludovico
1741 5190 1995 5259 ehaﬁssig

423 5257 655 5327 mus.....
704 5270 1028 5337 Episcopatu
1071 5272 1125 5318 et
1165 5260 1485 5337 praefectura
1520 5275 1551 5313 a
1584 5259 1710 5313 ﬁliis
1730 5257 1993 5337 .l'sudovici

421 5326 777 5410 privatur....-.
797 5326 976 5410 Lib-er
997 5326 1181 5410 auten}
1215 5331 1386 5410 iactus
1412 5330 1704 5410 imperator
1730 5326 2000 5410 Vfrenda-

425 5396 564 5466 rium
600 5407 885 5478 restituit,_
910 5405 1118 5478 ipsique
1147 5401 1329 5478 omnia
1364 5396 1645 5478 privilegia
1676 5396 1996 5478 in‘llbartia,

424 5481 563 5534 idem
606 5480 671 5532 de
708 5466 963 5545 parochia
1006 5466 1257 5545 e't_boui_s
1295 5466 1673 5545 seiestadiinin
1711 5466 1912 5545 Alsatia
1944 5474 1999 5518 et

422 5550 542 5602 aliis
562 5536 868 5607 conﬁrmat,
890 5563 907 5594 ι
930 5551 1033 5597 etc.
1065 5542 1319 5595 Eamdem
1346 5536 1995 5607 Sclestadiitraditionein

424 5625 727 5671 memorant
753 5615 819 5667 ad
847 5604 1044 5665 annum
1070 5611 1173 5664 855
1199 5608 1505 5670 Bucelinus,
1534 5606 1587 5658 in
1618 5604 1810 5657 Rhetia
1842 5619 1995 5657 sacra

422 5695 477 5737 et
504 5685 723 5753 profana
744 5725 757 5748 ,
798 5699 917 5753 pag.
950 5682 1050 5734 17⁸5
1072 5722 1085 5744 ,
1130 5688 1187 5733 et
1218 5680 1284 5732 ad
1311 5674 1638 5753 anuum§36
1668 5673 1991 5753 ’ἤθρει-(μίας,

419 5742 606 5810 Gallice
634 5742 977 5809 comatze‘lib.
1009 5742 1239 5818 “part.
1276 5762 1347 5813 ιν,
1382 5763 1500 5815 cap.
1534 5746 1587 5809 6,
1625 5759 1740 5812 pag.
1772 5742 1894 5806 9.35,
1944 5752 1997 5795 et

2030 4523 2083 4581 D

2110 3307 2322 3356 earum,
2351 3301 2405 3345 et
2436 3292 2575 3345 sicut
2602 3291 2814 3361 genitor
2841 3298 3025 3345 noster
3047 3331 3062 3355 ,
3120 3289 3344 3343 Carolus
3374 3289 3604 3349 scilicet,
3640 3298 3689 3341 et

2110 3395 2208 3434 nos
2246 3380 2531 3441 tenuimus,
2563 3380 2639 3433 sic
2670 3379 2945 3432 reddimus
2983 3393 3101 3432 eam
3150 3393 3213 3431 ex
3255 3379 3469 3447 integro
3496 3378 3608 3431 Deo
3639 3388 3689 3430 rt

2109 3478 2313 3525 sanctm
2338 3469 2452 3537 ejus
2482 3469 2727 3539 genitrici
2764 3469 2962 3532 Mariae,
2992 3476 3049 3522 et
3073 3468 3248 3522 beatis
3287 3468 3692 3522 confessoribns

2110 3560 2311 3613 Christi
2367 3559 2621 3623 Martino,
2663 3560 2856 3629 Digne,
2916 3558 3201 3629 Bodagislo
3237 3566 3401 3626 atque
3446 3557 3689 3619 Undeni,

2110 3665 2231 3703 cum
2255 3650 2507 3704 omnibus
2537 3649 2865 3717 appendiciis
2887 3650 3018 3713 suis,
3035 3663 3156 3702 cum
3180 3649 3492 3702 hominibus
3514 3650 3623 3703 suis
3642 3658 3690 3702 et

2110 3741 2446 3805 mulieribus,
2476 3756 2597 3796 cum
2624 3740 2907 3805 reditibus,
2937 3755 3062 3794 cum
3088 3754 3275 3802 censu,
3300 3754 3425 3792 cum
3465 3741 3613 3808 agris
3639 3749 3691 3791 et

2108 3831 2450 3895 molendinis,
2480 3830 2717 3898 qumsitis
2738 3837 2792 3883 et
2816 3829 3172 3898 inquirendis,
3188 3828 3479 3882 mobilibus
3500 3838 3556 3883 et
3589 3830 3688 3881 imo

2109 3923 2417 3985 mobilibus,
2446 3919 2974 3985 exitibus,fontibus,
2992 3918 3161 3973 etillis
3176 3919 3428 3974 omnibus
3455 3935 3691 3974 consue-

2110 4012 2384 4066 tudinibus
2417 4011 2612 4080 quibus
2635 4025 2696 4063 ea
2746 4010 2827 4064 usi
2869 4010 3094 4071 fuimus,
3121 4009 3253 4079 ipsis
3276 4008 3547 4063 fratribus
3597 4025 3690 4079 per

2109 4104 2487 4159 auctoritatem
2510 4102 2843 4172 imperialem
2874 4101 3208 4170 et'judicium
3243 4100 3551 4170 principum
3574 4100 3688 4154 red~

2108 4195 2303 4248 dimus.
2331 4190 2390 4247 Si
2418 4192 2540 4261 quis
2567 4199 2745 4245 autem
2773 4192 2837 4244 de
2858 4190 3260 4244 successoribus
3289 4190 3521 4252 nostris,
3554 4190 3688 4257 regi-

2107 4283 2207 4337 bus
2228 4281 2311 4336 vel
2328 4280 2758 4350 imperatoribus,
2789 4279 2871 4333 vel
2892 4286 3137 4348 potentes
3175 4277 3366 4345 aliqui,
3389 4278 3475 4332 vel
3506 4287 3687 4349 tyran-

2108 4386 2229 4435 nus,
2262 4369 2345 4422 vel
2376 4368 2708 4432 malefactor,
2731 4368 2903 4437 ipsam
2947 4375 3153 4421 curtem
3179 4381 3339 4435 quam
3375 4366 3687 4430 reddimus,

2108 4477 2205 4532 per
2229 4460 2521 4530 potentiam
2566 4458 2651 4512 vel
2695 4458 3037 4522 violentiam,
3085 4458 3168 4511 vel
3206 4459 3549 4513 occasionem
3590 4475 3685 4513 au-

2110 4550 2274 4614 ferre,
2304 4549 2388 4603 vel
2419 4547 2695 4610 invadere,
2725 4545 2807 4599 vel
2846 4546 3171 4599 comantbire
3202 4544 3407 4615 [Forte,
3435 4562 3688 4601 concam-

2109 4640 2268 4711 bire],
2298 4638 2381 4694 vel
2426 4639 2480 4692 in
2509 4637 2805 4705 precariam
2835 4636 2995 4699 dare,
3043 4634 3125 4687 vel
3150 4634 3457 4689 abalienare
3509 4646 3687 4690 tenta-

2108 4732 2265 4793 verit,
2288 4730 2373 4783 vel
2424 4728 2742 4798 impedierit,
2787 4735 3026 4780 sanctam
3062 4725 3283 4779 Mariam
3331 4728 3530 4781 sentiat
3582 4729 3685 4781 sibi

2110 4820 2552 4883 adversatricem,
2575 4827 2628 4873 et
2651 4819 2704 4871 in
2732 4817 2978 4871 omnibus
3000 4816 3141 4870 beati
3172 4815 3510 4870 confessores
3531 4816 3688 4871 Chri-

2110 4912 2177 4966 sti
2208 4910 2468 4963 Martinus
2493 4948 2507 4972 ,
2556 4908 2776 4977 Dignus,
2806 4905 2960 4960 Unde
2990 4914 3150 4974 atque
3207 4905 3526 4974 Bodagislus
3576 4907 3688 4959 sint

2109 5002 2223 5071 ejus
2248 5000 2620 5072 perversitatis
2649 4998 2849 5052 inimici
2883 4994 3177 5063 etjudices.
3208 4996 3357 5049 Hanc
3376 5011 3508 5065 ergo
3529 4997 3687 5050 char-

2106 5130 2245 5183 inter
2293 5136 2642 5184 monumenta
2692 5124 3276 5193 Helvetico-Tugiensia
3325 5125 3388 5177 D.
3420 5125 3480 5179 L.
3512 5125 3569 5178 B.
3618 5127 3685 5180 de

2103 5200 2407 5253 Zurlauben
2438 5197 2821 5263 manuscripts,
2849 5205 2979 5248 tom.
3014 5193 3105 5257 Vl,
3150 5209 3272 5263 pag.
3304 5194 3393 5253 57.
3444 5204 3503 5248 et
3548 5195 3679 5255 Leu,

2106 5210 2407 5253 Lurtaunen
2438 5210 2821 5263 manuscnpta,
2849 5210 2979 5248 tom.
3019 5210 3105 5257 γι,
3150 5210 3214 5263 pa
3260 5235 3272 5245 .
3304 5210 3393 5253 or.
3444 5210 3503 5248 et
3548 5210 3678 5255 Leu,

2106 5268 2478 5342 Helvetisehes
2500 5267 2764 5342 Dorieon,
2786 5274 2912 5317 tom.
2939 5264 3003 5342 Υ,
3031 5276 3151 5342 pag.
3175 5210 3300 5327 ﬁgi,
3329 5266 3422 5332 qui
3448 5274 3678 5318 mortem

2106 5338 2222 5405 ejus
2248 5338 2313 5389 ad
2340 5339 2373 5391 5
2396 5336 2646 5405 Octobris
2670 5334 2771 5390 8M
2797 5333 3095 5405 constituit.

2178 5419 2202 5445 ι
2230 5406 2401 5460 Hodie
2427 5404 2751 5459 Schelestadt
2779 5402 2999 5455 Alsatia:
3026 5400 3298 5470 oppidum.

2176 5476 2203 5515 δ
2231 5473 2586 5543 Soluepilinus
2608 5473 2743 5543 male
2764 5472 2926 5541 legit:
2952 5468 3265 5543 Aquisgrani
3290 5468 3493 5543 palatio
3514 5472 3676 5540 regio,

2105 5546 2223 5599 loco
2246 5540 2586 5611 Francofurt.
2624 5542 2784 5596 Addit
2809 5540 3020 5609 quoque
3038 5558 3057 5611 :7
3086 5540 3502 5593 Hirminmarius
3528 5549 3681 5593 nota-

2105 5617 2214 5668 rius
2241 5614 2308 5667 ad
2334 5610 2496 5666 vicem
2524 5611 2762 5680 Hugonis
2794 5610 3091 5679 recognovi;
3124 5624 3241 5678 qua:
3269 5612 3433 5666 verba
3463 5628 3571 5667 non
3602 5613 3675 5665 le-

2103 5691 2299 5752 guntur
2324 5683 2376 5736 in
2402 5682 2753 5751 autographa.
