3924 6332
479 366 501 418 1
512 364 614 422 ΞΒἸ

1596 362 1911 419 ιυΒΟΠΕΙ
1951 362 1970 416 1
2009 361 2485 419 COGNOMENTO
2521 362 2601 418 i’ll

3616 361 3746 417 1283

471 470 705 542 despach
733 485 757 513 ι
778 514 792 537 ,
830 472 1130 544 Reiningen
1156 472 1216 538 δ,
1264 470 1659 526 Kimmeuheim
1686 482 1737 535 ε,
1762 469 2048 526 Gundoll‘s—
2076 474 2129 532 Α
2153 486 2274 526 rum
2309 477 2525 525 constat
2554 485 2675 525 esse
2702 469 3024 535 dedicatum,
3068 469 3312 525 tuitiouis
3358 468 3749 527 immanitatis-

474 561 617 615 heim
647 560 671 600 ά
696 603 709 625 ,
766 561 1086 632 Regesheim
1135 573 1159 601 ο
1188 602 1204 627 ,
1255 560 1699 616 Rulechesc‘heim
1736 561 1779 626 ι,
1817 559 2056 615 Balters-

475 650 620 706 heim
648 655 691 717 ε,
719 651 975 706 Hetwiler
995 654 1046 706 δ.
1069 652 1267 708 Omnes
1286 653 1533 707 homines
1551 653 1619 707 ad
1642 652 1927 708 ecclesiam
1952 652 2058 706 lio-

476 743 718 820 henburg
740 744 1091 814 pertinentes,
1120 744 1231 799 sive
1258 744 1439 814 longe,
1468 743 1582 799 sive
1630 758 1796 814 prepe
1834 758 2057 798 manen-

475 842 558 891 tes
579 835 776 891 debent
809 837 940 891 dare
988 836 1229 891 ecclesiae
1252 876 1277 901 ,.
1322 836 1466 905 quod
1518 835 1809 906 vulgariter
1858 834 2058 890 dicitur

473 923 576 980 Val
607 926 651 991 ί,
682 934 738 979 et
758 940 983 981 censum
1011 927 1076 980 de
1118 939 1344 995 corpore
1379 940 1499 990 suo,
1529 924 1767 993 exceptis
1811 923 2056 979 ministe-

477 1016 839 1085 rialibus,_qui
866 1022 1120 1070 tenentur
1146 1014 1434 1070 defendere
1467 1015 1728 1070 honorem
1756 1020 1811 1067 et
1839 1013 2060 1068 liberta-

477 1117 585 1163 tem
625 1105 887 1163 ecclesia.
913 1107 1027 1161 Nos
1056 1120 1187 1160 vero
1234 1105 1301 1160 ad
1330 1105 1620 1159 utilitatem
1677 1113 1731 1158 et
1757 1102 2057 1173 profectum

475 1198 714 1269 praedicti
745 1197 965 1252 claustri
1004 1197 1335 1267 llohenburg
1364 1197 1750 1265 peragendum,
1792 1203 2059 1264 quatenus

475 1276 698 1343 ancillas
724 1287 821 1342 Dei
858 1286 991 1343 inibi
1020 1287 1130 1343 Deo
1177 1287 1498 1348 famulantes
1527 1302 1627 1356 pro
1660 1286 1816 1341 nobis
1843 1286 2059 1340 eadem-

474 1400 580 1454 que
610 1385 834 1455 conjuge
863 1392 1047 1438 nostra
1087 1398 1151 1437 ac
1180 1382 1348 1452 prole,
1384 1382 1656 1451 totiusque
1685 1378 1897 1452 imperii
1922 1377 2059 1433 divi—

475 1473 623 1529 nitus
646 1473 798 1528 nobis
822 1472 1000 1527 collati
1041 1471 1335 1528 stabilitate
1360 1479 1415 1527 et
1438 1482 1591 1542 pace,
1616 1468 1710 1523 Dei
1739 1469 2057 1523 immensam

473 1562 815 1617 clementiam
854 1558 1055 1632 iugiter
1100 1574 1329 1614 exorare
1382 1560 1643 1623 delectet;
1694 1565 1749 1610 et
1794 1556 1910 1611 haec
1961 1567 2059 1609 no-

475 1661 603 1707 stras
636 1651 974 1707 anetoritatis
1030 1649 1391 1704 inviolabilem
1440 1656 1495 1703 et
1546 1645 1881 1702 inconfusam
1921 1640 2059 1699 obti-

475 1750 601 1797 neat
623 1740 953 1805 firmitatem,
983 1755 1146 1797 manu
1171 1740 1357 1793 nostra
1370 1737 1585 1811 propria
1612 1736 2054 1807 subscripsimus,

2155 575 2262 630 que
2302 560 2474 631 gratia
2521 559 2639 614 ﬁeri
2682 559 2939 630 iusserat,
2982 560 3283 631 petivitque
3322 568 3387 613 ut
3430 574 3561 614 eam
3601 574 3748 614 more

2155 656 2419 703 consueto
2449 649 2720 725 renovari,
2746 649 3169 720 pnescriptoque
3206 649 3551 704 monasterio
3590 651 3750 707 tribui

2149 736 2482 806 iuberemus.
2512 737 2639 806 Ejus
2668 753 2881 809 quoque
2907 741 3219 809 petitionem
3261 739 3634 795 libentissime
3661 740 3752 794 ad-

2158 830 2462 899 itnplentes,
2506 832 2611 886 hoc
2654 842 2853 887 nostra:
2897 833 3238 887 auctoritatis
3282 840 3339 887 et
3384 832 3751 888 immunitatis

2156 928 2483 989 prmceptum
2527 918 2644 974 ﬁeri
2669 920 2946 988 iussimus,
2976 936 3073 992 per
3097 922 3242 991 quod
3286 922 3644 977 decernimus
3668 930 3749 975 at-

2156 1024 2261 1077 que
2304 1010 2577 1065 sancimus
2631 1020 2692 1065 ut
2746 1021 3099 1066 memoratum
3168 1013 3567 1067 monasterium
3634 1028 3750 1067 cum

2156 1100 2407 1157 omnibus
2452 1101 2518 1156 ad
2563 1116 2623 1157 se
2662 1102 3057 1173 pertinentibus
3105 1103 3191 1157 vel
3243 1103 3643 1171 aspicientibus
3699 1102 3750 1156 in

2157 1200 2342 1246 nostra
2371 1190 2685 1247 defensione
2723 1206 2887 1262 atque
2933 1192 3292 1246 immumtatis
3336 1193 3577 1247 tuitione
3622 1205 3749 1245 con-

2158 1280 2337 1345 sistat,
2378 1281 2662 1351 nullusque
2700 1281 2866 1351 iudex
2916 1281 3179 1351 publicus,
3227 1298 3326 1336 nec
3373 1282 3639 1351 quislibet
3687 1297 3749 1335 ex

2154 1371 2442 1442 iudiciaria
2488 1380 2780 1441 potestate,
2810 1382 2903 1427 aut
2930 1373 3095 1427 etiam
3134 1374 3236 1427 alia
3287 1375 3465 1443 major
3512 1375 3751 1427 minorve

2157 1477 2390 1532 persona
2425 1462 2479 1515 in
2508 1462 2787 1526 ecclesias,
2830 1472 2923 1516 aut
2965 1463 3098 1525 loca,
3131 1462 3216 1517 vel
3250 1479 3425 1533 agros,
3474 1478 3574 1517 seu
3622 1462 3750 1515 reli-

2159 1569 2296 1623 quas
2341 1554 2727 1625 possessiones,
2776 1570 2913 1623 quas
2962 1554 3220 1609 moderuo
3261 1563 3507 1622 tempore
3542 1554 3597 1607 in
3636 1554 3750 1623 qui-

2158 1642 2393 1697 buslibet
2419 1643 2573 1712 pagis
2600 1642 2684 1698 vel
2729 1644 3021 1697 territoriis
3067 1644 3119 1696 in
3149 1643 3501 1697 traditionem
3536 1643 3747 1711 imperii

2160 1734 2330 1788 nostri
2361 1732 2504 1802 iuste
2541 1742 2596 1788 et
2622 1733 2864 1805 legaliter
2906 1734 3163 1803 possidet,
3189 1733 3273 1787 vel
3313 1747 3378 1787 ea
3421 1746 3553 1801 qute
3597 1732 3747 1786 dein-

475 1829 913 1885 conlirmavimus
938 1838 994 1883 et
1023 1827 1183 1898 sigilli
1212 1828 1380 1883 nostri
1410 1827 1741 1897 appensione
1791 1823 2053 1895 assignari
2082 1833 2129 1892 Β
2157 1840 2285 1894 ceps
2324 1823 2447 1893 iure
2470 1825 2653 1897 ipsius
2696 1824 2929 1879 voluerit
2967 1825 3146 1879 divina
3191 1825 3367 1893 pietas
3400 1823 3595 1893 augeri
3615 1862 3630 1886 ,
3687 1822 3749 1876 ad

476 1936 750 1989 iussnnus.

551 2011 741 2065 Datum
790 2010 843 2064 in
872 2009 1072 2081 palatio
1102 2018 1321 2073 nostro,
1374 2026 1516 2066 anno
1543 2010 1757 2065 Domini
1809 2021 2061 2081 octuage—

478 2099 645 2157 simoi
666 2102 972 2165 ,triccsimo
994 2102 1243 2170 septimo,
1269 2101 1563 2157 indictione
1580 2101 1813 2165 decima,
1829 2098 2058 2170 septima

479 2190 601 2244 ldus
631 2190 831 2255 Martii,
858 2205 1144 2259 regnorum
1171 2198 1480 2244 nostrorum
1511 2205 1651 2244 anno
1679 2188 2019 2243 duodecimo.

1149 2296 1379 2352 CCXXI.

834 2404 937 2445 PRO
986 2404 1214 2444 ΑΒΒΔἸΊΑ
1252 2404 1704 2445 BOHENBURGENSI.

1094 2479 1268 2555 (Anno
1317 2479 1465 2552 837.)

479 2571 586 2629 [Ex
613 2570 779 2627 veteri
812 2570 995 2626 smeuli
1032 2568 1167 2624 noni
1195 2570 1503 2638 apographo
1544 2569 1957 2638 membranaceo
2008 2568 2062 2621 in

558 2641 819 2698 tabulario
845 2638 1136 2710 episcopali
1179 2637 1513 2695 Tabes-neum
1553 2640 1599 2703 ιι,
1649 2638 1789 2710 apud
1827 2637 2063 2692 Grandi-

559 2714 694 2777 dier,
729 2710 884 2780 ibid.]

556 2826 613 2880 ln
639 2820 853 2879 nomine
883 2821 1096 2876 Domini
1138 2820 1235 2875 Dei
1284 2830 1339 2875 et
1382 2819 1679 2875 Salvatoris
1721 2820 1893 2874 nostri
1939 2819 2066 2875 Iesu

483 2916 713 2980 Christ],
738 2913 1061 2978 Ludovicus,
1093 2912 1269 2967 divina
1294 2911 1677 2983 repropitiante
1705 2908 1723 2948 1
1758 2910 2062 2978 clementia,

488 3011 785 3078 imperator
810 3004 1105 3074 Augustus.

557 3098 690 3155 Cum
714 3096 845 3151 locis
871 3094 981 3151 Deo
1012 3095 1204 3149 dicatis
1234 3094 1285 3147 in
1316 3094 1721 3164 quibuscunque
1740 3094 2069 3166 indiguerint

2158 1933 2353 1973 causas
2383 1916 2671 1986 iudiciaria
2699 1932 2852 1971 more
2899 1917 3197 1970 audiendas
3241 1915 3326 1969 vel
3356 1913 3746 1978 discutienda.

2158 2008 2241 2062 vel
2289 2016 2507 2078 paratas
2555 2006 2863 2072 faciendas,
2906 2014 2999 2059 aut
3056 2004 3396 2072 ﬁdeiussores
3444 2003 3745 2069 tollendos,

2159 2104 2250 2151 aut
2274 2096 2522 2171 homines
2555 2096 2724 2165 ipsius
2750 2104 2858 2149 tam
2890 2096 3149 2166 ingenuos
3183 2110 3347 2165 quam
3375 2103 3430 2148 et
3462 2109 3677 2157 servos,
3697 2105 3749 2149 et

2160 2201 2323 2256 super
2363 2194 2565 2239 terram
2612 2185 2779 2254 ipsius
2825 2194 3230 2240 commanentes
3277 2183 3475 2252 iniuste
3531 2185 3747 2238 distrin—

2161 2275 2385 2345 gendos,
2425 2274 2509 2328 vel
2536 2273 2682 2328 freda
2714 2274 2996 2344 exigenda,
3024 2288 3122 2329 nec
3158 2272 3296 2327 ullas
3336 2273 3746 2337 redhibitiones,

2162 2374 2256 2418 aut
2301 2363 2517 2419 illicitas
2544 2364 2857 2419 occasiones
2898 2372 2922 2396 ο
2975 2364 3344 2433 requirendas,
3396 2365 3607 2417 nostris
3654 2376 3747 2416 nec

2162 2453 2359 2509 futuris
2387 2454 2718 2524 temporibus
2743 2449 2952 2526 ingredi
2982 2454 3194 2516 audeat,
3227 2469 3329 2509 nec
3352 2469 3417 2507 ea
3439 2470 3567 2524 qua:
3592 2470 3745 2525 supra

2163 2553 2462 2599 memorata
2512 2553 2637 2599 sunt
2676 2546 2895 2613 penitus
2933 2544 3150 2615 exigere
3183 2554 3499 2613 praesumat.
3532 2545 3638 2599 Sed
3662 2560 3746 2599 re-

2163 2641 2310 2688 mota
2363 2634 2529 2687 totius
2573 2633 2875 2703 iudiciaria:
2911 2633 3204 2702 potestatis
3251 2643 3414 2701 atque
3461 2649 3745 2702 pravorum

2163 2723 2442 2779 hominum
2501 2723 2909 2792 inquietudine,
2974 2723 3116 2777 idem
3173 2710 3576 2777 monasterium
3632 2738 3745 2778 cum

2165 2815 2415 2870 omnibus
2466 2814 2627 2869 rebus
2682 2822 2738 2869 et
2784 2813 3068 2883 mancipiis
3114 2814 3181 2868 ad
3225 2828 3284 2867 se
3330 2814 3747 2882 pertinentibus,

2167 2906 2305 2961 sicut
2351 2906 2553 2961 dictum
2602 2913 2708 2971 est,
2755 2906 2854 2961 sub
2883 2914 3073 2965 nostra
3098 2905 3370 2975 imperiali
3418 2906 3749 2974 protectione

2167 3002 2222 3049 et
2250 2994 2607 3049 immunitatis
2636 2992 2947 3049 defensione
2969 3009 3184 3063 semper
3205 2994 3446 3063 quietum
3473 2995 3745 3049 consistat.

2168 3084 2437 3155 Quidquid
2462 3092 2643 3139 autem
2688 3083 2754 3137 de
2797 3083 2999 3137 eisdem
3052 3079 3215 3137 rebus
3255 3082 3342 3150 ius
3388 3083 3508 3136 ﬁsci
3544 3083 3749 3152 exigere

490 3191 770 3249 consulere
801 3189 1120 3261 satagimus,
1150 3187 1267 3258 eius
1311 3189 1542 3259 gratiam
1592 3189 1745 3258 cuius
1788 3203 1971 3243 amore
2013 3188 2065 3242 id

2171 3187 2403 3248 poterat,
2429 3185 2599 3232 totum
2630 3192 2729 3231 nos
2761 3177 2813 3231 in
2838 3184 3026 3231 nostra
3050 3175 3393 3245 cieemosyna
3423 3176 3606 3229 eidem
3632 3191 3753 3230 con-

490 3284 765 3338 nosciutur
790 3280 1002 3335 eiiicere
1030 3279 1390 3333 abundantius
1412 3279 1708 3348 promereri
1730 3277 2064 3333 conﬁdimus.

490 3374 511 3427 l
534 3373 698 3427 lcirco
719 3379 903 3425 notum
930 3370 1046 3424 fieri
1075 3369 1320 3423 volumus
1345 3368 1584 3424 omnium
1610 3368 1844 3422 ﬁdelium
1867 3375 2070 3422 sancta:

495 3462 587 3518 Dei
622 3458 879 3515 Ecclesia:
916 3466 1350 3527 nostrorumque,
1376 3466 1485 3513 tam
1523 3466 1867 3527 praesentium
1909 3473 2068 3527 quam

492 3561 548 3607 ct
594 3550 919 3611 futurorum,
963 3548 1259 3613 industriae,
1297 3548 1419 3617 quia
1476 3548 1824 3602 dilectissima
1876 3546 2071 3614 coniux

495 3650 678 3703 nostra
714 3639 896 3693 Judith
925 3651 964 3679 ω
993 3654 1206 3709 semper
1232 3639 1469 3710 Augusta
1501 3637 1683 3693 oﬂ‘erri
1723 3636 1850 3693 fecit
1874 3638 2073 3693 obtuti-

495 3735 596 3786 bus
637 3729 935 3798 maiestatis
979 3738 1178 3783 nostra:
1222 3730 1512 3798 quamdam
1557 3729 1895 3784 auctoritatis
1937 3744 2073 3799 prte-

496 3820 798 3890 ceptioncm
826 3834 987 3888 quam
1018 3820 1245 3873 domnus
1275 3827 1330 3873 et
1362 3820 1574 3888 genitor
1623 3829 1808 3874 noster
1851 3820 2073 3875 Carolus

495 3910 771 3980 piissimus
798 3910 1090 3977 imperator
1114 3918 1140 3945 ο
1173 3923 1300 3978 erga
1323 3908 1709 3962 monasterium
1738 3908 1890 3978 cuius
1910 3923 2073 3963 voca-

496 4000 679 4056 bulum
724 4006 807 4053 est
851 3997 1198 4066 Hobenburg,
1247 3996 1393 4067 quod
1442 3997 1495 4050 in
1548 3997 1753 4050 honore
1798 3996 2075 4065 genitricis

499 4092 562 4145 Ι).
595 4090 659 4143 Ν.
691 4089 816 4143 .lcsu
856 4087 1058 4142 Christi
1085 4098 1139 4141 et
1158 4086 1296 4142 beati
1330 4086 1477 4141 Petri
1522 4086 1780 4156 principis
1806 4085 2075 4154 apostolo-

574 4234 597 4260 ⁸
636 4222 932 4278 Karstbach
958 4235 1124 4291 prope
1146 4220 1538 4291 AAltkirchium.

576 4296 605 4337 δ
629 4292 935 4362 Reim'ngen,
958 4288 1026 4345 'in
1054 4288 1321 4362 Mulhusio
1344 4290 1519 4362 leuca;
1534 4289 1708 4358 spatio
1739 4288 1967 4362 distans.

2172 3270 2435 3326 cessimus
2476 3268 2828 3333 monasterio,
2868 3267 3009 3321 sicut
3051 3266 3306 3320 domuum
3362 3273 3417 3320 et
3455 3266 3749 3338 genitorem

2172 3370 2415 3415 nostrum
2454 3357 2647 3414 fecisse
2692 3366 2909 3413 constat
2945 3357 3013 3411 ad
3050 3358 3334 3412 utilitatem
3366 3365 3421 3412 et
3451 3358 3752 3428 profectum

2173 3451 2343 3521 ipsius
2366 3449 2751 3521 peragendum,
2781 3457 3047 3518 quatenus
3076 3447 3298 3502 ancillas
3343 3449 3437 3502 Dei
3487 3449 3621 3503 inibi
3650 3449 3752 3502 Deo

2173 3540 2496 3594 famulantes
2537 3554 2635 3608 pro
2659 3539 2835 3602 nobis,
2864 3538 3159 3606 eademque
3202 3535 3433 3606 coniuge
3464 3546 3652 3591 nostra
3694 3552 3753 3589 ac

2173 3629 2323 3700 prole
2350 3640 2401 3693 P,
2430 3627 2697 3697 totiusque
2726 3626 2939 3697 imperii
2966 3626 3222 3681 divinitus
3252 3626 3409 3681 nobis
3438 3626 3624 3680 collati
3646 3636 3752 3679 sta-

2171 3713 2385 3776 bilitate
2432 3726 2487 3772 et
2526 3731 2659 3788 pace
2703 3717 2795 3771 Dei
2839 3717 3159 3771 immensam
3192 3717 3538 3771 clementiam
3562 3716 3754 3786 iugiter

2172 3824 2401 3867 exorare
2430 3809 2677 3864 delectet.
2707 3808 2775 3862 Et
2803 3816 2861 3862 ut
2904 3808 3019 3862 haec
3047 3814 3230 3861 nostra
3260 3806 3566 3861 auctoritas
3593 3807 3754 3860 invio-

2173 3899 2390 3953 labilem
2428 3905 2483 3952 et
2528 3895 2894 3950 inconvulsam
2924 3895 3165 3949 obtineat
3210 3895 3548 3961 ﬁrmitatem,
3598 3910 3753 3950 manu

2172 3990 2390 4062 propria
2421 3990 2607 4044 subter
2628 4003 2746 4043 eam
2774 3977 3127 4054 ﬁrmavimus,
3150 3995 3205 4042 et
3230 3986 3415 4041 annuli
3442 3987 3621 4047 nostri
3655 3988 3752 4043 im-

2173 4081 2455 4153 pressione
2481 4079 2742 4148 assignari
2767 4078 3047 4148 iussimus.

2178 4229 2342 4278 neant
2384 4220 2649 4277 exstantis
2693 4219 2820 4273 olim
2858 4218 3015 4288 sigilli
3060 4216 3367 4288 ρομεςιῖξιι
3399 4218 3547 4288 piece
3575 4220 3666 4288 qui
3707 4236 3754 4271 se

2177 4290 2255 4344 dit
2307 4290 2507 4353 scelléc,
2561 4290 2711 4343 aiunt
2759 4284 3007 4341 auctores
3054 4284 3242 4341 Gallici
3276 4284 3437 4340 Nova:
3486 4284 3753 4353 Diploma-

578 4375 599 4402 ε
627 4355 886 4416 Kunheim
914 4360 967 4414 in
992 4360 1244 4415 ballivatu
1266 4355 1774 4429 Kochersbérgeusi,
1804 4358 2077 4428 pertinens
2178 4361 2317 4423 ticte,
2349 4368 2480 4413 tom.
2508 4357 2596 4429 Ἦ,
2625 4371 2756 4429 pag.
2775 4356 2899 4429 555,
2934 4366 2981 4409 et
3002 4357 3091 4426 qui
3120 4372 3184 4429 ne
3210 4355 3755 4429 monti-caninam?

504 4433 571 4488 ad
600 4432 907 4501 episcopum
935 4428 1403 4501 Argentine‘nscm.

575 4502 601 4541 ά
630 4497 999 4555 Candelsheim
1019 4497 1190 4568 prope
1214 4497 1499 4553 Rufacum.

581 4583 606 4611 ε
634 4569 882 4623 Rexheim
916 4567 1080 4637 prope
1104 4567 1517 4637 Ensishemium.

584 4640 604 4678 ί
643 4635 988 4702 Rurelsheiin,
1014 4635 1127 4690 non
1157 4637 1341 4705 procul
1373 4638 1440 4690 ab
1468 4635 1825 4705 Ensishemio.

582 4711 608 4747 κ
638 4705 996 4769 Baltersheim,
1026 4704 1188 4760 etiam
1217 4707 1269 4759 in
1290 4706 1484 4759 vicinia
1507 4704 1847 4758 Ensishemii.

578 4778 606 4818 δ
638 4775 796 4829 Vicus
844 4775 1095 4843 ignotus,
1144 4775 1244 4828 nisi
1302 4774 1527 4829 forsitan
1576 4770 1869 4827 Gertweiler
1910 4788 2076 4843 prope

2179 4430 2243 4483 de
2268 4444 2444 4489 sceau,
2475 4427 2603 4480 n‘est
2627 4424 3071 4495 brdinaircmAen—t“
3093 4424 3282 4495 qu_‘une
3319 4425 3483 4493 copia.
3516 4424 3755 4495 Diploma

2182 4496 2501 4561 retulerunt,
2543 4495 2636 4549 sed
2676 4494 2889 4554 vitiose,
2938 4491 3114 4547 Gallia
3138 4491 3466 4558 Christiana,
3515 4491 3653 4548 tom.
3694 4494 3754 4557 ν,

2102 4537 2155 4596 Ῑ)
2180 4537 2501 4637 ᾖξξῗνξὸἒὲῗ
2524 4537 3237 4632 &"“séi&$ﬁin.§2"xisfiii
3252 4537 3490 4631 713313;}.
3712 4537 3752 4623 ii

2178 4634 2609 4760 pw.L7u8(iOViCllS
2635 4702 2764 4775 Pius
2791 4702 2860 4775 ab
2887 4716 3035 4775 anno
3060 4700 3183 4762 854,
3212 4715 3319 4775 quo
3344 4708 3469 4775 post
3504 4708 3755 4753 exaucto-

2180 4776 2446 4829 ratiouem
2472 4788 2623 4827 suam
2651 4773 2705 4826 in
2742 4772 2932 4826 solium
2962 4768 3065 4823 fuit
3100 4768 3403 4830 restitutus,
3437 4779 3751 4824 consuetam

510 4847 645 4901 Darr
685 4845 754 4898 ab
789 4838 1102 4897 am'anuensi
1150 4844 1289 4913 male
1326 4844 1575 4913 scriptus,
1624 4843 1715 4911 qui
1750 4838 2079 4897 memoratur
2180 4842 2465 4913 formulam
2515 4841 2759 4905 retinuit,
2810 4839 2904 4895 sed
2942 4840 3070 4913 loco
3110 4839 3259 4893 vocis
3312 4838 3612 4913 ordinante,
3651 4852 3751 4913 _seu

514 4918 564 4969 in
599 4922 920 4969 testamento
948 4923 1147 4967 sanctae
1180 4911 1386 4967 Odilize.

588 4988 603 5025 ί
640 4981 761 5045 ναι,
789 4984 902 5037 sive
935 4981 1229 5047 Fati-lius,
1257 4997 1361 5037 vox
1401 4979 1561 5036 medii
1598 4979 1719 5044 aevi,
1753 4986 1909 5034 erant
1956 4994 2078 5034 cen-

2179 4912 2489 4982 propitiunte
2540 4925 2669 4963 usus
2698 4919 2794 4982 est
2829 4909 3215 4978 repropitiante,
3260 4907 3397 4982 quia_
3430 4907 3484 4959 in
3532 4906 3751 4960 restitu-

2179 4974 2325 5035 tione
2369 4979 2562 5032 iterum
2602 4974 2893 5047 propitium
2939 4974 3194 5047 espertus
3234 4974 3319 5047 est
3362 4974 3553 5039 Deum,
3594 4990 3751 5043 quem

511 5070 604 5108 sus
632 5050 869 5121 quolibet
894 5066 1047 5121 anno
1074 5052 1311 5121 in_certa
1349 5052 1435 5105 die
1476 5050 1773 5121 prtestandi'
1792 5050 1892 5121 sub
1918 5064 2079 5118 paena
2179 5050 2368 5121 prima:
2388 5046 2681 5121 evectionis
2699 5046 2973 5121 auctorem
3000 5046 3339 5121 agnoscebat.

509 5117 830 5243 caduc‘iégtis
881 5120 1050 5175 fundi.
1108 5118 1353 5186 Haltaus,
1392 5122 1449 5174 in
1478 5117 1755 5173 Clossario
1805 5117 2077 5181 Genuam,

510 5208 630 5243 nan.
768 5229 780 5242 .

510 5208 630 5261 pag.
658 5191 780 5244 422.

554 5328 557 5329 ν
585 5264 599 5310 t’
633 5258 940 5329 Legendum
966 5257 1405 5329 octingentesimo.
1447 5257 1516 5329 At
1539 5273 1660 5329 cum
1696 5271 1837 5310 anno
1878 5255 2077 5329 Christi

511 5328 611 5382 $37
641 5327 743 5381 non
774 5329 1040 5449 quadram
1061 5343 1161 5381 nec
1189 5327 1410 5381 iudictio
1448 5327 1675 5389 decima,
1700 5341 1819 5395 quze
1846 5327 2082 5379 occurrit

513 5398 668 5449 annis
710 5397 769 5449 81
853 5406 906 5449 et
930 5398 1052 5449 8'52.
1086 5411 1187 5449 nec
1229 5410 1403 5449 annus
1430 5395 1777 5449 duodecimus
1821 5394 2075 5448 Ludovici

513 5398 668 5451 annis
710 5394 810 5451 817
853 5406 906 5451 et
930 5398 1052 5460 852,
1086 5411 1187 5450 nec
1229 5410 1403 5449 annus
1430 5394 1777 5449 duodecimus
1821 5394 2075 5448 Ludovici

513 5467 616 5529 Pii,
645 5466 733 5533 qui
775 5464 874 5519 fuit
896 5466 1019 5519 825.
1047 5466 1202 5519 Anno
1228 5466 1329 5519 837
1354 5465 1703 5533 concurrebat
1737 5464 1957 5517 indictio
1990 5462 2075 5516 15.

584 5536 609 5605 ξι
634 5532 1035 5605 Autographum
1059 5550 1165 5588 non
1194 5542 1371 5605 e\stat
1393 5552 1405 5585 :
1431 5532 1791 5605 apographum
1824 5547 1951 5605 vero
1979 5548 2078 5586 sae-

512 5602 632 5657 culo
657 5600 802 5657 nono
846 5600 929 5658 vel
964 5604 1152 5657 saltem
1196 5604 1405 5657 decimo
1440 5600 1715 5656 exaratum
1763 5600 1926 5655 luisse
1953 5617 2077 5656 con-

513 5682 619 5725 stat
647 5685 711 5724 ex
743 5673 1043 5727 litterarum
1094 5673 1255 5726 ductu
1306 5680 1359 5726 et
1398 5672 1722 5725 membrana:
1770 5680 2029 5724 vetustate
2062 5688 2074 5722 :

512 5742 902 5811 autograpbum
928 5757 1054 5797 vero
1083 5741 1189 5795 dici
1215 5756 1320 5795 non
1348 5749 1541 5810 potest.
1572 5755 1694 5795 cum
1718 5740 1875 5794 nullae
1900 5754 2077 5795 rema-

2251 5130 2290 5158 ω
2318 5117 2640 5181 Ludovicus,
2678 5125 2888 5170 mortua
2918 5113 3260 5183 lrméngarde
3287 5113 3494 5183 regina,
3526 5126 3749 5183 uxorem

2181 5202 2323 5241 anno
2347 5186 2450 5241 819
2477 5172 2856 5250 duxit'Judith,
2880 5185 3043 5239 ﬁliam
3069 5172 3282 5250 Welphi
3302 5172 3538 5247 comitis,
3560 5181 3631 5235 de
3650 5198 3749 5250 qua

2179 5256 2345 5311 multa
2368 5255 2568 5309 habent
2590 5256 2733 5309 illius
2764 5254 3021 5323 temporis
3047 5254 3287 5323 annales.

2254 5335 2279 5361 ο
2302 5324 2467 5378 Periit
2493 5325 2722 5392 diploma
2747 5320 3035 5393 allegatum.
3060 5320 3239 5375 Caroli
3266 5320 3463 5390 Magni.

2255 5393 2368 5459 {id
2417 5402 2500 5447 est
2550 5390 2941 5459 prtestationes,
2998 5404 3117 5459 quae
3171 5398 3392 5459 prepter
3437 5390 3751 5444 occasiones

2181 5452 2441 5515 beliorum
2485 5452 2567 5515 vei
2610 5461 2839 5515 aliarum
2884 5452 3739 5519 necessitatum-imponebatur.

2182 5532 2448 5600 Ducange,
2476 5532 2528 5584 in
2550 5530 2843 5591 Glossario,
2870 5540 2997 5600 lout.
3022 5528 3257 5600 lY,pag.
3290 5527 3441 5581 i5“.

2254 5611 2279 5648 ρ
2307 5596 2489 5661 ΙΓθδι,
2521 5615 2616 5668 pro
2651 5600 2842 5653 Carolo
2884 5599 3023 5652 dicto
3046 5597 3228 5660 Calvo,
3255 5610 3424 5668 quem
3444 5596 3746 5650 Ludovicus

2183 5668 2309 5723 Pius
2334 5684 2476 5721 anno
2505 5664 2607 5724 8‘22
2633 5670 2819 5722 habuit
2842 5682 2904 5721 ex
2936 5682 3101 5720 uxore
3126 5681 3221 5720 sua
3247 5664 3454 5729 Jutlith,
3484 5676 3746 5735 quemque

2182 5755 2322 5794 anno
2344 5739 2445 5794 838
2476 5737 2738 5793 Ncustrite
2770 5751 2949 5807 regem
2974 5744 3128 5805 pater
3158 5735 3451 5790 coronavit.
