3924 6348
197 449 339 508 £9.89

1340 439 1583 497 DII‘LOM
1596 438 1727 499 ATA
1769 440 2293 501 ECCLESIAS'I‘ICA
2309 480 2325 500 .

3316 441 3451 496 l990

263 562 398 616 Data
437 576 507 615 vn
557 561 681 616 ldus
724 560 922 629 Martii.
974 578 1137 628 anno,
1165 561 1382 618 Christo
1429 562 1682 632 propitio,
1708 559 1777 613 24
1806 562 1854 621 Λ
1883 566 2019 623 tant,
2050 567 2106 615 et
2137 574 2297 615 nemo
2324 560 2380 613 in
2410 559 2512 613 hoc
2557 557 2880 630 relragando
2910 558 3271 614 temeritatem
3302 559 3454 613 adhi-

190 652 404 722 itnperii
437 653 617 707 domni
646 653 901 709 Ludovici
933 654 1162 723 piissimi
1207 654 1455 723 Augusti,
1485 651 1776 707 indictione

191 739 282 794 l5.
311 740 501 795 Actum
532 741 854 812 Aquisgrani
885 742 1086 812 palatio
1128 742 1300 814 regio,
1344 743 1396 795 in
1440 742 1531 795 Dei
1564 741 1778 794 nomine

190 826 439 884 feliciter.
457 828 630 884 Amen
665 841 712 881 ε.

856 897 1106 953 CCXXII.

549 1002 651 1044 PRO
685 1002 1021 1043 IONASTEBIO
1054 1000 1467 1043 NONANTULANO.

798 1078 973 1150 (Anno
1011 1079 1161 1150 857.)

192 1170 430 1225 Lotharii
464 1172 494 1227 Ι
530 1171 751 1240 Augusti
781 1169 1056 1240 diploma,
1084 1184 1176 1236 per
1203 1168 1341 1240 quod
1379 1167 1617 1240 prrrcipit
1649 1175 1703 1217 ut
1734 1166 1777 1218 is

268 1236 632 1293 tantummodo
653 1236 971 1293 monasterio
1004 1236 1386 1291 Nonantulano
1424 1236 1604 1304 prwsit
1626 1250 1778 1305 quem

269 1326 329 1365 ea:
361 1326 459 1361 sua
485 1308 882 1379 congregatione
913 1307 1157 1361 monachi
1184 1305 1457 1375 elegerint.

188 1394 373 1466 {Apud
429 1395 722 1459 Muratori,
777 1395 1133 1533 Antiqugtggeti
1188 1391 1428 1456 Italicae,
1490 1400 1620 1446 tom.
1674 1391 1774 1451 VI,

823 1479 943 1533 pag.
1092 1500 1104 1515 .

823 1479 943 1533 pag.
976 1479 1104 1517 oue.

264 1554 322 1609 In
354 1554 570 1609 nomine
598 1551 813 1607 Domini
844 1550 1015 1605 nostri
1044 1550 1173 1606 Iesu
1200 1550 1402 1606 Christi
1430 1549 1528 1605 Dei
1557 1549 1773 1613 aeterni,

188 1645 505 1709 Lotharius,
533 1644 715 1698 divina
766 1643 1050 1698 ordinante
1096 1642 1459 1713 providentia,
1484 1642 1779 1712 imperator

189 1736 489 1894 “13:23:;
514 1823 683 1895 gloria
715 1823 982 1894 imperiali
1009 1822 1263 1893 prmlatos
1290 1830 1443 1877 tanto
1485 1820 1776 1876 studiosius

1878 647 2025 713 beat,
2057 658 2326 717 quatenus
2373 655 2560 703 nostro
2588 648 2767 702 studio
2798 648 2946 702 omni
2994 656 3282 718 procurata
3307 648 3453 717 quic-

1880 734 2066 789 tudine
2094 751 2194 805 pro
2231 735 2388 790 nobis
2419 750 2483 790 ac
2508 734 2805 790 stabilitate
2833 736 3087 790 culminis
3128 735 3330 802 nostri,
3363 750 3454 791 seu

1880 821 2177 878 salvatione
2205 822 2451 895 conjugis
2478 839 2541 879 ac
2561 824 2753 894 prolis,
2782 832 2945 894 atque
2972 824 3025 879 in
3049 818 3228 881 sinum
3257 836 3457 882 sancta:

1880 914 2071 968 matris
2092 923 2294 969 nostra:
2316 914 2600 970 catholicae
2629 914 2886 970 Ecclesia:
2912 914 3308 984 quiescentium
3332 930 3458 986 pro-

1882 1002 2115 1057 tectione
2167 1017 2264 1058 seu
2311 1002 2621 1060 defensione
2660 1004 2922 1059 attentius
2969 1018 3197 1059 exorare
3239 1004 3455 1059 Domini

1882 1090 2316 1147 misericordiam
2348 1092 2536 1147 eadem
2564 1093 2860 1149 delectetur
2887 1093 3254 1165 congregatio.
3286 1093 3358 1147 Et
3396 1104 3456 1148 ut

1878 1177 1983 1233 hoc
2011 1188 2210 1235 nostrae
2242 1181 2605 1236 concessionis
2644 1197 2841 1238 munus
2867 1198 2898 1238 a
2928 1183 3130 1239 nostris
3172 1197 3450 1238 successo-

1879 1268 2030 1322 ribus
2076 1270 2259 1324 verius
2318 1270 2605 1337 credatur,
2664 1280 2721 1326 et
2764 1286 2796 1326 a
2846 1272 3096 1328 ﬁdelibus
3144 1272 3457 1344 diligentius

1880 1366 2253 1424 conservetur,
2309 1375 2476 1414 manu
2527 1361 2743 1431 propria
2792 1363 2982 1417 subter
3010 1363 3360 1428 ﬁrmavimus,
3404 1376 3457 1417 et

1879 1450 2066 1503 annuli
2087 1451 2257 1505 nostri
2289 1452 2643 1521 impressione
2665 1456 2853 1511 subter
2874 1457 3138 1527 assignari
3173 1458 3453 1527 jussimus.

1953 1538 2178 1610 Signum
2197 1540 2441 1597 Lotharii
2472 1543 2842 1613 gloriosissimi
2888 1546 3129 1617 Augusti.

1951 1630 2323 1689 Dructemirus
2358 1636 2721 1692 subdiaconus
2751 1646 2914 1707 atque
2960 1640 3237 1706 notarius,
3279 1640 3347 1695 ad
3378 1640 3459 1693 vi-

1879 1737 1996 1777 cem
2025 1723 2283 1795 Egiimari
2311 1729 2600 1797 recognovi
2628 1738 2677 1783 et
2709 1729 3030 1798 subscripsi.

1949 1812 2084 1867 Data
2105 1830 2163 1868 lli
2194 1814 2377 1871 Nonas
2403 1817 2750 1885 Februarias,
2768 1835 2931 1885 anno,
2949 1819 3169 1877 Christo
3200 1825 3456 1893 propitio,

186 1920 495 1974 divinarum
517 1919 737 1989 assequi
759 1919 1147 1988 obsequiorum
1168 1918 1403 1983 cumulo,
1430 1926 1633 1987 quanto
1654 1931 1769 1986 per-
1804 1899 1850 1957 Β
1879 1900 2092 1970 imperii
2168 1904 2351 1959 ἀοῐηηί
2414 1904 2660 1962 Low-“ii
2727 1908 3075 1977 imperatoris
3136 1911 3202 1968 18
3226 1952 3241 1977 9
3313 1914 3459 1969 indi-

188 2008 389 2065 fectius
432 2009 709 2079 opulentia
758 2007 1097 2064 altitonantis
1147 2015 1232 2062 sat
1270 2007 1583 2077 apostolicis
1613 2006 1776 2060 docu-

188 2100 390 2156 mentis
416 2098 520 2155 sibi
549 2099 992 2156 excellentiorem
1023 2099 1448 2155 demonstratam
1496 2097 1638 2151 viam
1658 2135 1673 2161 ,
1718 2103 1777 2149 ut

196 2184 335 2245 illius
361 2188 735 2245 misericordia
760 2188 1113 2258 praesentium
1144 2186 1493 2243 cumulentur
1540 2185 1773 2241 felicita-

192 2286 298 2341 tes,
320 2285 375 2331 et
398 2276 746 2332 inenarrabili
774 2277 977 2345 pietate
1005 2274 1238 2331 feliciter
1258 2282 1589 2332 aeternorum
1617 2288 1776 2329 coro-

190 2373 392 2420 nentur
415 2366 531 2420 sine
556 2365 663 2421 line
687 2366 1019 2420 manentium
1044 2364 1384 2435 gaudiorum,
1416 2363 1571 2435 cujus
1594 2377 1780 2419 amore

190 2455 484 2511 utilitatem
514 2458 796 2512 decertare
839 2466 894 2511 et
919 2456 1276 2511 salvationem
1315 2470 1612 2525 procurem
1652 2454 1779 2510 sub-

190 2545 458 2600 ditorum.
508 2546 677 2616 Igitur
716 2554 1035 2601 cunctorum
1084 2546 1318 2601 ﬁdelium
1348 2554 1653 2614 sanctazque
1683 2546 1776 2599 Dei

189 2633 447 2689 Ecclesiae
473 2642 911 2703 nostrorumque,
946 2635 1294 2704 praesentium
1334 2643 1389 2688 et
1435 2634 1733 2688 futurorum
1759 2676 1774 2699 ,

196 2731 495 2794 cognoscat
534 2722 776 2787 solertia,
808 2724 933 2793 quia
966 2725 1092 2779 dum
1133 2739 1232 2778 nos
1261 2738 1445 2778 amore
1472 2723 1778 2777 sacratissi-

188 2827 295 2866 ma
342 2812 620 2882 genitricis
671 2813 765 2867 Dei
814 2822 870 2868 et
923 2813 1136 2868 Domini
1177 2813 1353 2872 nostri
1397 2810 1522 2867 Jesu
1573 2810 1774 2866 Christi

194 2900 384 2955 Maria:
413 2911 691 2972 perpetuaz
724 2903 967 2974 virginis,
998 2912 1053 2957 et
1095 2902 1421 2957 sanctissimi
1452 2900 1776 2956 confessoris

187 2992 395 3049 Christi
436 2992 679 3049 Silvestri
701 3034 716 3059 ,
754 3009 818 3050 ac
848 2994 1120 3051 desiderio
1164 3004 1363 3050 sanctae
1395 2992 1772 3064 congregatio-

188 3083 275 3139 nis
304 3084 356 3138 in
386 3097 574 3138 eorum
621 3086 870 3140 coenobio
922 3085 1102 3141 divina
1152 3085 1472 3140 militatione
1516 3084 1775 3140 dedicatae

188 3190 361 3230 causa
388 3177 648 3231 orationis
677 3178 1066 3233 monasterium
1093 3179 1393 3234 adissemus
1422 3178 1769 3246 Nonantulaz,

1877 1990 2057 2046 ctione
2090 1991 2177 2046 15.

1944 2078 2138 2135 Actum
2168 2081 2491 2151 Nonantula,
2524 2086 2577 2140 in
2606 2084 2703 2141 Dei
2730 2088 2949 2144 nomine
2975 2088 3228 2147 feliciter.
3260 2093 3452 2150 Anien.

2533 2215 2809 2272 CCXXIII.

2116 2315 2341 2360 NOTITIA
2376 2322 2442 2360 DE
2482 2322 2821 2365 IONASTERIO
2856 2325 2904 2366 S.
2943 2326 3247 2369 CARILEPliI.

1883 2392 1951 2447 In
1991 2396 2230 2477 generali
2259 2398 2459 2477 synodo
2492 2401 2549 2453 in
2596 2399 2867 2477 Carisiaco
2895 2402 3095 2473 palatio
3145 2410 3285 2476 regio
3313 2408 3458 2477 facta

1948 2465 2013 2551 ab
2043 2463 2275 2551 ‘AIdrfco‘
2288 2463 2528 2549 episcopo
2554 2485 2646 2551 per
2680 2463 2946 2551 judicium
2973 2463 3330 2545 episcoporum
3370 2496 3459 2531 ac-

1944 2544 2112 2602 cepta.
2142 2544 2277 2590 sicut
2306 2544 2361 2590 in
2391 2554 2449 2591 ea
2481 2544 2776 2593 continetur
2804 2544 3080 2597 insertum.

2498 2627 2671 2699 (Anno
2702 2629 2853 2701 858.)

2086 2713 2328 2786 [Baiuz.,
2366 2716 2612 2785 Miscell.,
2648 2727 2779 2774 tom.
2816 2721 2858 2786 l,
2890 2739 3015 2794 pag.
3053 2725 3201 2798 109.]

1946 2802 2081 2858 Cum
2123 2799 2175 2859 in
2210 2807 2428 2862 nomine
2456 2808 2670 2864 Domini
2717 2810 2815 2866 Dei
2845 2824 2900 2868 et
2945 2813 3245 2871 Salvatoris
3285 2822 3457 2874 nostri

1874 2893 2005 2949 Jesu
2032 2895 2236 2952 Christi
2262 2901 2491 2955 domnus
2520 2900 2829 2959 Ludovicus
2857 2905 3153 2975 imperator
3183 2924 3326 2964 anno
3374 2913 3458 2965 in-

1879 2987 2210 3043 carnationis
2259 2990 2552 3047 Dominicas
2583 2993 2689 3048 838
2732 2994 2801 3049 ad
2848 2996 3223 3053 universorum
3264 3017 3458 3058 causas

1876 3078 2172 3134 audiendas
2200 3079 2286 3135 vel
2313 3090 2461 3135 reeta
2486 3081 2690 3151 judicia
2720 3086 3063 3141 terminanda
3093 3088 3146 3142 in
3178 3088 3458 3146 Carisiaco

1876 3166 2084 3237 palatio
2126 3170 2342 3238 publice
2372 3173 2685 3239 resedisset,
2718 3184 2773 3229 et
2796 3186 3119 3232 conventum
3148 3182 3457 3250 generalem

186 3273 503 3336 tantamque
528 3267 870 3322 devotionem
900 3268 1085 3323 divino
1115 3284 1339 3324 munere
1372 3268 1569 3324 ibidem
1602 3284 1658 3324 tn
1688 3270 1770 3324 di-

1880 3259 2042 3313 totius
2068 3262 2251 3330 populi
2280 3278 2389 3317 una
2418 3279 2541 3318 cum
2581 3264 2772 3334 Pipino
2815 3274 2871 3321 et
2904 3266 3097 3324 Carolo
3141 3247 3266 3326 ﬁliis
3307 3274 3457 3337 suis,

186 3353 335 3409 vinis
366 3355 827 3422 cognovissemus,
853 3364 913 3411 ut
942 3372 1126 3412 eorum
1152 3359 1428 3413 orationes
1456 3358 1769 3429 profuturas

182 3443 259 3499 ad
293 3445 444 3516 regni
469 3446 817 3503 stabilitatem
851 3456 906 3503 et
930 3456 1173 3503 nostram
1197 3456 1511 3518 perpetuam
1538 3448 1769 3505 felicita-

186 3540 301 3587 tem
334 3534 703 3591 indubitanter
746 3536 1116 3607 judicaremus
1159 3553 1171 3589 :
1204 3535 1408 3605 placuit
1440 3537 1624 3593 divino
1664 3537 1771 3607 spi-

187 3630 347 3677 rante
396 3622 654 3693 suffragio
698 3626 765 3680 ad
815 3626 1242 3691 exhortandum,
1303 3637 1360 3681 et
1398 3627 1769 3696 quietudinem

187 3711 446 3769 bonitatis
498 3716 699 3771 ibidem
748 3726 934 3772 nostra
989 3719 1317 3773 auctoritate
1365 3718 1473 3773 tale
1523 3718 1772 3774 conferre

186 3819 409 3870 munus,
440 3814 499 3859 ut
526 3807 653 3860 anni
685 3807 1012 3863 curriculum
1040 3823 1137 3878 per
1164 3809 1536 3863 successiones
1559 3818 1767 3878 tempo—

190 3906 313 3949 rum
349 3897 639 3951 concordia
688 3897 887 3953 ibidem
932 3899 1044 3953 Deo
1085 3898 1436 3953 servientium
1479 3901 1771 3956 monacho-

186 4000 310 4040 rum
341 4000 408 4039 ex
440 3988 627 4041 eadem
678 3989 1093 4058 congregatione
1125 3988 1247 4043 talis
1279 3988 1512 4059 eligatur
1559 3989 1727 4043 abbas
1753 4030 1768 4054 ,

186 4077 282 4146 qui
313 4078 605 4132 secundum
640 4078 880 4148 regulam
916 4080 1089 4134 sancti
1121 4078 1396 4134 Benedicti
1446 4087 1597 4133 tanta
1641 4094 1771 4133 con-

185 4167 500 4237 gregatione
544 4168 847 4236 prudenter.
881 4183 1068 4238 regere
1098 4169 1295 4233 valeat,
1327 4177 1382 4223 et
1409 4168 1768 4222 salvationem

185 4256 541 4319 animarum,
602 4270 695 4310 seu
752 4256 1040 4311 utilitatem
1088 4266 1143 4311 et
1189 4256 1457 4321 Ecclesia),
1510 4256 1770 4325 principis

186 4346 576 4401 constitutione
630 4356 903 4415 procuret,
941 4355 995 4399 et
1047 4345 1192 4400 nullo
1237 4346 1290 4400 in
1340 4355 1582 4416 tempore
1612 4345 1770 4401 alicui

184 4438 579 4500 committatur,
606 4437 711 4491 nisi
726 4451 912 4491 eorum
935 4437 1197 4492 electione
1212 4446 1266 4492 et
1280 4452 1566 4503 consensu,
1586 4447 1769 4493 nostra

183 4534 241 4581 et
290 4541 665 4582 successorum
706 4536 1023 4582 nostrorum
1072 4528 1421 4584 ordinatione
1468 4544 1536 4583 ex
1578 4529 1769 4584 eadem

1872 3348 2127 3418 gloriosis
2149 3350 2404 3406 videlicet
2430 3352 2672 3423 regibus,
2705 3363 2760 3409 et
2786 3356 3053 3425 synodum
3077 3359 3453 3430 episcoporum

1872 3447 1928 3519 et
1952 3440 2284 3510 reliquorum
2318 3436 2664 3499 sacerdOtum
2697 3446 2898 3502 ibidem
2926 3450 3255 3520 generaliter
3282 3454 3348 3507 ad
3372 3469 3459 3509 ec-

1873 3524 2182 3588 CIesiastica
2212 3534 2327 3589 sive
2360 3536 2633 3592 mundana
2665 3539 2881 3609 negotia
2910 3541 3193 3596 tractanda
3225 3558 3456 3600 necnon

1871 3631 1929 3677 et
1960 3624 2028 3678 ad
2077 3624 2367 3679 utilitatem
2417 3638 2619 3682 sanctae
2658 3628 2755 3684 Dei
2806 3630 3067 3687 Ecclesia:
3120 3632 3449 3689 fulciendarn

1872 3712 2235 3766 coadunatum
2264 3712 2511 3780 haberet,
2546 3716 2730 3785 ibique
2772 3719 3049 3775 venientes
3103 3724 3354 3778 monachi
3388 3716 3457 3779 de

1871 3803 2205 3857 monasterio
2231 3803 2486 3870 Anisolaa,
2522 3806 2576 3860 in
2605 3824 2711 3877 quo
2738 3820 2960 3867 sanctus
2991 3811 3313 3883 Carilephus
3336 3832 3458 3871 cor-

1871 3904 2003 3958 pore
2049 3892 2363 3959 requiescit,
2403 3903 2530 3948 ante
2559 3897 2879 3964 praadictum
2914 3899 3171 3972 domnum
3224 3905 3459 3961 Ludovi-

1871 3994 1995 4033 cum
2052 3981 2437 4051 imperatorem
2487 3987 2720 4056 amplius
2765 4005 2926 4059 quam
2958 3994 3149 4061 viginti
3180 4013 3284 4057 una
3333 4015 3457 4053 cum

1874 4067 2227 4137 Sigemundo,
2256 4072 2347 4139 qui
2380 4071 2581 4127 dudum
2604 4089 2791 4130 eorum
2835 4079 3001 4135 abbas
3033 4081 3211 4138 fuerat
3231 4126 3245 4150 ,
3279 4102 3455 4156 quise

1872 4158 2070 4229 injuste
2094 4162 2527 4219 reclamaverunt
2560 4166 2627 4222 de
2666 4182 2856 4224 eorum
2885 4178 3219 4232 monasterio
3248 4178 3454 4248 ejectos

1871 4264 2012 4315 esse,
2058 4266 2287 4320 quorum
2333 4268 2559 4310 causam
2591 4257 2823 4316 domnus
2855 4262 3152 4333 imperator
3197 4270 3250 4323 in
3292 4285 3447 4340 gene-

1872 4338 1969 4393 rali
2001 4351 2270 4396 conventu
2315 4343 2517 4399 ibidem
2548 4347 2732 4405 habito
2760 4350 3046 4424 diligenter
3089 4338 3360 4416 discutere
3400 4372 3455 4416 et

1872 4433 2192 4488 enucleatim
2242 4435 2519 4506 inquirere
2546 4444 2823 4511 praecepit.
2858 4446 2991 4501 Cum
3023 4458 3202 4505 autem
3232 4452 3284 4505 in
3317 4469 3448 4509 con.

1837 4532 2059 4611 ;spectu
2110 4526 2486 4597 episcoporum
2526 4541 2581 4586 et
2624 4534 2881 4590 abbatum
2914 4546 2969 4592 et
2997 4540 3325 4611 reliquorum
3366 4560 3454 4599 sa-

183 4630 401 4687 semper
421 4617 842 4686 congregatione
867 4619 1103 4673 habeant
1126 4627 1417 4688 pastorem,
1438 4619 1766 4674 animarum-
1790 4591 1844 4651 D
1869 4613 2149 4668 εθιάοῑυηι
2178 4632 2238 4671 se
2266 4632 2363 4686 pro
2387 4621 2647 4688 praedicta
2687 4640 2853 4681 causa
2898 4591 3248 4689 advenientes
3274 4636 3448 4690 recla—

185 4720 297 4774 que
312 4715 498 4759 comm
526 4706 809 4775 providum
838 4707 1268 4777 prudentemque
1294 4715 1580 4761 rectorem.
1609 4707 1762 4763 Unde

183 4810 285 4864 pro
312 4794 586 4849 ﬁrmitatis
614 4796 787 4864 gratia
820 4796 922 4850 hoc
957 4806 1153 4851 nostra:
1191 4797 1532 4851 auctoritatis
1559 4812 1762 4867 praece-

183 4892 338 4954 ptum
386 4883 531 4938 circa
574 4885 821 4939 eumdem
868 4894 1117 4939 sanctum
1162 4886 1340 4942 locum
1370 4886 1487 4942 ﬁeri
1515 4889 1758 4943 decrevi-

182 4987 328 5035 mus,
365 4986 461 5039 per
493 4973 637 5042 quod
665 4982 880 5028 nostros
910 4990 1255 5031 successores
1298 4978 1660 5048 deposcimus,
1702 4990 1763 5034 ut

182 5060 345 5115 sicuti
374 5061 475 5131 ipsi
504 5077 601 5115 sua
630 5062 719 5131 pia
748 5061 888 5117 facta
916 5079 948 5117 a
980 5065 1093 5119 suis
1114 5069 1425 5121 conservari
1455 5069 1659 5135 volunt,
1687 5070 1761 5123 ita

182 5167 283 5220 pro
330 5152 423 5206 Dei
455 5168 639 5209 amore
690 5164 746 5209 et
775 5164 1086 5210 sanctorum
1136 5160 1438 5213 reverentia
1481 5161 1620 5215 hanc
1667 5177 1761 5216 no-

186 5251 355 5296 stram
391 5243 794 5298 concessionem
824 5254 1085 5314 perpetue
1131 5256 1481 5313 conservent;
1534 5250 1763 5305 nostris-

188 5346 292 5399 que
338 5330 584 5386 ﬁdelibus
607 5348 863 5402 expresse
889 5336 1232 5407 praecipimus
1254 5337 1589 5408 ﬁrmiterque
1614 5355 1763 5394 man-

187 5435 373 5473 surum
405 5423 800 5489 constituimus,
847 5435 908 5479 ut
935 5426 1093 5480 sicuti
1122 5442 1287 5495 supra
1315 5444 1344 5483 a
1384 5429 1538 5483 nobis
1567 5430 1762 5485 ibidem

188 5525 508 5566 concessum
541 5521 643 5580 est,
695 5524 811 5571 rate
838 5517 1148 5587 illibataque
1194 5535 1506 5575 mansurum
1543 5524 1765 5591 permit—

259 5619 568 5696 &_Q_ua:dam
594 5632 807 5696 exstare
834 5626 1121 5694 diplomata
1142 5669 1155 5691 ,
1205 5630 1257 5682 in
1294 5631 1487 5696 quibus
1518 5640 1626 5685 tum
1656 5633 1763 5685 Lu-

190 5691 383 5755 dovici,
410 5700 523 5745 tum
550 5694 747 5769 notarii
767 5704 822 5748 et
841 5691 1145 5769 cancellarii
1166 5691 1587 5769 subscriptiones
1607 5703 1763 5755 omit-

192 5768 398 5849 luatur,
441 5763 1045 5849 artnotathouquetus‘,
1103 5767 1155 5820 in
1203 5763 1577 5849 .Script'oribus
1634 5772 1758 5825 Rcr.

192 5828 442 5886 Callicar.
485 5840 613 5887 tom.
647 5832 732 5897 Vl,
766 5828 887 5902 pag.
926 5828 1050 5896 450,
1076 5837 1217 5903 quod
1246 5848 1299 5893 et
1334 5828 1384 5894 in
1433 5842 1559 5913 ipsis
1606 5852 1759 5899 auto-

632 5925 902 5987 PATROL.
951 5925 1108 5989 CIV.

1868 4714 2101 4771 marent,
2134 4706 2530 4780 interrogatum
2578 4723 2663 4769 est
2709 4716 2929 4774 Aldrico
2971 4736 3158 4777 eorum
3194 4733 3249 4780 et
3276 4726 3449 4781 Ceno-

1867 4795 2093 4850 manicaa
2127 4800 2400 4866 parochia:
2449 4803 2702 4875 episcopo
2733 4814 2787 4861 et
2834 4809 3074 4879 ejusdem
3127 4820 3447 4873 monasterii

1865 4886 2045 4941 abbati
2076 4889 2122 4941 si
2158 4904 2253 4943 eos
2288 4891 2536 4961 ejecisset
2563 4910 2632 4950 ex
2673 4912 2864 4951 eorum
2891 4906 3243 4970 monasterio,
3274 4916 3365 4961 aut
3416 4928 3447 4963 a

1863 4992 1970 5045 quo
2000 4975 2156 5045 ejecti
2188 4980 2370 5035 taliter
2404 4994 2659 5054 vagantes
2690 4988 3078 5059 discurrerent,
3110 4996 3296 5053 relicto
3321 5000 3444 5056 loco

1869 5066 1923 5119 in
1953 5083 2059 5135 quo
2095 5070 2293 5125 sceculo
2324 5075 2792 5143 renuntiaverunt,
2842 5080 2895 5134 in
2925 5096 3032 5150 quo
3076 5086 3241 5140 etiam
3270 5091 3449 5145 eccle-

1867 5158 2103 5213 siasticis
2134 5162 2217 5215 vel
2250 5164 2598 5221 saecularibus
2625 5171 2855 5239 negotiis
2882 5172 3068 5228 diebus
3104 5177 3227 5231 vita:
3256 5195 3445 5237 eorum

1868 5265 2188 5320 permanere
2218 5255 2498 5311 deberent.
2531 5257 2633 5324 Qui
2681 5264 3015 5330 respondens
3046 5267 3122 5319 ait
3150 5286 3163 5321 :
3208 5268 3314 5324 Nec
3342 5286 3444 5342 ego

1867 5338 2001 5406 ejeci
2037 5355 2155 5407 eos,
2181 5358 2282 5398 nec
2310 5345 2441 5399 scivi
2471 5362 2565 5402 eos
2593 5349 2795 5418 ejectos
2821 5368 2958 5407 esse.
3002 5355 3151 5409 Tunc
3178 5357 3336 5412 allata
3360 5338 3444 5416 est

1870 5444 2053 5484 coram
2082 5447 2210 5503 rege
2234 5443 2289 5488 et
2313 5436 2662 5503 Optimatibus
2697 5443 2813 5510 ejus
2847 5444 3061 5498 traditio
3088 5450 3259 5501 sancti
3284 5450 3439 5505 Cari~

1869 5520 2037 5590 lephi,
2083 5538 2245 5591 quam
2292 5522 2422 5579 fecit
2448 5537 2637 5583 sancto
2666 5531 2944 5588 Innocenti
2972 5536 3223 5607 episcopo
3254 5556 3350 5609 per
3378 5543 3441 5597 iis

1866 5633 2083 5712 grapbis
2106 5633 2520 5715 deprehenditur
2520 5655 2559 5715 ’ξ
2592 5639 2727 5715 unde
2753 5657 2859 5695 non
2891 5646 3081 5715 mirum
3106 5650 3245 5715 quod
3274 5652 3438 5709 etiam

1866 5705 1920 5755 in
1946 5705 2671 5789 apograpbisdesin’l‘.’{’aria
2713 5713 2955 5789 exempla
2980 5705 3247 5789 __prostaut
3282 5705 3437 5789 quin:

1868 5773 2245 5896 guagihtautria
2278 5774 2418 5826 inter
2446 5774 2549 5829 255
2607 5793 2718 5845 qtae
2770 5773 2946 5835 retulit
2977 5773 3312 5855 Iiouquetusf
3336 5773 3431 5845 Lu-

1904 5856 2040 5896 υνιυι
2075 5846 2147 5896 I‘tt
2192 5849 2501 5896 «'mlnmntn-

1904 5856 2040 5896 thL‘t
2075 5846 2147 5901 i‘ii
2192 5849 2501 5918 diplomata.

2948 5970 3014 6031 41
