  <div class='ocr_page' id='page_1' title='image "/cluster/home/n/w/nwhite01/storage/ocr_20150623/104/uva.x000827061/653.png"; bbox 0 0 3924 6336; ppageno 0'>
   <div class='ocr_carea' id='block_1_1' title="bbox 481 373 612 431">
    <p class='ocr_par' dir='ltr' id='par_1_1' title="bbox 481 373 612 431">
     <span class='ocr_line' id='line_1_1' title="bbox 481 373 612 431; baseline 0 -1"><span class='ocrx_word' id='word_1_1' title='bbox 481 373 612 431; x_wconf 68' lang='grc'><strong>1291</strong></span> 
     </span>
    </p>
   </div>
   <div class='ocr_carea' id='block_1_2' title="bbox 1617 361 2624 422">
    <p class='ocr_par' dir='ltr' id='par_1_2' title="bbox 1617 361 2624 422">
     <span class='ocr_line' id='line_1_2' title="bbox 1617 361 2624 422; baseline -0.004 -2"><span class='ocrx_word' id='word_1_2' title='bbox 1617 364 1935 422; x_wconf 81' lang='lat' dir='ltr'><strong>LUDOV&#39;ICI</strong></span> <span class='ocrx_word' id='word_1_3' title='bbox 1971 366 1992 420; x_wconf 88' lang='grc' dir='ltr'>ι</span> <span class='ocrx_word' id='word_1_4' title='bbox 2037 362 2501 421; x_wconf 77' lang='lat' dir='ltr'><strong>COGNOMENTO</strong></span> <span class='ocrx_word' id='word_1_5' title='bbox 2539 361 2624 417; x_wconf 80' lang='lat' dir='ltr'><strong>Pl]</strong></span> 
     </span>
    </p>
   </div>
   <div class='ocr_carea' id='block_1_3' title="bbox 3605 360 3740 415">
    <p class='ocr_par' dir='ltr' id='par_1_3' title="bbox 3605 360 3740 415">
     <span class='ocr_line' id='line_1_3' title="bbox 3605 360 3740 415; baseline -0.007 0"><span class='ocrx_word' id='word_1_6' title='bbox 3605 360 3740 415; x_wconf 63' lang='lat'><strong>12?!</strong></span> 
     </span>
    </p>
   </div>
   <div class='ocr_carea' id='block_1_4' title="bbox 478 479 3739 556">
    <p class='ocr_par' dir='ltr' id='par_1_4' title="bbox 478 479 3739 556">
     <span class='ocr_line' id='line_1_4' title="bbox 478 479 3739 556; baseline -0.007 -4"><span class='ocrx_word' id='word_1_7' title='bbox 478 495 712 552; x_wconf 86' lang='lat' dir='ltr'><strong>centiam</strong></span> <span class='ocrx_word' id='word_1_8' title='bbox 762 499 818 546; x_wconf 82' lang='lat' dir='ltr'><strong>et</strong></span> <span class='ocrx_word' id='word_1_9' title='bbox 864 501 1187 545; x_wconf 92' lang='lat' dir='ltr'><strong>consensum</strong></span> <span class='ocrx_word' id='word_1_10' title='bbox 1241 484 1571 542; x_wconf 89' lang='lat' dir='ltr'><strong>Childeberti</strong></span> <span class='ocrx_word' id='word_1_11' title='bbox 1624 485 1800 556; x_wconf 74' lang='lat' dir='ltr'><strong>regis,</strong></span> <span class='ocrx_word' id='word_1_12' title='bbox 1840 494 1897 541; x_wconf 90' lang='lat' dir='ltr'><strong>et</strong></span> <span class='ocrx_word' id='word_1_13' title='bbox 1943 485 2061 540; x_wconf 80' lang='lat' dir='ltr'><strong>aliae</strong></span> <span class='ocrx_word' id='word_1_14' title='bbox 2089 488 2138 547; x_wconf 81' lang='grc' dir='ltr'>Α</span> <span class='ocrx_word' id='word_1_15' title='bbox 2165 482 2571 553; x_wconf 86' lang='lat' dir='ltr'><strong>scoporum&#39;qui</strong></span> <span class='ocrx_word' id='word_1_16' title='bbox 2602 482 2655 536; x_wconf 93' lang='lat' dir='ltr'><strong>in</strong></span> <span class='ocrx_word' id='word_1_17' title='bbox 2685 494 3007 550; x_wconf 89' lang='lat' dir='ltr'><strong>unaquaque</strong></span> <span class='ocrx_word' id='word_1_18' title='bbox 3037 479 3258 534; x_wconf 85' lang='lat' dir='ltr'><strong>civitate</strong></span> <span class='ocrx_word' id='word_1_19' title='bbox 3289 489 3413 534; x_wconf 88' lang='lat' dir='ltr'><strong>sunt</strong></span> <span class='ocrx_word' id='word_1_20' title='bbox 3442 479 3739 533; x_wconf 79' lang='lat' dir='ltr'><strong>secundum</strong></span> 
     </span>
    </p>
   </div>
   <div class='ocr_carea' id='block_1_5' title="bbox 480 575 2058 649">
    <p class='ocr_par' dir='ltr' id='par_1_5' title="bbox 480 575 2058 649">
     <span class='ocr_line' id='line_1_5' title="bbox 480 575 2058 649; baseline -0.009 -6"><span class='ocrx_word' id='word_1_21' title='bbox 480 587 664 643; x_wconf 61' lang='lat' dir='ltr'><strong>multa</strong></span> <span class='ocrx_word' id='word_1_22' title='bbox 701 581 1049 639; x_wconf 86' lang='lat' dir='ltr'><strong>auctoritates</strong></span> <span class='ocrx_word' id='word_1_23' title='bbox 1072 593 1211 649; x_wconf 87' lang='lat' dir='ltr'><strong>quas</strong></span> <span class='ocrx_word' id='word_1_24' title='bbox 1235 591 1556 632; x_wconf 81' lang='lat' dir='ltr'><strong>enumerare</strong></span> <span class='ocrx_word' id='word_1_25' title='bbox 1582 575 1801 648; x_wconf 83' lang='lat' dir='ltr'><strong>longum</strong></span> <span class='ocrx_word' id='word_1_26' title='bbox 1841 584 1944 642; x_wconf 85' lang='lat' dir='ltr'><strong>est,</strong></span> <span class='ocrx_word' id='word_1_27' title='bbox 1991 575 2058 629; x_wconf 89' lang='lat' dir='ltr'><strong>de</strong></span> 
     </span>
    </p>
   </div>
   <div class='ocr_carea' id='block_1_6' title="bbox 477 667 2060 752">
    <p class='ocr_par' dir='ltr' id='par_1_6' title="bbox 477 667 2060 752">
     <span class='ocr_line' id='line_1_6' title="bbox 477 667 2060 752; baseline -0.008 -18"><span class='ocrx_word' id='word_1_28' title='bbox 477 680 681 752; x_wconf 85' lang='lat' dir='ltr'><strong>quibus</strong></span> <span class='ocrx_word' id='word_1_29' title='bbox 723 673 1042 745; x_wconf 68' lang='lat' dir='ltr'><strong>saepedictus</strong></span> <span class='ocrx_word' id='word_1_30' title='bbox 1083 668 1329 741; x_wconf 77' lang='lat' dir='ltr'><strong>pontifex</strong></span> <span class='ocrx_word' id='word_1_31' title='bbox 1375 683 1562 723; x_wconf 89' lang='lat' dir='ltr'><strong>coram</strong></span> <span class='ocrx_word' id='word_1_32' title='bbox 1605 668 1859 723; x_wconf 89' lang='lat' dir='ltr'><strong>omnibus</strong></span> <span class='ocrx_word' id='word_1_33' title='bbox 1885 667 1940 722; x_wconf 91' lang='lat' dir='ltr'><strong>in</strong></span> <span class='ocrx_word' id='word_1_34' title='bbox 1970 682 2060 722; x_wconf 88' lang='lat' dir='ltr'><strong>eo-</strong></span> 
     </span>
    </p>
   </div>
   <div class='ocr_carea' id='block_1_7' title="bbox 479 758 2059 827">
    <p class='ocr_par' dir='ltr' id='par_1_7' title="bbox 479 758 2059 827">
     <span class='ocr_line' id='line_1_7' title="bbox 479 758 2059 827; baseline -0.009 0"><span class='ocrx_word' id='word_1_35' title='bbox 479 771 604 827; x_wconf 83' lang='lat' dir='ltr'><strong>dem</strong></span> <span class='ocrx_word' id='word_1_36' title='bbox 632 766 863 826; x_wconf 87' lang='lat' dir='ltr'><strong>concilio</strong></span> <span class='ocrx_word' id='word_1_37' title='bbox 887 762 1312 820; x_wconf 72' lang='lat' dir='ltr'><strong>consistentibus</strong></span> <span class='ocrx_word' id='word_1_38' title='bbox 1347 758 1539 815; x_wconf 89' lang='lat' dir='ltr'><strong>habuit</strong></span> <span class='ocrx_word' id='word_1_39' title='bbox 1569 774 1698 816; x_wconf 90' lang='lat' dir='ltr'><strong>suos</strong></span> <span class='ocrx_word' id='word_1_40' title='bbox 1733 766 1921 824; x_wconf 79' lang='lat' dir='ltr'><strong>testes,</strong></span> <span class='ocrx_word' id='word_1_41' title='bbox 1949 766 2059 813; x_wconf 91' lang='lat' dir='ltr'><strong>tam</strong></span> 
     </span>
    </p>
   </div>
   <div class='ocr_carea' id='block_1_8' title="bbox 485 848 2060 926">
    <p class='ocr_par' dir='ltr' id='par_1_8' title="bbox 485 848 2060 926">
     <span class='ocr_line' id='line_1_8' title="bbox 485 848 2060 926; baseline -0.008 -10"><span class='ocrx_word' id='word_1_42' title='bbox 485 859 792 917; x_wconf 87' lang='lat' dir='ltr'><strong>sacerdotes</strong></span> <span class='ocrx_word' id='word_1_43' title='bbox 814 871 977 926; x_wconf 86' lang='lat' dir='ltr'><strong>quam</strong></span> <span class='ocrx_word' id='word_1_44' title='bbox 1005 861 1062 910; x_wconf 88' lang='lat' dir='ltr'><strong>et</strong></span> <span class='ocrx_word' id='word_1_45' title='bbox 1089 851 1355 910; x_wconf 80' lang='lat' dir='ltr'><strong>veridicos</strong></span> <span class='ocrx_word' id='word_1_46' title='bbox 1387 850 1554 906; x_wconf 88' lang='lat' dir='ltr'><strong>laicos</strong></span> <span class='ocrx_word' id='word_1_47' title='bbox 1579 849 1788 906; x_wconf 81' lang='lat' dir='ltr'><strong>nobiles</strong></span> <span class='ocrx_word' id='word_1_48' title='bbox 1812 858 1869 905; x_wconf 92' lang='lat' dir='ltr'><strong>et</strong></span> <span class='ocrx_word' id='word_1_49' title='bbox 1889 848 2060 904; x_wconf 90' lang='lat' dir='ltr'><strong>bonos</strong></span> 
     </span>
    </p>
   </div>
   <div class='ocr_carea' id='block_1_9' title="bbox 466 941 2060 1022">
    <p class='ocr_par' dir='ltr' id='par_1_9' title="bbox 466 941 2060 1022">
     <span class='ocr_line' id='line_1_9' title="bbox 466 941 2060 1022; baseline -0.008 -15"><span class='ocrx_word' id='word_1_50' title='bbox 466 960 539 1007; x_wconf 23' lang='lat' dir='ltr'><strong>r-et</strong></span> <span class='ocrx_word' id='word_1_51' title='bbox 580 941 852 1022; x_wconf 85' lang='lat' dir='ltr'><strong>legitimos</strong></span> <span class='ocrx_word' id='word_1_52' title='bbox 899 944 1229 1003; x_wconf 83' lang='lat' dir='ltr'><strong>sutilcienter</strong></span> <span class='ocrx_word' id='word_1_53' title='bbox 1253 983 1268 1010; x_wconf 91' lang='lat'><strong>,</strong></span> <span class='ocrx_word' id='word_1_54' title='bbox 1321 943 1413 1013; x_wconf 90' lang='lat' dir='ltr'><strong>qui</strong></span> <span class='ocrx_word' id='word_1_55' title='bbox 1464 942 1654 997; x_wconf 85' lang='lat' dir='ltr'><strong>eadem</strong></span> <span class='ocrx_word' id='word_1_56' title='bbox 1703 941 2060 997; x_wconf 85' lang='lat' dir='ltr'><strong>instrumenta</strong></span> 
     </span>
    </p>
   </div>
   <div class='ocr_carea' id='block_1_10' title="bbox 480 1030 2062 1108">
    <p class='ocr_par' dir='ltr' id='par_1_10' title="bbox 480 1030 2062 1108">
     <span class='ocr_line' id='line_1_10' title="bbox 480 1030 2062 1108; baseline -0.007 -13"><span class='ocrx_word' id='word_1_57' title='bbox 480 1040 790 1096; x_wconf 70' lang='lat' dir='ltr'><strong>chartarum</strong></span> <span class='ocrx_word' id='word_1_58' title='bbox 820 1036 1255 1108; x_wconf 78' lang='lat' dir='ltr'><strong>approbaverunt</strong></span> <span class='ocrx_word' id='word_1_59' title='bbox 1281 1052 1293 1088; x_wconf 91' lang='lat'><strong>:</strong></span> <span class='ocrx_word' id='word_1_60' title='bbox 1322 1042 1378 1088; x_wconf 90' lang='lat' dir='ltr'><strong>et</strong></span> <span class='ocrx_word' id='word_1_61' title='bbox 1402 1048 1468 1088; x_wconf 90' lang='lat' dir='ltr'><strong>ea</strong></span> <span class='ocrx_word' id='word_1_62' title='bbox 1497 1031 1641 1086; x_wconf 86' lang='lat' dir='ltr'><strong>infra</strong></span> <span class='ocrx_word' id='word_1_63' title='bbox 1669 1030 1941 1100; x_wconf 89' lang='lat' dir='ltr'><strong>legitimos</strong></span> <span class='ocrx_word' id='word_1_64' title='bbox 1966 1046 2062 1084; x_wconf 85' lang='lat' dir='ltr'><strong>an-</strong></span> 
     </span>
    </p>
   </div>
   <div class='ocr_carea' id='block_1_11' title="bbox 481 1119 2063 1195">
    <p class='ocr_par' dir='ltr' id='par_1_11' title="bbox 481 1119 2063 1195">
     <span class='ocr_line' id='line_1_11' title="bbox 481 1119 2063 1195; baseline -0.008 -9"><span class='ocrx_word' id='word_1_65' title='bbox 481 1145 581 1186; x_wconf 89' lang='lat' dir='ltr'><strong>nos</strong></span> <span class='ocrx_word' id='word_1_66' title='bbox 605 1128 865 1185; x_wconf 80' lang='lat' dir='ltr'><strong>canonice</strong></span> <span class='ocrx_word' id='word_1_67' title='bbox 892 1134 948 1182; x_wconf 88' lang='lat' dir='ltr'><strong>et</strong></span> <span class='ocrx_word' id='word_1_68' title='bbox 975 1125 1186 1195; x_wconf 89' lang='lat' dir='ltr'><strong>legibus</strong></span> <span class='ocrx_word' id='word_1_69' title='bbox 1208 1123 1406 1178; x_wconf 84' lang='lat' dir='ltr'><strong>vestita</strong></span> <span class='ocrx_word' id='word_1_70' title='bbox 1440 1122 1714 1186; x_wconf 89' lang='lat' dir='ltr'><strong>viderunt,</strong></span> <span class='ocrx_word' id='word_1_71' title='bbox 1743 1128 1798 1175; x_wconf 87' lang='lat' dir='ltr'><strong>et</strong></span> <span class='ocrx_word' id='word_1_72' title='bbox 1834 1119 2063 1190; x_wconf 89' lang='lat' dir='ltr'><strong>pleniter</strong></span> 
     </span>
    </p>
   </div>
   <div class='ocr_carea' id='block_1_12' title="bbox 482 1211 2063 1290">
    <p class='ocr_par' dir='ltr' id='par_1_12' title="bbox 482 1211 2063 1290">
     <span class='ocr_line' id='line_1_12' title="bbox 482 1211 2063 1290; baseline -0.006 -15"><span class='ocrx_word' id='word_1_73' title='bbox 482 1229 646 1290; x_wconf 88' lang='lat' dir='ltr'><strong>atque</strong></span> <span class='ocrx_word' id='word_1_74' title='bbox 694 1219 904 1288; x_wconf 75' lang='lat' dir='ltr'><strong>legibus</strong></span> <span class='ocrx_word' id='word_1_75' title='bbox 931 1215 1362 1272; x_wconf 71' lang='lat' dir='ltr'><strong>teStiﬁcabantur</strong></span> <span class='ocrx_word' id='word_1_76' title='bbox 1402 1214 1526 1285; x_wconf 83' lang='lat' dir='ltr'><strong>plus</strong></span> <span class='ocrx_word' id='word_1_77' title='bbox 1575 1227 1672 1285; x_wconf 90' lang='lat' dir='ltr'><strong>per</strong></span> <span class='ocrx_word' id='word_1_78' title='bbox 1695 1211 1961 1280; x_wconf 85' lang='lat' dir='ltr'><strong>justitiam</strong></span> <span class='ocrx_word' id='word_1_79' title='bbox 2009 1218 2063 1265; x_wconf 88' lang='lat' dir='ltr'><strong>et</strong></span> 
     </span>
    </p>
   </div>
   <div class='ocr_carea' id='block_1_13' title="bbox 481 1302 2063 1385">
    <p class='ocr_par' dir='ltr' id='par_1_13' title="bbox 481 1302 2063 1385">
     <span class='ocr_line' id='line_1_13' title="bbox 481 1302 2063 1385; baseline -0.008 -16"><span class='ocrx_word' id='word_1_80' title='bbox 481 1314 655 1385; x_wconf 87' lang='lat' dir='ltr'><strong>legem</strong></span> <span class='ocrx_word' id='word_1_81' title='bbox 681 1310 1000 1368; x_wconf 84' lang='lat' dir='ltr'><strong>canonicam</strong></span> <span class='ocrx_word' id='word_1_82' title='bbox 1024 1317 1079 1363; x_wconf 90' lang='lat' dir='ltr'><strong>et</strong></span> <span class='ocrx_word' id='word_1_83' title='bbox 1107 1307 1436 1364; x_wconf 82' lang='lat' dir='ltr'><strong>mundanam</strong></span> <span class='ocrx_word' id='word_1_84' title='bbox 1473 1305 1790 1377; x_wconf 72' lang='lat' dir='ltr'><strong>praedictum</strong></span> <span class='ocrx_word' id='word_1_85' title='bbox 1828 1302 2063 1358; x_wconf 69' lang='lat' dir='ltr'><strong>Anisolae</strong></span> 
     </span>
    </p>
   </div>
   <div class='ocr_carea' id='block_1_14' title="bbox 481 1394 2064 1468">
    <p class='ocr_par' dir='ltr' id='par_1_14' title="bbox 481 1394 2064 1468">
     <span class='ocr_line' id='line_1_14' title="bbox 481 1394 2064 1468; baseline -0.009 -6"><span class='ocrx_word' id='word_1_86' title='bbox 481 1405 871 1462; x_wconf 85' lang='lat' dir='ltr'><strong>monasterium</strong></span> <span class='ocrx_word' id='word_1_87' title='bbox 909 1417 1033 1457; x_wconf 87' lang='lat' dir='ltr'><strong>cum</strong></span> <span class='ocrx_word' id='word_1_88' title='bbox 1066 1399 1319 1456; x_wconf 86' lang='lat' dir='ltr'><strong>omnibus</strong></span> <span class='ocrx_word' id='word_1_89' title='bbox 1363 1398 1430 1453; x_wconf 85' lang='lat' dir='ltr'><strong>ad</strong></span> <span class='ocrx_word' id='word_1_90' title='bbox 1461 1413 1521 1452; x_wconf 91' lang='lat' dir='ltr'><strong>se</strong></span> <span class='ocrx_word' id='word_1_91' title='bbox 1547 1396 1950 1468; x_wconf 85' lang='lat' dir='ltr'><strong>pertinentibus</strong></span> <span class='ocrx_word' id='word_1_92' title='bbox 1995 1394 2064 1448; x_wconf 91' lang='lat' dir='ltr'><strong>ad</strong></span> 
     </span>
    </p>
   </div>
   <div class='ocr_carea' id='block_1_15' title="bbox 477 1487 2063 1567">
    <p class='ocr_par' dir='ltr' id='par_1_15' title="bbox 477 1487 2063 1567">
     <span class='ocr_line' id='line_1_15' title="bbox 477 1487 2063 1567; baseline -0.009 -15"><span class='ocrx_word' id='word_1_93' title='bbox 477 1496 566 1567; x_wconf 85' lang='lat' dir='ltr'><strong>jus</strong></span> <span class='ocrx_word' id='word_1_94' title='bbox 611 1494 988 1552; x_wconf 67' lang='lat' dir='ltr'><strong>Cenomanicte</strong></span> <span class='ocrx_word' id='word_1_95' title='bbox 1041 1490 1233 1547; x_wconf 87' lang='lat' dir='ltr'><strong>matris</strong></span> <span class='ocrx_word' id='word_1_96' title='bbox 1277 1488 1522 1545; x_wconf 65' lang='lat' dir='ltr'><strong>ecclesiae</strong></span> <span class='ocrx_word' id='word_1_97' title='bbox 1567 1487 1845 1558; x_wconf 81' lang='lat' dir='ltr'><strong>pertinere</strong></span> <span class='ocrx_word' id='word_1_98' title='bbox 1899 1500 2063 1554; x_wconf 85' lang='lat' dir='ltr'><strong>quam</strong></span> 
     </span>
    </p>
   </div>
   <div class='ocr_carea' id='block_1_16' title="bbox 483 1575 2061 1654">
    <p class='ocr_par' dir='ltr' id='par_1_16' title="bbox 483 1575 2061 1654">
     <span class='ocr_line' id='line_1_16' title="bbox 483 1575 2061 1654; baseline -0.01 -11"><span class='ocrx_word' id='word_1_99' title='bbox 483 1588 672 1654; x_wconf 81' lang='lat' dir='ltr'><strong>aliubi,</strong></span> <span class='ocrx_word' id='word_1_100' title='bbox 717 1596 813 1640; x_wconf 88' lang='lat' dir='ltr'><strong>aut</strong></span> <span class='ocrx_word' id='word_1_101' title='bbox 837 1584 1007 1640; x_wconf 74' lang='lat' dir='ltr'><strong>ﬁscus</strong></span> <span class='ocrx_word' id='word_1_102' title='bbox 1059 1582 1366 1638; x_wconf 89' lang='lat' dir='ltr'><strong>dominicus</strong></span> <span class='ocrx_word' id='word_1_103' title='bbox 1396 1589 1491 1634; x_wconf 90' lang='lat' dir='ltr'><strong>aut</strong></span> <span class='ocrx_word' id='word_1_104' title='bbox 1541 1579 1820 1648; x_wconf 80' lang='lat' dir='ltr'><strong>proprium</strong></span> <span class='ocrx_word' id='word_1_105' title='bbox 1859 1575 2061 1632; x_wconf 82' lang='lat' dir='ltr'><strong>domini</strong></span> 
     </span>
    </p>
   </div>
   <div class='ocr_carea' id='block_1_17' title="bbox 482 1664 2064 1749">
    <p class='ocr_par' dir='ltr' id='par_1_17' title="bbox 482 1664 2064 1749">
     <span class='ocr_line' id='line_1_17' title="bbox 482 1664 2064 1749; baseline -0.008 -17"><span class='ocrx_word' id='word_1_106' title='bbox 482 1677 828 1749; x_wconf 85' lang='lat' dir='ltr'><strong>imperatoris</strong></span> <span class='ocrx_word' id='word_1_107' title='bbox 872 1681 966 1730; x_wconf 89' lang='lat' dir='ltr'><strong>aut</strong></span> <span class='ocrx_word' id='word_1_108' title='bbox 994 1671 1224 1741; x_wconf 79' lang='lat' dir='ltr'><strong>alicujus</strong></span> <span class='ocrx_word' id='word_1_109' title='bbox 1262 1669 1498 1726; x_wconf 85' lang='lat' dir='ltr'><strong>hominis</strong></span> <span class='ocrx_word' id='word_1_110' title='bbox 1530 1683 1653 1723; x_wconf 90' lang='lat' dir='ltr'><strong>esse</strong></span> <span class='ocrx_word' id='word_1_111' title='bbox 1689 1668 1908 1722; x_wconf 83' lang='lat' dir='ltr'><strong>debere.</strong></span> <span class='ocrx_word' id='word_1_112' title='bbox 1955 1664 2064 1720; x_wconf 89' lang='lat' dir='ltr'><strong>Sed</strong></span> 
     </span>
    </p>
   </div>
   <div class='ocr_carea' id='block_1_18' title="bbox 482 1755 2064 1834">
    <p class='ocr_par' dir='ltr' id='par_1_18' title="bbox 482 1755 2064 1834">
     <span class='ocr_line' id='line_1_18' title="bbox 482 1755 2064 1834; baseline -0.008 -11"><span class='ocrx_word' id='word_1_113' title='bbox 482 1768 662 1824; x_wconf 79' lang='lat' dir='ltr'><strong>nullus</strong></span> <span class='ocrx_word' id='word_1_114' title='bbox 699 1768 949 1822; x_wconf 88' lang='lat' dir='ltr'><strong>inventus</strong></span> <span class='ocrx_word' id='word_1_115' title='bbox 977 1771 1064 1820; x_wconf 88' lang='lat' dir='ltr'><strong>est</strong></span> <span class='ocrx_word' id='word_1_116' title='bbox 1103 1763 1196 1834; x_wconf 90' lang='lat' dir='ltr'><strong>qui</strong></span> <span class='ocrx_word' id='word_1_117' title='bbox 1246 1769 1437 1817; x_wconf 87' lang='lat' dir='ltr'><strong>contra</strong></span> <span class='ocrx_word' id='word_1_118' title='bbox 1486 1761 1603 1816; x_wconf 64' lang='lat' dir='ltr'><strong>hem</strong></span> <span class='ocrx_word' id='word_1_119' title='bbox 1643 1756 1845 1826; x_wconf 91' lang='lat' dir='ltr'><strong>aliquid</strong></span> <span class='ocrx_word' id='word_1_120' title='bbox 1883 1755 2064 1816; x_wconf 87' lang='lat' dir='ltr'><strong>dicere</strong></span> 
     </span>
    </p>
   </div>
   <div class='ocr_carea' id='block_1_19' title="bbox 483 1846 2062 1928">
    <p class='ocr_par' dir='ltr' id='par_1_19' title="bbox 483 1846 2062 1928">
     <span class='ocr_line' id='line_1_19' title="bbox 483 1846 2062 1928; baseline -0.01 -14"><span class='ocrx_word' id='word_1_121' title='bbox 483 1876 542 1914; x_wconf 57' lang='lat' dir='ltr'><strong>at</strong></span> <span class='ocrx_word' id='word_1_122' title='bbox 602 1857 835 1928; x_wconf 86' lang='lat' dir='ltr'><strong>probare</strong></span> <span class='ocrx_word' id='word_1_123' title='bbox 865 1854 1146 1912; x_wconf 87' lang='lat' dir='ltr'><strong>voluisset.</strong></span> <span class='ocrx_word' id='word_1_124' title='bbox 1171 1851 1323 1906; x_wconf 86' lang='lat' dir='ltr'><strong>Tunc</strong></span> <span class='ocrx_word' id='word_1_125' title='bbox 1347 1848 1606 1921; x_wconf 61' lang='lat' dir='ltr'><strong>praefatus</strong></span> <span class='ocrx_word' id='word_1_126' title='bbox 1627 1848 1857 1903; x_wconf 88' lang='lat' dir='ltr'><strong>domnus</strong></span> <span class='ocrx_word' id='word_1_127' title='bbox 1883 1846 2062 1928; x_wconf 81' lang='lat' dir='ltr'><strong>Drogo</strong></span> 
     </span>
    </p>
   </div>
   <div class='ocr_carea' id='block_1_20' title="bbox 483 1923 2063 2016">
    <p class='ocr_par' dir='ltr' id='par_1_20' title="bbox 483 1923 2063 2016">
     <span class='ocr_line' id='line_1_20' title="bbox 483 1923 2063 2016; baseline -0.009 -14"><span class='ocrx_word' id='word_1_128' title='bbox 483 1923 925 2016; x_wconf 67' lang='lat' dir='ltr'><strong>archiepiscopus</strong></span> <span class='ocrx_word' id='word_1_129' title='bbox 975 1950 1031 1997; x_wconf 89' lang='lat' dir='ltr'><strong>et</strong></span> <span class='ocrx_word' id='word_1_130' title='bbox 1076 1941 1258 1996; x_wconf 88' lang='lat' dir='ltr'><strong>senior</strong></span> <span class='ocrx_word' id='word_1_131' title='bbox 1302 1938 1614 2008; x_wconf 86' lang='lat' dir='ltr'><strong>eapellanus</strong></span> <span class='ocrx_word' id='word_1_132' title='bbox 1660 1945 1716 1991; x_wconf 91' lang='lat' dir='ltr'><strong>et</strong></span> <span class='ocrx_word' id='word_1_133' title='bbox 1759 1935 1941 1989; x_wconf 62' lang='lat' dir='ltr'><strong>caeteri</strong></span> <span class='ocrx_word' id='word_1_134' title='bbox 1970 1923 2063 2002; x_wconf 84' lang='lat' dir='ltr'><strong>qui</strong></span> 
     </span>
    </p>
   </div>
   <div class='ocr_carea' id='block_1_21' title="bbox 481 2025 2064 2108">
    <p class='ocr_par' dir='ltr' id='par_1_21' title="bbox 481 2025 2064 2108">
     <span class='ocr_line' id='line_1_21' title="bbox 481 2025 2064 2108; baseline -0.011 -14"><span class='ocrx_word' id='word_1_135' title='bbox 481 2037 760 2108; x_wconf 67' lang='lat' dir='ltr'><strong>praeterito</strong></span> <span class='ocrx_word' id='word_1_136' title='bbox 773 2043 1019 2106; x_wconf 86' lang='lat' dir='ltr'><strong>tempore</strong></span> <span class='ocrx_word' id='word_1_137' title='bbox 1039 2029 1369 2102; x_wconf 80' lang='lat' dir='ltr'><strong>Aquisgrani</strong></span> <span class='ocrx_word' id='word_1_138' title='bbox 1389 2027 1587 2099; x_wconf 90' lang='lat' dir='ltr'><strong>palatio</strong></span> <span class='ocrx_word' id='word_1_139' title='bbox 1611 2025 1831 2081; x_wconf 84' lang='lat' dir='ltr'><strong>fuerunt</strong></span> <span class='ocrx_word' id='word_1_140' title='bbox 1851 2025 2064 2094; x_wconf 85' lang='lat' dir='ltr'><strong>quando</strong></span> 
     </span>
    </p>
   </div>
   <div class='ocr_carea' id='block_1_22' title="bbox 481 2119 2068 2190">
    <p class='ocr_par' dir='ltr' id='par_1_22' title="bbox 481 2119 2068 2190">
     <span class='ocr_line' id='line_1_22' title="bbox 481 2119 2068 2190; baseline -0.014 -3"><span class='ocrx_word' id='word_1_141' title='bbox 481 2132 599 2187; x_wconf 73' lang='lat' dir='ltr'><strong>luce</strong></span> <span class='ocrx_word' id='word_1_142' title='bbox 619 2130 760 2184; x_wconf 87' lang='lat' dir='ltr'><strong>ratio</strong></span> <span class='ocrx_word' id='word_1_143' title='bbox 788 2125 1048 2182; x_wconf 83' lang='lat' dir='ltr'><strong>ventilata</strong></span> <span class='ocrx_word' id='word_1_144' title='bbox 1071 2130 1220 2178; x_wconf 89' lang='lat' dir='ltr'><strong>estet</strong></span> <span class='ocrx_word' id='word_1_145' title='bbox 1239 2122 1306 2176; x_wconf 89' lang='lat' dir='ltr'><strong>ad</strong></span> <span class='ocrx_word' id='word_1_146' title='bbox 1327 2119 1589 2190; x_wconf 91' lang='lat' dir='ltr'><strong>liquidum</strong></span> <span class='ocrx_word' id='word_1_147' title='bbox 1615 2123 1952 2187; x_wconf 89' lang='lat' dir='ltr'><strong>perscrutata</strong></span> <span class='ocrx_word' id='word_1_148' title='bbox 1977 2128 2068 2168; x_wconf 89' lang='lat' dir='ltr'><strong>ca-</strong></span> 
     </span>
    </p>
   </div>
   <div class='ocr_carea' id='block_1_23' title="bbox 483 2204 2062 2288">
    <p class='ocr_par' dir='ltr' id='par_1_23' title="bbox 483 2204 2062 2288">
     <span class='ocr_line' id='line_1_23' title="bbox 483 2204 2062 2288; baseline -0.013 -13"><span class='ocrx_word' id='word_1_149' title='bbox 483 2219 786 2288; x_wconf 89' lang='lat' dir='ltr'><strong>noniceque</strong></span> <span class='ocrx_word' id='word_1_150' title='bbox 805 2224 860 2271; x_wconf 90' lang='lat' dir='ltr'><strong>et</strong></span> <span class='ocrx_word' id='word_1_151' title='bbox 873 2214 1083 2283; x_wconf 82' lang='lat' dir='ltr'><strong>legibus</strong></span> <span class='ocrx_word' id='word_1_152' title='bbox 1097 2211 1341 2275; x_wconf 79' lang='lat' dir='ltr'><strong>definita,</strong></span> <span class='ocrx_word' id='word_1_153' title='bbox 1368 2208 1759 2278; x_wconf 86' lang='lat' dir='ltr'><strong>respondentes</strong></span> <span class='ocrx_word' id='word_1_154' title='bbox 1781 2204 2062 2259; x_wconf 81' lang='lat' dir='ltr'><strong>dixerunt:</strong></span> 
     </span>
    </p>
   </div>
   <div class='ocr_carea' id='block_1_24' title="bbox 484 2296 2067 2369">
    <p class='ocr_par' dir='ltr' id='par_1_24' title="bbox 484 2296 2067 2369">
     <span class='ocr_line' id='line_1_24' title="bbox 484 2296 2067 2369; baseline -0.013 -3"><span class='ocrx_word' id='word_1_155' title='bbox 484 2311 602 2366; x_wconf 82' lang='lat' dir='ltr'><strong>Non</strong></span> <span class='ocrx_word' id='word_1_156' title='bbox 633 2318 715 2364; x_wconf 91' lang='lat' dir='ltr'><strong>est</strong></span> <span class='ocrx_word' id='word_1_157' title='bbox 747 2321 968 2362; x_wconf 85' lang='lat' dir='ltr'><strong>necesse</strong></span> <span class='ocrx_word' id='word_1_158' title='bbox 997 2305 1113 2359; x_wconf 74' lang='lat' dir='ltr'><strong>haec</strong></span> <span class='ocrx_word' id='word_1_159' title='bbox 1141 2303 1301 2358; x_wconf 91' lang='lat' dir='ltr'><strong>modo</strong></span> <span class='ocrx_word' id='word_1_160' title='bbox 1331 2301 1528 2355; x_wconf 86' lang='lat' dir='ltr'><strong>iterum</strong></span> <span class='ocrx_word' id='word_1_161' title='bbox 1555 2314 1654 2369; x_wconf 88' lang='lat' dir='ltr'><strong>per</strong></span> <span class='ocrx_word' id='word_1_162' title='bbox 1679 2296 1864 2352; x_wconf 89' lang='lat' dir='ltr'><strong>omnia</strong></span> <span class='ocrx_word' id='word_1_163' title='bbox 1892 2309 2067 2348; x_wconf 89' lang='lat' dir='ltr'><strong>remo-</strong></span> 
     </span>
    </p>
   </div>
   <div class='ocr_carea' id='block_1_25' title="bbox 480 2387 2068 2468">
    <p class='ocr_par' dir='ltr' id='par_1_25' title="bbox 480 2387 2068 2468">
     <span class='ocr_line' id='line_1_25' title="bbox 480 2387 2068 2468; baseline -0.01 -15"><span class='ocrx_word' id='word_1_164' title='bbox 480 2415 608 2456; x_wconf 67' lang='lat' dir='ltr'><strong>vere</strong></span> <span class='ocrx_word' id='word_1_165' title='bbox 633 2411 809 2468; x_wconf 90' lang='lat' dir='ltr'><strong>neque</strong></span> <span class='ocrx_word' id='word_1_166' title='bbox 838 2393 1045 2464; x_wconf 85' lang='lat' dir='ltr'><strong>singula</strong></span> <span class='ocrx_word' id='word_1_167' title='bbox 1075 2398 1396 2455; x_wconf 89' lang='lat' dir='ltr'><strong>retractare,</strong></span> <span class='ocrx_word' id='word_1_168' title='bbox 1423 2389 1552 2458; x_wconf 88' lang='lat' dir='ltr'><strong>quia</strong></span> <span class='ocrx_word' id='word_1_169' title='bbox 1581 2387 1782 2440; x_wconf 89' lang='lat' dir='ltr'><strong>scimus</strong></span> <span class='ocrx_word' id='word_1_170' title='bbox 1809 2392 1862 2439; x_wconf 92' lang='lat' dir='ltr'><strong>te</strong></span> <span class='ocrx_word' id='word_1_171' title='bbox 1902 2397 2068 2438; x_wconf 88' lang='lat' dir='ltr'><strong>cano-</strong></span> 
     </span>
    </p>
   </div>
   <div class='ocr_carea' id='block_1_26' title="bbox 485 2475 2068 2560">
    <p class='ocr_par' dir='ltr' id='par_1_26' title="bbox 485 2475 2068 2560">
     <span class='ocr_line' id='line_1_26' title="bbox 485 2475 2068 2560; baseline -0.015 -10"><span class='ocrx_word' id='word_1_172' title='bbox 485 2495 607 2550; x_wconf 85' lang='lat' dir='ltr'><strong>nice</strong></span> <span class='ocrx_word' id='word_1_173' title='bbox 652 2498 706 2547; x_wconf 92' lang='lat' dir='ltr'><strong>et</strong></span> <span class='ocrx_word' id='word_1_174' title='bbox 753 2487 963 2560; x_wconf 86' lang='lat' dir='ltr'><strong>legibus</strong></span> <span class='ocrx_word' id='word_1_175' title='bbox 1012 2489 1370 2538; x_wconf 87' lang='lat' dir='ltr'><strong>memoratum</strong></span> <span class='ocrx_word' id='word_1_176' title='bbox 1421 2476 1810 2534; x_wconf 86' lang='lat' dir='ltr'><strong>monasterium</strong></span> <span class='ocrx_word' id='word_1_177' title='bbox 1867 2475 2068 2529; x_wconf 71' lang='lat' dir='ltr'><strong>habere</strong></span> 
     </span>
    </p>
   </div>
   <div class='ocr_carea' id='block_1_27' title="bbox 485 2564 2064 2653">
    <p class='ocr_par' dir='ltr' id='par_1_27' title="bbox 485 2564 2064 2653">
     <span class='ocr_line' id='line_1_27' title="bbox 485 2564 2064 2653; baseline -0.015 -14"><span class='ocrx_word' id='word_1_178' title='bbox 485 2581 850 2653; x_wconf 86' lang='lat' dir='ltr'><strong>conquisitum</strong></span> <span class='ocrx_word' id='word_1_179' title='bbox 879 2585 934 2632; x_wconf 90' lang='lat' dir='ltr'><strong>et</strong></span> <span class='ocrx_word' id='word_1_180' title='bbox 963 2573 1326 2630; x_wconf 85' lang='lat' dir='ltr'><strong>evindieatum</strong></span> <span class='ocrx_word' id='word_1_181' title='bbox 1351 2588 1364 2623; x_wconf 90' lang='lat'><strong>:</strong></span> <span class='ocrx_word' id='word_1_182' title='bbox 1395 2568 1491 2624; x_wconf 91' lang='lat' dir='ltr'><strong>sed</strong></span> <span class='ocrx_word' id='word_1_183' title='bbox 1517 2567 1586 2622; x_wconf 71' lang='lat' dir='ltr'><strong>dc‘</strong></span> <span class='ocrx_word' id='word_1_184' title='bbox 1616 2566 1736 2621; x_wconf 87' lang='lat' dir='ltr'><strong>istis</strong></span> <span class='ocrx_word' id='word_1_185' title='bbox 1767 2564 2064 2627; x_wconf 86' lang='lat' dir='ltr'><strong>monachis,</strong></span> 
     </span>
    </p>
   </div>
   <div class='ocr_carea' id='block_1_28' title="bbox 486 2657 2067 2745">
    <p class='ocr_par' dir='ltr' id='par_1_28' title="bbox 486 2657 2067 2745">
     <span class='ocr_line' id='line_1_28' title="bbox 486 2657 2067 2745; baseline -0.015 -14"><span class='ocrx_word' id='word_1_186' title='bbox 486 2675 579 2745; x_wconf 91' lang='lat' dir='ltr'><strong>qui</strong></span> <span class='ocrx_word' id='word_1_187' title='bbox 610 2671 773 2728; x_wconf 88' lang='lat' dir='ltr'><strong>modo</strong></span> <span class='ocrx_word' id='word_1_188' title='bbox 810 2684 871 2725; x_wconf 87' lang='lat' dir='ltr'><strong>se</strong></span> <span class='ocrx_word' id='word_1_189' title='bbox 900 2667 1201 2723; x_wconf 78' lang='lat' dir='ltr'><strong>reclamant</strong></span> <span class='ocrx_word' id='word_1_190' title='bbox 1227 2661 1433 2729; x_wconf 74' lang='lat' dir='ltr'><strong>eiectos</strong></span> <span class='ocrx_word' id='word_1_191' title='bbox 1462 2672 1583 2713; x_wconf 86' lang='lat' dir='ltr'><strong>esse</strong></span> <span class='ocrx_word' id='word_1_192' title='bbox 1624 2657 1690 2712; x_wconf 89' lang='lat' dir='ltr'><strong>de</strong></span> <span class='ocrx_word' id='word_1_193' title='bbox 1718 2670 1906 2712; x_wconf 90' lang='lat' dir='ltr'><strong>eorum</strong></span> <span class='ocrx_word' id='word_1_194' title='bbox 1947 2669 2067 2708; x_wconf 86' lang='lat' dir='ltr'><strong>mo-</strong></span> 
     </span>
    </p>
   </div>
   <div class='ocr_carea' id='block_1_29' title="bbox 487 2745 2068 2833">
    <p class='ocr_par' dir='ltr' id='par_1_29' title="bbox 487 2745 2068 2833">
     <span class='ocr_line' id='line_1_29' title="bbox 487 2745 2068 2833; baseline -0.017 -7"><span class='ocrx_word' id='word_1_195' title='bbox 487 2765 746 2828; x_wconf 82' lang='lat' dir='ltr'><strong>nasterio,</strong></span> <span class='ocrx_word' id='word_1_196' title='bbox 800 2761 943 2833; x_wconf 86' lang='lat' dir='ltr'><strong>quod</strong></span> <span class='ocrx_word' id='word_1_197' title='bbox 973 2759 1204 2814; x_wconf 85' lang='lat' dir='ltr'><strong>domnus</strong></span> <span class='ocrx_word' id='word_1_198' title='bbox 1240 2755 1538 2823; x_wconf 88' lang='lat' dir='ltr'><strong>imperator</strong></span> <span class='ocrx_word' id='word_1_199' title='bbox 1589 2749 1745 2805; x_wconf 91' lang='lat' dir='ltr'><strong>nobis</strong></span> <span class='ocrx_word' id='word_1_200' title='bbox 1791 2745 2068 2816; x_wconf 87' lang='lat' dir='ltr'><strong>inquirere</strong></span> 
     </span>
    </p>
   </div>
   <div class='ocr_carea' id='block_1_30' title="bbox 481 2839 2066 2928">
    <p class='ocr_par' dir='ltr' id='par_1_30' title="bbox 481 2839 2066 2928">
     <span class='ocr_line' id='line_1_30' title="bbox 481 2839 2066 2928; baseline -0.017 -15"><span class='ocrx_word' id='word_1_201' title='bbox 481 2855 762 2928; x_wconf 75' lang='lat' dir='ltr'><strong>praecepit,</strong></span> <span class='ocrx_word' id='word_1_202' title='bbox 812 2849 974 2907; x_wconf 86' lang='lat' dir='ltr'><strong>modo</strong></span> <span class='ocrx_word' id='word_1_203' title='bbox 1014 2845 1284 2917; x_wconf 87' lang='lat' dir='ltr'><strong>agendum</strong></span> <span class='ocrx_word' id='word_1_204' title='bbox 1327 2849 1430 2896; x_wconf 85' lang='lat' dir='ltr'><strong>est.</strong></span> <span class='ocrx_word' id='word_1_205' title='bbox 1466 2839 1575 2895; x_wconf 88' lang='lat' dir='ltr'><strong>Sed</strong></span> <span class='ocrx_word' id='word_1_206' title='bbox 1623 2845 1910 2908; x_wconf 86' lang='lat' dir='ltr'><strong>postquam</strong></span> <span class='ocrx_word' id='word_1_207' title='bbox 1939 2848 2066 2905; x_wconf 86' lang='lat' dir='ltr'><strong>per-</strong></span> 
     </span>
    </p>
   </div>
   <div class='ocr_carea' id='block_1_31' title="bbox 487 2925 2067 3013">
    <p class='ocr_par' dir='ltr' id='par_1_31' title="bbox 487 2925 2067 3013">
     <span class='ocr_line' id='line_1_31' title="bbox 487 2925 2067 3013; baseline -0.019 -6"><span class='ocrx_word' id='word_1_208' title='bbox 487 2925 788 3007; x_wconf 76' lang='lat' dir='ltr'><strong>scrutatum</strong></span> <span class='ocrx_word' id='word_1_209' title='bbox 833 2950 919 2998; x_wconf 89' lang='lat' dir='ltr'><strong>est</strong></span> <span class='ocrx_word' id='word_1_210' title='bbox 963 2937 1312 3013; x_wconf 59' lang='lat' dir='ltr'><strong>pratscriptos</strong></span> <span class='ocrx_word' id='word_1_211' title='bbox 1367 2931 1664 2988; x_wconf 85' lang='lat' dir='ltr'><strong>monachos</strong></span> <span class='ocrx_word' id='word_1_212' title='bbox 1715 2926 1917 2984; x_wconf 89' lang='lat' dir='ltr'><strong>nullius</strong></span> <span class='ocrx_word' id='word_1_213' title='bbox 1954 2925 2067 2996; x_wconf 84' lang='lat' dir='ltr'><strong>eje-</strong></span> 
     </span>
    </p>
   </div>
   <div class='ocr_carea' id='block_1_32' title="bbox 488 3015 2070 3101">
    <p class='ocr_par' dir='ltr' id='par_1_32' title="bbox 488 3015 2070 3101">
     <span class='ocr_line' id='line_1_32' title="bbox 488 3015 2070 3101; baseline -0.018 -5"><span class='ocrx_word' id='word_1_214' title='bbox 488 3039 686 3101; x_wconf 86' lang='lat' dir='ltr'><strong>ctione.</strong></span> <span class='ocrx_word' id='word_1_215' title='bbox 735 3048 836 3090; x_wconf 85' lang='lat' dir='ltr'><strong>nec</strong></span> <span class='ocrx_word' id='word_1_216' title='bbox 878 3029 1059 3099; x_wconf 85' lang='lat' dir='ltr'><strong>aliqua</strong></span> <span class='ocrx_word' id='word_1_217' title='bbox 1103 3024 1420 3096; x_wconf 78' lang='lat' dir='ltr'><strong>indigentia,</strong></span> <span class='ocrx_word' id='word_1_218' title='bbox 1453 3036 1556 3076; x_wconf 92' lang='lat' dir='ltr'><strong>nec</strong></span> <span class='ocrx_word' id='word_1_219' title='bbox 1597 3019 1754 3089; x_wconf 88' lang='lat' dir='ltr'><strong>culpa</strong></span> <span class='ocrx_word' id='word_1_220' title='bbox 1801 3027 1895 3072; x_wconf 89' lang='lat' dir='ltr'><strong>aut</strong></span> <span class='ocrx_word' id='word_1_221' title='bbox 1924 3015 2070 3070; x_wconf 84' lang='lat' dir='ltr'><strong>facto</strong></span> 
     </span>
    </p>
   </div>
   <div class='ocr_carea' id='block_1_33' title="bbox 489 3113 2071 3201">
    <p class='ocr_par' dir='ltr' id='par_1_33' title="bbox 489 3113 2071 3201">
     <span class='ocr_line' id='line_1_33' title="bbox 489 3113 2071 3201; baseline -0.016 -16"><span class='ocrx_word' id='word_1_222' title='bbox 489 3127 731 3201; x_wconf 73' lang='lat' dir='ltr'><strong>praedicti</strong></span> <span class='ocrx_word' id='word_1_223' title='bbox 761 3122 962 3179; x_wconf 78' lang='lat' dir='ltr'><strong>Aldrici</strong></span> <span class='ocrx_word' id='word_1_224' title='bbox 996 3117 1236 3192; x_wconf 77' lang='lat' dir='ltr'><strong>episcopi</strong></span> <span class='ocrx_word' id='word_1_225' title='bbox 1260 3115 1443 3176; x_wconf 76' lang='lat' dir='ltr'><strong>exisse</strong></span> <span class='ocrx_word' id='word_1_226' title='bbox 1475 3113 1543 3170; x_wconf 83' lang='lat' dir='ltr'><strong>ab</strong></span> <span class='ocrx_word' id='word_1_227' title='bbox 1565 3126 1755 3168; x_wconf 86' lang='lat' dir='ltr'><strong>eorum</strong></span> <span class='ocrx_word' id='word_1_228' title='bbox 1796 3116 2071 3168; x_wconf 70' lang='lat' dir='ltr'><strong>monastc~</strong></span> 
     </span>
    </p>
   </div>
   <div class='ocr_carea' id='block_1_34' title="bbox 2163 573 3740 642">
    <p class='ocr_par' dir='ltr' id='par_1_34' title="bbox 2163 573 3740 642">
     <span class='ocr_line' id='line_1_34' title="bbox 2163 573 3740 642; baseline -0.005 -12"><span class='ocrx_word' id='word_1_229' title='bbox 2163 583 2472 630; x_wconf 87' lang='lat' dir='ltr'><strong>sanctorum</strong></span> <span class='ocrx_word' id='word_1_230' title='bbox 2486 574 2708 629; x_wconf 86' lang='lat' dir='ltr'><strong>Patrum</strong></span> <span class='ocrx_word' id='word_1_231' title='bbox 2731 573 3054 627; x_wconf 87' lang='lat' dir='ltr'><strong>traditiones</strong></span> <span class='ocrx_word' id='word_1_232' title='bbox 3074 579 3344 642; x_wconf 89' lang='lat' dir='ltr'><strong>potestate</strong></span> <span class='ocrx_word' id='word_1_233' title='bbox 3363 577 3740 639; x_wconf 81' lang='lat' dir='ltr'><strong>permaneant,</strong></span> 
     </span>
    </p>
   </div>
   <div class='ocr_carea' id='block_1_35' title="bbox 2161 660 3741 736">
    <p class='ocr_par' dir='ltr' id='par_1_35' title="bbox 2161 660 3741 736">
     <span class='ocr_line' id='line_1_35' title="bbox 2161 660 3741 736; baseline -0.006 -15"><span class='ocrx_word' id='word_1_234' title='bbox 2161 689 2334 736; x_wconf 60' lang='lat' dir='ltr'><strong>neque</strong></span> <span class='ocrx_word' id='word_1_235' title='bbox 2365 679 2465 736; x_wconf 90' lang='lat' dir='ltr'><strong>per</strong></span> <span class='ocrx_word' id='word_1_236' title='bbox 2492 665 2887 721; x_wconf 83' lang='lat' dir='ltr'><strong>contumaciam</strong></span> <span class='ocrx_word' id='word_1_237' title='bbox 2914 663 2982 717; x_wconf 88' lang='lat' dir='ltr'><strong>ab</strong></span> <span class='ocrx_word' id='word_1_238' title='bbox 3011 663 3268 732; x_wconf 81' lang='lat' dir='ltr'><strong>episcopo</strong></span> <span class='ocrx_word' id='word_1_239' title='bbox 3306 675 3407 715; x_wconf 90' lang='lat' dir='ltr'><strong>suo</strong></span> <span class='ocrx_word' id='word_1_240' title='bbox 3448 660 3741 715; x_wconf 89' lang='lat' dir='ltr'><strong>dissiliant.</strong></span> 
     </span>
    </p>
   </div>
   <div class='ocr_carea' id='block_1_36' title="bbox 2160 750 3744 823">
    <p class='ocr_par' dir='ltr' id='par_1_36' title="bbox 2160 750 3744 823">
     <span class='ocr_line' id='line_1_36' title="bbox 2160 750 3744 823; baseline -0.006 -13"><span class='ocrx_word' id='word_1_241' title='bbox 2160 755 2261 823; x_wconf 86' lang='lat' dir='ltr'><strong>Qui</strong></span> <span class='ocrx_word' id='word_1_242' title='bbox 2308 771 2440 810; x_wconf 91' lang='lat' dir='ltr'><strong>vero</strong></span> <span class='ocrx_word' id='word_1_243' title='bbox 2486 756 2684 811; x_wconf 87' lang='lat' dir='ltr'><strong>audent</strong></span> <span class='ocrx_word' id='word_1_244' title='bbox 2713 761 2955 809; x_wconf 79' lang='lat' dir='ltr'><strong>evertere</strong></span> <span class='ocrx_word' id='word_1_245' title='bbox 2999 751 3308 820; x_wconf 76' lang='lat' dir='ltr'><strong>huiusmodi</strong></span> <span class='ocrx_word' id='word_1_246' title='bbox 3343 750 3576 806; x_wconf 88' lang='lat' dir='ltr'><strong>formam</strong></span> <span class='ocrx_word' id='word_1_247' title='bbox 3606 764 3744 820; x_wconf 61' lang='lat' dir='ltr'><strong>quo-</strong></span> 
     </span>
    </p>
   </div>
   <div class='ocr_carea' id='block_1_37' title="bbox 2161 839 3744 916">
    <p class='ocr_par' dir='ltr' id='par_1_37' title="bbox 2161 839 3744 916">
     <span class='ocr_line' id='line_1_37' title="bbox 2161 839 3744 916; baseline -0.004 -16"><span class='ocrx_word' id='word_1_248' title='bbox 2161 861 2372 916; x_wconf 90' lang='lat' dir='ltr'><strong>cunque</strong></span> <span class='ocrx_word' id='word_1_249' title='bbox 2398 847 2578 911; x_wconf 92' lang='lat' dir='ltr'><strong>modo,</strong></span> <span class='ocrx_word' id='word_1_250' title='bbox 2608 860 2708 900; x_wconf 93' lang='lat' dir='ltr'><strong>nec</strong></span> <span class='ocrx_word' id='word_1_251' title='bbox 2729 843 2951 915; x_wconf 92' lang='lat' dir='ltr'><strong>proprio</strong></span> <span class='ocrx_word' id='word_1_252' title='bbox 2977 843 3342 913; x_wconf 84' lang='lat' dir='ltr'><strong>subjiciuntur</strong></span> <span class='ocrx_word' id='word_1_253' title='bbox 3373 843 3651 912; x_wconf 89' lang='lat' dir='ltr'><strong>episcopo,</strong></span> <span class='ocrx_word' id='word_1_254' title='bbox 3697 839 3744 894; x_wconf 92' lang='lat' dir='ltr'><strong>si</strong></span> 
     </span>
    </p>
   </div>
   <div class='ocr_carea' id='block_1_38' title="bbox 2160 931 3747 1007">
    <p class='ocr_par' dir='ltr' id='par_1_38' title="bbox 2160 931 3747 1007">
     <span class='ocr_line' id='line_1_38' title="bbox 2160 931 3747 1007; baseline -0.006 -16"><span class='ocrx_word' id='word_1_255' title='bbox 2160 949 2378 1007; x_wconf 77' lang='lat' dir='ltr'><strong>quidem</strong></span> <span class='ocrx_word' id='word_1_256' title='bbox 2407 936 2592 992; x_wconf 87' lang='lat' dir='ltr'><strong>clerici</strong></span> <span class='ocrx_word' id='word_1_257' title='bbox 2619 945 2763 1000; x_wconf 90' lang='lat' dir='ltr'><strong>sunt,</strong></span> <span class='ocrx_word' id='word_1_258' title='bbox 2789 950 3059 990; x_wconf 90' lang='lat' dir='ltr'><strong>canonum</strong></span> <span class='ocrx_word' id='word_1_259' title='bbox 3085 935 3525 1004; x_wconf 86' lang='lat' dir='ltr'><strong>correptionibus</strong></span> <span class='ocrx_word' id='word_1_260' title='bbox 3563 931 3747 1000; x_wconf 84' lang='lat' dir='ltr'><strong>subja-</strong></span> 
     </span>
    </p>
   </div>
   <div class='ocr_carea' id='block_1_39' title="bbox 2160 1025 3747 1093">
    <p class='ocr_par' dir='ltr' id='par_1_39' title="bbox 2160 1025 3747 1093">
     <span class='ocr_line' id='line_1_39' title="bbox 2160 1025 3747 1093; baseline -0.006 -9"><span class='ocrx_word' id='word_1_261' title='bbox 2160 1030 2388 1093; x_wconf 88' lang='lat' dir='ltr'><strong>cehunt;</strong></span> <span class='ocrx_word' id='word_1_262' title='bbox 2422 1029 2468 1083; x_wconf 91' lang='lat' dir='ltr'><strong>si</strong></span> <span class='ocrx_word' id='word_1_263' title='bbox 2497 1043 2626 1082; x_wconf 91' lang='lat' dir='ltr'><strong>vero</strong></span> <span class='ocrx_word' id='word_1_264' title='bbox 2654 1027 2778 1083; x_wconf 89' lang='lat' dir='ltr'><strong>laici</strong></span> <span class='ocrx_word' id='word_1_265' title='bbox 2824 1028 2907 1082; x_wconf 89' lang='lat' dir='ltr'><strong>vel</strong></span> <span class='ocrx_word' id='word_1_266' title='bbox 2936 1027 3190 1082; x_wconf 87' lang='lat' dir='ltr'><strong>monachi</strong></span> <span class='ocrx_word' id='word_1_267' title='bbox 3238 1025 3463 1089; x_wconf 80' lang='lat' dir='ltr'><strong>fuerint,</strong></span> <span class='ocrx_word' id='word_1_268' title='bbox 3505 1038 3747 1076; x_wconf 81' lang='lat' dir='ltr'><strong>commn-</strong></span> 
     </span>
    </p>
   </div>
   <div class='ocr_carea' id='block_1_40' title="bbox 2161 1112 3744 1187">
    <p class='ocr_par' dir='ltr' id='par_1_40' title="bbox 2161 1112 3744 1187">
     <span class='ocr_line' id='line_1_40' title="bbox 2161 1112 3744 1187; baseline -0.005 -16"><span class='ocrx_word' id='word_1_269' title='bbox 2161 1119 2321 1173; x_wconf 90' lang='lat' dir='ltr'><strong>nione</strong></span> <span class='ocrx_word' id='word_1_270' title='bbox 2363 1116 2664 1187; x_wconf 88' lang='lat' dir='ltr'><strong>priventur.</strong></span> <span class='ocrx_word' id='word_1_271' title='bbox 2704 1136 2723 1170; x_wconf 68' lang='grc' dir='ltr'><strong><em>ι</em></strong></span> <span class='ocrx_word' id='word_1_272' title='bbox 2768 1116 3016 1172; x_wconf 88' lang='lat' dir='ltr'><strong>Perlecta</strong></span> <span class='ocrx_word' id='word_1_273' title='bbox 3064 1125 3246 1170; x_wconf 91' lang='lat' dir='ltr'><strong>autem</strong></span> <span class='ocrx_word' id='word_1_274' title='bbox 3295 1116 3400 1169; x_wconf 89' lang='lat' dir='ltr'><strong>hae</strong></span> <span class='ocrx_word' id='word_1_275' title='bbox 3449 1112 3744 1174; x_wconf 83' lang='lat' dir='ltr'><strong>sententia,</strong></span> 
     </span>
    </p>
   </div>
   <div class='ocr_carea' id='block_1_41' title="bbox 2162 1202 3744 1278">
    <p class='ocr_par' dir='ltr' id='par_1_41' title="bbox 2162 1202 3744 1278">
     <span class='ocr_line' id='line_1_41' title="bbox 2162 1202 3744 1278; baseline -0.005 -17"><span class='ocrx_word' id='word_1_276' title='bbox 2162 1209 2356 1261; x_wconf 87' lang='lat' dir='ltr'><strong>iterum</strong></span> <span class='ocrx_word' id='word_1_277' title='bbox 2399 1206 2716 1278; x_wconf 82' lang='lat' dir='ltr'><strong>interrogati</strong></span> <span class='ocrx_word' id='word_1_278' title='bbox 2750 1213 2876 1264; x_wconf 87' lang='lat' dir='ltr'><strong>sunt</strong></span> <span class='ocrx_word' id='word_1_279' title='bbox 2917 1206 2963 1261; x_wconf 88' lang='lat' dir='ltr'><strong>si</strong></span> <span class='ocrx_word' id='word_1_280' title='bbox 3002 1205 3181 1260; x_wconf 85' lang='lat' dir='ltr'><strong>adhuc</strong></span> <span class='ocrx_word' id='word_1_281' title='bbox 3216 1213 3399 1259; x_wconf 83' lang='lat' dir='ltr'><strong>essent</strong></span> <span class='ocrx_word' id='word_1_282' title='bbox 3442 1205 3519 1257; x_wconf 87' lang='lat' dir='ltr'><strong>ita</strong></span> <span class='ocrx_word' id='word_1_283' title='bbox 3557 1202 3744 1255; x_wconf 83' lang='lat' dir='ltr'><strong>inobe-</strong></span> 
     </span>
    </p>
   </div>
   <div class='ocr_carea' id='block_1_42' title="bbox 2161 1293 3747 1366">
    <p class='ocr_par' dir='ltr' id='par_1_42' title="bbox 2161 1293 3747 1366">
     <span class='ocr_line' id='line_1_42' title="bbox 2161 1293 3747 1366; baseline -0.006 -13"><span class='ocrx_word' id='word_1_284' title='bbox 2161 1294 2373 1353; x_wconf 79' lang='lat' dir='ltr'><strong>dicrites</strong></span> <span class='ocrx_word' id='word_1_285' title='bbox 2414 1307 2474 1351; x_wconf 91' lang='lat' dir='ltr'><strong>ut</strong></span> <span class='ocrx_word' id='word_1_286' title='bbox 2501 1299 2674 1366; x_wconf 90' lang='lat' dir='ltr'><strong>prius.</strong></span> <span class='ocrx_word' id='word_1_287' title='bbox 2703 1296 2783 1351; x_wconf 86' lang='lat' dir='ltr'><strong>Illi</strong></span> <span class='ocrx_word' id='word_1_288' title='bbox 2830 1311 2958 1351; x_wconf 86' lang='lat' dir='ltr'><strong>vero</strong></span> <span class='ocrx_word' id='word_1_289' title='bbox 2994 1296 3049 1349; x_wconf 92' lang='lat' dir='ltr'><strong>in</strong></span> <span class='ocrx_word' id='word_1_290' title='bbox 3077 1296 3266 1350; x_wconf 84' lang='lat' dir='ltr'><strong>eadem</strong></span> <span class='ocrx_word' id='word_1_291' title='bbox 3297 1293 3603 1364; x_wconf 83' lang='lat' dir='ltr'><strong>pertinacia</strong></span> <span class='ocrx_word' id='word_1_292' title='bbox 3628 1305 3747 1361; x_wconf 84' lang='lat' dir='ltr'><strong>per-</strong></span> 
     </span>
    </p>
   </div>
   <div class='ocr_carea' id='block_1_43' title="bbox 2164 1381 3747 1460">
    <p class='ocr_par' dir='ltr' id='par_1_43' title="bbox 2164 1381 3747 1460">
     <span class='ocr_line' id='line_1_43' title="bbox 2164 1381 3747 1460; baseline -0.007 -16"><span class='ocrx_word' id='word_1_293' title='bbox 2164 1399 2466 1452; x_wconf 83' lang='lat' dir='ltr'><strong>manentes,</strong></span> <span class='ocrx_word' id='word_1_294' title='bbox 2494 1397 2620 1460; x_wconf 84' lang='lat' dir='ltr'><strong>tunc</strong></span> <span class='ocrx_word' id='word_1_295' title='bbox 2643 1387 2850 1459; x_wconf 84' lang='lat' dir='ltr'><strong>judicio</strong></span> <span class='ocrx_word' id='word_1_296' title='bbox 2875 1387 3115 1441; x_wconf 87' lang='lat' dir='ltr'><strong>omnium</strong></span> <span class='ocrx_word' id='word_1_297' title='bbox 3141 1384 3524 1454; x_wconf 87' lang='lat' dir='ltr'><strong>episcoporum</strong></span> <span class='ocrx_word' id='word_1_298' title='bbox 3549 1381 3606 1435; x_wconf 68' lang='lat' dir='ltr'><strong>Et</strong></span> <span class='ocrx_word' id='word_1_299' title='bbox 3629 1381 3747 1434; x_wconf 89' lang='lat' dir='ltr'><strong>uui-</strong></span> 
     </span>
    </p>
   </div>
   <div class='ocr_carea' id='block_1_44' title="bbox 2163 1471 3746 1535">
    <p class='ocr_par' dir='ltr' id='par_1_44' title="bbox 2163 1471 3746 1535">
     <span class='ocr_line' id='line_1_44' title="bbox 2163 1471 3746 1535; baseline -0.005 -1"><span class='ocrx_word' id='word_1_300' title='bbox 2163 1480 2390 1535; x_wconf 85' lang='lat' dir='ltr'><strong>versalis</strong></span> <span class='ocrx_word' id='word_1_301' title='bbox 2433 1479 2606 1534; x_wconf 89' lang='lat' dir='ltr'><strong>sancti</strong></span> <span class='ocrx_word' id='word_1_302' title='bbox 2635 1478 2850 1534; x_wconf 89' lang='lat' dir='ltr'><strong>concilii</strong></span> <span class='ocrx_word' id='word_1_303' title='bbox 2896 1478 3190 1532; x_wconf 87' lang='lat' dir='ltr'><strong>secundum</strong></span> <span class='ocrx_word' id='word_1_304' title='bbox 3235 1477 3378 1530; x_wconf 87' lang='lat' dir='ltr'><strong>hanc</strong></span> <span class='ocrx_word' id='word_1_305' title='bbox 3418 1471 3746 1528; x_wconf 86' lang='lat' dir='ltr'><strong>sententiam</strong></span> 
     </span>
    </p>
   </div>
   <div class='ocr_carea' id='block_1_45' title="bbox 2164 1567 3748 1640">
    <p class='ocr_par' dir='ltr' id='par_1_45' title="bbox 2164 1567 3748 1640">
     <span class='ocr_line' id='line_1_45' title="bbox 2164 1567 3748 1640; baseline -0.006 -14"><span class='ocrx_word' id='word_1_306' title='bbox 2164 1573 2241 1626; x_wconf 80' lang='lat' dir='ltr'><strong>ab</strong></span> <span class='ocrx_word' id='word_1_307' title='bbox 2260 1572 2513 1626; x_wconf 90' lang='lat' dir='ltr'><strong>omnibus</strong></span> <span class='ocrx_word' id='word_1_308' title='bbox 2559 1571 2826 1640; x_wconf 78' lang='lat' dir='ltr'><strong>episcopis</strong></span> <span class='ocrx_word' id='word_1_309' title='bbox 2864 1579 2919 1623; x_wconf 88' lang='lat' dir='ltr'><strong>et</strong></span> <span class='ocrx_word' id='word_1_310' title='bbox 2964 1568 3192 1638; x_wconf 85' lang='lat' dir='ltr'><strong>reliquis</strong></span> <span class='ocrx_word' id='word_1_311' title='bbox 3241 1567 3622 1622; x_wconf 86' lang='lat' dir='ltr'><strong>sacerdotibus</strong></span> <span class='ocrx_word' id='word_1_312' title='bbox 3657 1581 3748 1618; x_wconf 77' lang='lat' dir='ltr'><strong>ex-</strong></span> 
     </span>
    </p>
   </div>
   <div class='ocr_carea' id='block_1_46' title="bbox 2164 1657 3749 1727">
    <p class='ocr_par' dir='ltr' id='par_1_46' title="bbox 2164 1657 3749 1727">
     <span class='ocr_line' id='line_1_46' title="bbox 2164 1657 3749 1727; baseline -0.004 -10"><span class='ocrx_word' id='word_1_313' title='bbox 2164 1663 2298 1717; x_wconf 87' lang='lat' dir='ltr'><strong>clusi</strong></span> <span class='ocrx_word' id='word_1_314' title='bbox 2331 1669 2456 1716; x_wconf 89' lang='lat' dir='ltr'><strong>sunt</strong></span> <span class='ocrx_word' id='word_1_315' title='bbox 2497 1660 2566 1715; x_wconf 89' lang='lat' dir='ltr'><strong>ab</strong></span> <span class='ocrx_word' id='word_1_316' title='bbox 2591 1663 2736 1715; x_wconf 87' lang='lat' dir='ltr'><strong>omni</strong></span> <span class='ocrx_word' id='word_1_317' title='bbox 2765 1658 3091 1714; x_wconf 88' lang='lat' dir='ltr'><strong>sacerdotali</strong></span> <span class='ocrx_word' id='word_1_318' title='bbox 3132 1657 3380 1727; x_wconf 81' lang='lat' dir='ltr'><strong>catalogo</strong></span> <span class='ocrx_word' id='word_1_319' title='bbox 3408 1665 3467 1711; x_wconf 89' lang='lat' dir='ltr'><strong>et</strong></span> <span class='ocrx_word' id='word_1_320' title='bbox 3511 1670 3749 1710; x_wconf 86' lang='lat' dir='ltr'><strong>commu-</strong></span> 
     </span>
    </p>
   </div>
   <div class='ocr_carea' id='block_1_47' title="bbox 2165 1747 3749 1818">
    <p class='ocr_par' dir='ltr' id='par_1_47' title="bbox 2165 1747 3749 1818">
     <span class='ocr_line' id='line_1_47' title="bbox 2165 1747 3749 1818; baseline -0.005 -10"><span class='ocrx_word' id='word_1_321' title='bbox 2165 1755 2346 1818; x_wconf 90' lang='lat' dir='ltr'><strong>nione,</strong></span> <span class='ocrx_word' id='word_1_322' title='bbox 2399 1760 2454 1808; x_wconf 91' lang='lat' dir='ltr'><strong>et</strong></span> <span class='ocrx_word' id='word_1_323' title='bbox 2496 1760 2763 1816; x_wconf 75' lang='lat' dir='ltr'><strong>extorres,</strong></span> <span class='ocrx_word' id='word_1_324' title='bbox 2795 1751 2842 1806; x_wconf 91' lang='lat' dir='ltr'><strong>si</strong></span> <span class='ocrx_word' id='word_1_325' title='bbox 2889 1747 3272 1804; x_wconf 82' lang='lat' dir='ltr'><strong>irrevocabiles</strong></span> <span class='ocrx_word' id='word_1_326' title='bbox 3296 1748 3683 1818; x_wconf 88' lang='lat' dir='ltr'><strong>persisterent,</strong></span> <span class='ocrx_word' id='word_1_327' title='bbox 3717 1761 3749 1800; x_wconf 91' lang='lat' dir='ltr'><strong>a</strong></span> 
     </span>
    </p>
   </div>
   <div class='ocr_carea' id='block_1_48' title="bbox 2091 1825 3750 1909">
    <p class='ocr_par' dir='ltr' id='par_1_48' title="bbox 2091 1825 3750 1909">
     <span class='ocr_line' id='line_1_48' title="bbox 2091 1825 3750 1909; baseline -0.007 -8"><span class='ocrx_word' id='word_1_328' title='bbox 2091 1825 2136 1884; x_wconf 80' lang='grc' dir='ltr'>Β</span> <span class='ocrx_word' id='word_1_329' title='bbox 2164 1845 2430 1900; x_wconf 87' lang='lat' dir='ltr'><strong>catholica</strong></span> <span class='ocrx_word' id='word_1_330' title='bbox 2460 1843 2700 1898; x_wconf 87' lang='lat' dir='ltr'><strong>Ecclesia</strong></span> <span class='ocrx_word' id='word_1_331' title='bbox 2729 1841 2860 1897; x_wconf 84' lang='lat' dir='ltr'><strong>facti</strong></span> <span class='ocrx_word' id='word_1_332' title='bbox 2885 1849 3032 1896; x_wconf 88' lang='lat' dir='ltr'><strong>sunt.</strong></span> <span class='ocrx_word' id='word_1_333' title='bbox 3067 1839 3220 1894; x_wconf 87' lang='lat' dir='ltr'><strong>Tunc</strong></span> <span class='ocrx_word' id='word_1_334' title='bbox 3241 1853 3372 1909; x_wconf 90' lang='lat' dir='ltr'><strong>ergo</strong></span> <span class='ocrx_word' id='word_1_335' title='bbox 3398 1837 3471 1892; x_wconf 91' lang='lat' dir='ltr'><strong>ab</strong></span> <span class='ocrx_word' id='word_1_336' title='bbox 3500 1837 3750 1892; x_wconf 87' lang='lat' dir='ltr'><strong>omnibus</strong></span> 
     </span>
    </p>
   </div>
   <div class='ocr_carea' id='block_1_49' title="bbox 2163 1928 3748 2007">
    <p class='ocr_par' dir='ltr' id='par_1_49' title="bbox 2163 1928 3748 2007">
     <span class='ocr_line' id='line_1_49' title="bbox 2163 1928 3748 2007; baseline -0.008 -16"><span class='ocrx_word' id='word_1_337' title='bbox 2163 1936 2430 2007; x_wconf 88' lang='lat' dir='ltr'><strong>episcopis</strong></span> <span class='ocrx_word' id='word_1_338' title='bbox 2442 1944 2496 1990; x_wconf 90' lang='lat' dir='ltr'><strong>et</strong></span> <span class='ocrx_word' id='word_1_339' title='bbox 2509 1934 2732 2004; x_wconf 89' lang='lat' dir='ltr'><strong>reliquis</strong></span> <span class='ocrx_word' id='word_1_340' title='bbox 2746 1933 2840 1988; x_wconf 91' lang='lat' dir='ltr'><strong>Dei</strong></span> <span class='ocrx_word' id='word_1_341' title='bbox 2862 1932 3036 1986; x_wconf 84' lang='lat' dir='ltr'><strong>servis</strong></span> <span class='ocrx_word' id='word_1_342' title='bbox 3051 1931 3167 1985; x_wconf 88' lang='lat' dir='ltr'><strong>sive</strong></span> <span class='ocrx_word' id='word_1_343' title='bbox 3180 1946 3209 1984; x_wconf 90' lang='lat' dir='ltr'><strong>a</strong></span> <span class='ocrx_word' id='word_1_344' title='bbox 3231 1928 3467 2001; x_wconf 86' lang='lat' dir='ltr'><strong>generali</strong></span> <span class='ocrx_word' id='word_1_345' title='bbox 3483 1933 3748 1982; x_wconf 87' lang='lat' dir='ltr'><strong>conventu</strong></span> 
     </span>
    </p>
   </div>
   <div class='ocr_carea' id='block_1_50' title="bbox 2159 2016 3752 2095">
    <p class='ocr_par' dir='ltr' id='par_1_50' title="bbox 2159 2016 3752 2095">
     <span class='ocr_line' id='line_1_50' title="bbox 2159 2016 3752 2095; baseline -0.008 -14"><span class='ocrx_word' id='word_1_346' title='bbox 2159 2027 2460 2095; x_wconf 76' lang='lat' dir='ltr'><strong>iudicatum</strong></span> <span class='ocrx_word' id='word_1_347' title='bbox 2499 2036 2587 2081; x_wconf 90' lang='lat' dir='ltr'><strong>est</strong></span> <span class='ocrx_word' id='word_1_348' title='bbox 2629 2033 2689 2080; x_wconf 92' lang='lat' dir='ltr'><strong>ut</strong></span> <span class='ocrx_word' id='word_1_349' title='bbox 2731 2024 2998 2094; x_wconf 88' lang='lat' dir='ltr'><strong>reciperet</strong></span> <span class='ocrx_word' id='word_1_350' title='bbox 3035 2021 3290 2091; x_wconf 80' lang='lat' dir='ltr'><strong>praefatus</strong></span> <span class='ocrx_word' id='word_1_351' title='bbox 3343 2019 3605 2073; x_wconf 85' lang='lat' dir='ltr'><strong>Aldricus</strong></span> <span class='ocrx_word' id='word_1_352' title='bbox 3645 2016 3752 2086; x_wconf 80' lang='lat' dir='ltr'><strong>epi-</strong></span> 
     </span>
    </p>
   </div>
   <div class='ocr_carea' id='block_1_51' title="bbox 2164 2108 3750 2188">
    <p class='ocr_par' dir='ltr' id='par_1_51' title="bbox 2164 2108 3750 2188">
     <span class='ocr_line' id='line_1_51' title="bbox 2164 2108 3750 2188; baseline -0.008 -14"><span class='ocrx_word' id='word_1_353' title='bbox 2164 2133 2359 2188; x_wconf 85' lang='lat' dir='ltr'><strong>scopus</strong></span> <span class='ocrx_word' id='word_1_354' title='bbox 2407 2133 2533 2173; x_wconf 86' lang='lat' dir='ltr'><strong>suos</strong></span> <span class='ocrx_word' id='word_1_355' title='bbox 2567 2116 2885 2180; x_wconf 86' lang='lat' dir='ltr'><strong>monachos,</strong></span> <span class='ocrx_word' id='word_1_356' title='bbox 2931 2124 2986 2170; x_wconf 91' lang='lat' dir='ltr'><strong>et</strong></span> <span class='ocrx_word' id='word_1_357' title='bbox 3025 2113 3232 2169; x_wconf 77' lang='lat' dir='ltr'><strong>faceret</strong></span> <span class='ocrx_word' id='word_1_358' title='bbox 3270 2126 3335 2166; x_wconf 80' lang='lat' dir='ltr'><strong>ex</strong></span> <span class='ocrx_word' id='word_1_359' title='bbox 3379 2112 3460 2165; x_wconf 87' lang='lat' dir='ltr'><strong>eis</strong></span> <span class='ocrx_word' id='word_1_360' title='bbox 3493 2108 3750 2179; x_wconf 86' lang='lat' dir='ltr'><strong>quidquid</strong></span> 
     </span>
    </p>
   </div>
   <div class='ocr_carea' id='block_1_52' title="bbox 2165 2204 3751 2276">
    <p class='ocr_par' dir='ltr' id='par_1_52' title="bbox 2165 2204 3751 2276">
     <span class='ocr_line' id='line_1_52' title="bbox 2165 2204 3751 2276; baseline -0.008 -11"><span class='ocrx_word' id='word_1_361' title='bbox 2165 2211 2215 2265; x_wconf 88' lang='lat' dir='ltr'><strong>ei</strong></span> <span class='ocrx_word' id='word_1_362' title='bbox 2255 2211 2466 2265; x_wconf 91' lang='lat' dir='ltr'><strong>libitum</strong></span> <span class='ocrx_word' id='word_1_363' title='bbox 2498 2208 2685 2273; x_wconf 87' lang='lat' dir='ltr'><strong>fuerit,</strong></span> <span class='ocrx_word' id='word_1_364' title='bbox 2725 2217 2782 2260; x_wconf 92' lang='lat' dir='ltr'><strong>et</strong></span> <span class='ocrx_word' id='word_1_365' title='bbox 2821 2206 2990 2276; x_wconf 88' lang='lat' dir='ltr'><strong>aliqui</strong></span> <span class='ocrx_word' id='word_1_366' title='bbox 3032 2204 3082 2259; x_wconf 91' lang='lat' dir='ltr'><strong>ei</strong></span> <span class='ocrx_word' id='word_1_367' title='bbox 3121 2218 3221 2274; x_wconf 89' lang='lat' dir='ltr'><strong>per</strong></span> <span class='ocrx_word' id='word_1_368' title='bbox 3263 2217 3462 2256; x_wconf 88' lang='lat' dir='ltr'><strong>manus</strong></span> <span class='ocrx_word' id='word_1_369' title='bbox 3506 2215 3539 2254; x_wconf 89' lang='lat' dir='ltr'><strong>a</strong></span> <span class='ocrx_word' id='word_1_370' title='bbox 3568 2208 3751 2254; x_wconf 87' lang='lat' dir='ltr'><strong>sancto</strong></span> 
     </span>
    </p>
   </div>
   <div class='ocr_carea' id='block_1_53' title="bbox 2166 2281 3748 2366">
    <p class='ocr_par' dir='ltr' id='par_1_53' title="bbox 2166 2281 3748 2366">
     <span class='ocr_line' id='line_1_53' title="bbox 2166 2281 3748 2366; baseline -0.01 -7"><span class='ocrx_word' id='word_1_371' title='bbox 2166 2303 2394 2359; x_wconf 87' lang='lat' dir='ltr'><strong>concilio</strong></span> <span class='ocrx_word' id='word_1_372' title='bbox 2438 2301 2635 2356; x_wconf 89' lang='lat' dir='ltr'><strong>redditi</strong></span> <span class='ocrx_word' id='word_1_373' title='bbox 2675 2281 2825 2355; x_wconf 56' lang='lat' dir='ltr'><strong>sunt:</strong></span> <span class='ocrx_word' id='word_1_374' title='bbox 2863 2299 2930 2353; x_wconf 84' lang='lat' dir='ltr'><strong>Et</strong></span> <span class='ocrx_word' id='word_1_375' title='bbox 2962 2297 3268 2366; x_wconf 71' lang='lat' dir='ltr'><strong>iudicatum</strong></span> <span class='ocrx_word' id='word_1_376' title='bbox 3307 2302 3396 2351; x_wconf 87' lang='lat' dir='ltr'><strong>est</strong></span> <span class='ocrx_word' id='word_1_377' title='bbox 3433 2295 3487 2349; x_wconf 91' lang='lat' dir='ltr'><strong>ei</strong></span> <span class='ocrx_word' id='word_1_378' title='bbox 3535 2292 3609 2346; x_wconf 87' lang='lat' dir='ltr'><strong>ab</strong></span> <span class='ocrx_word' id='word_1_379' title='bbox 3637 2291 3748 2344; x_wconf 87' lang='lat' dir='ltr'><strong>uni-</strong></span> 
     </span>
    </p>
   </div>
   <div class='ocr_carea' id='block_1_54' title="bbox 2166 2383 3753 2460">
    <p class='ocr_par' dir='ltr' id='par_1_54' title="bbox 2166 2383 3753 2460">
     <span class='ocr_line' id='line_1_54' title="bbox 2166 2383 3753 2460; baseline -0.007 -14"><span class='ocrx_word' id='word_1_380' title='bbox 2166 2407 2325 2447; x_wconf 87' lang='lat' dir='ltr'><strong>versa</strong></span> <span class='ocrx_word' id='word_1_381' title='bbox 2355 2398 2543 2445; x_wconf 87' lang='lat' dir='ltr'><strong>sancta</strong></span> <span class='ocrx_word' id='word_1_382' title='bbox 2577 2389 2784 2460; x_wconf 82' lang='lat' dir='ltr'><strong>synodo</strong></span> <span class='ocrx_word' id='word_1_383' title='bbox 2824 2389 2966 2458; x_wconf 91' lang='lat' dir='ltr'><strong>quod</strong></span> <span class='ocrx_word' id='word_1_384' title='bbox 3007 2388 3216 2458; x_wconf 87' lang='lat' dir='ltr'><strong>legibus</strong></span> <span class='ocrx_word' id='word_1_385' title='bbox 3255 2385 3631 2440; x_wconf 87' lang='lat' dir='ltr'><strong>evindicatam</strong></span> <span class='ocrx_word' id='word_1_386' title='bbox 3673 2383 3753 2435; x_wconf 85' lang='lat' dir='ltr'><strong>ha-</strong></span> 
     </span>
    </p>
   </div>
   <div class='ocr_carea' id='block_1_55' title="bbox 2167 2471 3750 2546">
    <p class='ocr_par' dir='ltr' id='par_1_55' title="bbox 2167 2471 3750 2546">
     <span class='ocr_line' id='line_1_55' title="bbox 2167 2471 3750 2546; baseline -0.008 -9"><span class='ocrx_word' id='word_1_387' title='bbox 2167 2482 2329 2537; x_wconf 85' lang='lat' dir='ltr'><strong>bebat</strong></span> <span class='ocrx_word' id='word_1_388' title='bbox 2397 2495 2554 2535; x_wconf 87' lang='lat' dir='ltr'><strong>suam</strong></span> <span class='ocrx_word' id='word_1_389' title='bbox 2621 2493 2841 2534; x_wconf 85' lang='lat' dir='ltr'><strong>causam</strong></span> <span class='ocrx_word' id='word_1_390' title='bbox 2905 2485 2959 2533; x_wconf 90' lang='lat' dir='ltr'><strong>et</strong></span> <span class='ocrx_word' id='word_1_391' title='bbox 3020 2475 3308 2546; x_wconf 86' lang='lat' dir='ltr'><strong>praefatum</strong></span> <span class='ocrx_word' id='word_1_392' title='bbox 3357 2471 3750 2528; x_wconf 80' lang='lat' dir='ltr'><strong>monasterium</strong></span> 
     </span>
    </p>
   </div>
   <div class='ocr_carea' id='block_1_56' title="bbox 2169 2561 3752 2639">
    <p class='ocr_par' dir='ltr' id='par_1_56' title="bbox 2169 2561 3752 2639">
     <span class='ocr_line' id='line_1_56' title="bbox 2169 2561 3752 2639; baseline -0.007 -12"><span class='ocrx_word' id='word_1_393' title='bbox 2169 2588 2290 2627; x_wconf 91' lang='lat' dir='ltr'><strong>cum</strong></span> <span class='ocrx_word' id='word_1_394' title='bbox 2320 2571 2572 2626; x_wconf 76' lang='lat' dir='ltr'><strong>omnibus</strong></span> <span class='ocrx_word' id='word_1_395' title='bbox 2601 2571 2670 2626; x_wconf 86' lang='lat' dir='ltr'><strong>ad</strong></span> <span class='ocrx_word' id='word_1_396' title='bbox 2712 2582 2771 2624; x_wconf 88' lang='lat' dir='ltr'><strong>se</strong></span> <span class='ocrx_word' id='word_1_397' title='bbox 2796 2568 3191 2639; x_wconf 87' lang='lat' dir='ltr'><strong>pertinentibus</strong></span> <span class='ocrx_word' id='word_1_398' title='bbox 3227 2566 3493 2621; x_wconf 86' lang='lat' dir='ltr'><strong>canonice</strong></span> <span class='ocrx_word' id='word_1_399' title='bbox 3541 2573 3601 2618; x_wconf 89' lang='lat' dir='ltr'><strong>et</strong></span> <span class='ocrx_word' id='word_1_400' title='bbox 3631 2561 3752 2630; x_wconf 81' lang='lat' dir='ltr'><strong>legi-</strong></span> 
     </span>
    </p>
   </div>
   <div class='ocr_carea' id='block_1_57' title="bbox 2166 2653 3750 2732">
    <p class='ocr_par' dir='ltr' id='par_1_57' title="bbox 2166 2653 3750 2732">
     <span class='ocr_line' id='line_1_57' title="bbox 2166 2653 3750 2732; baseline -0.008 -13"><span class='ocrx_word' id='word_1_401' title='bbox 2166 2664 2270 2720; x_wconf 89' lang='lat' dir='ltr'><strong>bus</strong></span> <span class='ocrx_word' id='word_1_402' title='bbox 2297 2662 2685 2732; x_wconf 88' lang='lat' dir='ltr'><strong>conquisitum,</strong></span> <span class='ocrx_word' id='word_1_403' title='bbox 2727 2668 2782 2714; x_wconf 91' lang='lat' dir='ltr'><strong>et</strong></span> <span class='ocrx_word' id='word_1_404' title='bbox 2806 2658 3050 2714; x_wconf 76' lang='lat' dir='ltr'><strong>ecclesiae</strong></span> <span class='ocrx_word' id='word_1_405' title='bbox 3080 2656 3186 2712; x_wconf 89' lang='lat' dir='ltr'><strong>sibi</strong></span> <span class='ocrx_word' id='word_1_406' title='bbox 3214 2656 3528 2711; x_wconf 77' lang='lat' dir='ltr'><strong>commissa:</strong></span> <span class='ocrx_word' id='word_1_407' title='bbox 3556 2653 3750 2707; x_wconf 87' lang='lat' dir='ltr'><strong>futuris</strong></span> 
     </span>
    </p>
   </div>
   <div class='ocr_carea' id='block_1_58' title="bbox 2168 2747 3754 2826">
    <p class='ocr_par' dir='ltr' id='par_1_58' title="bbox 2168 2747 3754 2826">
     <span class='ocr_line' id='line_1_58' title="bbox 2168 2747 3754 2826; baseline -0.006 -18"><span class='ocrx_word' id='word_1_408' title='bbox 2168 2753 2503 2826; x_wconf 87' lang='lat' dir='ltr'><strong>temporibus</strong></span> <span class='ocrx_word' id='word_1_409' title='bbox 2529 2753 2751 2824; x_wconf 84' lang='lat' dir='ltr'><strong>suisque</strong></span> <span class='ocrx_word' id='word_1_410' title='bbox 2777 2750 3183 2811; x_wconf 81' lang='lat' dir='ltr'><strong>successoribus</strong></span> <span class='ocrx_word' id='word_1_411' title='bbox 3203 2748 3504 2813; x_wconf 85' lang='lat' dir='ltr'><strong>lucratum,</strong></span> <span class='ocrx_word' id='word_1_412' title='bbox 3528 2757 3588 2801; x_wconf 89' lang='lat' dir='ltr'><strong>et</strong></span> <span class='ocrx_word' id='word_1_413' title='bbox 3607 2747 3754 2815; x_wconf 73' lang='lat' dir='ltr'><strong>quid-</strong></span> 
     </span>
    </p>
   </div>
   <div class='ocr_carea' id='block_1_59' title="bbox 2170 2838 3758 2917">
    <p class='ocr_par' dir='ltr' id='par_1_59' title="bbox 2170 2838 3758 2917">
     <span class='ocr_line' id='line_1_59' title="bbox 2170 2838 3758 2917; baseline -0.007 -15"><span class='ocrx_word' id='word_1_414' title='bbox 2170 2847 2300 2917; x_wconf 85' lang='lat' dir='ltr'><strong>quid</strong></span> <span class='ocrx_word' id='word_1_415' title='bbox 2331 2846 2456 2902; x_wconf 90' lang='lat' dir='ltr'><strong>inde</strong></span> <span class='ocrx_word' id='word_1_416' title='bbox 2488 2843 2858 2900; x_wconf 89' lang='lat' dir='ltr'><strong>ecclesiastico</strong></span> <span class='ocrx_word' id='word_1_417' title='bbox 2902 2843 3093 2897; x_wconf 83' lang='lat' dir='ltr'><strong>ordine</strong></span> <span class='ocrx_word' id='word_1_418' title='bbox 3136 2840 3320 2895; x_wconf 88' lang='lat' dir='ltr'><strong>facere</strong></span> <span class='ocrx_word' id='word_1_419' title='bbox 3363 2847 3418 2894; x_wconf 91' lang='lat' dir='ltr'><strong>et</strong></span> <span class='ocrx_word' id='word_1_420' title='bbox 3467 2838 3758 2907; x_wconf 77' lang='lat' dir='ltr'><strong>disponere</strong></span> 
     </span>
    </p>
   </div>
   <div class='ocr_carea' id='block_1_60' title="bbox 2170 2927 3757 2995">
    <p class='ocr_par' dir='ltr' id='par_1_60' title="bbox 2170 2927 3757 2995">
     <span class='ocr_line' id='line_1_60' title="bbox 2170 2927 3757 2995; baseline -0.006 -5"><span class='ocrx_word' id='word_1_421' title='bbox 2170 2935 2400 2991; x_wconf 89' lang='lat' dir='ltr'><strong>Domino</strong></span> <span class='ocrx_word' id='word_1_422' title='bbox 2450 2942 2724 2989; x_wconf 89' lang='lat' dir='ltr'><strong>annuente</strong></span> <span class='ocrx_word' id='word_1_423' title='bbox 2767 2932 3090 2995; x_wconf 81' lang='lat' dir='ltr'><strong>decreverit,</strong></span> <span class='ocrx_word' id='word_1_424' title='bbox 3136 2929 3363 2984; x_wconf 86' lang='lat' dir='ltr'><strong>liberam</strong></span> <span class='ocrx_word' id='word_1_425' title='bbox 3397 2929 3453 2982; x_wconf 90' lang='lat' dir='ltr'><strong>in</strong></span> <span class='ocrx_word' id='word_1_426' title='bbox 3503 2927 3757 2981; x_wconf 83' lang='lat' dir='ltr'><strong>omnibus</strong></span> 
     </span>
    </p>
   </div>
   <div class='ocr_carea' id='block_1_61' title="bbox 2173 3016 3758 3095">
    <p class='ocr_par' dir='ltr' id='par_1_61' title="bbox 2173 3016 3758 3095">
     <span class='ocr_line' id='line_1_61' title="bbox 2173 3016 3758 3095; baseline -0.008 -14"><span class='ocrx_word' id='word_1_427' title='bbox 2173 3026 2370 3081; x_wconf 88' lang='lat' dir='ltr'><strong>habeat</strong></span> <span class='ocrx_word' id='word_1_428' title='bbox 2396 3025 2724 3095; x_wconf 84' lang='lat' dir='ltr'><strong>potestatem</strong></span> <span class='ocrx_word' id='word_1_429' title='bbox 2770 3020 3026 3077; x_wconf 83' lang='lat' dir='ltr'><strong>faciendi.</strong></span> <span class='ocrx_word' id='word_1_430' title='bbox 3059 3019 3267 3074; x_wconf 83' lang='lat' dir='ltr'><strong>Idcirco</strong></span> <span class='ocrx_word' id='word_1_431' title='bbox 3303 3029 3532 3071; x_wconf 81' lang='lat' dir='ltr'><strong>necesse</strong></span> <span class='ocrx_word' id='word_1_432' title='bbox 3576 3016 3679 3068; x_wconf 80' lang='lat' dir='ltr'><strong>fuit</strong></span> <span class='ocrx_word' id='word_1_433' title='bbox 3709 3025 3758 3068; x_wconf 88' lang='lat' dir='ltr'><strong>ut</strong></span> 
     </span>
    </p>
   </div>
   <div class='ocr_carea' id='block_1_62' title="bbox 2172 3105 3756 3187">
    <p class='ocr_par' dir='ltr' id='par_1_62' title="bbox 2172 3105 3756 3187">
     <span class='ocr_line' id='line_1_62' title="bbox 2172 3105 3756 3187; baseline -0.008 -16"><span class='ocrx_word' id='word_1_434' title='bbox 2172 3116 2429 3187; x_wconf 73' lang='lat' dir='ltr'><strong>prmfatus</strong></span> <span class='ocrx_word' id='word_1_435' title='bbox 2458 3115 2741 3185; x_wconf 86' lang='lat' dir='ltr'><strong>episcopus</strong></span> <span class='ocrx_word' id='word_1_436' title='bbox 2786 3120 2842 3168; x_wconf 91' lang='lat' dir='ltr'><strong>et</strong></span> <span class='ocrx_word' id='word_1_437' title='bbox 2887 3109 3121 3166; x_wconf 90' lang='lat' dir='ltr'><strong>ministri</strong></span> <span class='ocrx_word' id='word_1_438' title='bbox 3160 3123 3273 3163; x_wconf 63' lang='lat' dir='ltr'><strong>sure</strong></span> <span class='ocrx_word' id='word_1_439' title='bbox 3319 3107 3466 3162; x_wconf 88' lang='lat' dir='ltr'><strong>sedis</strong></span> <span class='ocrx_word' id='word_1_440' title='bbox 3513 3105 3756 3160; x_wconf 67' lang='lat' dir='ltr'><strong>ecclesiae</strong></span> 
     </span>
    </p>
   </div>
   <div class='ocr_carea' id='block_1_63' title="bbox 491 3194 2074 3288">
    <p class='ocr_par' dir='ltr' id='par_1_63' title="bbox 491 3194 2069 3288">
     <span class='ocr_line' id='line_1_63' title="bbox 491 3194 2069 3288; baseline -0.018 -8"><span class='ocrx_word' id='word_1_441' title='bbox 491 3194 604 3288; x_wconf 71' lang='lat' dir='ltr'><strong>rio,</strong></span> <span class='ocrx_word' id='word_1_442' title='bbox 633 3219 731 3276; x_wconf 85' lang='lat' dir='ltr'><strong>sed</strong></span> <span class='ocrx_word' id='word_1_443' title='bbox 755 3229 943 3272; x_wconf 90' lang='lat' dir='ltr'><strong>eorum</strong></span> <span class='ocrx_word' id='word_1_444' title='bbox 973 3213 1131 3271; x_wconf 86' lang='lat' dir='ltr'><strong>libitu</strong></span> <span class='ocrx_word' id='word_1_445' title='bbox 1159 3217 1213 3266; x_wconf 87' lang='lat' dir='ltr'><strong>et</strong></span> <span class='ocrx_word' id='word_1_446' title='bbox 1241 3204 1581 3265; x_wconf 88' lang='lat' dir='ltr'><strong>contumacia</strong></span> <span class='ocrx_word' id='word_1_447' title='bbox 1625 3203 1730 3262; x_wconf 86' lang='lat' dir='ltr'><strong>hoc</strong></span> <span class='ocrx_word' id='word_1_448' title='bbox 1759 3216 1854 3257; x_wconf 84' lang='lat' dir='ltr'><strong>eos</strong></span> <span class='ocrx_word' id='word_1_449' title='bbox 1878 3213 2069 3270; x_wconf 87' lang='lat' dir='ltr'><strong>perpe-</strong></span> 
     </span>
    </p>
   </div>
   <div class='ocr_carea' id='block_1_64' title="bbox 2175 3194 3753 3288">
    <p class='ocr_par' dir='ltr' id='par_1_64' title="bbox 2175 3194 3753 3263">
     <span class='ocr_line' id='line_1_64' title="bbox 2175 3194 3753 3263; baseline -0.011 1"><span class='ocrx_word' id='word_1_450' title='bbox 2175 3209 2273 3263; x_wconf 88' lang='lat' dir='ltr'><strong>hoc</strong></span> <span class='ocrx_word' id='word_1_451' title='bbox 2303 3205 2664 3262; x_wconf 86' lang='lat' dir='ltr'><strong>evindicatum</strong></span> <span class='ocrx_word' id='word_1_452' title='bbox 2688 3202 2771 3258; x_wconf 86' lang='lat' dir='ltr'><strong>vel</strong></span> <span class='ocrx_word' id='word_1_453' title='bbox 2802 3203 2943 3257; x_wconf 85' lang='lat' dir='ltr'><strong>hanc</strong></span> <span class='ocrx_word' id='word_1_454' title='bbox 2966 3199 3215 3257; x_wconf 75' lang='lat' dir='ltr'><strong>notitiam</strong></span> <span class='ocrx_word' id='word_1_455' title='bbox 3251 3195 3484 3252; x_wconf 87' lang='lat' dir='ltr'><strong>consilio</strong></span> <span class='ocrx_word' id='word_1_456' title='bbox 3513 3202 3571 3250; x_wconf 89' lang='lat' dir='ltr'><strong>et</strong></span> <span class='ocrx_word' id='word_1_457' title='bbox 3611 3194 3753 3262; x_wconf 82' lang='lat' dir='ltr'><strong>judi-</strong></span> 
     </span>
    </p>
   </div>
   <div class='ocr_carea' id='block_1_65' title="bbox 490 3287 2071 3376">
    <p class='ocr_par' dir='ltr' id='par_1_65' title="bbox 490 3287 2071 3376">
     <span class='ocr_line' id='line_1_65' title="bbox 490 3287 2071 3376; baseline -0.019 -6"><span class='ocrx_word' id='word_1_458' title='bbox 490 3287 686 3376; x_wconf 88' lang='lat' dir='ltr'><strong>trasse,</strong></span> <span class='ocrx_word' id='word_1_459' title='bbox 716 3315 772 3362; x_wconf 89' lang='lat' dir='ltr'><strong>et</strong></span> <span class='ocrx_word' id='word_1_460' title='bbox 794 3313 854 3362; x_wconf 87' lang='lat' dir='ltr'><strong>ut</strong></span> <span class='ocrx_word' id='word_1_461' title='bbox 874 3303 988 3373; x_wconf 81' lang='lat' dir='ltr'><strong>jam</strong></span> <span class='ocrx_word' id='word_1_462' title='bbox 1016 3301 1221 3357; x_wconf 89' lang='lat' dir='ltr'><strong>dictum</strong></span> <span class='ocrx_word' id='word_1_463' title='bbox 1247 3293 1640 3354; x_wconf 85' lang='lat' dir='ltr'><strong>monasterium</strong></span> <span class='ocrx_word' id='word_1_464' title='bbox 1666 3289 1930 3362; x_wconf 57' lang='lat' dir='ltr'><strong>praedicto</strong></span> <span class='ocrx_word' id='word_1_465' title='bbox 1953 3287 2071 3358; x_wconf 90' lang='lat' dir='ltr'><strong>epi-</strong></span> 
     </span>
    </p>
   </div>
   <div class='ocr_carea' id='block_1_66' title="bbox 491 3380 2040 3472">
    <p class='ocr_par' dir='ltr' id='par_1_66' title="bbox 491 3380 2040 3472">
     <span class='ocr_line' id='line_1_66' title="bbox 491 3380 2040 3472; baseline -0.017 -15"><span class='ocrx_word' id='word_1_466' title='bbox 491 3416 655 3472; x_wconf 70' lang='lat' dir='ltr'><strong>seopo</strong></span> <span class='ocrx_word' id='word_1_467' title='bbox 701 3396 982 3452; x_wconf 83' lang='lat' dir='ltr'><strong>auferrent</strong></span> <span class='ocrx_word' id='word_1_468' title='bbox 1008 3399 1066 3447; x_wconf 88' lang='lat' dir='ltr'><strong>et</strong></span> <span class='ocrx_word' id='word_1_469' title='bbox 1107 3405 1139 3445; x_wconf 86' lang='lat' dir='ltr'><strong>a</strong></span> <span class='ocrx_word' id='word_1_470' title='bbox 1161 3387 1284 3458; x_wconf 83' lang='lat' dir='ltr'><strong>jure</strong></span> <span class='ocrx_word' id='word_1_471' title='bbox 1321 3402 1434 3444; x_wconf 78' lang='lat' dir='ltr'><strong>suae</strong></span> <span class='ocrx_word' id='word_1_472' title='bbox 1462 3384 1607 3441; x_wconf 85' lang='lat' dir='ltr'><strong>sedis</strong></span> <span class='ocrx_word' id='word_1_473' title='bbox 1647 3380 1890 3439; x_wconf 63' lang='lat' dir='ltr'><strong>eceluite</strong></span> <span class='ocrx_word' id='word_1_474' title='bbox 1933 3393 2040 3450; x_wconf 91' lang='lat' dir='ltr'><strong>quo</strong></span> 
     </span>
    </p>
   </div>
   <div class='ocr_carea' id='block_1_67' title="bbox 493 3470 2072 3565">
    <p class='ocr_par' dir='ltr' id='par_1_67' title="bbox 493 3470 2072 3565">
     <span class='ocr_line' id='line_1_67' title="bbox 493 3470 2072 3565; baseline -0.018 -15"><span class='ocrx_word' id='word_1_475' title='bbox 493 3470 606 3565; x_wconf 76' lang='lat' dir='ltr'><strong>quo</strong></span> <span class='ocrx_word' id='word_1_476' title='bbox 624 3490 784 3546; x_wconf 79' lang='lat' dir='ltr'><strong>modo</strong></span> <span class='ocrx_word' id='word_1_477' title='bbox 812 3485 1116 3559; x_wconf 88' lang='lat' dir='ltr'><strong>potuissent</strong></span> <span class='ocrx_word' id='word_1_478' title='bbox 1142 3479 1526 3536; x_wconf 88' lang='lat' dir='ltr'><strong>subtraherent</strong></span> <span class='ocrx_word' id='word_1_479' title='bbox 1552 3474 1638 3530; x_wconf 90' lang='lat' dir='ltr'><strong>vel</strong></span> <span class='ocrx_word' id='word_1_480' title='bbox 1673 3473 1975 3528; x_wconf 89' lang='lat' dir='ltr'><strong>alienarent</strong></span> <span class='ocrx_word' id='word_1_481' title='bbox 1999 3470 2072 3523; x_wconf 85' lang='lat' dir='ltr'><strong>si-</strong></span> 
     </span>
    </p>
   </div>
   <div class='ocr_carea' id='block_1_68' title="bbox 492 3572 2077 3658">
    <p class='ocr_par' dir='ltr' id='par_1_68' title="bbox 492 3572 2077 3658">
     <span class='ocr_line' id='line_1_68' title="bbox 492 3572 2077 3658; baseline -0.02 -14"><span class='ocrx_word' id='word_1_482' title='bbox 492 3590 657 3658; x_wconf 83' lang='lat' dir='ltr'><strong>bique</strong></span> <span class='ocrx_word' id='word_1_483' title='bbox 683 3581 1078 3645; x_wconf 82' lang='lat' dir='ltr'><strong>evindiearent,</strong></span> <span class='ocrx_word' id='word_1_484' title='bbox 1105 3582 1234 3629; x_wconf 88' lang='lat' dir='ltr'><strong>tunc</strong></span> <span class='ocrx_word' id='word_1_485' title='bbox 1250 3572 1341 3626; x_wconf 85' lang='lat' dir='ltr'><strong>eis‘</strong></span> <span class='ocrx_word' id='word_1_486' title='bbox 1355 3575 1686 3643; x_wconf 59' lang='lat' dir='ltr'><strong>praceptum</strong></span> <span class='ocrx_word' id='word_1_487' title='bbox 1706 3573 1790 3620; x_wconf 87' lang='lat' dir='ltr'><strong>est</strong></span> <span class='ocrx_word' id='word_1_488' title='bbox 1811 3572 1875 3618; x_wconf 90' lang='lat' dir='ltr'><strong>ut</strong></span> <span class='ocrx_word' id='word_1_489' title='bbox 1898 3576 2077 3617; x_wconf 86' lang='lat' dir='ltr'><strong>rever-</strong></span> 
     </span>
    </p>
   </div>
   <div class='ocr_carea' id='block_1_69' title="bbox 503 3654 2077 3735">
    <p class='ocr_par' dir='ltr' id='par_1_69' title="bbox 503 3654 2077 3735">
     <span class='ocr_line' id='line_1_69' title="bbox 503 3654 2077 3735; baseline -0.019 0"><span class='ocrx_word' id='word_1_490' title='bbox 503 3654 749 3735; x_wconf 74' lang='lat' dir='ltr'><strong>terentur</strong></span> <span class='ocrx_word' id='word_1_491' title='bbox 791 3671 860 3726; x_wconf 90' lang='lat' dir='ltr'><strong>ad</strong></span> <span class='ocrx_word' id='word_1_492' title='bbox 911 3681 1116 3724; x_wconf 87' lang='lat' dir='ltr'><strong>eorum</strong></span> <span class='ocrx_word' id='word_1_493' title='bbox 1149 3660 1538 3720; x_wconf 78' lang='lat' dir='ltr'><strong>monasterium</strong></span> <span class='ocrx_word' id='word_1_494' title='bbox 1585 3670 1694 3725; x_wconf 93' lang='lat' dir='ltr'><strong>quo</strong></span> <span class='ocrx_word' id='word_1_495' title='bbox 1732 3654 2077 3709; x_wconf 79' lang='lat' dir='ltr'><strong>renuntiave-</strong></span> 
     </span>
    </p>
   </div>
   <div class='ocr_carea' id='block_1_70' title="bbox 498 3745 2077 3833">
    <p class='ocr_par' dir='ltr' id='par_1_70' title="bbox 498 3745 2077 3833">
     <span class='ocr_line' id='line_1_70' title="bbox 498 3745 2077 3833; baseline -0.018 -7"><span class='ocrx_word' id='word_1_496' title='bbox 498 3779 644 3832; x_wconf 86' lang='lat' dir='ltr'><strong>runt,</strong></span> <span class='ocrx_word' id='word_1_497' title='bbox 697 3767 881 3833; x_wconf 90' lang='lat' dir='ltr'><strong>ibique</strong></span> <span class='ocrx_word' id='word_1_498' title='bbox 927 3757 1147 3828; x_wconf 84' lang='lat' dir='ltr'><strong>jejuniis</strong></span> <span class='ocrx_word' id='word_1_499' title='bbox 1191 3761 1249 3810; x_wconf 89' lang='lat' dir='ltr'><strong>et</strong></span> <span class='ocrx_word' id='word_1_500' title='bbox 1290 3748 1628 3808; x_wconf 81' lang='lat' dir='ltr'><strong>orationibus</strong></span> <span class='ocrx_word' id='word_1_501' title='bbox 1661 3745 1975 3801; x_wconf 75' lang='lat' dir='ltr'><strong>insisterent</strong></span> <span class='ocrx_word' id='word_1_502' title='bbox 2022 3749 2077 3801; x_wconf 86' lang='lat' dir='ltr'><strong>et</strong></span> 
     </span>
    </p>
   </div>
   <div class='ocr_carea' id='block_1_71' title="bbox 491 3839 2075 3924">
    <p class='ocr_par' dir='ltr' id='par_1_71' title="bbox 491 3839 2075 3924">
     <span class='ocr_line' id='line_1_71' title="bbox 491 3839 2075 3924; baseline -0.018 -8"><span class='ocrx_word' id='word_1_503' title='bbox 491 3860 726 3919; x_wconf 81' lang='lat' dir='ltr'><strong>Domino</strong></span> <span class='ocrx_word' id='word_1_504' title='bbox 763 3850 1082 3924; x_wconf 86' lang='lat' dir='ltr'><strong>regulariter</strong></span> <span class='ocrx_word' id='word_1_505' title='bbox 1109 3845 1423 3900; x_wconf 72' lang='lat' dir='ltr'><strong>militarent.</strong></span> <span class='ocrx_word' id='word_1_506' title='bbox 1467 3839 1550 3896; x_wconf 82' lang='lat' dir='ltr'><strong>illi</strong></span> <span class='ocrx_word' id='word_1_507' title='bbox 1577 3853 1705 3893; x_wconf 89' lang='lat' dir='ltr'><strong>vero</strong></span> <span class='ocrx_word' id='word_1_508' title='bbox 1742 3846 1932 3890; x_wconf 90' lang='lat' dir='ltr'><strong>contra</strong></span> <span class='ocrx_word' id='word_1_509' title='bbox 1961 3840 2075 3888; x_wconf 89' lang='lat' dir='ltr'><strong>sto-</strong></span> 
     </span>
    </p>
   </div>
   <div class='ocr_carea' id='block_1_72' title="bbox 495 3922 2080 4010">
    <p class='ocr_par' dir='ltr' id='par_1_72' title="bbox 495 3922 2080 4010">
     <span class='ocr_line' id='line_1_72' title="bbox 495 3922 2080 4010; baseline -0.021 -2"><span class='ocrx_word' id='word_1_510' title='bbox 495 3946 804 4009; x_wconf 80' lang='lat' dir='ltr'><strong>machando</strong></span> <span class='ocrx_word' id='word_1_511' title='bbox 821 3922 1404 4010; x_wconf 79' lang='lat' dir='ltr'><strong>responderunt.atque</strong></span> <span class='ocrx_word' id='word_1_512' title='bbox 1419 3929 1546 3985; x_wconf 88' lang='lat' dir='ltr'><strong>illuc</strong></span> <span class='ocrx_word' id='word_1_513' title='bbox 1561 3925 1761 3981; x_wconf 82' lang='lat' dir='ltr'><strong>reverti</strong></span> <span class='ocrx_word' id='word_1_514' title='bbox 1778 3923 1920 3980; x_wconf 89' lang='lat' dir='ltr'><strong>nolle</strong></span> <span class='ocrx_word' id='word_1_515' title='bbox 1932 3922 2080 3976; x_wconf 78' lang='lat' dir='ltr'><strong>dixe-</strong></span> 
     </span>
    </p>
   </div>
   <div class='ocr_carea' id='block_1_73' title="bbox 501 4012 2076 4098">
    <p class='ocr_par' dir='ltr' id='par_1_73' title="bbox 501 4012 2076 4098">
     <span class='ocr_line' id='line_1_73' title="bbox 501 4012 2076 4098; baseline -0.02 0"><span class='ocrx_word' id='word_1_516' title='bbox 501 4048 648 4098; x_wconf 88' lang='lat' dir='ltr'><strong>runt.</strong></span> <span class='ocrx_word' id='word_1_517' title='bbox 679 4035 833 4092; x_wconf 85' lang='lat' dir='ltr'><strong>Tunc</strong></span> <span class='ocrx_word' id='word_1_518' title='bbox 861 4028 1108 4087; x_wconf 85' lang='lat' dir='ltr'><strong>videntes</strong></span> <span class='ocrx_word' id='word_1_519' title='bbox 1141 4039 1235 4081; x_wconf 89' lang='lat' dir='ltr'><strong>eos</strong></span> <span class='ocrx_word' id='word_1_520' title='bbox 1269 4034 1460 4078; x_wconf 87' lang='lat' dir='ltr'><strong>omnes</strong></span> <span class='ocrx_word' id='word_1_521' title='bbox 1489 4015 1730 4090; x_wconf 89' lang='lat' dir='ltr'><strong>episcopi</strong></span> <span class='ocrx_word' id='word_1_522' title='bbox 1772 4024 1827 4068; x_wconf 93' lang='lat' dir='ltr'><strong>et</strong></span> <span class='ocrx_word' id='word_1_523' title='bbox 1883 4012 2076 4080; x_wconf 87' lang='lat' dir='ltr'><strong>reliqui</strong></span> 
     </span>
    </p>
   </div>
   <div class='ocr_carea' id='block_1_74' title="bbox 495 4105 2082 4190">
    <p class='ocr_par' dir='ltr' id='par_1_74' title="bbox 495 4105 2082 4190">
     <span class='ocr_line' id='line_1_74' title="bbox 495 4105 2082 4190; baseline -0.023 0"><span class='ocrx_word' id='word_1_524' title='bbox 495 4130 816 4190; x_wconf 80' lang='lat' dir='ltr'><strong>sacerdotes</strong></span> <span class='ocrx_word' id='word_1_525' title='bbox 827 4132 992 4181; x_wconf 69' lang='lat' dir='ltr'><strong>tanta:</strong></span> <span class='ocrx_word' id='word_1_526' title='bbox 1018 4118 1260 4176; x_wconf 82' lang='lat' dir='ltr'><strong>stultitiae</strong></span> <span class='ocrx_word' id='word_1_527' title='bbox 1282 4129 1402 4172; x_wconf 85' lang='lat' dir='ltr'><strong>esse</strong></span> <span class='ocrx_word' id='word_1_528' title='bbox 1414 4120 1470 4168; x_wconf 88' lang='lat' dir='ltr'><strong>et</strong></span> <span class='ocrx_word' id='word_1_529' title='bbox 1495 4107 1891 4166; x_wconf 78' lang='lat' dir='ltr'><strong>taliterdomno</strong></span> <span class='ocrx_word' id='word_1_530' title='bbox 1913 4105 2082 4174; x_wconf 78' lang='lat' dir='ltr'><strong>impe-</strong></span> 
     </span>
    </p>
   </div>
   <div class='ocr_carea' id='block_1_75' title="bbox 503 4193 2080 4282">
    <p class='ocr_par' dir='ltr' id='par_1_75' title="bbox 503 4193 2080 4282">
     <span class='ocr_line' id='line_1_75' title="bbox 503 4193 2080 4282; baseline -0.021 -1"><span class='ocrx_word' id='word_1_531' title='bbox 503 4223 671 4282; x_wconf 91' lang='lat' dir='ltr'><strong>ratori</strong></span> <span class='ocrx_word' id='word_1_532' title='bbox 698 4228 754 4277; x_wconf 92' lang='lat' dir='ltr'><strong>et</strong></span> <span class='ocrx_word' id='word_1_533' title='bbox 781 4216 931 4274; x_wconf 90' lang='lat' dir='ltr'><strong>omni</strong></span> <span class='ocrx_word' id='word_1_534' title='bbox 955 4217 1158 4270; x_wconf 66' lang='lat' dir='ltr'><strong>sanetae</strong></span> <span class='ocrx_word' id='word_1_535' title='bbox 1188 4205 1416 4281; x_wconf 79' lang='lat' dir='ltr'><strong>synodo,</strong></span> <span class='ocrx_word' id='word_1_536' title='bbox 1441 4210 1605 4272; x_wconf 89' lang='lat' dir='ltr'><strong>atque</strong></span> <span class='ocrx_word' id='word_1_537' title='bbox 1646 4212 1836 4254; x_wconf 90' lang='lat' dir='ltr'><strong>eorum</strong></span> <span class='ocrx_word' id='word_1_538' title='bbox 1860 4193 2080 4266; x_wconf 89' lang='lat' dir='ltr'><strong>proprio</strong></span> 
     </span>
    </p>
   </div>
   <div class='ocr_carea' id='block_1_76' title="bbox 502 4285 2082 4386">
    <p class='ocr_par' dir='ltr' id='par_1_76' title="bbox 502 4285 2082 4386">
     <span class='ocr_line' id='line_1_76' title="bbox 502 4285 2082 4386; baseline -0.022 -16"><span class='ocrx_word' id='word_1_539' title='bbox 502 4314 756 4386; x_wconf 85' lang='lat' dir='ltr'><strong>episcopo</strong></span> <span class='ocrx_word' id='word_1_540' title='bbox 781 4304 1150 4363; x_wconf 79' lang='lat' dir='ltr'><strong>inohcdientes</strong></span> <span class='ocrx_word' id='word_1_541' title='bbox 1171 4299 1405 4354; x_wconf 77' lang='lat' dir='ltr'><strong>existere</strong></span> <span class='ocrx_word' id='word_1_542' title='bbox 1429 4305 1726 4359; x_wconf 89' lang='lat' dir='ltr'><strong>eorumque</strong></span> <span class='ocrx_word' id='word_1_543' title='bbox 1749 4285 2082 4360; x_wconf 82' lang='lat' dir='ltr'><strong>jussionibus</strong></span> 
     </span>
    </p>
   </div>
   <div class='ocr_carea' id='block_1_77' title="bbox 502 4378 2084 4481">
    <p class='ocr_par' dir='ltr' id='par_1_77' title="bbox 502 4378 2084 4481">
     <span class='ocr_line' id='line_1_77' title="bbox 502 4378 2084 4481; baseline -0.023 -14"><span class='ocrx_word' id='word_1_544' title='bbox 502 4378 561 4467; x_wconf 70' lang='lat' dir='ltr'><strong>et</strong></span> <span class='ocrx_word' id='word_1_545' title='bbox 587 4378 783 4481; x_wconf 48' lang='lat' dir='ltr'><strong>piis—ac</strong></span> <span class='ocrx_word' id='word_1_546' title='bbox 812 4403 976 4476; x_wconf 74' lang='lat' dir='ltr'><strong>iustis</strong></span> <span class='ocrx_word' id='word_1_547' title='bbox 1015 4394 1257 4454; x_wconf 88' lang='lat' dir='ltr'><strong>consiliis</strong></span> <span class='ocrx_word' id='word_1_548' title='bbox 1286 4391 1560 4450; x_wconf 86' lang='lat' dir='ltr'><strong>resistere,</strong></span> <span class='ocrx_word' id='word_1_549' title='bbox 1588 4388 1965 4459; x_wconf 79' lang='lat' dir='ltr'><strong>praeceperunt</strong></span> <span class='ocrx_word' id='word_1_550' title='bbox 2004 4378 2084 4435; x_wconf 87' lang='lat' dir='ltr'><strong>af-</strong></span> 
     </span>
    </p>
   </div>
   <div class='ocr_carea' id='block_1_78' title="bbox 504 4480 2083 4569">
    <p class='ocr_par' dir='ltr' id='par_1_78' title="bbox 504 4480 2083 4569">
     <span class='ocr_line' id='line_1_78' title="bbox 504 4480 2083 4569; baseline -0.025 -9"><span class='ocrx_word' id='word_1_551' title='bbox 504 4480 649 4560; x_wconf 80' lang='lat' dir='ltr'><strong>ferre</strong></span> <span class='ocrx_word' id='word_1_552' title='bbox 672 4497 914 4569; x_wconf 84' lang='lat' dir='ltr'><strong>regulam</strong></span> <span class='ocrx_word' id='word_1_553' title='bbox 945 4491 1117 4548; x_wconf 78' lang='lat' dir='ltr'><strong>sancti</strong></span> <span class='ocrx_word' id='word_1_554' title='bbox 1158 4482 1519 4541; x_wconf 50' lang='lat' dir='ltr'><strong>Benedicti-et</strong></span> <span class='ocrx_word' id='word_1_555' title='bbox 1545 4480 1600 4532; x_wconf 90' lang='lat' dir='ltr'><strong>in</strong></span> <span class='ocrx_word' id='word_1_556' title='bbox 1625 4481 1918 4546; x_wconf 86' lang='lat' dir='ltr'><strong>conspectu</strong></span> <span class='ocrx_word' id='word_1_557' title='bbox 1965 4485 2083 4524; x_wconf 58' lang='lat' dir='ltr'><strong>om.</strong></span> 
     </span>
    </p>
   </div>
   <div class='ocr_carea' id='block_1_79' title="bbox 510 4563 2083 4652">
    <p class='ocr_par' dir='ltr' id='par_1_79' title="bbox 510 4563 2083 4652">
     <span class='ocr_line' id='line_1_79' title="bbox 510 4563 2083 4652; baseline -0.023 -1"><span class='ocrx_word' id='word_1_558' title='bbox 510 4596 660 4652; x_wconf 87' lang='lat' dir='ltr'><strong>nium</strong></span> <span class='ocrx_word' id='word_1_559' title='bbox 730 4563 1028 4644; x_wconf 73' lang='lat' dir='ltr'><strong>sententias</strong></span> <span class='ocrx_word' id='word_1_560' title='bbox 1071 4580 1188 4652; x_wconf 75' lang='lat' dir='ltr'><strong>eius</strong></span> <span class='ocrx_word' id='word_1_561' title='bbox 1236 4577 1417 4646; x_wconf 85' lang='lat' dir='ltr'><strong>legere</strong></span> <span class='ocrx_word' id='word_1_562' title='bbox 1442 4613 1457 4638; x_wconf 94' lang='lat'><strong>,</strong></span> <span class='ocrx_word' id='word_1_563' title='bbox 1507 4571 1700 4640; x_wconf 90' lang='lat' dir='ltr'><strong>quibus</strong></span> <span class='ocrx_word' id='word_1_564' title='bbox 1727 4567 1783 4621; x_wconf 93' lang='lat' dir='ltr'><strong>in</strong></span> <span class='ocrx_word' id='word_1_565' title='bbox 1832 4563 2083 4618; x_wconf 89' lang='lat' dir='ltr'><strong>omnibus</strong></span> 
     </span>
    </p>
   </div>
   <div class='ocr_carea' id='block_1_80' title="bbox 509 4653 2082 4756">
    <p class='ocr_par' dir='ltr' id='par_1_80' title="bbox 509 4653 2082 4756">
     <span class='ocr_line' id='line_1_80' title="bbox 509 4653 2082 4756; baseline -0.032 -15"><span class='ocrx_word' id='word_1_566' title='bbox 509 4679 902 4756; x_wconf 83' lang='lat' dir='ltr'><strong>repugnabant,</strong></span> <span class='ocrx_word' id='word_1_567' title='bbox 961 4682 1017 4727; x_wconf 87' lang='lat' dir='ltr'><strong>et</strong></span> <span class='ocrx_word' id='word_1_568' title='bbox 1068 4670 1136 4726; x_wconf 88' lang='lat' dir='ltr'><strong>ad</strong></span> <span class='ocrx_word' id='word_1_569' title='bbox 1196 4666 1448 4722; x_wconf 89' lang='lat' dir='ltr'><strong>ultimum</strong></span> <span class='ocrx_word' id='word_1_570' title='bbox 1477 4661 1543 4717; x_wconf 89' lang='lat' dir='ltr'><strong>de</strong></span> <span class='ocrx_word' id='word_1_571' title='bbox 1585 4653 1911 4717; x_wconf 85' lang='lat' dir='ltr'><strong>humilitatis</strong></span> <span class='ocrx_word' id='word_1_572' title='bbox 1957 4666 2082 4756; x_wconf 48' lang='lat' dir='ltr'><strong>Era-</strong></span> 
     </span>
    </p>
   </div>
   <div class='ocr_carea' id='block_1_81' title="bbox 514 4743 2088 4834">
    <p class='ocr_par' dir='ltr' id='par_1_81' title="bbox 514 4743 2088 4834">
     <span class='ocr_line' id='line_1_81' title="bbox 514 4743 2088 4834; baseline -0.024 -2"><span class='ocrx_word' id='word_1_573' title='bbox 514 4743 678 4834; x_wconf 65' lang='lat' dir='ltr'><strong>dibu;</strong></span> <span class='ocrx_word' id='word_1_574' title='bbox 741 4765 1065 4831; x_wconf 82' lang='lat' dir='ltr'><strong>sententiam</strong></span> <span class='ocrx_word' id='word_1_575' title='bbox 1125 4761 1305 4830; x_wconf 81' lang='lat' dir='ltr'><strong>legere</strong></span> <span class='ocrx_word' id='word_1_576' title='bbox 1366 4755 1689 4825; x_wconf 80' lang='lat' dir='ltr'><strong>jusserunt,</strong></span> <span class='ocrx_word' id='word_1_577' title='bbox 1754 4747 1821 4802; x_wconf 90' lang='lat' dir='ltr'><strong>de</strong></span> <span class='ocrx_word' id='word_1_578' title='bbox 1890 4743 2088 4834; x_wconf 85' lang='lat' dir='ltr'><strong>quibus</strong></span> 
     </span>
    </p>
   </div>
   <div class='ocr_carea' id='block_1_82' title="bbox 513 4832 2090 4925">
    <p class='ocr_par' dir='ltr' id='par_1_82' title="bbox 513 4832 2090 4925">
     <span class='ocr_line' id='line_1_82' title="bbox 513 4832 2090 4925; baseline -0.027 1"><span class='ocrx_word' id='word_1_579' title='bbox 513 4872 593 4925; x_wconf 85' lang='lat' dir='ltr'><strong>eis</strong></span> <span class='ocrx_word' id='word_1_580' title='bbox 641 4863 847 4919; x_wconf 89' lang='lat' dir='ltr'><strong>nullum</strong></span> <span class='ocrx_word' id='word_1_581' title='bbox 896 4867 1084 4916; x_wconf 83' lang='lat' dir='ltr'><strong>tenere</strong></span> <span class='ocrx_word' id='word_1_582' title='bbox 1121 4852 1299 4906; x_wconf 88' lang='lat' dir='ltr'><strong>visum</strong></span> <span class='ocrx_word' id='word_1_583' title='bbox 1337 4853 1456 4910; x_wconf 83' lang='lat' dir='ltr'><strong>est,</strong></span> <span class='ocrx_word' id='word_1_584' title='bbox 1505 4842 1601 4898; x_wconf 83' lang='lat' dir='ltr'><strong>sed</strong></span> <span class='ocrx_word' id='word_1_585' title='bbox 1643 4838 1816 4911; x_wconf 80' lang='lat' dir='ltr'><strong>magis</strong></span> <span class='ocrx_word' id='word_1_586' title='bbox 1855 4832 2090 4905; x_wconf 77' lang='lat' dir='ltr'><strong>propriis</strong></span> 
     </span>
    </p>
   </div>
   <div class='ocr_carea' id='block_1_83' title="bbox 517 4927 2093 5017">
    <p class='ocr_par' dir='ltr' id='par_1_83' title="bbox 517 4927 2093 5017">
     <span class='ocr_line' id='line_1_83' title="bbox 517 4927 2093 5017; baseline -0.026 0"><span class='ocrx_word' id='word_1_587' title='bbox 517 4955 889 5017; x_wconf 80' lang='lat' dir='ltr'><strong>voluntatibus.</strong></span> <span class='ocrx_word' id='word_1_588' title='bbox 923 4945 1190 5006; x_wconf 82' lang='lat' dir='ltr'><strong>inservire</strong></span> <span class='ocrx_word' id='word_1_589' title='bbox 1230 4947 1284 4996; x_wconf 90' lang='lat' dir='ltr'><strong>et</strong></span> <span class='ocrx_word' id='word_1_590' title='bbox 1324 4950 1514 4994; x_wconf 91' lang='lat' dir='ltr'><strong>eorum</strong></span> <span class='ocrx_word' id='word_1_591' title='bbox 1555 4931 1722 4988; x_wconf 88' lang='lat' dir='ltr'><strong>libido</strong></span> <span class='ocrx_word' id='word_1_592' title='bbox 1749 4927 2010 4985; x_wconf 83' lang='lat' dir='ltr'><strong>inservire</strong></span> <span class='ocrx_word' id='word_1_593' title='bbox 2038 4931 2093 4978; x_wconf 89' lang='lat' dir='ltr'><strong>et</strong></span> 
     </span>
    </p>
   </div>
   <div class='ocr_carea' id='block_1_84' title="bbox 518 5013 2094 5109">
    <p class='ocr_par' dir='ltr' id='par_1_84' title="bbox 518 5013 2094 5109">
     <span class='ocr_line' id='line_1_84' title="bbox 518 5013 2094 5109; baseline -0.027 -3"><span class='ocrx_word' id='word_1_594' title='bbox 518 5013 791 5109; x_wconf 70' lang='lat' dir='ltr'><strong>insistere.</strong></span> <span class='ocrx_word' id='word_1_595' title='bbox 840 5041 1012 5107; x_wconf 84' lang='lat' dir='ltr'><strong>Quam</strong></span> <span class='ocrx_word' id='word_1_596' title='bbox 1066 5030 1307 5103; x_wconf 88' lang='lat' dir='ltr'><strong>regulam</strong></span> <span class='ocrx_word' id='word_1_597' title='bbox 1339 5036 1469 5082; x_wconf 91' lang='lat' dir='ltr'><strong>tunc</strong></span> <span class='ocrx_word' id='word_1_598' title='bbox 1499 5020 1905 5077; x_wconf 90' lang='lat' dir='ltr'><strong>considerantes</strong></span> <span class='ocrx_word' id='word_1_599' title='bbox 1942 5013 2094 5068; x_wconf 83' lang='lat' dir='ltr'><strong>dixe-</strong></span> 
     </span>
    </p>
   </div>
   <div class='ocr_carea' id='block_1_85' title="bbox 520 5103 2094 5204">
    <p class='ocr_par' dir='ltr' id='par_1_85' title="bbox 520 5103 2094 5204">
     <span class='ocr_line' id='line_1_85' title="bbox 520 5103 2094 5204; baseline -0.027 -9"><span class='ocrx_word' id='word_1_600' title='bbox 520 5149 666 5202; x_wconf 76' lang='lat' dir='ltr'><strong>runt,</strong></span> <span class='ocrx_word' id='word_1_601' title='bbox 697 5103 954 5204; x_wconf 63' lang='lat' dir='ltr'><strong>quoniam</strong></span> <span class='ocrx_word' id='word_1_602' title='bbox 997 5141 1060 5180; x_wconf 88' lang='lat' dir='ltr'><strong>ea</strong></span> <span class='ocrx_word' id='word_1_603' title='bbox 1109 5135 1229 5192; x_wconf 75' lang='lat' dir='ltr'><strong>qua:</strong></span> <span class='ocrx_word' id='word_1_604' title='bbox 1258 5117 1362 5172; x_wconf 87' lang='lat' dir='ltr'><strong>levi</strong></span> <span class='ocrx_word' id='word_1_605' title='bbox 1407 5123 1463 5169; x_wconf 90' lang='lat' dir='ltr'><strong>et</strong></span> <span class='ocrx_word' id='word_1_606' title='bbox 1499 5110 1694 5168; x_wconf 88' lang='lat' dir='ltr'><strong>blando</strong></span> <span class='ocrx_word' id='word_1_607' title='bbox 1739 5103 2094 5162; x_wconf 87' lang='lat' dir='ltr'><strong>medicamine</strong></span> 
     </span>
    </p>
   </div>
   <div class='ocr_carea' id='block_1_86' title="bbox 522 5191 2097 5290">
    <p class='ocr_par' dir='ltr' id='par_1_86' title="bbox 522 5191 2097 5290">
     <span class='ocr_line' id='line_1_86' title="bbox 522 5191 2097 5290; baseline -0.027 -5"><span class='ocrx_word' id='word_1_608' title='bbox 522 5191 856 5286; x_wconf 49' lang='lat' dir='ltr'><strong>sanari-non</strong></span> <span class='ocrx_word' id='word_1_609' title='bbox 883 5223 1130 5290; x_wconf 87' lang='lat' dir='ltr'><strong>possunt,</strong></span> <span class='ocrx_word' id='word_1_610' title='bbox 1172 5211 1318 5264; x_wconf 85' lang='lat' dir='ltr'><strong>ferro</strong></span> <span class='ocrx_word' id='word_1_611' title='bbox 1356 5203 1605 5260; x_wconf 88' lang='lat' dir='ltr'><strong>abscindi</strong></span> <span class='ocrx_word' id='word_1_612' title='bbox 1633 5211 1852 5254; x_wconf 88' lang='lat' dir='ltr'><strong>necesse</strong></span> <span class='ocrx_word' id='word_1_613' title='bbox 1880 5203 1981 5249; x_wconf 89' lang='lat' dir='ltr'><strong>est.</strong></span> <span class='ocrx_word' id='word_1_614' title='bbox 2030 5191 2097 5244; x_wconf 84' lang='lat' dir='ltr'><strong>Et</strong></span> 
     </span>
    </p>
   </div>
   <div class='ocr_carea' id='block_1_87' title="bbox 521 5290 2100 5393">
    <p class='ocr_par' dir='ltr' id='par_1_87' title="bbox 521 5290 2100 5393">
     <span class='ocr_line' id='line_1_87' title="bbox 521 5290 2100 5393; baseline -0.027 -16"><span class='ocrx_word' id='word_1_615' title='bbox 521 5320 896 5393; x_wconf 78' lang='lat' dir='ltr'><strong>praeceperunt</strong></span> <span class='ocrx_word' id='word_1_616' title='bbox 932 5308 1128 5365; x_wconf 76' lang='lat' dir='ltr'><strong>afferre</strong></span> <span class='ocrx_word' id='word_1_617' title='bbox 1153 5314 1406 5361; x_wconf 80' lang='lat' dir='ltr'><strong>canones,</strong></span> <span class='ocrx_word' id='word_1_618' title='bbox 1456 5309 1487 5349; x_wconf 85' lang='lat' dir='ltr'><strong>e</strong></span> <span class='ocrx_word' id='word_1_619' title='bbox 1528 5292 1723 5362; x_wconf 89' lang='lat' dir='ltr'><strong>quibus</strong></span> <span class='ocrx_word' id='word_1_620' title='bbox 1767 5290 1820 5343; x_wconf 90' lang='lat' dir='ltr'><strong>in</strong></span> <span class='ocrx_word' id='word_1_621' title='bbox 1858 5297 2100 5384; x_wconf 64' lang='lat' dir='ltr'><strong>praesen-</strong></span> 
     </span>
    </p>
   </div>
   <div class='ocr_carea' id='block_1_88' title="bbox 527 5373 2094 5469">
    <p class='ocr_par' dir='ltr' id='par_1_88' title="bbox 527 5373 2094 5469">
     <span class='ocr_line' id='line_1_88' title="bbox 527 5373 2094 5469; baseline -0.029 -1"><span class='ocrx_word' id='word_1_622' title='bbox 527 5373 599 5467; x_wconf 66' lang='lat' dir='ltr'><strong>tia</strong></span> <span class='ocrx_word' id='word_1_623' title='bbox 626 5373 865 5465; x_wconf 70' lang='lat' dir='ltr'><strong>omnium</strong></span> <span class='ocrx_word' id='word_1_624' title='bbox 895 5403 950 5456; x_wconf 92' lang='lat' dir='ltr'><strong>in</strong></span> <span class='ocrx_word' id='word_1_625' title='bbox 978 5395 1218 5469; x_wconf 89' lang='lat' dir='ltr'><strong>plenaria</strong></span> <span class='ocrx_word' id='word_1_626' title='bbox 1257 5387 1460 5459; x_wconf 83' lang='lat' dir='ltr'><strong>synodo</strong></span> <span class='ocrx_word' id='word_1_627' title='bbox 1487 5383 1685 5437; x_wconf 80' lang='lat' dir='ltr'><strong>reiecta</strong></span> <span class='ocrx_word' id='word_1_628' title='bbox 1714 5386 1797 5434; x_wconf 87' lang='lat' dir='ltr'><strong>est</strong></span> <span class='ocrx_word' id='word_1_629' title='bbox 1827 5373 2094 5431; x_wconf 87' lang='lat' dir='ltr'><strong>sententia</strong></span> 
     </span>
    </p>
   </div>
   <div class='ocr_carea' id='block_1_89' title="bbox 528 5473 2100 5559">
    <p class='ocr_par' dir='ltr' id='par_1_89' title="bbox 528 5473 2100 5559">
     <span class='ocr_line' id='line_1_89' title="bbox 528 5473 2100 5559; baseline -0.027 0"><span class='ocrx_word' id='word_1_630' title='bbox 528 5497 742 5559; x_wconf 89' lang='lat' dir='ltr'><strong>concilii</strong></span> <span class='ocrx_word' id='word_1_631' title='bbox 771 5485 1228 5551; x_wconf 84' lang='lat' dir='ltr'><strong>Chalcedonensis</strong></span> <span class='ocrx_word' id='word_1_632' title='bbox 1259 5481 1325 5536; x_wconf 73' lang='lat' dir='ltr'><strong>de.</strong></span> <span class='ocrx_word' id='word_1_633' title='bbox 1363 5476 1577 5533; x_wconf 91' lang='lat' dir='ltr'><strong>clericis</strong></span> <span class='ocrx_word' id='word_1_634' title='bbox 1604 5473 1696 5541; x_wconf 84' lang='lat' dir='ltr'><strong>qui</strong></span> <span class='ocrx_word' id='word_1_635' title='bbox 1720 5475 1958 5541; x_wconf 73' lang='lat' dir='ltr'><strong>praesunt</strong></span> <span class='ocrx_word' id='word_1_636' title='bbox 1986 5473 2100 5536; x_wconf 88' lang='lat' dir='ltr'><strong>pto-</strong></span> 
     </span>
    </p>
   </div>
   <div class='ocr_carea' id='block_1_90' title="bbox 530 5559 2093 5648">
    <p class='ocr_par' dir='ltr' id='par_1_90' title="bbox 530 5559 2093 5648">
     <span class='ocr_line' id='line_1_90' title="bbox 530 5559 2093 5648; baseline -0.026 0"><span class='ocrx_word' id='word_1_637' title='bbox 530 5593 667 5648; x_wconf 90' lang='lat' dir='ltr'><strong>chiis</strong></span> <span class='ocrx_word' id='word_1_638' title='bbox 693 5586 778 5644; x_wconf 92' lang='lat' dir='ltr'><strong>vel</strong></span> <span class='ocrx_word' id='word_1_639' title='bbox 809 5578 1173 5640; x_wconf 86' lang='lat' dir='ltr'><strong>monasteriis,</strong></span> <span class='ocrx_word' id='word_1_640' title='bbox 1227 5569 1521 5640; x_wconf 87' lang='lat' dir='ltr'><strong>capitulum</strong></span> <span class='ocrx_word' id='word_1_641' title='bbox 1556 5564 1590 5619; x_wconf 91' lang='lat'><strong>8</strong></span> <span class='ocrx_word' id='word_1_642' title='bbox 1628 5569 1909 5618; x_wconf 77' lang='lat' dir='ltr'><strong>continens</strong></span> <span class='ocrx_word' id='word_1_643' title='bbox 1939 5559 2093 5610; x_wconf 74' lang='lat' dir='ltr'><strong>hmo:</strong></span> 
     </span>
    </p>
   </div>
   <div class='ocr_carea' id='block_1_91' title="bbox 537 5648 2100 5747">
    <p class='ocr_par' dir='ltr' id='par_1_91' title="bbox 537 5648 2100 5747">
     <span class='ocr_line' id='line_1_91' title="bbox 537 5648 2100 5747; baseline -0.024 -12"><span class='ocrx_word' id='word_1_644' title='bbox 537 5702 555 5735; x_wconf 70' lang='grc' dir='ltr'><strong><em>ι</em></strong></span> <span class='ocrx_word' id='word_1_645' title='bbox 600 5680 793 5739; x_wconf 86' lang='lat' dir='ltr'><strong>Clerici</strong></span> <span class='ocrx_word' id='word_1_646' title='bbox 835 5673 925 5747; x_wconf 90' lang='lat' dir='ltr'><strong>qui</strong></span> <span class='ocrx_word' id='word_1_647' title='bbox 955 5669 1319 5743; x_wconf 65' lang='lat' dir='ltr'><strong>pratiieiuntur</strong></span> <span class='ocrx_word' id='word_1_648' title='bbox 1345 5658 1598 5730; x_wconf 85' lang='lat' dir='ltr'><strong>ptocbiis,</strong></span> <span class='ocrx_word' id='word_1_649' title='bbox 1625 5653 1706 5706; x_wconf 89' lang='lat' dir='ltr'><strong>vel</strong></span> <span class='ocrx_word' id='word_1_650' title='bbox 1730 5652 1820 5719; x_wconf 86' lang='lat' dir='ltr'><strong>qui</strong></span> <span class='ocrx_word' id='word_1_651' title='bbox 1847 5648 2100 5703; x_wconf 88' lang='lat' dir='ltr'><strong>ordinan-</strong></span> 
     </span>
    </p>
   </div>
   <div class='ocr_carea' id='block_1_92' title="bbox 534 5737 2101 5834">
    <p class='ocr_par' dir='ltr' id='par_1_92' title="bbox 534 5737 2101 5834">
     <span class='ocr_line' id='line_1_92' title="bbox 534 5737 2101 5834; baseline -0.029 1"><span class='ocrx_word' id='word_1_652' title='bbox 534 5791 623 5834; x_wconf 83' lang='lat' dir='ltr'><strong>tur</strong></span> <span class='ocrx_word' id='word_1_653' title='bbox 657 5775 710 5829; x_wconf 87' lang='lat' dir='ltr'><strong>in</strong></span> <span class='ocrx_word' id='word_1_654' title='bbox 753 5763 1098 5824; x_wconf 81' lang='lat' dir='ltr'><strong>monasteriis</strong></span> <span class='ocrx_word' id='word_1_655' title='bbox 1125 5769 1179 5814; x_wconf 87' lang='lat' dir='ltr'><strong>et</strong></span> <span class='ocrx_word' id='word_1_656' title='bbox 1213 5753 1453 5812; x_wconf 77' lang='lat' dir='ltr'><strong>basilicis</strong></span> <span class='ocrx_word' id='word_1_657' title='bbox 1496 5755 1815 5804; x_wconf 82' lang='lat' dir='ltr'><strong>martvrum,</strong></span> <span class='ocrx_word' id='word_1_658' title='bbox 1862 5739 1960 5795; x_wconf 92' lang='lat' dir='ltr'><strong>sub</strong></span> <span class='ocrx_word' id='word_1_659' title='bbox 1989 5737 2101 5806; x_wconf 89' lang='lat' dir='ltr'><strong>epi-</strong></span> 
     </span>
    </p>
   </div>
   <div class='ocr_carea' id='block_1_93' title="bbox 2172 3283 3754 3363">
    <p class='ocr_par' dir='ltr' id='par_1_93' title="bbox 2172 3283 3754 3363">
     <span class='ocr_line' id='line_1_93' title="bbox 2172 3283 3754 3363; baseline -0.011 -10"><span class='ocrx_word' id='word_1_660' title='bbox 2172 3299 2257 3354; x_wconf 93' lang='lat' dir='ltr'><strong>eio</strong></span> <span class='ocrx_word' id='word_1_661' title='bbox 2286 3297 2529 3352; x_wconf 86' lang='lat' dir='ltr'><strong>omnium</strong></span> <span class='ocrx_word' id='word_1_662' title='bbox 2558 3293 2629 3349; x_wconf 84' lang='lat' dir='ltr'><strong>ad</strong></span> <span class='ocrx_word' id='word_1_663' title='bbox 2671 3291 2982 3363; x_wconf 50' lang='lat' dir='ltr'><strong>praedictam</strong></span> <span class='ocrx_word' id='word_1_664' title='bbox 3025 3285 3291 3358; x_wconf 82' lang='lat' dir='ltr'><strong>synodu</strong></span> <span class='ocrx_word' id='word_1_665' title='bbox 3319 3283 3754 3340; x_wconf 80' lang='lat' dir='ltr'><strong>convenientium</strong></span> 
     </span>
    </p>
   </div>
   <div class='ocr_carea' id='block_1_94' title="bbox 2171 3373 3752 3456">
    <p class='ocr_par' dir='ltr' id='par_1_94' title="bbox 2171 3373 3752 3456">
     <span class='ocr_line' id='line_1_94' title="bbox 2171 3373 3752 3456; baseline -0.013 -13"><span class='ocrx_word' id='word_1_666' title='bbox 2171 3388 2547 3456; x_wconf 86' lang='lat' dir='ltr'><strong>episcoporum</strong></span> <span class='ocrx_word' id='word_1_667' title='bbox 2577 3390 2632 3438; x_wconf 89' lang='lat' dir='ltr'><strong>et</strong></span> <span class='ocrx_word' id='word_1_668' title='bbox 2663 3381 2991 3450; x_wconf 84' lang='lat' dir='ltr'><strong>reliquorum</strong></span> <span class='ocrx_word' id='word_1_669' title='bbox 3028 3375 3370 3431; x_wconf 87' lang='lat' dir='ltr'><strong>sacerdotum</strong></span> <span class='ocrx_word' id='word_1_670' title='bbox 3398 3373 3752 3441; x_wconf 80' lang='lat' dir='ltr'><strong>acciperent;</strong></span> 
     </span>
    </p>
   </div>
   <div class='ocr_carea' id='block_1_95' title="bbox 2173 3464 3758 3546">
    <p class='ocr_par' dir='ltr' id='par_1_95' title="bbox 2173 3464 3758 3546">
     <span class='ocr_line' id='line_1_95' title="bbox 2173 3464 3758 3546; baseline -0.011 -12"><span class='ocrx_word' id='word_1_671' title='bbox 2173 3487 2233 3534; x_wconf 91' lang='lat' dir='ltr'><strong>ut</strong></span> <span class='ocrx_word' id='word_1_672' title='bbox 2258 3479 2301 3532; x_wconf 89' lang='lat' dir='ltr'><strong>si</strong></span> <span class='ocrx_word' id='word_1_673' title='bbox 2328 3485 2450 3546; x_wconf 89' lang='lat' dir='ltr'><strong>post</strong></span> <span class='ocrx_word' id='word_1_674' title='bbox 2495 3475 2639 3530; x_wconf 86' lang='lat' dir='ltr'><strong>hunc</strong></span> <span class='ocrx_word' id='word_1_675' title='bbox 2665 3473 2825 3534; x_wconf 90' lang='lat' dir='ltr'><strong>diem,</strong></span> <span class='ocrx_word' id='word_1_676' title='bbox 2865 3469 3012 3540; x_wconf 90' lang='lat' dir='ltr'><strong>quod</strong></span> <span class='ocrx_word' id='word_1_677' title='bbox 3047 3467 3164 3523; x_wconf 85' lang='lat' dir='ltr'><strong>fieri</strong></span> <span class='ocrx_word' id='word_1_678' title='bbox 3194 3466 3419 3521; x_wconf 85' lang='lat' dir='ltr'><strong>minime</strong></span> <span class='ocrx_word' id='word_1_679' title='bbox 3449 3464 3758 3527; x_wconf 79' lang='lat' dir='ltr'><strong>credimus,</strong></span> 
     </span>
    </p>
   </div>
   <div class='ocr_carea' id='block_1_96' title="bbox 2174 3552 3756 3634">
    <p class='ocr_par' dir='ltr' id='par_1_96' title="bbox 2174 3552 3756 3634">
     <span class='ocr_line' id='line_1_96' title="bbox 2174 3552 3756 3634; baseline -0.013 -8"><span class='ocrx_word' id='word_1_680' title='bbox 2174 3569 2240 3626; x_wconf 90' lang='lat' dir='ltr'><strong>de</strong></span> <span class='ocrx_word' id='word_1_681' title='bbox 2267 3569 2368 3623; x_wconf 87' lang='lat' dir='ltr'><strong>hac</strong></span> <span class='ocrx_word' id='word_1_682' title='bbox 2405 3580 2570 3621; x_wconf 85' lang='lat' dir='ltr'><strong>causa</strong></span> <span class='ocrx_word' id='word_1_683' title='bbox 2600 3563 2779 3634; x_wconf 90' lang='lat' dir='ltr'><strong>aliqua</strong></span> <span class='ocrx_word' id='word_1_684' title='bbox 2807 3559 3053 3618; x_wconf 83' lang='lat' dir='ltr'><strong>causa-tio</strong></span> <span class='ocrx_word' id='word_1_685' title='bbox 3077 3557 3163 3613; x_wconf 87' lang='lat' dir='ltr'><strong>vel</strong></span> <span class='ocrx_word' id='word_1_686' title='bbox 3194 3555 3447 3628; x_wconf 86' lang='lat' dir='ltr'><strong>repetitio</strong></span> <span class='ocrx_word' id='word_1_687' title='bbox 3491 3552 3581 3608; x_wconf 82' lang='lat' dir='ltr'><strong>vel</strong></span> <span class='ocrx_word' id='word_1_688' title='bbox 3608 3566 3756 3622; x_wconf 66' lang='lat' dir='ltr'><strong>quae-</strong></span> 
     </span>
    </p>
   </div>
   <div class='ocr_carea' id='block_1_97' title="bbox 2175 3645 3759 3724">
    <p class='ocr_par' dir='ltr' id='par_1_97' title="bbox 2175 3645 3759 3724">
     <span class='ocr_line' id='line_1_97' title="bbox 2175 3645 3759 3724; baseline -0.013 -8"><span class='ocrx_word' id='word_1_689' title='bbox 2175 3661 2298 3716; x_wconf 88' lang='lat' dir='ltr'><strong>dam</strong></span> <span class='ocrx_word' id='word_1_690' title='bbox 2324 3656 2590 3716; x_wconf 85' lang='lat' dir='ltr'><strong>calumnia</strong></span> <span class='ocrx_word' id='word_1_691' title='bbox 2613 3653 2992 3724; x_wconf 89' lang='lat' dir='ltr'><strong>instigantibus</strong></span> <span class='ocrx_word' id='word_1_692' title='bbox 3005 3648 3287 3706; x_wconf 86' lang='lat' dir='ltr'><strong>malevolis</strong></span> <span class='ocrx_word' id='word_1_693' title='bbox 3302 3645 3620 3702; x_wconf 88' lang='lat' dir='ltr'><strong>hominibus</strong></span> <span class='ocrx_word' id='word_1_694' title='bbox 3643 3653 3759 3698; x_wconf 83' lang='lat' dir='ltr'><strong>orta</strong></span> 
     </span>
    </p>
   </div>
   <div class='ocr_carea' id='block_1_98' title="bbox 2176 3731 3764 3814">
    <p class='ocr_par' dir='ltr' id='par_1_98' title="bbox 2176 3731 3764 3814">
     <span class='ocr_line' id='line_1_98' title="bbox 2176 3731 3764 3814; baseline -0.014 -9"><span class='ocrx_word' id='word_1_695' title='bbox 2176 3748 2362 3814; x_wconf 91' lang='lat' dir='ltr'><strong>fuerit,</strong></span> <span class='ocrx_word' id='word_1_696' title='bbox 2414 3760 2600 3802; x_wconf 75' lang='lat' dir='ltr'><strong>coram</strong></span> <span class='ocrx_word' id='word_1_697' title='bbox 2627 3743 2879 3801; x_wconf 89' lang='lat' dir='ltr'><strong>omnibus</strong></span> <span class='ocrx_word' id='word_1_698' title='bbox 2924 3742 3040 3796; x_wconf 68' lang='lat' dir='ltr'><strong>haec</strong></span> <span class='ocrx_word' id='word_1_699' title='bbox 3082 3737 3278 3793; x_wconf 84' lang='lat' dir='ltr'><strong>notitia</strong></span> <span class='ocrx_word' id='word_1_700' title='bbox 3316 3734 3403 3790; x_wconf 85' lang='lat' dir='ltr'><strong>vel</strong></span> <span class='ocrx_word' id='word_1_701' title='bbox 3431 3731 3764 3787; x_wconf 77' lang='lat' dir='ltr'><strong>evindicatio</strong></span> 
     </span>
    </p>
   </div>
   <div class='ocr_carea' id='block_1_99' title="bbox 2177 3822 3762 3909">
    <p class='ocr_par' dir='ltr' id='par_1_99' title="bbox 2177 3822 3762 3909">
     <span class='ocr_line' id='line_1_99' title="bbox 2177 3822 3762 3909; baseline -0.016 -12"><span class='ocrx_word' id='word_1_702' title='bbox 2177 3839 2455 3897; x_wconf 83' lang='lat' dir='ltr'><strong>declarata</strong></span> <span class='ocrx_word' id='word_1_703' title='bbox 2486 3841 2765 3909; x_wconf 80' lang='lat' dir='ltr'><strong>appareat,</strong></span> <span class='ocrx_word' id='word_1_704' title='bbox 2794 3839 2854 3887; x_wconf 85' lang='lat' dir='ltr'><strong>ut</strong></span> <span class='ocrx_word' id='word_1_705' title='bbox 2881 3829 3028 3900; x_wconf 88' lang='lat' dir='ltr'><strong>quod</strong></span> <span class='ocrx_word' id='word_1_706' title='bbox 3054 3827 3252 3897; x_wconf 83' lang='lat' dir='ltr'><strong>repetit</strong></span> <span class='ocrx_word' id='word_1_707' title='bbox 3299 3822 3615 3878; x_wconf 82' lang='lat' dir='ltr'><strong>evindicare</strong></span> <span class='ocrx_word' id='word_1_708' title='bbox 3655 3834 3762 3873; x_wconf 86' lang='lat' dir='ltr'><strong>non</strong></span> 
     </span>
    </p>
   </div>
   <div class='ocr_carea' id='block_1_100' title="bbox 2179 3911 3762 3996">
    <p class='ocr_par' dir='ltr' id='par_1_100' title="bbox 2179 3911 3762 3996">
     <span class='ocr_line' id='line_1_100' title="bbox 2179 3911 3762 3996; baseline -0.013 -12"><span class='ocrx_word' id='word_1_709' title='bbox 2179 3930 2374 3994; x_wconf 86' lang='lat' dir='ltr'><strong>valeat,</strong></span> <span class='ocrx_word' id='word_1_710' title='bbox 2429 3928 2523 3982; x_wconf 87' lang='lat' dir='ltr'><strong>sed</strong></span> <span class='ocrx_word' id='word_1_711' title='bbox 2562 3937 2801 3996; x_wconf 64' lang='lat' dir='ltr'><strong>praesens</strong></span> <span class='ocrx_word' id='word_1_712' title='bbox 2829 3919 3159 3989; x_wconf 86' lang='lat' dir='ltr'><strong>conscriptio</strong></span> <span class='ocrx_word' id='word_1_713' title='bbox 3205 3915 3354 3972; x_wconf 89' lang='lat' dir='ltr'><strong>omni</strong></span> <span class='ocrx_word' id='word_1_714' title='bbox 3395 3923 3648 3983; x_wconf 85' lang='lat' dir='ltr'><strong>tempore</strong></span> <span class='ocrx_word' id='word_1_715' title='bbox 3681 3911 3762 3964; x_wconf 79' lang='lat' dir='ltr'><strong>vel</strong></span> 
     </span>
    </p>
   </div>
   <div class='ocr_carea' id='block_1_101' title="bbox 2179 4000 3758 4081">
    <p class='ocr_par' dir='ltr' id='par_1_101' title="bbox 2179 4000 3758 4081">
     <span class='ocr_line' id='line_1_101' title="bbox 2179 4000 3758 4081; baseline -0.015 -5"><span class='ocrx_word' id='word_1_716' title='bbox 2179 4021 2372 4076; x_wconf 89' lang='lat' dir='ltr'><strong>notitia</strong></span> <span class='ocrx_word' id='word_1_717' title='bbox 2402 4018 2558 4072; x_wconf 84' lang='lat' dir='ltr'><strong>ﬁrma</strong></span> <span class='ocrx_word' id='word_1_718' title='bbox 2587 4025 2642 4072; x_wconf 90' lang='lat' dir='ltr'><strong>et</strong></span> <span class='ocrx_word' id='word_1_719' title='bbox 2667 4014 2873 4071; x_wconf 88' lang='lat' dir='ltr'><strong>stabilis</strong></span> <span class='ocrx_word' id='word_1_720' title='bbox 2901 4014 3238 4081; x_wconf 83' lang='lat' dir='ltr'><strong>permaneat.</strong></span> <span class='ocrx_word' id='word_1_721' title='bbox 3276 4004 3374 4060; x_wconf 83' lang='lat' dir='ltr'><strong>llis</strong></span> <span class='ocrx_word' id='word_1_722' title='bbox 3399 4000 3758 4073; x_wconf 83' lang='lat' dir='ltr'><strong>praesentibus</strong></span> 
     </span>
    </p>
   </div>
   <div class='ocr_carea' id='block_1_102' title="bbox 2182 4088 3759 4176">
    <p class='ocr_par' dir='ltr' id='par_1_102' title="bbox 2182 4088 3759 4176">
     <span class='ocr_line' id='line_1_102' title="bbox 2182 4088 3759 4176; baseline -0.015 -12"><span class='ocrx_word' id='word_1_723' title='bbox 2182 4119 2361 4164; x_wconf 88' lang='lat' dir='ltr'><strong>actum</strong></span> <span class='ocrx_word' id='word_1_724' title='bbox 2393 4107 2510 4160; x_wconf 88' lang='lat' dir='ltr'><strong>fuit.</strong></span> <span class='ocrx_word' id='word_1_725' title='bbox 2543 4106 2718 4176; x_wconf 87' lang='lat' dir='ltr'><strong>Drogo</strong></span> <span class='ocrx_word' id='word_1_726' title='bbox 2749 4099 3190 4168; x_wconf 87' lang='lat' dir='ltr'><strong>archiepiscopus</strong></span> <span class='ocrx_word' id='word_1_727' title='bbox 3228 4105 3282 4150; x_wconf 89' lang='lat' dir='ltr'><strong>et</strong></span> <span class='ocrx_word' id='word_1_728' title='bbox 3316 4094 3502 4148; x_wconf 86' lang='lat' dir='ltr'><strong>senior</strong></span> <span class='ocrx_word' id='word_1_729' title='bbox 3525 4088 3759 4161; x_wconf 78' lang='lat' dir='ltr'><strong>capella-</strong></span> 
     </span>
    </p>
   </div>
   <div class='ocr_carea' id='block_1_103' title="bbox 2183 4177 3762 4263">
    <p class='ocr_par' dir='ltr' id='par_1_103' title="bbox 2183 4177 3762 4263">
     <span class='ocr_line' id='line_1_103' title="bbox 2183 4177 3762 4263; baseline -0.016 -9"><span class='ocrx_word' id='word_1_730' title='bbox 2183 4215 2285 4254; x_wconf 92' lang='lat' dir='ltr'><strong>nus</strong></span> <span class='ocrx_word' id='word_1_731' title='bbox 2330 4193 2669 4263; x_wconf 86' lang='lat' dir='ltr'><strong>subscripsit.</strong></span> <span class='ocrx_word' id='word_1_732' title='bbox 2715 4189 3008 4245; x_wconf 87' lang='lat' dir='ltr'><strong>Autcarius</strong></span> <span class='ocrx_word' id='word_1_733' title='bbox 3038 4183 3476 4253; x_wconf 74' lang='lat' dir='ltr'><strong>archiepiscOpus</strong></span> <span class='ocrx_word' id='word_1_734' title='bbox 3520 4177 3762 4233; x_wconf 87' lang='lat' dir='ltr'><strong>subscri-</strong></span> 
     </span>
    </p>
   </div>
   <div class='ocr_carea' id='block_1_104' title="bbox 2182 4264 3764 4360">
    <p class='ocr_par' dir='ltr' id='par_1_104' title="bbox 2182 4264 3764 4360">
     <span class='ocr_line' id='line_1_104' title="bbox 2182 4264 3764 4360; baseline -0.018 -16"><span class='ocrx_word' id='word_1_735' title='bbox 2182 4289 2310 4360; x_wconf 89' lang='lat' dir='ltr'><strong>psit.</strong></span> <span class='ocrx_word' id='word_1_736' title='bbox 2370 4284 2685 4355; x_wconf 79' lang='lat' dir='ltr'><strong>Agobardus</strong></span> <span class='ocrx_word' id='word_1_737' title='bbox 2736 4277 3175 4346; x_wconf 86' lang='lat' dir='ltr'><strong>archiepiscopus</strong></span> <span class='ocrx_word' id='word_1_738' title='bbox 3222 4267 3567 4360; x_wconf 72' lang='lat' dir='ltr'><strong>subscripsit.</strong></span> <span class='ocrx_word' id='word_1_739' title='bbox 3626 4264 3764 4319; x_wconf 86' lang='lat' dir='ltr'><strong>Ber-</strong></span> 
     </span>
    </p>
   </div>
   <div class='ocr_carea' id='block_1_105' title="bbox 2182 4357 3757 4440">
    <p class='ocr_par' dir='ltr' id='par_1_105' title="bbox 2182 4357 3757 4440">
     <span class='ocr_line' id='line_1_105' title="bbox 2182 4357 3757 4440; baseline -0.018 -6"><span class='ocrx_word' id='word_1_740' title='bbox 2182 4357 2383 4436; x_wconf 79' lang='lat' dir='ltr'><strong>nardus</strong></span> <span class='ocrx_word' id='word_1_741' title='bbox 2461 4372 2897 4440; x_wconf 83' lang='lat' dir='ltr'><strong>archiepiscopus</strong></span> <span class='ocrx_word' id='word_1_742' title='bbox 2960 4361 3304 4432; x_wconf 89' lang='lat' dir='ltr'><strong>subscripsit.</strong></span> <span class='ocrx_word' id='word_1_743' title='bbox 3386 4357 3757 4425; x_wconf 80' lang='lat' dir='ltr'><strong>Bernegartns</strong></span> 
     </span>
    </p>
   </div>
   <div class='ocr_carea' id='block_1_106' title="bbox 2189 4442 3767 4544">
    <p class='ocr_par' dir='ltr' id='par_1_106' title="bbox 2189 4442 3767 4544">
     <span class='ocr_line' id='line_1_106' title="bbox 2189 4442 3767 4544; baseline -0.019 -18"><span class='ocrx_word' id='word_1_744' title='bbox 2189 4461 2691 4544; x_wconf 76' lang='lat' dir='ltr'><strong>[Bartholomaeus]</strong></span> <span class='ocrx_word' id='word_1_745' title='bbox 2719 4457 3088 4516; x_wconf 80' lang='lat' dir='ltr'><strong>Narbonensis</strong></span> <span class='ocrx_word' id='word_1_746' title='bbox 3139 4449 3585 4521; x_wconf 79' lang='lat' dir='ltr'><strong>archiepiseOpus</strong></span> <span class='ocrx_word' id='word_1_747' title='bbox 3640 4442 3767 4499; x_wconf 88' lang='lat' dir='ltr'><strong>sub-</strong></span> 
     </span>
    </p>
   </div>
   <div class='ocr_carea' id='block_1_107' title="bbox 2109 4533 3768 4629">
    <p class='ocr_par' dir='ltr' id='par_1_107' title="bbox 2109 4533 3768 4629">
     <span class='ocr_line' id='line_1_107' title="bbox 2109 4533 3768 4629; baseline -0.02 -11"><span class='ocrx_word' id='word_1_748' title='bbox 2109 4533 2162 4595; x_wconf 80' lang='lat' dir='ltr'>D</span> <span class='ocrx_word' id='word_1_749' title='bbox 2189 4533 2426 4629; x_wconf 73' lang='lat' dir='ltr'><strong>scripsit.</strong></span> <span class='ocrx_word' id='word_1_750' title='bbox 2489 4533 2740 4626; x_wconf 63' lang='lat' dir='ltr'><strong>.Agiulfus</strong></span> <span class='ocrx_word' id='word_1_751' title='bbox 2791 4547 3043 4602; x_wconf 56' lang='lat' dir='ltr'><strong>Bituricae,</strong></span> <span class='ocrx_word' id='word_1_752' title='bbox 3109 4543 3264 4598; x_wconf 89' lang='lat' dir='ltr'><strong>urbis</strong></span> <span class='ocrx_word' id='word_1_753' title='bbox 3323 4537 3768 4629; x_wconf 85' lang='lat' dir='ltr'><strong>archiepiscopus</strong></span> 
     </span>
    </p>
   </div>
   <div class='ocr_carea' id='block_1_108' title="bbox 2192 4623 3771 4721">
    <p class='ocr_par' dir='ltr' id='par_1_108' title="bbox 2192 4623 3771 4721">
     <span class='ocr_line' id='line_1_108' title="bbox 2192 4623 3771 4721; baseline -0.022 -12"><span class='ocrx_word' id='word_1_754' title='bbox 2192 4623 2529 4721; x_wconf 74' lang='lat' dir='ltr'><strong>subscripsit.</strong></span> <span class='ocrx_word' id='word_1_755' title='bbox 2549 4623 2740 4699; x_wconf 38' lang='lat' dir='ltr'><strong>&#39;Notho</strong></span> <span class='ocrx_word' id='word_1_756' title='bbox 2774 4636 3106 4695; x_wconf 79' lang='lat' dir='ltr'><strong>Arelatensis</strong></span> <span class='ocrx_word' id='word_1_757' title='bbox 3147 4628 3591 4698; x_wconf 82' lang='lat' dir='ltr'><strong>archiepiscopus</strong></span> 
     </span>
    </p>
   </div>
   <div class='ocr_carea' id='block_1_109' title="bbox 2195 4713 3768 4812">
    <p class='ocr_par' dir='ltr' id='par_1_109' title="bbox 2195 4713 3768 4812">
     <span class='ocr_line' id='line_1_109' title="bbox 2195 4713 3768 4812; baseline -0.022 -13"><span class='ocrx_word' id='word_1_758' title='bbox 2195 4713 2431 4812; x_wconf 76' lang='lat' dir='ltr'><strong>scripsit.</strong></span> <span class='ocrx_word' id='word_1_759' title='bbox 2461 4736 2703 4792; x_wconf 80' lang='lat' dir='ltr'><strong>Abtadus</strong></span> <span class='ocrx_word' id='word_1_760' title='bbox 2729 4725 3063 4787; x_wconf 86' lang='lat' dir='ltr'><strong>Geneveusis</strong></span> <span class='ocrx_word' id='word_1_761' title='bbox 3089 4723 3376 4793; x_wconf 88' lang='lat' dir='ltr'><strong>episcopus</strong></span> <span class='ocrx_word' id='word_1_762' title='bbox 3421 4713 3768 4812; x_wconf 64' lang='lat' dir='ltr'><strong>subscripsit.</strong></span> 
     </span>
    </p>
   </div>
   <div class='ocr_carea' id='block_1_110' title="bbox 2197 4801 3773 4894">
    <p class='ocr_par' dir='ltr' id='par_1_110' title="bbox 2197 4801 3773 4894">
     <span class='ocr_line' id='line_1_110' title="bbox 2197 4801 3773 4894; baseline -0.02 -6"><span class='ocrx_word' id='word_1_763' title='bbox 2197 4801 2550 4888; x_wconf 80' lang='lat' dir='ltr'><strong>llarinbertus</strong></span> <span class='ocrx_word' id='word_1_764' title='bbox 2586 4820 2904 4894; x_wconf 82' lang='lat' dir='ltr'><strong>.Bajocensis</strong></span> <span class='ocrx_word' id='word_1_765' title='bbox 2933 4817 3220 4887; x_wconf 88' lang='lat' dir='ltr'><strong>episcopus</strong></span> <span class='ocrx_word' id='word_1_766' title='bbox 3264 4805 3606 4873; x_wconf 87' lang='lat' dir='ltr'><strong>subscripsit.</strong></span> <span class='ocrx_word' id='word_1_767' title='bbox 3641 4801 3773 4858; x_wconf 76' lang='lat' dir='ltr'><strong>Fre-</strong></span> 
     </span>
    </p>
   </div>
   <div class='ocr_carea' id='block_1_111' title="bbox 2199 4897 3770 4984">
    <p class='ocr_par' dir='ltr' id='par_1_111' title="bbox 2199 4897 3770 4984">
     <span class='ocr_line' id='line_1_111' title="bbox 2199 4897 3770 4984; baseline -0.021 -3"><span class='ocrx_word' id='word_1_768' title='bbox 2199 4925 2374 4981; x_wconf 80' lang='lat' dir='ltr'><strong>culfus</strong></span> <span class='ocrx_word' id='word_1_769' title='bbox 2395 4917 2743 4977; x_wconf 79' lang='lat' dir='ltr'><strong>Lexoviensis</strong></span> <span class='ocrx_word' id='word_1_770' title='bbox 2773 4914 3057 4984; x_wconf 89' lang='lat' dir='ltr'><strong>episcopus</strong></span> <span class='ocrx_word' id='word_1_771' title='bbox 3089 4900 3429 4972; x_wconf 87' lang='lat' dir='ltr'><strong>subscripsit.</strong></span> <span class='ocrx_word' id='word_1_772' title='bbox 3464 4897 3770 4952; x_wconf 83' lang='lat' dir='ltr'><strong>Theodori—</strong></span> 
     </span>
    </p>
   </div>
   <div class='ocr_carea' id='block_1_112' title="bbox 2197 5081 3772 5176">
    <p class='ocr_par' dir='ltr' id='par_1_112' title="bbox 2197 5081 3772 5176">
     <span class='ocr_line' id='line_1_112' title="bbox 2197 5081 3772 5176; baseline -0.018 -15"><span class='ocrx_word' id='word_1_773' title='bbox 2197 5103 2527 5176; x_wconf 84' lang='lat' dir='ltr'><strong>Tungrensis</strong></span> <span class='ocrx_word' id='word_1_774' title='bbox 2562 5100 2843 5169; x_wconf 89' lang='lat' dir='ltr'><strong>episcopus</strong></span> <span class='ocrx_word' id='word_1_775' title='bbox 2872 5089 3211 5160; x_wconf 86' lang='lat' dir='ltr'><strong>subscripsit.</strong></span> <span class='ocrx_word' id='word_1_776' title='bbox 3257 5083 3610 5176; x_wconf 57' lang='lat' dir='ltr'><strong>Bagesum-ius</strong></span> <span class='ocrx_word' id='word_1_777' title='bbox 3641 5081 3772 5134; x_wconf 80' lang='lat' dir='ltr'><strong>Am-</strong></span> 
     </span>
    </p>
   </div>
   <div class='ocr_carea' id='block_1_113' title="bbox 2198 5171 3772 5264">
    <p class='ocr_par' dir='ltr' id='par_1_113' title="bbox 2198 5171 3772 5264">
     <span class='ocr_line' id='line_1_113' title="bbox 2198 5171 3772 5264; baseline -0.02 -11"><span class='ocrx_word' id='word_1_778' title='bbox 2198 5171 2471 5253; x_wconf 75' lang='lat' dir='ltr'><strong>bianensis</strong></span> <span class='ocrx_word' id='word_1_779' title='bbox 2500 5193 2783 5264; x_wconf 87' lang='lat' dir='ltr'><strong>episcopus</strong></span> <span class='ocrx_word' id='word_1_780' title='bbox 2811 5181 3148 5253; x_wconf 84' lang='lat' dir='ltr'><strong>subscripsit.</strong></span> <span class='ocrx_word' id='word_1_781' title='bbox 3175 5175 3451 5233; x_wconf 88' lang='lat' dir='ltr'><strong>Eccardus</strong></span> <span class='ocrx_word' id='word_1_782' title='bbox 3477 5171 3772 5228; x_wconf 82' lang='lat' dir='ltr'><strong>Novioma—</strong></span> 
     </span>
    </p>
   </div>
   <div class='ocr_carea' id='block_1_114' title="bbox 2201 5261 3775 5354">
    <p class='ocr_par' dir='ltr' id='par_1_114' title="bbox 2201 5261 3775 5354">
     <span class='ocr_line' id='line_1_114' title="bbox 2201 5261 3775 5354; baseline -0.018 -12"><span class='ocrx_word' id='word_1_783' title='bbox 2201 5287 2379 5342; x_wconf 79' lang='lat' dir='ltr'><strong>censis</strong></span> <span class='ocrx_word' id='word_1_784' title='bbox 2406 5261 2691 5354; x_wconf 78' lang='lat' dir='ltr'><strong>episcopus</strong></span> <span class='ocrx_word' id='word_1_785' title='bbox 2736 5274 3073 5344; x_wconf 86' lang='lat' dir='ltr'><strong>subscripsit.</strong></span> <span class='ocrx_word' id='word_1_786' title='bbox 3102 5268 3372 5324; x_wconf 85' lang='lat' dir='ltr'><strong>Ebroinus</strong></span> <span class='ocrx_word' id='word_1_787' title='bbox 3415 5261 3775 5319; x_wconf 83' lang='lat' dir='ltr'><strong>Pictaviensis</strong></span> 
     </span>
    </p>
   </div>
   <div class='ocr_carea' id='block_1_115' title="bbox 2201 5348 3775 5444">
    <p class='ocr_par' dir='ltr' id='par_1_115' title="bbox 2201 5348 3775 5444">
     <span class='ocr_line' id='line_1_115' title="bbox 2201 5348 3775 5444; baseline -0.02 -14"><span class='ocrx_word' id='word_1_788' title='bbox 2201 5348 2484 5444; x_wconf 71' lang='lat' dir='ltr'><strong>cpiscopus</strong></span> <span class='ocrx_word' id='word_1_789' title='bbox 2545 5348 2878 5439; x_wconf 80' lang='lat' dir='ltr'><strong>subscripsit.</strong></span> <span class='ocrx_word' id='word_1_790' title='bbox 2951 5359 3278 5419; x_wconf 85' lang='lat' dir='ltr'><strong>Gundacher</strong></span> <span class='ocrx_word' id='word_1_791' title='bbox 3335 5348 3775 5408; x_wconf 81' lang='lat' dir='ltr'><strong>Limoticinensis</strong></span> 
     </span>
    </p>
   </div>
   <div class='ocr_carea' id='block_1_116' title="bbox 2203 5437 3774 5535">
    <p class='ocr_par' dir='ltr' id='par_1_116' title="bbox 2203 5437 3774 5535">
     <span class='ocr_line' id='line_1_116' title="bbox 2203 5437 3774 5535; baseline -0.02 -14"><span class='ocrx_word' id='word_1_792' title='bbox 2203 5437 2484 5535; x_wconf 76' lang='lat' dir='ltr'><strong>episcopus</strong></span> <span class='ocrx_word' id='word_1_793' title='bbox 2513 5437 2852 5528; x_wconf 83' lang='lat' dir='ltr'><strong>subscripsit.</strong></span> <span class='ocrx_word' id='word_1_794' title='bbox 2878 5460 3042 5508; x_wconf 78' lang='lat' dir='ltr'><strong>Jonas</strong></span> <span class='ocrx_word' id='word_1_795' title='bbox 3059 5443 3466 5503; x_wconf 80' lang='lat' dir='ltr'><strong>Aurelianensis</strong></span> <span class='ocrx_word' id='word_1_796' title='bbox 3496 5438 3650 5494; x_wconf 80' lang='lat' dir='ltr'><strong>urbis</strong></span> <span class='ocrx_word' id='word_1_797' title='bbox 3665 5437 3774 5506; x_wconf 83' lang='lat' dir='ltr'><strong>epi-</strong></span> 
     </span>
    </p>
   </div>
   <div class='ocr_carea' id='block_1_117' title="bbox 2205 5529 3775 5626">
    <p class='ocr_par' dir='ltr' id='par_1_117' title="bbox 2205 5529 3775 5626">
     <span class='ocr_line' id='line_1_117' title="bbox 2205 5529 3775 5626; baseline -0.02 -14"><span class='ocrx_word' id='word_1_798' title='bbox 2205 5572 2398 5626; x_wconf 84' lang='lat' dir='ltr'><strong>scopus</strong></span> <span class='ocrx_word' id='word_1_799' title='bbox 2425 5550 2759 5619; x_wconf 79' lang='lat' dir='ltr'><strong>subscripsit.</strong></span> <span class='ocrx_word' id='word_1_800' title='bbox 2815 5543 3097 5600; x_wconf 84' lang='lat' dir='ltr'><strong>Moduinus</strong></span> <span class='ocrx_word' id='word_1_801' title='bbox 3126 5531 3524 5594; x_wconf 86' lang='lat' dir='ltr'><strong>Ostudunensis</strong></span> <span class='ocrx_word' id='word_1_802' title='bbox 3569 5529 3775 5600; x_wconf 79' lang='lat' dir='ltr'><strong>episeo-</strong></span> 
     </span>
    </p>
   </div>
   <div class='ocr_carea' id='block_1_118' title="bbox 2205 5619 3773 5718">
    <p class='ocr_par' dir='ltr' id='par_1_118' title="bbox 2205 5619 3773 5718">
     <span class='ocr_line' id='line_1_118' title="bbox 2205 5619 3773 5718; baseline -0.022 -16"><span class='ocrx_word' id='word_1_803' title='bbox 2205 5619 2317 5718; x_wconf 48' lang='lat' dir='ltr'><strong>pus-</strong></span> <span class='ocrx_word' id='word_1_804' title='bbox 2349 5640 2686 5709; x_wconf 88' lang='lat' dir='ltr'><strong>subscripsit.</strong></span> <span class='ocrx_word' id='word_1_805' title='bbox 2720 5632 3041 5690; x_wconf 80' lang='lat' dir='ltr'><strong>Hcribaldus</strong></span> <span class='ocrx_word' id='word_1_806' title='bbox 3086 5623 3535 5684; x_wconf 78' lang='lat' dir='ltr'><strong>Altisiodorensis</strong></span> <span class='ocrx_word' id='word_1_807' title='bbox 3564 5619 3773 5689; x_wconf 71' lang='lat' dir='ltr'><strong>episeo-</strong></span> 
     </span>
    </p>
   </div>
   <div class='ocr_carea' id='block_1_119' title="bbox 2207 5715 3774 5808">
    <p class='ocr_par' dir='ltr' id='par_1_119' title="bbox 2207 5715 3774 5808">
     <span class='ocr_line' id='line_1_119' title="bbox 2207 5715 3774 5808; baseline -0.02 -17"><span class='ocrx_word' id='word_1_808' title='bbox 2207 5715 2307 5808; x_wconf 82' lang='lat' dir='ltr'><strong>pus</strong></span> <span class='ocrx_word' id='word_1_809' title='bbox 2351 5732 2685 5802; x_wconf 85' lang='lat' dir='ltr'><strong>subscripsit.</strong></span> <span class='ocrx_word' id='word_1_810' title='bbox 2733 5727 3053 5782; x_wconf 84' lang='lat' dir='ltr'><strong>Adalbertus</strong></span> <span class='ocrx_word' id='word_1_811' title='bbox 3102 5717 3444 5775; x_wconf 84' lang='lat' dir='ltr'><strong>Tricacensis</strong></span> <span class='ocrx_word' id='word_1_812' title='bbox 3497 5715 3774 5783; x_wconf 68' lang='lat' dir='ltr'><strong>epi&lt;cnpus</strong></span> 
     </span>
    </p>
   </div>
  </div>
