3924 6372
291 377 313 432 1
325 377 426 433 9.95

1449 382 1839 438 DIPLOMATA
1881 385 2423 443 ECCLESIASTICA.

3380 394 3511 449 {29$

288 469 636 575 subscripsit.
662 490 808 546 Dodo
850 492 1250 562 Andegavensis
1283 494 1566 564 episcOpus
1609 497 1845 551 subscri-
1877 508 1925 565 Α
1952 500 2105 555 rabili
2132 498 2346 558 Aldrico
2377 503 2624 574 episcopo
2655 505 2719 559 ad
2741 514 2949 573 patrem
2975 509 3296 578 praescriptas
3343 510 3510 564 cccle-

285 570 416 652 psit.
464 583 879 638 Herchenradus
923 582 1212 638 Parisiacae
1242 583 1390 639 urbis
1417 586 1697 656 episcopus
1731 585 1855 641 sub-

286 673 519 743 scripsit.
570 672 899 728 Humbertus
926 673 1147 728 humilis
1179 676 1464 745 episcOpus
1512 677 1848 746 subscripsit.

285 765 568 822 Fulcarius
594 768 814 822 humilis
839 768 1122 837 episcopus
1148 770 1483 839 subscripsit.
1518 768 1853 826 Godofredus

287 855 610 912 Senlilensis
635 857 918 928 episcopus
942 858 1284 928 subscripsit.
1326 858 1506 913 Favvo
1534 860 1852 916 Cavilonen-

285 947 367 1001 sis
392 947 676 1017 episcopus
702 947 1038 1016 subscripsit.
1072 947 1213 1001 Hildi
1246 947 1600 1004 Virdunensis
1637 951 1850 1020 episco-

285 1051 384 1105 pus
414 1037 752 1104 subscripsit.
792 1035 972 1106 Lupus
1010 1036 1393 1092 Cadolonensis
1433 1037 1711 1108 episcopus
1733 1040 1854 1094 sub-

287 1125 522 1193 scripsit.
574 1124 884 1194 Stephanus
928 1126 1146 1181 humilis
1191 1126 1472 1196 episcopus
1512 1128 1847 1199 subscripsit.

286 1213 614 1270 Walafridus
627 1218 884 1272 diaconus
904 1226 1118 1287 rogatus
1135 1219 1424 1286 recognovi
1456 1227 1511 1271 et
1527 1220 1845 1289 subscripsi.

353 1303 486 1356 Data
510 1320 604 1358 νιιι
649 1305 771 1360 ldus
797 1297 1134 1375 Septembris
1166 1322 1326 1370 anno,
1354 1305 1571 1361 Christo
1592 1311 1845 1379 propitio,

286 1391 496 1461 imperii
542 1394 722 1448 domni
769 1395 1023 1450 Ludovici
1053 1397 1302 1465 piissimi
1327 1397 1551 1467 Augusti
1591 1399 1683 1476 25,
1715 1401 1851 1456 indi-

283 1483 462 1539 ctione
491 1485 541 1538 1.
572 1485 764 1540 Actum
795 1487 1116 1557 Aquisgrani
1144 1485 1345 1558 palatio
1373 1491 1523 1560 regio
1549 1491 1602 1544 in
1635 1493 1729 1547 Dei
1759 1508 1850 1548 no-

284 1575 428 1630 mine
457 1575 708 1630 feliciter.
738 1575 927 1632 Amen.

939 1668 1209 1726 CCXXIV.

282 1772 380 1813 1⁵Ιο
404 1773 649 1814 εεειεεμ
681 1751 1026 1816 CENOIANlCl-Z
1050 1779 1203 1819 UBBIS
1243 1780 1311 1822 ετ
1343 1781 1570 1823 Αιυιιιεο
1593 1782 1713 1821 EJUS
1738 1783 1850 1822 ΕΝ-

968 1847 1147 1887 SCOPO.

888 1899 1060 1972 (Anno
1089 1903 1238 1974 8'58.)

769 1987 946 2060 [Apud
969 1989 1154 2046 Baluz.
1186 1992 1338 2065 ibid.]

348 2073 403 2128 In
433 2077 648 2140 nomine
697 2077 910 2134 Domini
946 2080 1041 2135 Dei
1085 2092 1140 2135 et
1181 2080 1477 2137 Salvatoris
1519 2085 1688 2138 nostri
1721 2083 1846 2139 Jesu

276 2160 494 2229 Christi,
512 2165 830 2234 Ludovicus,
847 2170 1025 2223 divina
1039 2171 1423 2239 rcpropitiante
1436 2173 1740 2236 clementia,
1757 2175 1850 2227 im-

272 2262 494 2320 perator
521 2254 811 2326 Augustus.
840 2249 848 2254 ’

345 2339 404 2395 Si
432 2332 669 2398 ﬁdelium
699 2354 1007 2401 nostrorum
1033 2347 1210 2417 justas
1244 2358 1297 2404 et
1320 2350 1665 2420 rationabiles
1710 2353 1846 2420 peti-

271 2431 445 2487 tiones
469 2449 533 2488 ac
554 2435 961 2503 postulationes,
986 2455 1119 2507 quas
1135 2455 1233 2508 pro
1247 2440 1477 2496 utilitate
1490 2451 1544 2496 et
1565 2443 1845 2498 exactione

270 2529 471 2575 sanctae
496 2522 592 2579 Dei
618 2524 873 2580 Ecclesiae
895 2535 1209 2596 exposcunt,
1248 2530 1313 2585 ad
1333 2538 1575 2599 optatum
1596 2530 1843 2586 ell‘ectum

265 2611 629 2680 perducimus,
679 2628 785 2668 non
831 2616 1003 2670 solum
1044 2618 1247 2688 regiam
1290 2629 1452 2688 atque
1512 2619 1842 2689 imperialem

266 2703 704 2758 consuetudinem
728 2705 782 2758 in
807 2705 910 2760 hoc
933 2722 1272 2773 exercemus,
1304 2709 1397 2763 sed
1424 2709 1587 2765 etiam
1629 2725 1724 2765 eos
1743 2726 1841 2766 no-

264 2785 351 2844 bis
374 2793 748 2862 promptiores,
790 2803 851 2850 ut
877 2797 1168 2863 credimus,
1202 2807 1364 2868 atque
1382 2799 1687 2855 devotiores
1715 2799 1844 2856 faci-

263 2890 404 2932 mus.
449 2878 653 2936 Idcirco
675 2883 922 2940 omnibus
944 2884 1187 2942 ﬁdelibus
1216 2895 1416 2942 sanctaa
1443 2889 1539 2943 Dei
1583 2889 1838 2945 Ecclesia:

263 2974 323 3020 et
348 2971 563 3036 nostris,
588 2976 942 3041 praesentibus
963 2978 1170 3033 scilicet
1195 2987 1248 3034 et
1268 2979 1488 3046 futuris,
1511 2990 1690 3036 notum
1717 2998 1835 3038 esse

261 3056 510 3113 volumus
547 3063 671 3146 quia
712 3063 854 3120 Bavo
884 3067 1141 3124 vassallus
1180 3077 1366 3125 noster
1413 3071 1570 3126 nobis
1609 3073 1835 3127 innotuit

261 3147 407 3215 quod
443 3151 736 3217 quamdam
783 3155 962 3209 villam
994 3158 1150 3212 sitam
1197 3161 1250 3213 in
1287 3175 1426 3233 pago
1478 3161 1835 3218 Cenomanico

262 3237 478 3292 nomine
508 3239 814 3299 Tridentem
842 3246 906 3299 de
921 3245 1042 3312 jure
1067 3248 1437 3307 Cenomanicat
1458 3254 1644 3308 matris
1666 3255 1832 3309 eccle-

261 3327 358 3418 sia:
386 3344 481 3418 per
512 3343 752 3389 nostrum
775 3338 1090 3395 beneﬁcium
1120 3343 1443 3410 possideret,
1482 3347 1548 3400 de
1593 3362 1695 3415 qua
1736 3364 1832 3418 per

261 3415 500 3485 singulos
529 3435 697 3477 annos
723 3439 894 3481 nonas
925 3436 979 3482 et
1005 3429 1239 3486 decimas
1265 3440 1320 3487 et
1338 3432 1605 3504 legitimos
1641 3415 1832 3494 census

255 3507 502 3573 partibus
541 3511 775 3578 praefatae
802 3518 991 3572 matris
1020 3519 1261 3574 ecclesiae
1287 3530 1342 3576 et
1369 3523 1610 3591 ejusdem
1654 3535 1830 3582 recto-

264 3594 416 3650 ribus
459 3600 808 3668 persolveret.
837 3604 952 3670 Qua
981 3607 1048 3661 de
1085 3623 1143 3661 re
1170 3621 1498 3666 memoratus
1521 3612 1666 3668 Bavo
1709 3629 1833 3685 per-

257 3689 500 3741 tractans
523 3703 704 3743 casum
726 3690 1029 3762 fragilitatis
1070 3697 1331 3760 humanae,
1368 3709 1420 3753 et
1443 3715 1736 3769 pavescens
1758 3705 1831 3757 ul-

259 3775 450 3830 timum
497 3780 795 3836 vocationis
821 3783 983 3848 diem,
1024 3786 1324 3855 timensque
1353 3803 1421 3842 ne
1457 3791 1682 3857 prznfata
1705 3793 1827 3846 villa

255 3867 438 3938 aliquo
466 3871 772 3942 cupiditatis
801 3889 910 3929 suae
949 3877 1164 3931 stimulo
1211 3877 1292 3931 vel
1330 3880 1569 3946 quolibet
1613 3881 1827 3950 ingenio

257 3975 288 4014 a
304 3959 427 4028 jure
451 3963 683 4033 praefata:
710 3966 898 4020 matris
923 3967 1162 4022 ecclesiae
1193 3969 1423 4023 alienata
1449 3970 1624 4035 ﬁeret,
1677 3971 1826 4026 ideo-

255 4063 361 4117 que
412 4050 591 4106 diVino
634 4051 848 4108 fervens
911 4070 1114 4122 amore,
1159 4058 1292 4112 adiit
1332 4059 1674 4114 clementiam
1728 4077 1826 4115 no-

255 4149 448 4207 stram,
492 4143 806 4212 suppliciter
830 4147 1124 4216 deprecans
1171 4157 1229 4203 ut
1265 4159 1615 4203 memoratam
1643 4151 1822 4206 villam

255 4231 471 4286 nomine
497 4228 802 4287 Tridentém
834 4250 955 4288 cum
983 4236 1229 4290 omnibus
1256 4239 1321 4290 ad
1351 4253 1409 4292 se
1433 4241 1824 4306 pertinentibus

253 4307 499 4390 partibus
541 4324 808 4392 praedictae
853 4324 1228 4382 Cenomanica:
1265 4330 1454 4383 matris
1485 4331 1727 4386 ecclesia:
1771 4342 1825 4388 et

249 4408 471 4466 Aldrico
496 4413 736 4482 ejusdem
766 4415 915 4470 urbis
943 4417 1236 4472 venerabili
1260 4419 1501 4488 pontiﬁci
1537 4432 1825 4492 prmsenta-

1953 592 2045 646 siae
2065 608 2174 648 suae
2211 596 2602 664 przcsentaliter
2627 597 2969 665 reddidimus,
3017 601 3148 654 utin
3196 609 3510 672 perpetuum

1954 681 2008 734 in
2053 683 2309 739 utilitates
2330 692 2384 738 et
2403 685 2640 755 ejusdem
2675 687 2913 743 ecclesiae
2946 689 3178 760 episcopi
3210 690 3426 760 Deoque
3456 691 3510 745 in

1951 786 2013 825 ea
2053 773 2470 831 deservientium
2494 785 2825 847 permaneat.
2867 778 3074 834 Idcirco
3100 781 3512 851 suggerentibus

1951 873 2111 934 atque
2138 866 2408 922 humiliter
2431 869 2827 938 postulantibus
2862 870 3129 939 praedictis
3155 869 3396 926 ﬁdelibus
3417 885 3510 924 ιιοο

1951 958 2100 1023 stris,
2143 969 2439 1016 memorato
2462 961 2710 1018 videlicet
2739 961 2956 1016 Aldrico
2983 963 3231 1032 episcopo
3257 969 3312 1017 et
3347 961 3512 1016 Bavo-

1951 1065 2016 1103 ne
2043 1050 2269 1106 vassallo
2308 1060 2512 1119 nostro,
2552 1055 2652 1108 hoc
2676 1061 2872 1108 nostrae
2891 1051 3310 1109 conﬁrmationis
3351 1059 3512 1120 atque

1951 1140 2266 1196 redditionis
2315 1151 2638 1213 praeceptum
2684 1144 2970 1214 saepedicto
3013 1142 3229 1200 Aldrico
3265 1143 3514 1212 episcopo

1949 1231 2030 1284 vel
2083 1232 2150 1286 ad
2175 1241 2382 1300 partem
2413 1231 2526 1301 jam
2563 1234 2716 1288 dicta:
2757 1234 2908 1289 urbis
2938 1234 3054 1289 ﬁeri
3095 1233 3373 1302 iussimus,
3418 1247 3515 1302 per

1949 1320 2090 1390 quod
2107 1321 2443 1378 decernimus
2467 1331 2626 1393 atque
2646 1324 2894 1392 jubemus
2912 1332 2971 1378 ut
2992 1323 3169 1378 nullus
3184 1324 3283 1379 sub
3311 1323 3512 1380 ditione

1951 1412 2159 1480 imperii
2189 1414 2356 1468 nostri
2391 1415 2588 1483 degens
2615 1413 2720 1469 ullo
2745 1429 2979 1484 unquam
3017 1421 3253 1483 tempore
3289 1413 3354 1468 de
3377 1428 3515 1482 pra:-

1949 1502 2092 1556 dicta
2136 1502 2260 1556 villa
2281 1503 2364 1556 vel
2392 1504 2459 1558 de
2497 1503 2744 1558 omnibus
2775 1504 2842 1558 ad
2885 1519 3004 1558 eam
3032 1502 3422 1572 pertinentibus
3462 1501 3512 1555 in

1949 1593 2352 1664 quibuscunque
2380 1594 2530 1664 pagis
2543 1594 2626 1649 vel
2659 1593 2789 1649 locis
2810 1592 3095 1664 saepedicto
3137 1592 3354 1646 Aldrico
3396 1592 3511 1660 epi—

1950 1699 2110 1754 scopo
2148 1686 2364 1756 suisque
2404 1687 2807 1743 successoribus
2851 1685 2962 1739 ullo
3005 1698 3237 1753 unquam
3273 1691 3514 1752 tempore

1953 1775 2372 1844 inquietudinem
2400 1775 2576 1833 facere
2602 1785 2697 1832 aut
2738 1776 3030 1846 quamlibet
3073 1774 3393 1829 calumniam
3431 1775 3514 1827 in-

1880 1854 1922 1912 Β
1947 1880 2137 1935 gerere
2174 1876 2493 1935 przesumat;
2516 1867 2612 1922 sed
2632 1868 2791 1922 liceat
2810 1866 2860 1921 ei
2897 1873 2953 1922 et
2974 1863 3374 1920 successoribus
3399 1863 3514 1934 ejus

1949 1958 2133 2026 quieto
2175 1959 2362 2013 ordine
2387 1968 2738 2013 memoratam
2775 1958 2953 2012 villam
2995 1972 3116 2012 cum
3155 1956 3403 2012 omnibus
3443 1956 3515 2009 lo-

1948 2046 2026 2101 cis
2055 2055 2110 2102 et
2145 2048 2432 2102 tcrritoriis
2481 2049 2594 2103 sive
2625 2049 2906 2119 mancipiis
2942 2056 3140 2103 etcum
3178 2047 3426 2102 omnibus
3447 2049 3513 2101 ad

1949 2151 2006 2190 se
2026 2138 2417 2206 pertinentibus
2440 2137 2564 2206 jure
2599 2139 2965 2194 ecclesiastico
2992 2147 3176 2195 tenere
3196 2147 3250 2192 et
3275 2139 3513 2206 posside-

1949 2241 2028 2290 re,
2077 2235 2131 2281 et
2156 2228 2416 2297 quidquid
2460 2243 2558 2298 pro
2586 2229 2985 2299 opportunitate
3016 2235 3072 2283 et
3114 2228 3502 2283 commoditate

1945 2316 2180 2386 praefatae
2221 2319 2365 2374 sedis
2409 2319 2649 2374 ecclesiae
2689 2317 2882 2374 exinde
2931 2318 3110 2375 facere
3153 2319 3511 2385 decreverint,

1945 2407 2166 2462 liberam
2187 2406 2239 2461 in
2261 2409 2509 2464 omnibus
2528 2409 2763 2465 habeant
2787 2408 2981 2464 futuris
3005 2409 3334 2479 temporibus
3360 2418 3510 2480 pote-

1943 2507 2138 2554 statem
2162 2500 2413 2555 faciendi.
2444 2501 2510 2555 Et
2537 2508 2596 2555 ut
2613 2502 2729 2556 haec
2765 2509 2961 2556 nostra:
2980 2501 3298 2556 redditionis
3328 2509 3514 2556 aucto-

1942 2590 2076 2645 ritas
2097 2600 2408 2661 perpetuam
2431 2591 2670 2646 obtineat
2710 2591 3044 2657 ﬁrmitatem,
3098 2607 3260 2647 manu
3292 2591 3511 2663 propria

1942 2683 2126 2737 subter
2150 2696 2271 2736 eam
2294 2681 2643 2745 ﬁrmavimus,
2673 2690 2727 2736 et
2753 2681 2820 2736 de
2850 2682 3044 2738 annulo
3063 2690 3249 2738 nostro
3287 2681 3510 2752 sigillari

1934 2770 2214 2840 jussimus.

2012 2861 2235 2934 Signum
2262 2862 2516 2918 Ludovici
2539 2862 2869 2918 serenissimi
2909 2864 3270 2934 imperatoris.

2009 2953 2402 3009 Hirminmarns
2425 2954 2666 3009 notarius
2693 2955 2761 3009 ad
2781 2955 2952 3009 vicem
2981 2954 3220 3026 Hugonis
3251 2970 3511 3027 recogno-

1935 3044 1986 3098 vi
2019 3052 2074 3098 et
2094 3044 2408 3112 subscripsi.

2011 3134 2141 3189 Data
2170 3151 2225 3190 nt
2273 3134 2496 3190 Kalend.
2543 3132 2710 3190 Maias
2733 3149 2894 3200 anno,
2922 3134 3137 3190 Christo
3162 3137 3414 3207 prapitio,
3437 3137 3507 3192 25

1938 3224 2150 3294 imperii
2214 3225 2397 3280 domni
2461 3224 2716 3280 Ludovici
2768 3224 2992 3294 piissimi
3050 3225 3309 3297 Augusti,
3363 3226 3505 3281 indi-

1934 3313 2110 3368 ctione
2139 3313 2335 3384 prima.

2001 3404 2190 3459 Actum
2221 3404 2544 3475 Aquisgranl
2565 3401 2763 3474 palatio
2785 3404 2931 3475 regio
2952 3403 3006 3458 in
3034 3404 3128 3460 Del
3155 3406 3369 3462 nomine
3391 3404 3512 3460 fcli-

1931 3496 2088 3551 citer.
2113 3494 2302 3550 Amen.

2589 3585 2840 3642 CCXXV.

2410 3695 2511 3734 Ινηο
2545 3694 2719 3733 ΕΔΜ-ΖΙ
2753 3692 3019 3732 εεειεεη.

2535 3771 2706 3840 (Anno
2739 3771 2887 3840 sas.)

2257 3863 2434 3935 [Apud
2459 3861 2668 3927 Baluz.,
2692 3860 2843 3925 ibid.,
2874 3876 2996 3932 pag.
3036 3861 3179 3934 lt7.]

2001 3973 2057 4028 ln
2095 3975 2309 4029 nomine
2351 3973 2562 4027 Domini
2597 3972 2690 4028 Dei
2717 3981 2771 4027 et
2821 3972 3116 4028 Salvatoris
3157 3974 3326 4027 nostri
3368 3973 3496 4028 Jesu

1927 4065 2153 4130 Christi,
2195 4065 2519 4128 Ludovicus,
2545 4063 2723 4118 divina
2771 4063 3156 4133 repropitiante
3186 4062 3493 4130 clementia,

1926 4156 2222 4226 imperator
2249 4156 2539 4227 Augustus.

1998 4246 2054 4302 Si
2098 4245 2346 4316 precibus
2385 4245 2746 4309 sacerdotum,
2775 4245 2986 4313 quando
3012 4260 3109 4315 pro
3146 4245 3258 4300 suis
3286 4245 3371 4301 vel
3397 4259 3490 4300 ecv

1925 4340 2210 4394 clesiarum
2252 4338 2352 4394 sibi
2392 4337 2802 4392 commissarum
2850 4336 3262 4414 necessitatibus
3290 4337 3489 4406 aliquid

1926 4429 2181 4483 intimare
2205 4425 2491 4491 voluerint,
2530 4441 2714 4480 aurem
2747 4424 2980 4479 libenter
3000 4427 3485 4487 accommodamus.

253 4500 378 4596 liter
424 4512 607 4558 nostra
644 4503 910 4573 imperiali
969 4510 1287 4563 auctoritate
1341 4511 1705 4579 redderemus,
1767 4523 1821 4569 et
1848 4537 1898 4596 ι)
1925 4534 2220 4589 eorumque
2244 4517 2420 4588 justas
2446 4531 2510 4570 ac
2533 4514 2877 4570 rationabiles
2903 4516 3189 4586 petitiones
3213 4532 3277 4571 ac
3303 4525 3488 4587 postu-

249 4587 392 4647 hanc
431 4592 785 4649 redditionem
833 4612 930 4666 per
974 4607 1219 4652 nostrum
1253 4609 1580 4670 praceptum
1626 4602 1821 4660 futuris

251 4685 581 4753 temporibus
609 4685 816 4742 ﬁrmius
846 4689 1020 4743 eidem
1064 4691 1302 4746 ecclesia?
1347 4693 1565 4761 suisque
1592 4697 1820 4750 rectori-

248 4775 349 4832 bus
373 4778 745 4846 possidendam
774 4782 1268 4840 conﬁrmassemus.
1311 4785 1475 4854 Cujus
1503 4788 1818 4856 petitionem

248 4868 318 4923 ob
357 4883 598 4925 amorem
617 4870 717 4926 Dei
751 4881 805 4928 et
843 4875 1200 4929 reverentiam
1231 4873 1478 4945 ejusdem
1518 4880 1688 4934 sancti
1720 4880 1821 4935 loci

247 4974 630 5031 servorumque
660 4962 753 5017 Dei
775 4961 906 5019 inibi
936 4959 1305 5019 famulantium
1351 4966 1581 5021 libenter
1619 4970 1822 5025 audivi-

248 5068 388 5118 mus,
439 5063 494 5107 et
522 5055 955 5125 deprecationem
983 5072 1046 5111 ac
1069 5058 1216 5127 pium
1263 5057 1588 5113 desiderium
1616 5057 1730 5127 ejus
1750 5059 1816 5114 ad

243 5154 485 5221 optatum
512 5145 759 5202 eﬂ‘ectum
789 5148 1081 5218 adimplere
1104 5135 1321 5220 dignum
1351 5149 1618 5205 duximus.
1675 5151 1816 5220 Qua-

244 5241 461 5304 propter
496 5249 591 5315 per
644 5235 747 5290 hoc
788 5246 986 5292 nostra
1030 5238 1365 5292 auctoritatis
1405 5239 1663 5307 scriptum
1707 5249 1816 5294 sta-

245 5334 452 5380 tuentes
473 5327 809 5384 decernimns
839 5338 997 5398 atque
1013 5327 1260 5397 jubemus
1280 5337 1339 5382 ut
1365 5330 1811 5397 quemadmodum

242 5415 556 5485 saepedicti".
594 5414 738 5470 Bavo
783 5412 953 5472 ﬁdelis
992 5425 1174 5471 noster
1223 5427 1576 5471 memoratam
1623 5419 1803 5473 villam

1922 4612 2152 4665 lationes
2200 4609 2268 4664 ad
2322 4596 2565 4678 Optatum
2613 4605 2861 4660 eﬂ'ectum
2900 4605 3186 4675 pervenire
3238 4605 3485 4670 facimus,

1922 4718 2030 4757 non
2059 4701 2232 4756 solum
2260 4699 2461 4768 regiam
2493 4705 2653 4767 atque
2686 4697 3017 4767 imperialem
3045 4698 3486 4752 consuetudinem

1922 4794 1975 4847 in
2002 4793 2109 4859 hoc
2133 4805 2468 4852 exercemus,
2497 4789 2592 4842 sed
2620 4788 2784 4842 etiam
2825 4787 3041 4842 eosdem
3081 4788 3389 4842 sacerdotes
3418 4788 3486 4841 ad

1923 4877 2588 4936 Domini-misericordiam
2635 4891 2733 4945 pro
2777 4875 2932 4930 nobis
2955 4875 3282 4929 exorandam
3309 4890 3486 4944 prom-

1924 4974 2127 5043 ptiores
2148 4980 2306 5039 atque
2327 4969 2627 5024 devotiores
2651 4966 2895 5022 facimus.
2926 4964 3132 5021 Idcirco
3155 4973 3339 5020 notum
3367 4966 3480 5020 ﬁeri

1921 5061 2167 5117 volumus
2206 5057 2445 5112 omnium
2483 5057 2717 5111 ﬁdelium
2759 5065 3066 5111 nostrorum
3099 5064 3206 5110 tam
3244 5071 3478 5126 praesen-

1922 5152 2054 5205 tium
2112 5162 2275 5218 quam
2318 5155 2374 5201 et
2423 5146 2725 5199 futurorum
2771 5144 3044 5198 industria:
3065 5145 3189 5212 quia
3231 5144 3481 5202 Aldricus

1918 5239 2242 5295 venerabilis
2298 5236 2667 5293 Cenomanicre
2713 5235 2861 5288 urbis
2901 5234 3183 5304 episcopus
3219 5237 3479 5292 accedens

1921 5331 1984 5385 ad
2015 5345 2174 5384 aures
2206 5335 2404 5382 nostra:
2431 5325 2642 5395 pietatis
2678 5323 2861 5377 retulit
2885 5325 3038 5378 nobis
3068 5324 3132 5378 de
3157 5325 3475 5392 quibusdam

1911 5419 2188 5478 beneﬁciis
2215 5408 2333 5486 qua:
2357 5424 2479 5470 ante
2508 5414 2814 5483 complures
2843 5428 3012 5467 annos
3030 5413 3093 5467 de
3117 5413 3239 5483 jure
3261 5429 3371 5468 sua:
3392 5428 3476 5467 sc-

241 5521 364 5560 cum
413 5505 557 5560 omni
604 5507 926 5577 integritate,
993 5508 1130 5563 sicut
1171 5508 1257 5561 illa
1299 5507 1400 5562 sub
1444 5518 1643 5564 nostra:
1687 5509 1810 5578 jure
1911 5501 2138 5564 discum
2164 5505 2492 5577 appendiciis
2522 5519 2708 5558 eorum
2737 5502 2963 5558 fuissent
3007 5503 3279 5559 subtracta
3313 5511 3366 5557 et
3406 5505 3471 5557 ad

240 5594 539 5664 potestatis,
580 5596 792 5666 quando
818 5612 846 5650 a
874 5597 1153 5668 largitione
1198 5605 1378 5670 nostra
1425 5598 1598 5667 ipsum
1647 5599 1811 5653 hene-
1906 5598 2175 5668 publicum
2207 5605 2449 5650 nostrum
2473 5594 2707 5653 redacta,
2743 5608 2861 5661 qua:
2887 5592 3044 5647 modo
3071 5591 3466 5651 Ghermundus.

240 5685 422 5742 ﬁcium
470 5689 741 5757 accepisse
788 5699 1021 5754 constat,
1074 5707 1171 5760 pm
1218 5690 1579 5745 emolumento
1617 5691 1808 5746 animm
1908 5687 2227 5750 Berthadus,
2278 5683 2584 5746 Vulfardus,
2627 5682 2793 5746 Bodo,
2845 5690 2900 5737 et
2941 5681 3069 5736 socii
3097 5681 3211 5752 ejus
3250 5681 3463 5734 vassalli

241 5790 439 5836 nostra:
469 5788 520 5834 et
541 5781 828 5835 stabilitate
866 5783 1074 5851 imperii
1102 5783 1269 5835 nostri
1301 5789 1596 5837 memorato
1643 5795 1806 5836 vene-
1907 5778 2075 5834 nostri
2120 5776 2172 5829 in
2205 5775 2527 5830 beneﬁcium
2569 5776 2693 5828 data
2729 5774 3021 5844 possident,
3063 5781 3115 5826 et
3161 5773 3238 5828 sic
3264 5787 3462 5842 prazce-
