3924 6322
419 359 552 416 1295

1548 358 1870 416 LUDOVlCl
1904 358 1925 412 Ι
1964 353 2435 414 COGNOMENTO
2476 358 2558 413 Pll

3556 359 3679 414 liOG

412 476 561 532 denti
595 483 836 544 tempore
873 474 939 528 de
970 473 1218 528 manibus
1245 480 1517 527 rectorum
1546 472 1816 542 praedictae
1843 472 1992 527 urbis
2022 474 2073 531 Α
2097 470 2400 526 devotiores
2445 471 2693 527 facimus.
2743 472 2944 527 Idcirco
2973 473 3226 528 omnibus
3269 474 3520 530 ﬁdelibus
3564 492 3683 529 san-

415 573 840 620 memoratorum
873 561 1226 617 vassallorum
1272 561 1532 617 beneﬁcia
1561 577 1682 617 cum
1732 563 1992 632 appendi-

415 657 517 713 ciis
548 665 602 711 et
630 656 883 710 omnibus
911 655 978 709 ad
1004 669 1063 708 se
1089 651 1488 724 pertinentibus
1507 653 1690 723 elapsa
1718 668 1856 709 esse.
1885 653 1994 710 Sed

412 765 536 806 cum
576 763 673 804 nos
695 747 763 803 ad
792 748 870 802 rei
899 747 1186 802 veritatem
1212 745 1523 815 diligentius
1562 745 1993 817 investigandam

413 840 600 895 ﬁdeles
658 840 855 895 missos
906 845 1120 893 nostros
1171 836 1582 893 Helisacharum
1631 837 1994 893 venerabilem

411 927 661 986 abbatem
707 937 762 984 et
785 928 1070 986 Widonem
1115 927 1369 984 comitem
1400 928 1761 991 mitteremus,
1796 943 1987 983 renun-

411 1019 682 1074 tiaverunt
711 1017 869 1073 nobis
907 1031 1004 1087 per
1032 1017 1214 1072 omnia
1261 1017 1335 1071 ita
1365 1031 1551 1071 verum
1583 1031 1722 1073 esse.
1748 1016 1993 1087 Cumque

409 1107 721 1162 eorumdem
757 1107 1020 1162 relatione
1040 1107 1425 1178 praedictorum
1450 1109 1804 1164 vassallorum
1829 1109 1993 1164 bene-

409 1196 533 1254 ﬁcia
580 1213 685 1253 non
736 1199 807 1253 ad
842 1197 1117 1268 publicum
1156 1208 1427 1264 nostrum,
1457 1200 1552 1254 sed
1580 1201 1649 1256 ad
1672 1200 1765 1270 jus
1803 1198 1992 1270 prmia-

407 1295 477 1342 ιω
504 1286 878 1344 Cenomanica:
910 1289 1151 1345 ecclesiae
1175 1290 1320 1360 juste
1352 1291 1628 1360 pertinere
1650 1292 1991 1360 cognovisse-

404 1393 543 1443 mus,
583 1380 910 1450 complacuit
935 1380 1238 1437 clementiae
1264 1391 1464 1438 nostrae
1498 1383 1987 1456 suprascriptorum

406 1469 756 1524 vassallorum
803 1470 1064 1527 beneficia
1086 1488 1213 1527 cum
1242 1475 1388 1528 omni
1445 1475 1773 1545 integritate,
1802 1489 1989 1544 quem-

403 1558 695 1614 admodum
725 1561 870 1630 ipsos
904 1577 968 1616 ea
994 1577 1091 1632 per
1117 1563 1332 1635 singula
1358 1564 1469 1620 loca
1511 1580 1544 1618 a
1574 1565 1864 1636 largitione
1893 1580 1989 1620 no-

403 1658 516 1704 stra
552 1653 832 1722 accepisse
863 1662 1098 1721 constat,
1142 1670 1242 1724 pro
1271 1656 1636 1711 emolumento
1667 1656 1861 1711 anima:
1891 1671 1989 1711 no-

401 1752 530 1799 strae
558 1755 859 1802 memorato
894 1749 1188 1803 venerabili
1228 1749 1447 1806 Aldrico
1473 1751 1730 1821 episcopo
1767 1751 1837 1806 ad
1861 1766 1987 1819 par—

2096 572 2196 619 ctaa
2226 565 2320 618 Dei
2363 564 2619 619 Ecclesia:
2653 573 2723 620 et-
2737 565 2960 632 nostris,
2989 554 3355 634 praesentibus
3383 577 3436 620 et
3470 566 3680 632 futuris,

2095 664 2282 711 notum
2316 672 2437 713 esse
2464 657 2710 713 volumus
2741 660 2866 728 quia
2891 659 3159 730 Agbertus
3183 676 3372 717 comes
3410 674 3468 717 et
3508 665 3676 717 ostia-

2095 749 2212 804 rius
2241 757 2405 821 atque
2453 751 2796 807 consiliarius
2838 761 3025 807 noster
3054 753 3210 808 nobis
3253 754 3491 808 innotuit
3537 757 3681 826 quod

2092 841 2384 911 quamdam
2409 843 2593 899 villam
2623 845 2782 900 sitam
2815 845 2868 900 in
2900 861 3040 917 pago
3066 845 3436 903 Cenomanico
3467 851 3683 905 nomine

2093 930 2400 988 Calisamen
2427 936 2495 989 de
2516 935 2640 1006 jure
2672 934 3051 992 Cenomanica:
3093 938 3288 993 matris
3319 940 3568 994 ecclesia:
3590 957 3684 1010 per

2092 1027 2340 1078 no'strum
2365 1024 2688 1081 beneﬁcium
2718 1027 3044 1096 possideret,
3085 1028 3152 1082 de
3177 1044 3285 1098 qua
3312 1045 3413 1100 per
3439 1030 3681 1101 singulos

2093 1131 2264 1172 annos
2293 1132 2465 1173 nonas
2487 1119 2542 1174 et
2566 1119 2805 1175 decimas
2833 1128 2996 1189 atque
3034 1119 3307 1190 legitimos
3331 1136 3534 1176 census
3560 1137 3683 1190 par-

2094 1208 2236 1262 tibus
2272 1207 2511 1278 praefatae
2553 1209 2743 1264 matris
2778 1208 3021 1264 ecclesize
3056 1218 3111 1263 et
3165 1209 3406 1278 ejusdem
3439 1210 3679 1264 ecclesiae

2092 1297 2395 1352 rectoribus
2441 1299 2794 1366 persolveret.
2834 1298 2951 1366 Qua
3001 1299 3068 1354 de
3098 1315 3160 1354 re
3200 1309 3539 1353 memoratus
3580 1300 3683 1369 Ag-

2090 1389 2278 1444 berlus
2345 1399 2688 1458 pertractans
2753 1404 2940 1445 casum
3005 1387 3319 1458 fragilitatis
3391 1389 3680 1452 humanm,

2089 1487 2146 1533 et
2179 1492 2475 1549 pavescens
2515 1478 2765 1532 ultimum
2822 1479 3124 1533 vocationis
3177 1479 3343 1544 client,
3377 1480 3678 1546 timensque

2090 1584 2159 1624 ne
2190 1568 2415 1639 prmfata
2453 1569 2579 1623 villa
2626 1570 2811 1640 aliquo
2853 1571 3166 1640 cupiditatis
3193 1585 3304 1625 sua:
3350 1571 3574 1626 stimulo
3603 1572 3682 1626 vel

2090 1657 2328 1727 quolibet
2361 1658 2576 1729 ingenio
2621 1674 2652 1712 a
2676 1657 2800 1726 jure
2829 1657 3161 1727 praescripta;
3200 1659 3393 1714 matris
3429 1659 3673 1715 ecclesiae

2091 1747 2329 1802 alienata
2360 1745 2546 1812 ﬁeret;
2588 1747 2817 1817 ideoque
2851 1747 3036 1803 divino
3062 1748 3280 1803 fervens
3305 1763 3522 1814 amore,
3553 1752 3682 1805 adiit

392 1842 509 1888 tem
541 1837 810 1904 praedicta:
836 1839 1079 1896 ecclesiae
1108 1855 1218 1895 suae
1268 1819 1521 1907 reddere,
1551 1849 1610 1896 ut
1639 1819 1899 1912 perpetuo
1933 1842 1985 1895 in
2017 1819 2062 1877 Β
2091 1837 2436 1892 clementiam
2482 1847 2726 1894 nostram
2773 1838 3090 1909 suppliciter
3137 1838 3445 1910 deprecans
3475 1852 3540 1896 ut
3579 1856 3684 1896 me‘

399 1923 662 1980 utilitates
700 1936 756 1982 et
784 1943 915 1983 usus
942 1928 1183 1998 ejusdem
1217 1932 1460 1987 ecclesia:
1484 1933 1703 2003 Deoque
1728 1934 1782 1988 in
1807 1948 1871 1988 ea
1894 1933 1988 1988 de-

399 2017 752 2074 servientium
809 2029 1145 2090 permaneat.
1199 2021 1406 2078 Idcirco
1453 2033 1777 2094 suggerente
1827 2033 1989 2094 atque

400 2118 627 2179 rogante
668 2112 930 2178 praedicto
971 2112 1266 2168 venerabili
1313 2114 1568 2184 episcopo
1612 2115 1751 2170 hanc
1787 2122 1987 2169 nostra;

402 2199 838 2258 conﬁrmationis
880 2212 1040 2272 atque
1090 2204 1409 2260 redditionis
1465 2215 1882 2276 praeceptionem
1937 2209 1986 2261 ei

399 2290 480 2343 vel
512 2292 579 2346 ad
629 2302 839 2360 partem
885 2295 1157 2364 prmdicta‘.
1200 2297 1352 2352 urbis
1399 2297 1514 2353 ﬁeri
1543 2298 1839 2367 jussimus;
1890 2314 1989 2369 per

398 2395 560 2448 quam
589 2381 930 2437 decernimus
967 2393 1129 2454 atque
1153 2385 1409 2455 jubemus
1438 2395 1498 2441 ut
1532 2387 1708 2443 nullus
1748 2387 1985 2443 ﬁdelium

400 2479 707 2526 nostrorum
738 2473 806 2528 de
842 2472 1122 2541 jamdictis
1165 2476 1447 2533 beneﬁciis
1473 2477 1556 2534 vel
1587 2479 1652 2534 de
1693 2479 1780 2535 his
1805 2479 1983 2535 omni-

384 2559 498 2612 .bus
534 2573 653 2628 qua:
699 2562 768 2616 ad
817 2561 1199 2632 praedictorum
1253 2565 1604 2622 vassallorum
1650 2575 1980 2633 nostrorum,

394 2647 809 2718 quibuscunque
831 2651 885 2706 in
915 2653 1046 2708 locis
1077 2655 1398 2722 consistant,
1425 2657 1686 2714 beneﬁcia
1712 2661 1984 2730 pertinere

397 2750 714 2807 noscuntur,
761 2754 1059 2800 memorato
1113 2747 1332 2803 Aldrico
1377 2751 1672 2806 venerabili
1727 2753 1983 2823 episcopo

397 2831 509 2885 sive
553 2834 959 2890 successoribus
1007 2834 1123 2905 ejus
1164 2837 1272 2892 ullo
1330 2854 1566 2908 unquam
1608 2850 1851 2912 tempore
1901 2843 1983 2898 in-

396 2924 768 2992 quietudinem
807 2926 989 2984 facere
1025 2939 1118 2984 aut
1144 2931 1442 3001 quamlibet
1471 2933 1798 2992 calumniam
1831 2937 1983 3009 inge-

399 3029 520 3070 rere
566 3027 876 3086 prassumat,
912 3021 1005 3074 sed
1047 3021 1208 3078 liceat
1252 3025 1302 3078 ei
1346 3032 1400 3079 et
1438 3027 1843 3082 successoribus
1867 3027 1984 3097 ejus

396 3107 582 3174 quieto
615 3110 811 3165 ordine
855 3122 1155 3167 memorata
1195 3113 1309 3168 loca
1363 3129 1486 3170 cum
1521 3116 1774 3172 omnibus
1809 3118 1877 3172 ad
1923 3131 1982 3173 se

395 3200 930 3270 pertinentibusjure
968 3203 1344 3261 ecclesiastico
1377 3214 1567 3262 tenere
1590 3217 1652 3263 et
1679 3209 1977 3279 possidere,

396 3301 451 3346 et
490 3294 749 3364 quidquid
779 3309 878 3364 pro
906 3298 1312 3366 opportunitate
1355 3307 1410 3353 et
1439 3301 1825 3356 commoditate
1847 3316 1983 3371 prae-

397 3381 521 3437 fatae
548 3384 792 3441 ecclesia:
831 3386 1028 3442 exinde
1061 3385 1240 3443 facere
1269 3388 1631 3455 decreverint,
1660 3389 1885 3446 liberam
1925 3391 1981 3445 in

396 3475 653 3531 omnibus
683 3477 919 3532 habeant
943 3487 1270 3548 potestatem
1288 3479 1539 3536 faciendi.
1575 3481 1642 3536 Et
1669 3489 1726 3536 ut
1745 3483 1865 3537 hac
1886 3497 1984 3537 au-

397 3568 624 3622 ctoritas
646 3576 828 3623 nostra
853 3578 1170 3640 perpetuam
1197 3571 1438 3628 obtineat
1461 3571 1793 3640 ﬁrmitatem,
1816 3590 1981 3630 manu

399 3656 615 3725 propria
671 3657 856 3712 subter
903 3659 1276 3726 ﬁrmavimus,
1330 3672 1386 3716 et
1433 3663 1500 3717 de
1553 3663 1752 3719 annulo
1796 3675 1983 3721 nostro

399 3745 654 3811 |llSSlmllS
684 3748 929 3818 sigillari.

471 3837 697 3908 Signum
728 3839 986 3894 Ludovici
1022 3843 1648 3914 piissimi'imperatoris.

471 3927 867 3985 llirminmarus
903 3933 1146 3988 notarius
1196 3935 1262 3989 ad
1318 3935 1490 3991 vicem
1533 3936 1774 4007 Hugonis
1826 3953 1979 3993 reco-

402 4019 560 4089 gnovi
591 4027 644 4073 et
671 4020 989 4091 subscripsi.

473 4108 606 4161 Data
637 4123 731 4162 vm
777 4108 897 4163 Kal.
934 4108 1106 4165 Iulias
1133 4126 1298 4177 anno,
1334 4111 1553 4170 Christo
1582 4115 1836 4184 propitio,
1864 4115 1934 4169 2‘2
1956 4128 1980 4156 α

405 4198 611 4266 imperii
653 4198 835 4253 domui
863 4198 1142 4256 ‘Ludovici
1172 4202 1403 4270 piissimi
1451 4204 1815 4274 imperatoris,
1848 4207 1983 4262 indi-

403 4290 580 4345 ctione
611 4289 695 4345 l3.

473 4379 665 4434 Actum
689 4379 988 4436 Stramtaco
1017 4397 1182 4451 supra
1207 4381 1430 4439 ﬂuvium
1461 4383 1781 4440 Rhodanum
1814 4386 1866 4440 in
1892 4386 1984 4442 Dei

408 4470 622 4526 nomine
655 4469 901 4526 feliciter.
941 4471 1133 4528 Amen.

1057 4581 1337 4638 CCXXVI.

879 4665 980 4704 PRO
1017 4665 1193 4705 EADEM
1227 4667 1494 4707 ECCLESIA.

1023 4738 1192 4810 (Anno
1222 4739 1343 4795 838.
1362 4740 1382 4810 )

730 4827 904 4900 [Apud
948 4827 1157 4892 Baluz.,
1190 4828 1346 4894 ibid.,
1382 4843 1504 4900 pag.
1539 4831 1688 4902 118.]

476 4920 536 4976 ln
583 4919 799 4974 nomine
844 4919 1056 4974 Domini
1098 4920 1192 4976 Dei
1221 4930 1277 4977 et
1317 4920 1615 4980 Salvatoris
1653 4927 1826 4980 nostri
1853 4924 1982 4982 Jesu

411 5011 636 5076 Christi,
663 5010 988 5076 Ludovicus,
1025 5009 1208 5065 divina
1255 5013 1644 5083 repropitiante
1672 5016 1982 5082 clementia,

412 5106 707 5176 imperator
725 5102 1021 5174 Augustus.

484 5194 542 5248 Si
575 5193 814 5248 ﬁdelium
861 5201 1170 5248 nostrorum
1188 5194 1367 5263 justas
1391 5203 1446 5250 et
1481 5197 1830 5253 rationabiles
1849 5199 1984 5266 peti-

413 5287 592 5340 tiones
619 5298 684 5338 ac
724 5285 1116 5353 postulationes
1142 5299 1277 5355 quas
1305 5300 1404 5355 pro
1433 5285 1666 5342 utilitate
1691 5295 1745 5341 et
1783 5286 1990 5342 exalta-

418 5363 560 5429 tione
599 5381 796 5427 sancta:
837 5373 932 5427 Dei
977 5372 1233 5428 Ecclesiae
1269 5381 1588 5442 exposcunt,
1636 5375 1705 5429 ad
1743 5385 1984 5446 optatum

414 5462 662 5518 effectum
701 5463 1066 5533 perducimus,
1115 5479 1221 5518 non
1252 5463 1423 5518 solum
1454 5465 1654 5533 regiam
1699 5475 1860 5536 atque
1889 5468 1989 5520 im-

417 5553 669 5622 perialem
725 5554 1170 5608 consuetudinem
1228 5555 1282 5608 in
1336 5555 1435 5608 boc
1499 5569 1832 5620 exercemus,
1892 5558 1987 5611 sed

417 5644 580 5697 etiam
629 5658 723 5700 eos
761 5646 915 5700 nobis
956 5647 1331 5714 promptiores,
1388 5654 1444 5700 ut
1491 5649 1779 5713 credimus,
1830 5657 1987 5716 atque

486 5768 514 5796 ιι
537 5755 841 5825 Legeudum
873 5757 1084 5814 videtur
1106 5758 1193 5812 24.

2012 4513 2063 4570 D

2094 1937 2360 1982 moratam
2410 1928 2593 1983 villam
2637 1930 2854 1984 nomine
2897 1929 3203 1986 Oalisamen
3258 1947 3386 1986 cum
3431 1932 3685 1988 omnibus

2092 2019 2158 2072 ad
2192 2033 2250 2074 se
2279 2019 2676 2090 pertinentibus
2713 2022 2959 2090 partibus
2998 2023 3270 2092 praedictae
3306 2023 3684 2081 Cenomanis:

2092 2110 2238 2165 sedis
2271 2109 2515 2166 ecclesiae
2555 2120 2611 2167 et
2657 2111 2876 2168 Aldrico
2903 2111 3148 2183 ejusdem
3196 2114 3348 2170 urbis
3386 2117 3681 2173 venerabili

2090 2202 2347 2271 episcopo
2375 2203 2771 2271 prazsentaliter
2798 2213 2986 2259 nostra
3041 2206 3310 2277 imperiali
3352 2210 3680 2264 auctoritate

2092 2292 2462 2357 redderemus,
2497 2301 2552 2347 et
2581 2293 2722 2348 hanc
2762 2294 3118 2350 redditionem
3143 2311 3240 2366 per
3265 2308 3519 2353 nostrum
3552 2315 3683 2369 pra:-

2091 2394 2307 2454 ceptum
2337 2384 2536 2442 futuris
2582 2390 2920 2458 temporibus
2972 2389 3182 2446 ﬁrmius
3217 2392 3398 2448 eidem
3438 2396 3681 2452 ecclesia:

2089 2474 2313 2544 ejusque
2334 2477 2637 2532 rectoribus
2660 2480 3042 2547 possidendam
3069 2481 3544 2539 conﬁrmaremus.
3575 2484 3668 2539 Cn-

2081 2563 2173 2633 jus
2202 2565 2520 2635 petitionem
2549 2569 2619 2623 ob
2647 2583 2888 2624 amorem
2928 2569 3026 2626 Dei
3068 2581 3118 2626 et
3156 2575 3527 2629 reverentiam
3549 2576 3680 2644 ejus-

2089 2656 2210 2710 dem
2253 2657 2427 2712 sancti
2461 2657 2566 2712 loci
2601 2672 2995 2730 servorumque
3041 2659 3135 2714 Dei
3185 2662 3317 2716 inibi
3348 2662 3582 2720 Domino
3607 2666 3680 2720 fa-

2087 2747 2410 2802 mulantiunt
2439 2748 2672 2805 libenter
2700 2749 3030 2816 audivimus,
3064 2759 3120 2806 et
3148 2752 3594 2822 deprecationem
3617 2771 3673 2812 ac

2086 2835 2236 2906 pium
2256 2837 2587 2893 desiderium
2603 2837 2722 2908 ejus
2747 2837 2814 2892 ad
2837 2847 3082 2908 optatum
3106 2838 3360 2895 effectum
3376 2844 3668 2911 perducere

2086 2926 2308 2998 dignum
2341 2928 2614 2984 duximus.
2643 2928 2985 3000 Quapropter
3009 2946 3109 3001 per
3129 2930 3232 2986 hoc
3258 2942 3466 2986 nostrae
3496 2943 3670 2989 aucto-

2085 3019 2266 3074 ritatis
2300 3028 2628 3090 prmeeptum
2667 3028 2971 3076 statuentes
3010 3021 3356 3078 decernimus
3394 3033 3564 3094 atque
3601 3024 3676 3092 ju-

2087 3109 2279 3164 bemus
2301 3117 2362 3163 nt
2400 3108 2856 3180 quemadmodum
2891 3111 3217 3180 saepedictus
3243 3112 3521 3182 Agbertus
3550 3113 3676 3169 ﬁde-

2088 3199 2155 3256 lis
2190 3207 2380 3256 noster
2405 3208 2763 3256 memoratam
2785 3199 2974 3254 villam
2995 3215 3119 3255 cum
3152 3201 3302 3255 omni
3339 3202 3675 3272 integritate,

2086 3295 2227 3350 sicut
2256 3292 2462 3356 illa,die
2485 3294 2588 3350 sub
2608 3291 2734 3362 jure
2772 3301 2974 3349 nostra:
2997 3294 3286 3362 potestatis
3310 3301 3434 3348 erat
3465 3294 3679 3362 quando

2086 3403 2116 3442 a
2140 3386 2423 3456 largitione
2453 3395 2639 3440 nostra
2665 3385 2842 3454 ipsum
2880 3384 3208 3440 beneﬁcium
3238 3385 3524 3456 accepisse
3555 3400 3677 3440 con-

2087 3486 2214 3543 stat,
2247 3493 2344 3547 pro
2369 3477 2736 3532 emolumento
2783 3476 2980 3530 anima:
3029 3485 3231 3532 nostra:
3278 3488 3334 3532 et
3383 3477 3678 3532 stabilitate

2088 3567 2297 3636 imperii
2326 3566 2500 3622 nostri
2528 3574 2830 3621 memorato
2850 3565 3152 3620 venerabili
3175 3565 3396 3621 Aldrico
3421 3569 3676 3636 episcopo

2086 3657 2153 3711 ad
2178 3665 2390 3726 partem
2419 3655 2749 3726 praescripta
2779 3669 2890 3710 suae
2925 3655 3072 3710 sedis
3111 3654 3359 3711 ecclesiae
3385 3663 3674 3725 praesentac

2085 3746 2207 3802 liter
2240 3745 2594 3811 reddidimus,
2626 3756 2686 3799 ut
2721 3746 2776 3799 in
2806 3753 3068 3816 perpetuo
3098 3747 3150 3800 in
3178 3745 3445 3800 utilitates
3471 3755 3529 3800 et
3553 3761 3678 3802 usus

2085 3836 2326 3907 ejusdem
2355 3835 2598 3890 ecclesiae
2626 3835 2845 3904 Deoque
2883 3835 2938 3888 in
2980 3849 3046 3890 ea
3090 3835 3519 3890 deservientium
3562 3851 3670 3905 per-

2086 3933 2321 3979 maneat.
2361 3924 2570 3979 ldcireo
2608 3923 3026 3994 suggerentibus
3071 3933 3236 3993 atque
3264 3925 3549 3980 humiliter
3581 3940 3678 3994 po-

2087 4013 2409 4079 stulantibus
2436 4013 2709 4083 praedictis
2735 4012 2983 4069 ﬁdelibus
3005 4014 3227 4078 nostris,
3263 4024 3570 4070 memorato
3591 4016 3669 4070 vi-

2086 4104 2282 4160 delicet
2307 4105 2528 4159 Aldrico
2560 4105 2860 4160 venerabili
2888 4105 3144 4175 episcopo
3183 4118 3238 4159 et
3267 4105 3508 4174 Agberto
3535 4105 3677 4174 jam-

2087 4198 2232 4253 dicto
2261 4195 2405 4252 ﬁdeli
2435 4203 2644 4260 nostro,
2669 4196 2773 4250 hoc
2809 4205 3008 4251 nostra:
3042 4195 3475 4252 conﬁrmationis
3515 4207 3678 4268 atque

2088 4287 2406 4343 redditionis
2448 4295 2775 4357 praeceptum
2810 4287 3097 4355 smpedicto
3145 4285 3365 4341 Aldrico
3417 4288 3677 4358 episcopo

2089 4377 2174 4432 vel
2212 4376 2280 4431 ad
2317 4384 2528 4447 partem
2557 4377 2669 4447 jam
2715 4378 2872 4432 dieue
2896 4377 3048 4432 urbis
3095 4377 3212 4431 ﬁeri
3251 4375 3538 4444 jussimus,
3584 4394 3678 4448 per

2089 4467 2232 4537 quod
2275 4465 2618 4522 decernimus
2658 4474 2821 4534 atque
2840 4463 3095 4533 jubemus
3136 4474 3198 4518 ut
3248 4465 3429 4519 nullus
3469 4467 3578 4520 sub
3601 4467 3678 4522 di-

2089 4558 2233 4612 tione
2254 4557 2466 4627 imperii
2495 4557 2665 4612 nostri
2697 4556 2899 4626 degens
2941 4555 3050 4610 ullo
3071 4571 3309 4624 unquam
3339 4565 3588 4627 tempore
3613 4559 3678 4613 de

2090 4649 2346 4722 praedicta
2381 4647 2505 4701 villa
2547 4646 2632 4702 vel
2658 4646 2727 4701 de
2754 4646 3004 4701 omnibus
3033 4645 3100 4700 ad
3130 4661 3247 4700 eam
3274 4648 3679 4716 pertinentibus

2092 4739 2146 4793 in
2188 4738 2601 4809 quibuscunque
2640 4736 2792 4808 pagis
2836 4735 2923 4790 vel
2951 4735 3083 4790 locis
3128 4734 3418 4804 saepedicto
3454 4734 3678 4790 Aldrico

2091 4830 2343 4902 episcopo
2391 4816 2612 4897 suimue
2662 4826 3066 4883 successoribus
3111 4825 3218 4880 ullo
3254 4840 3499 4893 unquam
3545 4835 3676 4880 tem-

2090 4935 2223 4992 pore
2253 4919 2680 4990 inquietudinem
2707 4917 2886 4972 facere
2908 4923 3001 4971 aut
3022 4913 3319 4987 quamlibet
3340 4915 3675 4970 calumniam

2089 5010 2336 5080 ingerere
2383 5016 2712 5078 prmsumat:
2746 5006 2840 5062 sed
2889 5006 3050 5061 ﬁceat
3086 5005 3139 5062 ei
3172 5012 3228 5060 et
3261 5007 3677 5060 successoribus

2089 5099 2206 5167 ejus
2234 5100 2419 5169 quieto
2446 5098 2637 5153 ordine
2666 5105 3022 5155 memoratam
3054 5094 3235 5148 villam
3256 5111 3380 5149 cum
3420 5097 3677 5151 omnibus

2089 5190 2222 5246 locis
2248 5198 2302 5245 et
2328 5189 2618 5246 territoriis
2645 5188 2760 5244 sive
2786 5186 3067 5257 mancipiis
3095 5197 3150 5240 et
3170 5200 3294 5242 cum
3323 5187 3580 5241 omnibus
3608 5188 3674 5240 ad

2093 5297 2151 5337 se
2177 5283 2571 5352 pertinentibus
2609 5282 2734 5353 jure
2777 5279 3153 5336 ecclesiastico
3185 5287 3368 5334 tenere
3407 5287 3463 5332 et
3503 5281 3674 5349 possi-

2093 5372 2242 5436 dere,
2266 5379 2322 5425 et
2347 5369 2609 5443 quidquid
2648 5383 2749 5441 pro
2777 5367 3180 5439 opportunitate
3209 5374 3264 5421 et
3292 5365 3676 5421 commoditate

2089 5459 2324 5528 prmlatae
2375 5460 2519 5514 sedis
2567 5459 2811 5515 ecclesias
2847 5458 3043 5512 exinde
3084 5456 3263 5513 facere
3309 5455 3674 5532 decreverint,

2088 5549 2313 5605 liberam
2358 5552 2412 5607 in
2443 5552 2694 5607 omnibus
2724 5550 2958 5605 habeant
2986 5547 3182 5603 futuris
3215 5547 3552 5616 temporibus
3581 5563 3672 5616 po-

2093 5650 2339 5696 testatem
2378 5641 2622 5697 faciendi.
2656 5641 2722 5696 Et
2763 5651 2820 5695 ut
2849 5641 2962 5694 lucc
3006 5647 3204 5694 nostrae
3233 5636 3560 5690 redditionis
3586 5652 3679 5689 an-
