3924 6324
269 396 285 448 I
298 392 394 448 2297

1427 379 1818 435 lthLOMA'lA
1859 379 2384 440 ECCLESIAS'I'ICA

3377 385 3505 439 1298

256 511 482 567 ctoritas
513 516 822 578 perpetuam
851 508 1091 563 obtineat
1146 506 1479 569 ﬁrmitatem,
1525 520 1684 560 manu
1708 519 1829 575 pro—
1859 509 1907 565 Λ
1934 506 2167 564 dientem
2218 510 2461 565 invenire
2501 512 2719 567 minime
2755 524 2955 582 posset,
2996 523 3051 567 ut
3100 513 3323 568 haberet
3355 510 3515 565 lico..-

258 603 376 671 pria
401 600 588 655 subter
613 614 735 655 eam
782 597 1133 662 ﬁrmavimus,
1165 605 1219 651 et
1245 596 1311 651 de
1341 596 1541 651 annulo
1566 605 1751 653 nostro
1771 596 1838 652 si-

258 690 436 762 gillari
456 688 735 763 iussimus.

331 782 557 854 Signum
594 779 852 835 Ludovici
878 775 1213 833 serenissimi
1238 776 1597 847 imperatoris.

328 870 659 943 alaginarius
684 869 928 925 notarius
955 866 1023 922 ad
1045 866 1219 922 vicem
1266 865 1507 938 Hugonis
1551 865 1838 939 recognovi

256 971 312 1016 et
347 958 664 1029 subscripsi.

326 1052 461 1119 Data
474 1066 563 1105 xvr
577 1050 695 1104 Kal.
722 1049 1054 1116 Decembris,
1072 1064 1213 1105 anno
1226 1049 1465 1115 Christo,
1490 1050 1745 1120 propitio,
1766 1047 1837 1103 26

258 1141 470 1212 imperii
498 1140 683 1197 domui
712 1138 968 1195 Ludovici
994 1139 1220 1209 piissimi
1260 1140 1508 1210 Augusti,
1542 1138 1837 1195 indictione

256 1231 514 1288 secunda.

329 1324 523 1378 Actum
580 1322 814 1378 Pictavis
854 1321 1078 1379 civitate
1122 1319 1331 1390 publice
1387 1320 1442 1374 in
1488 1320 1580 1375 Dei
1619 1321 1836 1377 nomine

258 1413 508 1471 feliciter.
532 1414 725 1470 Amen.

897 1501 1192 1558 CCXXVII.

706 1609 806 1649 PRO
842 1607 1069 1648 ALDRICO
1105 1606 1371 1648 EPISCOPO.

868 1681 1041 1751 (Anno
1065 1679 1214 1747 858.)

573 1771 750 1845 [Apud
780 1770 986 1834 Baluz.,
1028 1770 1181 1833 ibid.,
1220 1784 1341 1840 pag.
1375 1770 1520 1841 119.]

330 1865 620 1921 lunomine
644 1856 883 1918 'Domini
935 1861 1029 1915 Dei
1072 1870 1126 1916 et
1176 1859 1472 1916 Salvator-is
1510 1861 1679 1916 nostri
1711 1858 1839 1916 Jesu
1869 1851 1915 1911 B

256 1956 481 2019 Christi,
528 1952 854 2017 Ludovicus,
882 1951 1062 2006 divina
1111 1950 1495 2020 repropitiante
1526 1950 1834 2015 clementia,

260 2050 553 2117 imperator
584 2044 881 2117 Augustus.

332 2139 390 2194 Si
423 2139 766 2193 sacerdotum
796 2136 891 2191 Dei
908 2135 1072 2206 iustis
1106 2142 1160 2190 et
1189 2133 1603 2189 rationabilibus
1622 2134 1839 2205 petitio-

256 2226 417 2281 nibus
468 2238 655 2279 aurem
698 2222 929 2278 libenter
969 2221 1474 2287 accommodamus,
1523 2236 1725 2292 easque
1771 2223 1840 2278 ad

255 2323 498 2383 optatum
524 2312 777 2369 effectum
805 2312 1170 2383 perducimus,
1202 2327 1309 2367 non
1339 2312 1513 2369 solum
1545 2313 1750 2383 regiam
1785 2321 1840 2369 et

257 2401 662 2472 imperatoriam
686 2415 1005 2456 exercemus
1051 2401 1514 2467 consuetudinem,
1542 2403 1637 2458 sed
1672 2402 1837 2458 etiam

256 2494 475 2547 eosdem
520 2505 620 2561 pro
665 2490 868 2546 nostris
915 2489 1228 2545 excessibus
1266 2489 1481 2545 Domini
1532 2492 1839 2547 misericor-

256 2583 403 2637 diam
426 2580 733 2636 exorandos
758 2578 1067 2633 devotiores
1093 2579 1563 2650 promptioresque
1589 2580 1834 2645 facimus,

256 2682 420 2742 atque
457 2687 554 2741 per
587 2672 689 2726 hoc
739 2672 1060 2727 immensam
1100 2672 1195 2728 Dei
1235 2674 1662 2730 misericordiam
1710 2676 1842 2731 faci-

255 2765 361 2819 lius
410 2764 566 2818 notis
618 2761 1010 2819 conciliandam
1046 2776 1166 2819 esse
1232 2764 1573 2822 conﬁdimus.
1632 2766 1841 2823 Idcirco

256 2861 443 2908 notum
476 2866 596 2908 esse
638 2852 886 2908 volumus
927 2852 1178 2908 omnibus
1218 2853 1467 2910 ﬁdelibus
1499 2865 1703 2913 saneta:
1742 2858 1838 2912 Dei

255 2942 509 2998 Ecclesia:
549 2949 606 2996 et
633 2942 857 3007 nostris,
873 2942 1235 3013 przesentibus
1265 2943 1475 3000 scilicet
1504 2953 1668 3016 atque
1694 2946 1841 3002 futu-

257 3034 357 3100 ris,
394 3033 521 3102 quia
565 3031 815 3088 Aldrieus
880 3033 1208 3090 venerabilis
1261 3033 1639 3092 Cenomanica:
1688 3038 1840 3093 urbis

253 3126 539 3197 episcopus
567 3125 807 3181 innotuit
830 3124 1135 3181 eelsitudini
1178 3134 1381 3183 nostra:
1402 3128 1545 3199 quod
1578 3130 1743 3184 multa
1771 3144 1837 3185 ex

1945 601 2072 656 tiam
2105 602 2460 673 undecunque
2484 611 2539 659 et
2559 619 2932 675 quemcunque
2954 607 3018 661 de
3045 606 3245 661 nostris
3270 604 3515 660 ﬁdelibus

1942 692 2103 748 vellet
2128 703 2238 749 tam
2270 694 2410 749 infra
2440 694 2699 765 palatium
2739 712 2900 766 quam
2938 705 3089 752 extra
3117 696 3374 765 palatium
3413 695 3517 751 sibi

1942 782 2292 855 ecelesiaeque
2323 787 2430 842 sibi
2460 786 2764 842 commissae
2787 787 2986 857 eligere
3013 786 3312 857 adiutorem
3343 798 3398 843 et
3426 787 3517 841 de-

1942 871 2233 941 fensorem,
2257 884 2313 931 et
2349 877 2784 948 quotiescunque
2819 893 3041 935 necesse
3081 878 3247 934 fuerit
3281 887 3515 942 mutare,

1942 972 2000 1020 et
2039 965 2319 1022 meliorem
2364 969 2445 1023 vel
2477 968 2746 1026 utiliorem
2796 976 3052 1026 statuere.
3082 968 3246 1039 Cujus
3269 969 3520 1040 precibus

1942 1070 2131 1110 aurem
2152 1055 2355 1113 favoris
2373 1057 2729 1117 libentissime
2755 1060 3249 1123 accommodantes,
3264 1059 3517 1129 praescri-

1940 1147 2050 1217 ptis
2080 1146 2194 1203 suis
2238 1148 2591 1219 petitionibus
2640 1165 2923 1207 assensum
2960 1150 3309 1221 praebuimus,
3339 1158 3395 1204 et
3431 1166 3523 1219 po-

1941 1238 2259 1295 stulationes
2280 1237 2396 1307 eius
2421 1239 2489 1295 ad
2512 1238 2764 1296 eﬂ'ectum
2794 1255 2962 1310 usque
2984 1239 3354 1311 perduximus.
3385 1237 3521 1294 Con-

1940 1329 2185 1386 cedimus
2210 1329 2410 1400 quippe
2449 1338 2749 1386 memorato
2772 1331 3015 1400 pontiﬁci
3047 1345 3144 1400 per
3165 1330 3263 1384 has
3292 1328 3523 1383 auctori-

1943 1419 2070 1473 tatis
2095 1425 2293 1474 nostra:
2321 1417 2553 1485 litteras,
2589 1434 2726 1489 quas
2765 1422 2815 1474 ei
2843 1419 2958 1474 ﬁeri
2980 1419 3263 1490 iussimus,
3300 1430 3523 1474 conces-

1940 1522 2166 1577 sumque
2183 1507 2235 1562 in
2252 1506 2434 1563 futuro
2454 1522 2575 1563 esse
2596 1508 2843 1564 volumus
2869 1516 2928 1563 ut
2950 1506 3209 1578 praefatus
3230 1507 3518 1576 episcopus

1940 1598 2145 1668 quiete,
2178 1599 2305 1654 dum
2336 1599 2585 1662 voluerit,
2631 1599 2684 1653 in
2733 1614 2829 1655 sua
2876 1598 3115 1655 resideat
3147 1598 3428 1668 parochia,
3469 1608 3525 1651 ct

1940 1702 2039 1757 pro
2064 1687 2220 1743 nobis
2247 1697 2303 1743 et
2342 1703 2439 1759 pro
2468 1688 2759 1744 commisso
2801 1688 2956 1744 nobis
2982 1703 3012 1742 a
3060 1688 3170 1743 Deo
3194 1688 3391 1759 populo
3409 1688 3524 1743 Do-

1941 1777 2147 1832 minum
2200 1787 2409 1844 exoret,
2451 1793 2577 1833 suos
2621 1790 2749 1833 vero
2798 1777 3046 1833 homines
3073 1792 3199 1832 cum
3238 1790 3337 1832 suo
3377 1791 3524 1833 meo-

1944 1883 2106 1925 nomo
2131 1868 2215 1924 vel
2254 1884 2651 1941 quemcunque,
2698 1878 2753 1925 et
2789 1878 2847 1925 ut
2893 1870 3097 1926 dictum
3142 1876 3245 1935 est,
3270 1868 3520 1939 elegerit,

1945 1961 2252 2030 ubicunque
2280 1970 2465 2016 nostra
2496 1960 2659 2016 fuerit
2674 1960 2850 2031 jussio
2875 1960 2959 2017 vel
2985 1959 3284 2017 necessitas
3305 1959 3523 2031 ingrue-

1943 2051 2014 2105 rit
2037 2051 2250 2122 dirigat.
2304 2050 2688 2122 Praacipicntes
2726 2067 2857 2122 ergo
2905 2066 3004 2121 per
3041 2050 3145 2105 hoc
3178 2059 3380 2106 nostra:
3418 2065 3521 2104 au-

1942 2142 2212 2196 ctoritatis
2259 2150 2590 2211 praeceptum
2620 2141 2869 2197 volumus
2914 2149 3075 2210 atque
3095 2139 3347 2211 iubemus
3377 2135 3521 2209 quod

1942 2232 1986 2286 si
2008 2229 2124 2300 jam
2149 2231 2326 2287 dictus
2346 2232 2632 2302 episcopus
2654 2231 3112 2302 nobissuperstcs
3126 2228 3305 2297 fuerit,
3328 2238 3390 2286 ut
3407 2230 3525 2286 nnl~

1942 2324 2027 2378 lus
2056 2322 2289 2378 ﬁliorum
2317 2332 2406 2378 aut
2436 2338 2812 2379 successorum
2836 2322 2916 2377 vel
2944 2322 3180 2378 ﬁdelium
3209 2330 3517 2378 nostrorum

1940 2412 2258 2484 praescripto
2288 2412 2533 2483 pontiﬁci
2573 2413 2923 2482 ecclesiteque
2960 2412 3063 2468 sibi
3105 2413 3407 2469 commissae
3441 2413 3522 2468 ul-

1941 2507 2051 2561 lam
2098 2506 2563 2577 perturbationem
2598 2515 2690 2561 aut
2740 2505 3067 2561 calumniam
3109 2505 3355 2576 ingerere
3383 2520 3519 2575 pne.

1943 2603 2140 2659 sumat,
2187 2603 2278 2648 aut
2326 2593 2509 2650 facere
2548 2594 2854 2650 volentibus
2883 2594 3204 2659 consentiat,
3236 2595 3330 2649 sed
3371 2609 3521 2648 mun-

1942 2683 2241 2739 deburdum
2301 2682 2383 2739 vel
2427 2683 2793 2740 defensionem
2823 2699 2924 2754 pro
2965 2684 3061 2740 Dei
3103 2699 3288 2740 amore
3328 2693 3383 2740 et
3423 2701 3522 2756 pro

1942 2783 2128 2831 nostra
2182 2776 2487 2831 reverentia
2538 2776 2587 2832 ei
2619 2776 2849 2846 pleniter
2892 2776 3114 2843 faciant,
3150 2786 3209 2832 ut
3248 2778 3428 2847 quiete
3467 2787 3521 2833 et

1941 2868 2184 2939 paciﬁce,
2226 2876 2284 2922 ut
2315 2868 2689 2940 praescriptum
2735 2876 2819 2924 est
2848 2869 2979 2924 etei
3031 2884 3061 2923 a
3110 2868 3265 2925 nobis
3293 2884 3520 2925 conces-

1943 2975 2081 3024 sum,
2134 2960 2319 3014 in'sua
2354 2958 2583 3014 ecclesia
2630 2958 2836 3029 absque
2862 2959 3022 3014 ullius
3059 2944 3445 3029 impedimento
3469 2960 3520 3016 ei

1942 3050 2180 3106 residere
2215 3057 2270 3105 et
2316 3065 2474 3105 suum
2513 3049 2874 3105 ministerium
2915 3065 3076 3122 agere
3105 3050 3265 3106 liceat
3293 3068 3305 3104 :
3336 3058 3523 3121 quate-

1942 3155 2046 3195 nus
2078 3149 2435 3195 memoratum
2476 3139 2786 3210 pontificem
2809 3156 2909 3211 pro
2934 3141 3091 3197 nobis
3115 3150 3170 3196 et
3192 3156 3290 3212 pro
3330 3142 3515 3197 liberis

254 3217 343 3271 his
374 3226 494 3284 ειιιεε
527 3215 583 3270 in
611 3229 708 3270 sua
748 3215 1007 3286 Ρποοιιία
1029 3229 1192 3284 agere
1218 3216 1470 3283 debebat.
1501 3228 1556 3273 οι
1580 3219 1648 3273 ad
1678 3235 1836 3274 suum
1866 3194 1909 3256 Ο
1943 3229 2144 3284 nostris
2189 3229 2303 3285 sive
2330 3243 2430 3299 pro
2457 3194 2753 3285 stabilitate
2802 3194 2857 3285 ct
2892 3244 3023 3300 pace
3055 3194 3269 3301 imperii
3305 3245 3335 3285 a
3361 3232 3518 3287 nobis

256 3304 614 3360 ministerium
642 3303 967 3374 pertinebat,
997 3315 1281 3374 propterea
1307 3307 1449 3377 quod
1468 3306 1584 3377 iam
1620 3308 1837 3366 assidue

255 3400 313 3454 iu
341 3404 528 3453 nostro
554 3397 777 3452 servitio
818 3397 903 3452 vel
931 3398 1097 3452 etiam
1137 3400 1418 3456 nobiscum
1448 3402 1698 3458 detentus
1722 3411 1835 3459 tan-

255 3489 346 3544 diu
379 3487 841 3554 commorabatur,
887 3489 1129 3560 neglecta
1157 3500 1316 3547 erant
1341 3500 1452 3547 tam
1481 3494 1534 3549 in
1575 3496 1835 3565 praedica-

254 3578 406 3633 tione
429 3591 525 3632 seu
554 3576 970 3633 conﬁrmatione
1012 3588 1177 3650 atque
1212 3581 1459 3638 doctrina
1504 3600 1668 3654 quam
1691 3594 1745 3641 et
1777 3588 1833 3641 in

254 3665 651 3721 restauratione
681 3665 1058 3734 ecclesiarum,
1100 3669 1182 3724 vel
1225 3686 1519 3740 pravorum
1553 3675 1826 3731 hominum

252 3758 613 3823 correctione,
651 3758 767 3813 sive
797 3758 851 3813 in
875 3758 997 3816 aliis
1030 3768 1191 3830 atque
1216 3763 1270 3818 in
1313 3763 1434 3819 aliis
1464 3766 1707 3823 ecclesias
1728 3768 1831 3824 sibi

251 3853 558 3910 commissae
582 3853 929 3920 utilitatibus,
957 3863 1013 3910 et
1053 3854 1184 3911 cieri
1210 3856 1292 3913 vel
1318 3859 1499 3928 populi
1540 3861 1832 3916 necessita-

252 3942 417 3997 tibus.
445 3941 684 3996 lnnotuit
706 3942 872 3996 etiam
902 3944 1045 4011 quod
1070 3952 1245 3999 mater
1267 3945 1497 4002 ecclesia
1527 3947 1668 4003 infra
1687 3963 1828 4019 prte-

252 4032 454 4087 dictam
496 4031 773 4088 civitatem
813 4047 845 4087 a
896 4034 1082 4089 multis
1134 4036 1468 4107 temporibus
1519 4049 1828 4095 constructa

253 4129 472 4192 propter
503 4121 863 4176 maeeriarum
890 4122 1313 4180 imbecillitatem
1355 4126 1597 4195 quotidie
1632 4128 1700 4181 ad
1735 4143 1828 4183 ca-

252 4229 370 4267 sum
398 4227 457 4267 se
485 4212 846 4282 praeparabat,
876 4227 1037 4281 quam
1064 4212 1185 4267 ideo
1212 4228 1244 4266 a
1268 4228 1408 4270 novo
1437 4214 1663 4272 fundare
1690 4226 1747 4272 ct
1774 4218 1828 4273 in

252 4304 532 4359 meliorem
562 4309 765 4356 statum
791 4308 847 4356 et
894 4300 1070 4356 locum
1098 4302 1368 4360 aediﬁcare
1415 4321 1474 4361 se
1504 4307 1640 4362 velle
1679 4309 1828 4365 dice-

248 4395 360 4449 bat.
392 4391 754 4464 Lacrymabili
777 4406 994 4462 quoque
1020 4393 1173 4449 vultu
1200 4408 1385 4450 coram
1421 4396 1575 4453 nobis
1606 4406 1663 4454 et
1707 4399 1832 4455 ﬁde-

251 4482 398 4537 libus
423 4481 628 4536 uestris
668 4481 945 4535 asserebat
979 4483 1123 4551 quod
1163 4483 1210 4538 si
1243 4482 1401 4539 aliter
1427 4487 1495 4541 ad
1521 4500 1675 4541 suum
1706 4503 1828 4557 per-

251 4570 519 4638 agendum
550 4569 910 4625 ministerium
936 4571 1107 4627 otium
1136 4587 1168 4627 a
1212 4573 1366 4629 nobis
1400 4575 1690 4644 impetrare
1718 4595 1826 4635 non

248 4669 453 4732 posset,
485 4661 658 4732 magis
696 4660 859 4716 vellet
888 4662 1124 4719 honores
1157 4664 1260 4719 sibi
1303 4665 1529 4722 collatos
1554 4668 1828 4727 dimittere

248 4764 411 4819 quant
433 4749 639 4804 clerum
660 4757 717 4804 et
734 4749 989 4820 populum
1017 4751 1119 4807 sibi
1154 4753 1503 4809 commissum
1532 4756 1823 4828 negligere,

247 4848 303 4893 et
342 4848 627 4909 propterea
670 4838 725 4894 in
759 4839 1139 4908 perditionem,
1180 4843 1321 4911 quod
1359 4843 1525 4909 absit,
1559 4845 1821 4903 incidere.

247 4927 587 4997 Quapropter
628 4928 907 4984 humiliter
946 4928 1267 4999 deprecatus
1310 4940 1395 4987 est
1438 4943 1678 4996 nostram
1718 4938 1823 4994 cle-

246 5019 505 5074 mentiam
530 5028 591 5082 ut
614 5020 805 5077 liceret
831 5021 879 5076 ei
905 5020 1061 5089 juxta
1093 5023 1411 5078 canonicam
1440 5028 1818 5084 auctoritatem

245 5111 448 5165 habere
471 5124 813 5167 (economum
846 5112 940 5183 qui
965 5127 1065 5182 pro
1098 5113 1187 5167 illo
1213 5115 1513 5172 exteriores
1538 5132 1701 5175 curas
1728 5136 1820 5191 ge-

244 5208 409 5264 reret,
438 5207 495 5256 et
522 5210 707 5256 nostra
746 5203 966 5257 servitia
996 5212 1156 5273 atque
1186 5204 1402 5271 itinera,
1437 5215 1599 5276 prout
1622 5211 1816 5267 melius

242 5299 445 5358 posset,
478 5306 575 5345 sua
598 5291 716 5347 vice
759 5291 985 5360 faceret,
1018 5303 1074 5350 et
1107 5295 1397 5364 przedictus
1420 5300 1706 5371 episcopus
1750 5305 1817 5358 ad

213 5435 217 5438 ,
243 5394 305 5432 ea
333 5394 454 5448 qua:
478 5378 573 5435 Dei
614 5388 739 5435 sunt
768 5382 1071 5440 intenderet
1098 5393 1152 5439 et
1172 5385 1239 5439 ad
1271 5402 1426 5442 suum
1456 5388 1816 5447 ministerium

242 5469 630 5539 perficiendum
659 5481 912 5530 certaret.
954 5475 1284 5553 Depreeatus
1312 5488 1397 5535 est
1420 5482 1581 5537 etiam
1604 5492 1662 5537 ut
1682 5485 1727 5539 si
1761 5487 1815 5541 in

241 5560 463 5629 proprio
492 5561 640 5616 clero
676 5572 731 5617 et
775 5563 829 5618 in
858 5581 955 5621 sua
1003 5568 1258 5637 parocbia
1288 5570 1445 5626 talem
1472 5587 1813 5632 meonomum

240 5651 456 5720 qualem
511 5652 742 5718 volebat,
783 5666 877 5709 aut
925 5658 1138 5725 qualem
1189 5675 1409 5717 necesse
1433 5672 1567 5730 erat,
1605 5665 1812 5737 sibique

239 5741 534 5798 secundum
583 5758 847 5802 canonum
883 5748 1277 5806 institutionem
1318 5768 1414 5822 per
1467 5756 1644 5810 omnia
1690 5758 1809 5814 obe-

1939 3319 2051 3374 Deo
2077 3318 2355 3375 commissi
2384 3319 2642 3375 attentius
2672 3333 2901 3375 exorare
2922 3321 3171 3377 delectet.
3214 3321 3282 3376 Et
3306 3332 3367 3376 ut
3401 3322 3518 3378 bmc

1939 3417 2122 3464 nostra
2166 3408 2460 3466 auctoritas
2501 3410 2870 3466 inviolabilem
2889 3419 2944 3467 et
2969 3412 3339 3469 inconvulsam
3381 3414 3519 3470 obti-

1939 3506 2065 3553 neat
2105 3497 2441 3564 ﬁrmitatem,
2474 3515 2636 3555 manu
2666 3502 2884 3570 propria
2913 3503 3101 3559 subter
3129 3518 3250 3558 eam
3281 3503 3517 3559 ﬁrmavi—

1937 3604 2075 3653 mus,
2131 3598 2186 3643 et
2236 3590 2420 3645 annuli
2476 3591 2650 3647 nostri
2700 3591 3055 3662 impressione
3100 3595 3362 3666 assignari
3405 3595 3516 3665 jus-

1934 3694 2123 3734 Simus.

2006 3767 2232 3840 Signum
2264 3768 2519 3825 Ludovici
2546 3769 2777 3840 piissimi
2815 3774 3174 3841 imperatoris.

2007 3859 2338 3931 Maginarius
2369 3860 2615 3917 notarius
2640 3861 2707 3917 ad
2734 3861 2907 3918 vicem
2948 3863 3188 3935 llugonis
3222 3868 3511 3945 recognovi

1934 3958 1989 4004 et
2023 3949 2342 4020 subscripsi.

2005 4037 2138 4092 Data
2151 4052 2219 4091 xv
2234 4037 2355 4093 Kal.
2370 4038 2608 4107 Martias,
2625 4054 2787 4106 anno,
2803 4041 3020 4099 Christo
3036 4047 3287 4123 propitio,
3309 4049 3378 4103 27
3401 4051 3501 4105 im-

1931 4129 2066 4198 perii
2110 4130 2292 4185 domui
2340 4130 2595 4189 Ludovici
2640 4133 2872 4203 piissimi
2913 4136 3163 4208 Augusti,
3210 4139 3503 4199 indictione

1935 4227 2094 4274 tertia
2103 4259 2116 4273 .

2002 4310 2196 4366 Actum
2232 4312 2469 4369 Pictavis
2502 4314 2721 4373 civitate
2754 4317 2967 4387 publica
2994 4319 3047 4374 in
3072 4319 3164 4376 Dei
3192 4323 3409 4380 nomine
3433 4324 3508 4381 fe-

1932 4403 2124 4459 liciter.
2160 4404 2352 4462 Amen.

2556 4497 2874 4555 CCXXVlll.

2323 4605 2420 4646 ιιιιο
2457 4605 2704 4647 ECCLESIA
2755 4607 3108 4649 CENOIANICA.

2536 4681 2710 4751 (Anno
2759 4682 2910 4755 838.)

2424 4771 2598 4843 [Apud
2625 4774 2831 4841 Baluz.,
2849 4777 3003 4850 ibid.]

1995 4862 2051 4916 In
2101 4865 2319 4919 nomine
2356 4863 2565 4919 Domini
2611 4864 2702 4921 Dei
2742 4878 2798 4921 et
2827 4869 3122 4927 Salvatorts
3157 4876 3326 4929 nostri
3364 4873 3491 4932 Jesu

1923 4951 2146 5016 Christi,
2199 4952 2524 5019 Ludovicus,
2545 4956 2725 5011 divina
2757 4960 3147 5030 repropitiante
3189 4964 3495 5030 clementia.

1921 5040 2217 5110 imperator
2238 5042 2529 5113 Augustus.

1993 5129 2051 5185 Si
2087 5130 2325 5186 ﬁdelium
2362 5143 2671 5189 nostrorum
2698 5136 2874 5207 iustas
2904 5150 2959 5194 et
2992 5142 3341 5202 rationabiles
3361 5148 3498 5216 peti—

1919 5222 2095 5277 tiones
2117 5229 2172 5276 et
2196 5222 2609 5291 postulationes,
2647 5243 2783 5297 quas
2810 5245 2910 5300 pro
2944 5232 3175 5290 utilitate
3200 5244 3255 5289 et
3287 5238 3495 5293 exalta-

1921 5310 2067 5367 tione
2107 5321 2311 5369 sanctae
2360 5315 2453 5371 Dei
2495 5306 2751 5375 Ecclesia:
2794 5335 3113 5392 exposcunt,
3140 5329 3208 5382 ad
3250 5340 3496 5400 optatum

1920 5400 2169 5461 cﬁ‘ectum
2216 5403 2581 5472 perducimus,
2613 5423 2721 5464 non
2755 5411 2930 5467 solum
2970 5416 3169 5484 regiam
3207 5428 3368 5490 atque
3396 5423 3495 5477 im-

1922 5491 2177 5561 perialem
2232 5498 2676 5555 consuetudinem
2732 5501 2783 5555 in
2821 5502 2923 5559 hoc
2987 5521 3332 5579 exercemus,
3396 5515 3492 5569 sed

1920 5583 2081 5637 etiam
2131 5597 2225 5639 cos
2268 5586 2421 5641 nobis
2456 5590 2835 5659 promptiores,
2880 5605 2938 5649 ut
2987 5599 3273 5664 credimus,
3329 5611 3491 5675 atque

1920 5675 2223 5731 devoliores
2248 5677 2493 5735 faciams.
2520 5682 2723 5740 Idcirco
2750 5688 2999 5743 omnibus
3022 5690 3265 5747 ﬁdelibus
3288 5705 3491 5752 sancta:

1920 5766 2014 5821 Dei
2053 5767 2306 5825 Ecclesia:
2336 5779 2388 5825 ct
2414 5773 2634 5833 nostris,
2663 5778 3018 5845 praesentibus
3045 5782 3250 5840 scilicet
3269 5794 3320 5841 et
3342 5784 3484 5842 futu-
