3924 6316
429 407 569 467 1299

1543 401 1867 459 ιυῡονιει
1904 401 1925 455 l
1962 399 2427 457 COGNOMENTO
2465 400 2551 455 Pl]

3559 402 3689 457 1300

431 520 533 587 ris,
561 527 749 576 notum
779 533 900 574 esse
936 518 1184 574 volumus
1204 517 1332 587 quia
1381 515 1705 573 Adalhertus
1745 507 1928 570 comes
1952 522 2008 569 et
2036 510 2230 582 Ajure
2258 512 2630 568 ecclesiastico
2680 523 2864 569 tenere
2912 522 2969 568 et
3016 514 3316 585 possidere.
3352 524 3409 570 et
3437 514 3691 585 quidquid

436 610 793 668 consiliarius
820 616 1007 665 noster
1056 608 1211 664 nobis
1258 607 1490 663 innotuit
1534 606 1677 676 quod
1720 604 2010 676 quamdam

431 701 613 755 viltam
640 700 799 756 sitam
828 699 883 755 in
906 715 1044 771 pago
1072 698 1417 754 Carmicense
1444 696 1661 751 nomine
1692 693 1913 749 Bonalla
1942 692 2010 748 de

423 790 545 861 jure
568 790 941 848 Cenomanicae
968 789 1159 847 matris
1180 788 1422 844 ecclesiae
1445 804 1543 860 per
1567 794 1812 841 nostrum
1840 785 2008 839 bene-

429 880 611 937 ﬁcium
642 884 963 955 possideret,
991 882 1059 937 de
1086 897 1191 951 qua
1223 896 1322 951 per
1362 877 1603 950 singulos
1634 891 1806 932 annos
1836 891 2010 931 nonas

427 974 736 1030 etdccimas
771 983 826 1030 et
847 973 1119 1045 legitimos
1140 987 1335 1027 census
1359 968 1605 1040 partibus
1629 966 1868 1039 pmfatte
1890 982 2005 1020 ma-

427 1065 529 1119 tris
554 1064 799 1120 ecclesitn
821 1072 879 1118 et
903 1062 1143 1132 ejusdem
1192 1062 1436 1118 ecclesias
1469 1058 1775 1115 rectoribus
1810 1056 2013 1129 persol-

424 1164 597 1211 veret.
621 1155 739 1223 Qua
764 1156 831 1211 de
853 1170 913 1210 re
935 1156 1077 1210 idem
1104 1153 1429 1209 Adalbertus
1454 1156 1799 1222 pertractans
1821 1163 2007 1204 casum

424 1247 680 1302 humanae
710 1245 1041 1317 fragilitatis,
1073 1249 1447 1315 et’pavescens
1486 1241 1737 1296 ultimum
1778 1240 2010 1294 vocatio-

428 1339 515 1392 nis
545 1337 708 1403 diem,
737 1338 1041 1407 timensque
1067 1352 1135 1391 ne
1178 1335 1406 1407 praefata
1436 1335 1561 1390 villa
1592 1334 1776 1405 aliquo
1809 1331 2012 1402 cupidi-

429 1426 559 1482 tatis
608 1442 720 1482 suaa
750 1426 971 1482 stimulo
1018 1426 1103 1481 vel
1142 1424 1384 1497 quolibet
1428 1423 1646 1495 ingenio
1680 1420 1847 1490 ajure
1872 1435 2009 1489 pra:-

428 1516 644 1585 scripta:
674 1514 866 1571 matris
902 1514 1147 1571 ecclesia:
1187 1513 1421 1569 alienata
1461 1511 1616 1568 ﬁeret
1637 1528 1652 1577 ;
1677 1510 1906 1580 ideoque
1934 1508 2013 1563 di-

428 1608 558 1663 vino
584 1606 802 1664 fervens
830 1622 1017 1663 amore
1058 1606 1125 1661 ad
1155 1605 1496 1661 clementiam
1538 1611 1780 1658 nostram
1809 1600 2010 1671 suppli-

428 1697 568 1753 citer
632 1698 931 1769 deprecans
996 1697 1228 1753 accessit
1291 1704 1351 1751 ut
1405 1701 1759 1749 memoratam
1826 1691 2007 1746 villam

428 1788 647 1846 nomine
674 1788 951 1846 Bonallam
992 1804 1117 1845 cum
1146 1788 1399 1845 omnibus
1426 1786 1492 1842 ad
1528 1802 1587 1842 se
1615 1784 2012 1856 pertinentibus

425 1879 673 1948 partibus
721 1880 991 1950 prtedicta:
1034 1879 1413 1935 Cenomanica:
1455 1877 1645 1933 matris
1683 1876 1929 1932 ecclesiae
1958 1884 2014 1931 et
2041 1864 2086 1921 Β

426 1970 647 2027 Aldrico
676 1968 917 2041 ejusdem
962 1972 1113 2028 urbis
1144 1971 1440 2027 venerabili
1485 1969 1728 2043 pontiﬁci
1778 1985 2012 2040 prasen—

425 2061 613 2120 taliter
656 2070 843 2117 nostra
892 2062 1157 2136 imperiali
1187 2062 1511 2121 auctoritate
1546 2062 1913 2125 redderemus,
1957 2070 2013 2115 et

427 2154 571 2209 hanc
611 2154 965 2210 redditionem
1008 2170 1108 2226 per
1150 2163 1397 2211 nostrum
1447 2162 1777 2225 praeceptum
1813 2152 2012 2206 futuris

427 2244 763 2313 temporibus
803 2245 1015 2299 ﬁrmius
1038 2246 1216 2299 eidem
1254 2244 1499 2300 ecclesiae
1526 2246 1757 2314 suisque
1778 2243 2011 2297 rectori-

427 2335 531 2391 bus
559 2336 934 2407 possidendam
970 2338 1469 2395 conﬁrmassemus.
1496 2337 1658 2408 Cujus
1693 2338 2009 2408 petitionem

428 2428 498 2482 ob
538 2442 778 2483 amorem
838 2428 933 2483 Dei
976 2438 1033 2483 et
1070 2430 1431 2483 reverentiam
1484 2430 1655 2498 ipsius
1697 2428 1871 2483 sancti
1910 2423 2011 2482 loci

428 2533 818 2590 servorumque
875 2521 973 2577 Dei
1013 2521 1146 2578 inibi
1191 2522 1302 2577 Deo
1347 2520 1725 2576 famulantium
1774 2520 2007 2575 libenter

429 2610 752 2676 audivimus,
804 2621 860 2667 et
907 2612 1345 2683 deprecationem
1389 2627 1452 2668 ac
1490 2612 1639 2682 pium
1685 2611 2011 2667 desiderium

430 2694 547 2765 ejus
576 2696 644 2751 ad
688 2698 933 2767 optatum
961 2699 1212 2757 effectum
1263 2700 1559 2771 adimplere
1604 2700 1825 2771 dignum
1861 2699 2016 2755 duxi-

429 2804 571 2845 mus.
612 2788 955 2860 Quapropter
990 2808 1089 2861 per
1131 2793 1236 2848 hoc
1282 2799 1481 2847 nostrae
1508 2791 1848 2846 auctoritatis
1870 2805 2012 2860 prae-

431 2886 647 2948 ceptum
690 2887 996 2935 statuentes
1050 2881 1397 2936 decernimus
1439 2880 1602 2950 atque
1651 2881 1903 2951 jubemus
1954 2887 2015 2933 ut

432 2966 888 3037 quemadmodum
920 2969 1240 3039 saepedic’tus
1265 2968 1595 3023 Adalbertus
1629 2967 1802 3023 ﬁdelis
1827 2974 2015 3022 noster

431 3064 790 3112 memoratam
818 3058 999 3113 villam
1044 3074 1168 3114 cum
1194 3059 1340 3114 omni
1372 3058 1702 3129 integritate,
1738 3058 1877 3113 sicut
1924 3056 2014 3111 illa

433 3147 521 3201 die
562 3146 663 3202 sub
692 3146 815 3216 jure
844 3156 1045 3205 nostra:
1087 3149 1376 3220 potestatis
1409 3157 1528 3205 erat
1552 3148 1768 3218 quando
1795 3164 1823 3201 a
1856 3147 2014 3219 largi-

434 3236 581 3291 tione
633 3244 818 3292 nostra
863 3238 1041 3309 ipsum
1090 3238 1413 3295 beneﬁcium
1453 3240 1729 3308 accepisse
1779 3246 2007 3301 constat,

433 3340 533 3395 pro
561 3327 927 3382 emolumento
949 3329 1145 3384 anima:
1166 3337 1367 3385 nostrae
1394 3338 1450 3385 et
1474 3328 1769 3384 stabilitate
1799 3328 2014 3397 imperii

435 3417 608 3473 nostri
634 3427 933 3474 memorato
955 3420 1249 3475 venerabili
1275 3420 1495 3476 Aldrico
1519 3421 1774 3490 episcopo
1800 3418 1867 3473 ad
1889 3434 2017 3488 par-

434 3514 547 3559 tem
594 3508 923 3577 praescriptae
974 3523 1087 3563 suae
1139 3508 1283 3563 sedis
1322 3510 1566 3565 ecclesiae
1622 3507 2017 3579 praesentaliter

437 3593 790 3658 reddidimus,
819 3605 879 3651 ut
899 3597 953 3651 in
981 3607 1241 3668 perpetuo
1264 3599 1317 3653 in
1347 3598 1610 3653 utilitates
1639 3606 1695 3654 et
1720 3613 1850 3653 usus
1875 3596 2016 3666 ejus-
2052 3642 2053 3645 η

438 3684 560 3738 dem
599 3684 841 3739 ecclesia!
884 3685 1103 3756 Deoque
1138 3687 1190 3741 in
1237 3702 1299 3743 ea
1340 3687 1759 3743 deservientium
1801 3703 2016 3757 perma-

438 3784 581 3830 neat.
615 3777 827 3833 Idcirco
861 3780 1273 3850 suggerentibus
1315 3772 1477 3850 atque
1520 3779 1801 3834 humiliter
1837 3787 2017 3849 postu-

439 3863 678 3919 lantibus
709 3868 983 3934 prtedictis
1020 3868 1266 3924 ﬁdelibus
1293 3871 1511 3932 nostris,
1542 3877 1841 3923 memorato
1867 3869 2012 3924 vidc—

439 3954 567 4009 licet
593 3954 809 4011 Aldrico
836 3958 1090 4027 episcopo
1124 3967 1179 4014 et
1203 3958 1497 4015 Adalberto
1539 3960 1653 4029 jam
1695 3960 1841 4014 dicto
1871 3960 2015 4015 ﬁdeli

440 4055 645 4111 nostro,
684 4047 787 4102 hoc
814 4056 1016 4103 nostra:
1041 4050 1468 4104 conﬁrmationis
1504 4058 1666 4120 atque
1702 4048 2017 4105 redditionis

439 4143 766 4205 prmeeptum
804 4140 1092 4208 saepedicto
1118 4139 1610 4215 Aldricoepiscopo
1634 4148 1691 4196 et
1713 4141 1781 4196 ad
1802 4149 2013 4211 partem

438 4226 548 4294 jam
576 4227 733 4282 dictae
762 4230 913 4283 urbis
944 4230 1061 4284 ﬁeri
1080 4229 1363 4298 jussimus,
1387 4248 1484 4301 per
1504 4233 1647 4301 quod
1674 4232 2017 4287 decernimus

444 4323 607 4384 atque
627 4313 882 4383 jubcmus
910 4324 971 4371 ut
1016 4317 1192 4372 nullus
1231 4318 1331 4373 sub
1359 4319 1561 4373 ditione
1602 4320 1814 4389 imperii
1847 4320 2016 4375 nostri

444 4410 648 4479 degens
668 4407 778 4462 ullo
797 4426 1033 4479 unquam
1061 4419 1300 4482 tempore
1321 4412 1387 4467 de
1413 4412 1666 4481 praedicta
1696 4411 1820 4466 villa
1848 4412 1931 4466 vel
1952 4413 2018 4467 de

2118 619 2218 673 pro
2244 605 2650 674 opportunitate
2678 612 2731 659 et
2764 606 3148 660 commoditate
3176 605 3419 675 prmfata
3441 605 3583 660 sedis
3609 620 3691 660 ec-

2111 694 2289 748 clesia:
2315 696 2512 750 exinde
2539 693 2720 751 facere
2766 696 3127 761 decreverint,
3156 694 3387 750 liberam
3434 696 3489 749 in
3520 697 3694 749 omni-

2108 784 2209 839 bus
2233 782 2431 839 futuris
2457 785 2789 854 temporibus
2812 785 3051 840 habeant
3075 792 3405 854 potestatem
3441 782 3691 838 faciendi.

2109 873 2179 927 Et
2204 880 2263 927 ut
2308 874 2424 929 haec
2462 883 2664 929 nostra:
2694 874 3012 929 redditionis
3056 874 3355 929 auctoritas
3383 882 3693 943 perpetuam

2108 964 2352 1019 obtineat
2398 964 2734 1030 ﬁrmitatem,
2781 980 2947 1019 manu
2974 965 3194 1035 propria
3238 966 3431 1020 subter
3460 978 3583 1018 eam
3614 962 3701 1019 ﬁr-

2108 1055 2397 1121 mavimus,
2428 1062 2484 1109 et
2510 1056 2578 1110 de
2614 1055 2813 1110 annulo
2848 1064 3036 1111 nostro
3061 1056 3442 1124 sigillavimus.

2182 1143 2409 1214 Signum
2437 1145 2693 1201 Ludovici
2724 1146 3054 1201 serenissimi
3092 1148 3469 1217 imperatoris.

2180 1233 2590 1293 llerminmarus
2602 1238 2846 1293 notarius
2869 1239 2938 1293 ad
2951 1238 3124 1293 vicem
3140 1236 3385 1310 Hugonis
3407 1240 3695 1309 recognovi

2110 1334 2166 1380 et
2188 1325 2511 1396 subscripsi.

2181 1417 2317 1472 Data
2341 1434 2408 1471 xv
2438 1418 2662 1474 Kalend.
2690 1420 2877 1486 Maias,
2898 1436 3063 1485 anno,
3094 1421 3313 1476 Christo
3344 1422 3608 1492 propitio,
3630 1422 3697 1475 27

2110 1507 2324 1576 imperii
2365 1508 2549 1564 domni
2575 1509 2833 1564 Ludovici
2860 1510 3089 1580 piissimi
3117 1510 3369 1580 Augusti,
3403 1509 3700 1566 indictione

2110 1598 2305 1667 prima.

2183 1688 2377 1743 Actum
2404 1689 2729 1761 Aquisgrani
2757 1690 2960 1759 palatio
2991 1691 3043 1743 in
3076 1691 3170 1745 Dei
3194 1692 3418 1745 nomine
3452 1690 3694 1745 feliciter.

2114 1776 2309 1833 Amen.

2762 1870 3042 1925 CCXXIX.

2111 1994 2138 2022 ⁸
2177 1998 2514 2039 (ΖΟΝΕΑΜΒΙυΞΙ
2556 2002 2585 2037 Α
2628 1999 2879 2038 ΤΑΤΤΟΝΕ
2920 2000 3123 2038 ΛΒΒΔΤΕ
3171 1998 3565 2038 CAIPIDONENSI
3601 1999 3698 2037 CUI

2337 2069 2584 2109 WANINGO
2618 2069 2818 2107 COIIITE
2858 2069 3046 2108 INITUI
3082 2068 3493 2109 CONFIBIATUR.

2565 2140 2737 2214 (Anno
2775 2144 2900 2208 858,
2937 2144 3006 2198 Η
3041 2142 3241 2215 Junii.)

2182 2231 2363 2304 [Apud
2384 2232 2690 2303 Neutgart.,
2716 2230 2894 2286 Codex
2914 2232 3303 2295 Alemonm'cus,
3333 2248 3459 2303 pag.
3485 2232 3637 2304 23L]

2181 2321 2239 2377 In
2281 2326 2498 2377 nomine
2534 2323 2746 2377 Domini
2786 2323 2880 2377 Dei
2920 2332 2977 2377 et
3025 2322 3326 2379 Salvator-is
3373 2325 3550 2379 nostri
3583 2322 3702 2378 Jesu

2112 2411 2343 2475 Christi,
2374 2412 2698 2477 Ludovicus,
2725 2414 2906 2468 divina
2950 2415 3343 2485 repropitiante
3392 2416 3696 2480 clementia,

2113 2499 2409 2570 imperator
2438 2501 2733 2572 Augustus.

2184 2593 2240 2646 Si
2267 2608 2329 2647 ea
2359 2609 2479 2662 quae
2517 2593 2701 2649 ﬁdeles
2730 2594 2899 2649 nostri
2926 2610 3027 2665 pro
3052 2610 3239 2650 eorum
3278 2598 3697 2667 opportunitati-

2111 2682 2214 2738 bus
2256 2683 2401 2738 inter
2431 2698 2491 2738 se
2535 2686 3025 2750 commutaverint,
3071 2686 3275 2741 nostris
3319 2687 3701 2743 conﬁrmamus

2114 2772 2336 2837 edictis,
2385 2774 2721 2843 imperialetn
2770 2790 3092 2830 exercemus
3138 2777 3614 2841 consuetudinem,
3653 2789 3704 2831 et

2114 2865 2218 2919 hoc
2246 2865 2300 2918 in
2347 2865 2690 2933 postmodum
2723 2864 2847 2933 jure
2877 2865 3190 2921 ﬁrmissimo
3220 2882 3549 2937 mansurum
3590 2884 3701 2923 esse

2115 2956 2379 3011 volumus.
2398 2956 2603 3012 idcirco
2618 2958 2828 3012 noverit
2848 2959 3090 3014 omnium
3107 2957 3346 3017 ﬁdelium
3366 2969 3695 3023 nostrorum,

2116 3056 2226 3101 tam
2253 3049 2601 3117 prtesentiutn
2627 3063 2786 3118 quam
2819 3056 2874 3102 et
2901 3048 3231 3113 futurorum,
3256 3050 3555 3114 industria,
3586 3053 3701 3121 quia

2114 3137 2342 3193 dilectus
2379 3137 2520 3193 ﬁlius
2565 3147 2620 3192 et
2656 3140 2967 3207 aequivocus
3014 3148 3200 3194 uoster
3241 3140 3555 3196 Ludovicus
3598 3142 3702 3213 glo-

2116 3230 2293 3285 riosus
2328 3245 2423 3285 rex
2448 3232 2604 3285 nobis
2647 3231 2879 3285 innotuit
2916 3247 2981 3286 eo
3010 3231 3155 3302 quod
3193 3231 3353 3287 Tatto
3384 3234 3705 3289 venerabilis

2120 3322 2286 3377 abbas
2330 3323 2647 3377 monasterii
2696 3324 2960 3378 vocabulo
2987 3323 3338 3392 Campidona,
3374 3340 3481 3379 nec
3525 3340 3627 3379 non
3650 3334 3702 3380 et

2116 3411 2418 3480 Waningus
2451 3428 2633 3467 comes
2665 3414 2691 3452 δ
2719 3414 2982 3483 quasdam
3012 3427 3099 3467 res
3134 3427 3232 3481 pro
3262 3414 3553 3468 ambarum
3585 3430 3702 3485 parb

2116 3501 2252 3556 tium
2291 3502 2700 3571 opportunitate
2739 3510 3185 3557 commutassent.
3231 3502 3389 3556 Dedit
3425 3504 3594 3573 igitur
3617 3520 3705 3559 no-

2119 3608 2231 3648 stro
2258 3594 2525 3664 permissu
2570 3594 2858 3663 praedictus
2892 3594 3050 3647 Tatto
3082 3593 3251 3648 abbas
3284 3609 3353 3648 ex
3385 3594 3551 3649 rebus
3577 3611 3707 3666 prae-

2119 3685 2247 3740 dicti
2279 3686 2591 3741 monasterii
2612 3687 2691 3741 sui
2714 3688 3108 3756 prmnominato
3132 3686 3406 3757 Waningo
3429 3688 3618 3741 comiti
3642 3687 3705 3741 ad

2117 3775 2393 3844 proprium
2420 3776 2679 3844 quidquid
2705 3775 2849 3844 juris
2873 3776 3112 3844 ejusdem
3137 3778 3462 3831 monasterii
3491 3778 3545 3832 in
3578 3771 3705 3833 locis

2116 3881 2235 3936 quae
2260 3868 2513 3921 dicuntur
2541 3866 2731 3921 Plena
2763 3878 2812 3931 ο,
2858 3866 3198 3921 Pazeinhova
3224 3865 3250 3904 ά
3270 3908 3284 3930 ,
3339 3867 3635 3923 Boruuanc
3660 3884 3703 3934 ε,

2118 3963 2172 4007 et
2200 3956 2251 4008 in
2284 3955 2567 4008 Suntheim
2600 3955 2618 3993 τ
2649 3956 2973 4021 habebatur,
3006 3962 3231 4027 excepta
3263 3957 3454 4012 marka
3483 3960 3633 4015 silva:
3655 3969 3707 4015 et

2118 4048 2321 4110 curtili,
2355 4064 2475 4117 quas
2510 4063 2607 4117 pro
2629 4048 2849 4103 Aldrico
2882 4052 2908 4089 ε
2940 4049 3007 4102 ad
3036 4060 3393 4105 memoratum
3432 4062 3705 4114 monaste-

2118 4142 2257 4196 rium
2289 4142 2527 4211 delegata
2566 4150 2669 4201 est.
2707 4150 2760 4195 et
2798 4142 3039 4211 exceptis
3066 4142 3172 4197 illis
3204 4146 3377 4213 pratis
3403 4144 3461 4199 in
3502 4144 3702 4202 Gundi-

2119 4231 2299 4287 lensee
2336 4232 2393 4296 ιι,
2444 4237 2500 4285 et
2541 4230 2885 4285 Cuttinwanc
2921 4232 2965 4296 ί,
3002 4232 3209 4302 reliqua
3236 4235 3454 4299 omnia,
3487 4250 3611 4303 quae
3648 4237 3699 4289 iu

2121 4338 2280 4392 supra
2307 4324 2463 4377 dictis
2494 4322 2627 4376 locis
2663 4322 2714 4376 in
2747 4321 2870 4391 jure
2897 4324 3194 4393 prtescripti
3233 4327 3557 4379 monasterii
3589 4341 3709 4393 pos-

2121 4411 2477 4475 sidebautur,
2540 4426 2663 4464 cum
2712 4410 2915 4466 markis
2960 4420 3013 4466 et
3064 4413 3318 4467 omnibus
3371 4413 3708 4483 appendiciis

444 4497 695 4551 omnibus
723 4498 790 4553 ad
816 4514 935 4553 eam
967 4499 1363 4567 pertinentibus
1400 4503 1453 4554 in
1476 4501 1887 4571 quibusctinque
1918 4518 2014 4572 pa-
2044 4530 2096 4588 D
2122 4503 2234 4558 suis
2264 4501 2520 4572 praedicto
2544 4500 2815 4572 Waningo
2844 4503 3027 4556 comiti
3048 4504 3433 4558 commutando
3460 4506 3706 4569 tradidit,

446 4590 527 4658 gis
554 4598 608 4645 et
636 4588 769 4645 locis
799 4592 1087 4660 smpedicto
1115 4590 1332 4647 Aldrico
1361 4592 1613 4663 episcopo
1644 4594 1862 4664 suisque
1900 4610 2018 4648 suc-

447 4682 751 4737 cessoribus
780 4683 886 4737 ullo
910 4698 1145 4751 unquam
1189 4692 1434 4753 tempore
1471 4684 1897 4753 inquietudinem
1938 4684 2017 4738 fa-

446 4786 571 4827 cere
605 4779 699 4825 aut
731 4772 1022 4843 quamlibet
1048 4772 1372 4827 calumniam
1414 4774 1659 4843 ingerere
1688 4784 2014 4843 prmsumat;

448 4861 541 4925 scd
566 4860 726 4914 liceat
747 4862 796 4915 ei
823 4871 878 4916 et
905 4862 1313 4917 successoribus
1339 4861 1455 4931 ejus
1482 4864 1664 4932 quieto
1691 4865 1881 4919 ordine
1909 4880 2020 4918 me-

447 4959 712 5005 moratam
758 4950 938 5005 villam
986 4967 1109 5006 cum
1154 4952 1405 5011 omnibus
1450 4952 1582 5007 locis
1628 4961 1684 5006 et
1735 4953 2022 5007 territoriis

450 5040 563 5091 sive
606 5040 889 5109 mancipiis
918 5048 970 5094 et
997 5054 1120 5094 cum
1149 5030 1401 5094 omnibus
1443 5038 1509 5093 ad
1541 5054 1598 5093 se
1631 5039 2024 5109 pertinentibus

523 5223 548 5250 ει
582 5209 673 5281 Ex,
696 5211 1029 5281 chartulario
1064 5213 1441 5281 antiquissimo
1480 5212 1710 5266 abbatite
1735 5210 2026 5281 campido-

452 5280 635 5351 ncnsis
663 5280 717 5334 in
739 5280 910 5335 lucem
934 5280 1288 5351 produxit’R.
1304 5283 1364 5335 Ρ.
1392 5281 1674 5337 Rasslerus
1701 5282 1753 5334 in
1777 5280 2019 5350 Appentl.

453 5350 537 5421 ud_
558 5348 825 5421 Vindicat.
858 5348 1046 5421 contra
1068 5350 1300 5415 Vindic.,
1322 5366 1463 5421 pag.
1483 5352 1571 5405 27.

525 5417 553 5455 ι)
581 5418 922 5500 ,κγαηὶῃςυηε
964 5420 1105 5500 inter
1150 5416 1748 5500 comites'lfljbelgovib:
1792 5433 2021 5500 censeo,

454 5486 593 5553 quod
634 5488 686 5541 in
728 5486 848 5543 aliis
875 5491 1081 5544 chartis
1115 5498 1299 5560 aperte
1324 5491 1389 5545 ad
1427 5486 1627 5544 dictum
1659 5503 1857 5559 pagum
1888 5490 2025 5546 refe-

456 5566 625 5611 I'tllUi'.

528 5636 549 5703 ξ
589 5625 734 5703 [ﬂeas
752 5667 764 5689 ,
788 5628 1126 5703 addextram
1154 5630 1348 5703 Hilarus
1369 5628 1449 5693 ﬁ.,
1478 5628 1617 5703 infra
1642 5629 2019 5703 _ll_entmingen.

526 5691 554 5733 ιῑ
582 5694 933 5774 [iunctain/ett
952 5714 1162 5774 ,__prope
1196 5691 1491 5774 Augustam
1522 5691 1939 5758 Vindelicoruni.

539 5775 553 5801 ι
592 5762 914 5835 Πρω-ε’[ὁηςς-γγ
932 5811 944 5827 .
970 5762 1037 5823 ili.

2120 4600 2174 4646 et
2199 4606 2229 4645 e
2251 4592 2511 4645 coutrain
2543 4590 2983 4659 compensatione
3002 4594 3317 4647 earumdem
3344 4609 3529 4663 rerum
3558 4595 3703 4649 dedit

2119 4696 2259 4751 saepe
2282 4681 2457 4736 dictus
2484 4678 2787 4749 Waningus
2809 4695 2990 4736 comes
3020 4695 3085 4734 ex
3114 4682 3277 4735 rebus
3290 4683 3589 4737 comitatus
3626 4686 3707 4738 sui

2121 4782 2245 4827 ante
2258 4772 2401 4827 dicto
2421 4772 2636 4826 Tattoni
2662 4771 2840 4825 abbati
2868 4772 2934 4824 ad
2955 4779 3164 4840 partem
3191 4760 3576 4842 prtefiominati
3595 4792 3707 4828 mo-

2123 4861 2453 4933 nasteriisul
2492 4860 2749 4930 quidquid
2778 4861 2831 4914 in
2857 4859 3008 4926 villa,
3036 4863 3301 4917 vocabulo
3331 4864 3516 4918 Reoda
3545 4864 3560 4913 ἱ
3600 4873 3705 4919 tam

2123 4952 2283 5005 terris
2304 4966 2466 5019 quam
2502 4959 2557 5005 et
2595 4952 2788 5021 pratis,
2830 4960 2993 5021 atque
3032 4953 3196 5006 etiam
3226 4955 3401 5019 silvis,
3431 4956 3589 5026 aquis
3610 4997 3624 5020 ,
3656 4968 3708 5011 et

2122 5039 2345 5105 markis,
2374 5040 2457 5094 vel
2478 5042 2725 5095 omnibus
2765 5042 2926 5096 rebus
2953 5057 3015 5096 ex
3044 5041 3166 5109 jure
3195 5045 3489 5100 comitatus
3512 5047 3598 5101 sui
3620 5048 3703 5101 in-

2201 5213 2221 5252 ¹
2254 5214 2566 5279 Sundhet'm,
2599 5215 2667 5268 ad
2702 5214 2942 5269 Gunzam
2972 5213 3097 5269 fluv.

2198 5286 2222 5323 ⁸
2254 5284 2500 5355 ᾼιάςίειιε
2542 5285 2848 5355 presbyter,
2890 5283 3040 5351 cujus
3090 5284 3225 5339 cella
3272 5297 3612 5343 memoratur
3649 5290 3702 5344 in

2126 5354 2233 5408 alio
2260 5353 2513 5422 Ludovici
2542 5353 2851 5422 diplomate.

2194 5424 2222 5463 ιι
2250 5421 2414 5490 Culpa
2446 5424 2809 5485 amanuensis,
2836 5429 2893 5475 ut
2921 5422 3151 5483 videtur,
3177 5440 3278 5490 pro
3303 5423 3698 5490 Gundilensee;

2126 5493 2293 5549 hodie
2315 5491 2607 5554 Guntzeck,
2638 5494 2779 5546 inter
2815 5491 3049 5545 Hilaram
3076 5502 3126 5547 et
3162 5491 3427 5548 Gunzam.

2202 5564 2217 5603 i
2256 5560 2715 5633 Gatenouprope
2750 5560 3056 5633 Sugndheim.
3099 5562 3247 5617 Loca
3286 5566 3567 5633 hucusque
3619 5579 3701 5619 rc-

2126 5634 2328 5687 censita
2382 5631 2448 5686 ad
2497 5629 2771 5686 dioecesim
2810 5629 3173 5700 Augustanam
3208 5629 3513 5701 pertinent,
3556 5642 3698 5688 trans

2126 5701 2361 5758 Hilaratu
2399 5702 2519 5754 sita.

2199 5768 2211 5819 i
2256 5770 2469 5835 Rirtlcn,
2497 5786 2653 5841 supra
2677 5770 3031 5824 confluentem
3060 5770 3325 5825 Eitmcltcc
3360 5784 3413 5827 ct
3446 5773 3660 5827 Hilam.
