3924 6346
239 372 381 428 ιδθι

1373 366 1761 422 DIPLOMATA
1802 365 2344 424 ECCLESIASTICA.

3344 362 3480 418 1302

240 488 322 542 ibi
365 484 639 555 possidere
683 485 1044 554 dignoscitur,
1092 481 1342 536 similiter
1374 488 1426 535 et
1457 479 1718 550 quidquid
1759 480 1813 533 in
1843 485 1891 540 Α
1919 483 2302 536 monachorum
2333 483 2461 536 inibi
2486 482 2592 536 Deo
2623 481 2998 536 famulantium
3034 477 3346 542 fulcienilas,
3380 494 3468 531 no-

242 575 368 632 loco
399 576 490 644 qui
522 574 717 628 dicitur
746 574 968 628 Eitraba
1000 585 1024 614 α
1062 573 1126 626 de
1144 569 1268 639 jure
1294 569 1500 639 praefati
1529 570 1818 626 comitatus

243 668 330 722 sui
362 667 687 738 possidebat.
720 665 871 720 Unde
895 673 950 720 et
971 665 1103 720 duas
1125 664 1572 718 commutationes
1595 662 1712 732 pari
1740 669 1817 716 te-

245 773 385 812 nore
422 755 775 822 conscriptas,
802 753 1158 822 manibusque
1196 767 1415 807 suorum
1440 794 1452 816 ,
1500 760 1556 806 et
1586 751 1817 806 aliorum

243 849 513 903 bonorum
537 847 814 900 hominum
843 844 1092 899 manibus
1114 844 1412 909 roboratas,
1438 860 1547 913 prae
1572 842 1818 897 manibus

239 952 304 993 se
328 937 529 992 habere
554 935 827 1005 professus
850 943 954 999 est,
981 935 1074 989 sed
1091 948 1187 1004 pro
1215 935 1421 1004 integra
1452 933 1706 988 ﬁrmitate
1728 947 1820 1000 pe-

241 1029 332 1083 tiit
360 1026 735 1081 celsitudinem
762 1031 1006 1080 nostram
1031 1031 1091 1079 ut
1121 1024 1339 1079 easdem
1368 1022 1818 1079 commutationes

240 1119 420 1173 denuo
439 1133 536 1186 per
562 1125 762 1172 nostrae
790 1117 1218 1174 mansuetudinis
1245 1125 1571 1186 praeceptum
1610 1115 1818 1184 plenius

238 1209 568 1264 conﬁrmare
594 1208 936 1274 deberemus,
970 1209 1124 1280 cujus
1150 1208 1398 1277 petitioni
1431 1208 1698 1277 denegare
1719 1219 1815 1259 no-

240 1300 441 1355 luimus
461 1341 474 1366 ,
509 1301 601 1356 sed
636 1293 775 1355 sicut
800 1300 1093 1370 unicuique
1121 1299 1362 1354 ﬁdelium
1391 1306 1697 1352 nostrorum
1725 1293 1814 1362 ju-

241 1400 328 1446 ste
352 1400 401 1445 ct
431 1391 830 1447 rationabiliter
862 1391 1161 1460 petentium
1180 1429 1195 1455 ,
1227 1389 1301 1444 ita
1331 1403 1431 1444 nos
1466 1388 1572 1442 illis
1597 1401 1820 1443 conces-

242 1481 379 1536 sisse
406 1523 420 1547 ,
471 1489 633 1551 atque
675 1482 730 1536 in
783 1482 1038 1537 omnibus
1090 1481 1440 1536 conﬁrmasse
1487 1478 1812 1550 cognoscite.

239 1567 621 1638 Pmcipientes
652 1585 780 1640 ergo
799 1570 1082 1640 jubemus,
1124 1579 1186 1625 ut
1225 1569 1483 1640 quidquid
1521 1585 1648 1640 pars
1671 1569 1816 1639 juste

237 1667 292 1711 ct
332 1657 730 1712 rationabiliter
762 1657 918 1713 alteri
952 1659 1094 1729 parti
1119 1659 1380 1724 contulit,
1411 1673 1508 1727 per
1537 1659 1675 1712 hanc
1713 1673 1812 1712 no-

237 1758 407 1804 stram
438 1750 818 1805 auctoritatem
870 1751 1128 1820 deinceps
1144 1748 1268 1821 jure
1297 1750 1605 1805 ﬁrmissimo
1636 1757 1815 1804 teneat

1920 577 2046 623 stne
2095 570 2430 624 auctoritatis
2464 579 2791 640 prmceptum
2836 571 3076 631 tradere,
3130 577 3292 638 atque
3328 575 3386 622 ut
3428 569 3480 620 in

1918 658 2036 728 ejus
2063 657 2188 726 jure
2229 667 2488 730 perpetuo
2529 661 2788 715 consistat
2807 675 2906 730 per
2932 659 3174 714 eamdem
3202 659 3486 718 auctorita-

1920 757 2027 803 tem
2059 750 2307 821 delegare
2324 791 2337 816 ,
2369 765 2494 805 cum
2529 750 2777 805 omnibus
2798 751 2864 805 ad
2888 763 2946 804 se
2970 748 3381 819 pertinentibus,
3407 748 3488 802 vi-

1919 839 2111 894 delicet
2159 840 2434 907 domibus,
2467 840 2709 910 utrisque
2749 841 3020 907 aediﬁciis,
3055 842 3248 907 terris,
3290 825 3483 903 vineis,

1919 931 2087 996 silvis,
2140 933 2328 1001 pratis,
2369 933 2576 1002 campis
2603 974 2617 998 ,
2655 933 2890 1004 pascuis,
2941 935 3093 1003 aquis
3117 948 3487 1004 aquarumque

1918 1023 2254 1090 decursibus,
2292 1023 2453 1080 cultis
2479 1025 2611 1080 locis
2636 1035 2690 1080 et
2721 1025 2937 1081 incultis
2956 1066 2969 1092 ,
3013 1025 3298 1082 mobilibus
3325 1023 3487 1079 rebus

1916 1125 1973 1171 et
2016 1117 2407 1184 immobilibus,
2455 1133 2519 1173 ac
2555 1119 2760 1189 seipsas
2797 1119 3166 1182 moventibus,
3205 1116 3487 1184 mancipiis

1917 1209 2199 1277 utriusque
2240 1223 2402 1264 sexus
2449 1216 2506 1265 et
2532 1209 2742 1274 relatis,
2793 1217 2964 1263 totum
3006 1216 3061 1264 et
3083 1207 3151 1262 ad
3197 1209 3484 1276 integrum,

1917 1300 2002 1352 vel
2042 1301 2095 1353 in
2130 1301 2460 1369 exquisitum
2490 1309 2962 1369 quantumcunque
2987 1301 3054 1356 ad
3078 1308 3202 1356 eum
3235 1299 3486 1368 presenti

1919 1387 2322 1457 temporejuste
2349 1397 2402 1442 et
2440 1388 2684 1458 legaliter
2711 1388 2980 1458 pertinere
3015 1387 3386 1457 cognoscitur,
3425 1399 3489 1438 ac

1916 1495 2013 1549 per
2037 1481 2141 1535 hoc
2179 1480 2336 1536 libuit
2366 1480 2669 1536 celsitudini
2710 1487 2907 1536 nostra:
2934 1487 3286 1533 memoratam
3317 1477 3491 1531 muni-

1917 1571 2148 1626 ﬁcentia:
2204 1578 2400 1627 nostrae
2440 1571 2820 1628 liberalitatem
2861 1569 3124 1640 imperiali
3163 1569 3487 1624 auctoritate

1916 1663 2167 1729 ﬁrmare,
2219 1673 2275 1719 et
2321 1663 2486 1735 regali
2535 1663 2815 1719 sanctione
2862 1662 3174 1718 solemniter
3207 1662 3484 1716 roborare.

1914 1751 2148 1806 Proinde
2198 1753 2297 1807 hos
2335 1763 2535 1808 nostra)
2578 1750 2878 1821 majestatis
2930 1753 3109 1820 apices
3151 1749 3288 1813 ﬁeri,
3326 1758 3490 1818 atque

236 1851 402 1910 atque
431 1843 725 1910 possideat,
756 1851 811 1896 et
839 1843 1098 1912 quidquid
1125 1845 1319 1898 exinde
1343 1844 1520 1898 facere
1559 1843 1816 1898 decreve-
1845 1833 1893 1891 B
1920 1841 2192 1908 Audacro,
2216 1841 2310 1912 qui
2339 1858 2482 1897 nunc
2507 1843 2646 1897 idem
2670 1841 3060 1898 monasterium
3087 1855 3274 1911 regere
3304 1841 3492 1909 digno-

236 1933 332 1995 rit,
374 1931 544 1986 libero
578 1933 630 1986 in
661 1932 912 1988 omnibus
936 1934 1175 2003 potiatur
1197 1935 1424 1989 arbitrio
1456 1932 1711 1988 faciendi.
1746 1932 1814 1986 Et

233 2029 296 2076 ut
331 2023 444 2077 haec
474 2031 674 2077 nosme
700 2024 1126 2079 conﬁrmationis
1157 2025 1450 2080 auctoritas
1489 2023 1813 2079 inviolabilis

232 2121 575 2180 perseveret,
614 2113 678 2166 de
719 2112 917 2170 annulo
959 2122 1144 2169 nostro
1183 2114 1370 2169 subter
1401 2130 1523 2170 eam
1553 2114 1813 2183 jussimus

233 2201 496 2272 sigillare.

307 2290 533 2362 Signum
557 2294 737 2373 domui
764 2294 1018 2349 Ludovici
1043 2295 1386 2365 imperatoris
1411 2296 1660 2366 Augusti.

303 2380 730 2438 Bartbolomzeus
761 2385 787 2424 δ
818 2386 1062 2440 notarius
1099 2386 1166 2440 ad
1198 2386 1370 2440 vicem
1403 2385 1642 2456 llugouis
1668 2399 1814 2440 reco-

231 2473 394 2542 gnovi
413 2515 428 2538 ,
466 2482 522 2528 et
547 2475 859 2544 subscripsi.

303 2562 438 2615 Data
463 2577 595 2615 xvm
625 2561 742 2614 Kal.
775 2560 920 2628 Julii,
937 2578 1101 2628 anno,
1118 2562 1334 2619 Christo
1355 2565 1605 2634 propitio,
1631 2565 1815 2620 25in}-

229 2652 368 2722 pcrii
396 2652 599 2706 domini
627 2653 904 2708 Ludovicii
930 2666 952 2694 ο
986 2655 1214 2724 piissimi
1238 2655 1490 2727 Augusti,
1519 2657 1813 2714 indictione

229 2745 410 2815 prima
440 2743 490 2797 ἀ.
523 2744 717 2798 Actum
763 2745 1094 2817 Noviomago
1126 2759 1150 2787 ο
1190 2747 1392 2817 palatio
1439 2749 1589 2820 regio
1615 2750 1670 2805 in
1717 2750 1812 2806 Dei

229 2835 449 2889 nomine
479 2832 726 2889 feliciter.
757 2835 948 2890 Amen.

885 2925 1145 2981 CCXXX.

549 3029 650 3069 PRO
693 3030 1029 3069 MONASTERIO
1060 3029 1477 3069 CORIERIACENSI
1490 3055 1499 3070 .

848 3105 1021 3174 (Anno
1048 3104 1194 3176 858.)

306 3195 477 3267 [Apud
501 3194 729 3248 Martcn.
750 3233 764 3258 ,
799 3193 950 3248 Thes.
986 3194 1206 3260 Anecd.,
1235 3206 1364 3249 tom.
1395 3197 1434 3260 Ι,
1462 3212 1584 3267 pag.
1613 3195 1730 3267 28.]

301 3285 357 3338 ln
405 3286 620 3339 nomine
660 3287 869 3340 Domini
909 3285 1002 3340 Dei
1038 3293 1090 3340 et
1130 3286 1428 3343 Salvatoris
1468 3288 1636 3343 nostri
1678 3287 1806 3342 Iesu

224 3374 450 3440 Christi,
500 3374 825 3440 Ludovicus,
877 3375 1056 3429 divina
1107 3377 1431 3445 propitiante
1482 3377 1807 3442 clementia,

224 3465 526 3536 imperator
558 3466 853 3536 Augustus.

298 3553 356 3608 Si
392 3568 671 3609 servorum
706 3554 801 3608 Dei
840 3570 1134 3625 eorumque
1178 3556 1566 3623 necessitates,
1611 3557 1704 3628 qui
1739 3572 1806 3612 ex

224 3650 341 3700 toto
380 3643 635 3696 smculum
681 3642 966 3712 reliquisse
1007 3652 1334 3710 noscuntur,
1367 3647 1720 3712 consulimus,
1753 3657 1809 3702 et

223 3748 320 3790 eas
354 3735 440 3804 pia
471 3733 830 3788 sollicitudine
861 3741 916 3788 et
946 3732 1210 3802 imperiali
1243 3735 1579 3803 providentia
1607 3752 1805 3806 procu-

224 3841 410 3880 ramus
428 3867 441 3890 ,
466 3825 537 3880 ad
561 3824 984 3879 emolumentum
1008 3825 1199 3879 animae
1228 3831 1427 3879 nostrae
1456 3834 1512 3879 et
1535 3827 1602 3882 ad
1643 3835 1807 3882 aeter-

223 3931 351 3973 nam
393 3915 784 3971 beatitudinem
826 3915 1214 3985 capessendam
1266 3915 1371 3970 hoc
1415 3916 1604 3984 procul
1641 3916 1803 3971 dubio

222 4007 497 4077 pertinere
543 4003 884 4059 conﬁdimus.
925 4001 1133 4058 Idcirco
1175 4011 1360 4059 notum
1390 4003 1507 4058 ﬁeri
1534 4004 1800 4071 volumus,

223 4099 335 4154 Deo
364 4098 714 4166 disponente,
754 4097 1158 4152 successoribus
1199 4097 1430 4162 nostris,
1472 4100 1803 4153 rectoribus-

220 4204 343 4260 que,
379 4197 543 4258 atque
571 4189 876 4257 agentibus,
909 4189 1224 4242 monasterii
1252 4187 1307 4241 S.
1343 4187 1556 4242 Martini
1587 4197 1801 4259 patroni

219 4282 433 4346 nostri,
494 4279 584 4333 ubi
637 4279 750 4348 ipse
799 4279 1226 4347 pretiosissimus
1273 4278 1475 4336 Christi
1525 4280 1802 4337 confessor

217 4385 446 4441 corpore
491 4369 804 4440 requiescit,
846 4370 1202 4438 praesentibus
1231 4380 1288 4424 et
1312 4371 1532 4434 futuris,
1561 4371 1686 4441 quia
1719 4373 1798 4426 di-

217 4465 344 4518 vino
388 4461 516 4517 tacti
568 4475 794 4524 amore,
851 4460 1180 4529 complacuit
1225 4461 1532 4517 celsitudini
1572 4473 1771 4518 nostrae

1917 1932 2124 1996 scitur,
2183 1932 2694 2002 successoribusque
2741 1931 2890 2002 ejus,
2941 1931 3186 2003 patribus
3241 1929 3492 1985 videlicet

1917 2023 2153 2093 ejusdem
2178 2023 2348 2089 cellae,
2380 2024 2508 2079 dare
2532 2024 2894 2092 decrevimus,
2917 2039 3016 2096 per
3051 2039 3185 2095 quos
3214 2025 3488 2080 sancimus

1915 2122 2077 2182 atque
2119 2112 2443 2169 omnimodis
2503 2115 2874 2185 praecipimus,
2922 2122 2984 2169 ut
3015 2123 3316 2169 memorata
3366 2114 3490 2170 villa

1915 2220 2039 2258 cum
2069 2205 2153 2258 sui
2177 2204 2487 2274 integritate
2517 2205 2716 2260 abhinc
2736 2206 2791 2258 in
2821 2205 3060 2259 futurum
3089 2205 3142 2258 in
3163 2205 3285 2275 jure
3309 2213 3364 2260 et
3392 2207 3490 2259 do-

1915 2295 2212 2351 minatione
2241 2303 2555 2352 memorata:
2602 2296 2750 2352 cellze
2807 2298 3305 2368 monachorumque
3359 2297 3490 2351 mihi

1913 2387 2024 2444 Deo
2043 2401 2143 2456 per
2163 2388 2534 2444 successiones
2555 2386 2929 2444 famulantium
2953 2389 3235 2453 consistat,
3260 2395 3314 2444 et
3334 2387 3491 2458 quid-

1912 2476 2040 2546 quid
2068 2478 2297 2546 publicis
2327 2477 2410 2532 vel
2432 2477 2658 2548 privatis
2680 2475 2977 2547 obsequiis,
3004 2477 3288 2532 abbatibus
3310 2485 3489 2532 recto-

1914 2569 2170 2637 ribusquc
2217 2567 2500 2629 memorati
2539 2569 2852 2624 monasterii
2907 2566 2965 2624 S.
3015 2567 3230 2623 Martini
3280 2568 3489 2638 impen-

1913 2658 2041 2713 dere
2089 2659 2295 2724 debuit,
2351 2667 2519 2714 totum
2573 2660 2639 2714 ad
2680 2658 2770 2728 jus
2814 2667 2868 2715 et
2915 2659 3212 2730 profectum
3257 2657 3492 2730 praefatae

1913 2745 2059 2802 cella:
2086 2747 2358 2818 proﬁciat,
2378 2763 2542 2818 quam
2563 2749 2616 2803 in
2638 2749 2841 2804 honore
2865 2749 2922 2804 S.
2943 2748 3095 2804 Pauli
3121 2750 3350 2805 dicatam
3372 2765 3492 2806 esse

1912 2837 2179 2901 diximus,
2220 2845 2484 2907 quatenus
2514 2838 2734 2894 fabrica:
2763 2837 2998 2908 ejusdem
3021 2880 3034 2904 ,
3066 2841 3486 2896 monachorum-

1912 2942 2016 2997 que
2047 2927 2181 2981 inibi
2217 2929 2403 2984 usibus
2441 2931 2555 2984 Deo
2580 2929 2950 2986 famulantium
2988 2933 3288 3000 deserviat,
3326 2925 3489 3003 atque

1913 3016 1967 3072 in
2010 3019 2312 3088 augmentis
2357 3019 2640 3088 proﬁciat,
2693 3029 2748 3076 et
2787 3023 3026 3093 ejusdem
3072 3024 3216 3078 beati
3256 3025 3486 3093 apostoli

1912 3108 2112 3163 Christi
2151 3109 2402 3180 gloriosis
2439 3112 2925 3168 interventionibus
2964 3113 3118 3168 nobis
3160 3113 3340 3169 divina
3365 3128 3488 3186 pro-

1837 3171 1882 3233 C
1912 3199 2126 3268 pitiatio
2152 3171 2437 3270 gloriosius
2458 3217 2592 3257 cu...
2613 3203 2681 3258 Et
2703 3212 2763 3258 ut
2783 3205 2897 3258 haec
2915 3214 3116 3260 nostra:
3136 3171 3488 3276 delegationis

1909 3291 2206 3346 auctoritas
2236 3294 2514 3362 perpetuis
2548 3295 2944 3363 temporibus...
2984 3294 3051 3351 de
3079 3295 3276 3352 annulo
3301 3305 3487 3352 nostro

1907 3381 2093 3435 subter
2120 3396 2242 3436 eam
2274 3381 2537 3451 iussimus
2563 3383 2818 3454 sigillare.

1981 3470 2382 3528 Hirminmarus
2398 3475 2640 3530 notarius
2658 3475 2724 3530 ad
2748 3477 2920 3532 vicem
2942 3476 3180 3549 liugonis
3197 3483 3483 3552 recognovi

1908 3570 1964 3617 et
1994 3563 2311 3631 subscripsi.

1977 3652 2113 3704 Data
2137 3667 2223 3717 xv:
2238 3651 2505 3709 Kalendas
2530 3652 2677 3721 Julii,
2705 3671 2872 3722 anno,
2898 3656 3113 3713 Christo
3135 3660 3388 3730 propitio,
3416 3661 3485 3716 24

1907 3739 2121 3808 imperii
2137 3741 2317 3795 domui
2334 3741 2588 3797 Ludovici
2605 3744 2851 3815 Augusti,
2876 3745 3165 3803 indictione
3179 3748 3264 3804 15.
3285 3750 3479 3804 Actum

1907 3827 2216 3884 Theodonis
2236 3830 2360 3884 villa
2383 3832 2584 3900 palatio
2613 3834 2759 3902 regio
2781 3833 2835 3887 in
2865 3834 2958 3888 Dei
2987 3836 3202 3891 nomine
3230 3835 3476 3894 feliciter.

2563 3940 2840 3997 CCXXXI.

1903 4048 2278 4088 CONFIRIATUR
2349 4048 2700 4089 COIIUTATIO
2757 4050 3082 4097 QUOIUIDAI
3155 4053 3478 4096 Ρηωοκυκ

1975 4118 2132 4156 INTER
2171 4119 2464 4158 BILDUINUI
2502 4118 2748 4157 ABBATEI
2772 4121 3122 4161 DlONYSIANUI
3159 4124 3227 4164 ετ
3267 4125 3473 4165 ERIEN-

1974 4183 2078 4226 TRU
2086 4189 2186 4226 DE!
2227 4187 2549 4230 ΑΒΒΔτιδεΑι
2586 4187 2910 4229 ιοτιιειηεειι.

2512 4263 2686 4335 (Anno
2725 4263 2876 4338 839.)

2007 4352 2193 4425 [Apud
2220 4352 2442 4420 Mabill.,
2463 4355 2530 4409 de
2555 4354 2632 4409 Rc
2667 4355 3025 4427 diplomatica,
3052 4373 3175 4430 pag.
3203 4360 3367 4433 545.]

1971 4443 2028 4498 ln
2056 4445 2272 4500 nomine
2315 4444 2525 4501 Domini
2561 4446 2657 4501 Dei
2691 4455 2747 4502 et
2781 4445 3077 4504 Salvatoris
3127 4452 3298 4512 nostri
3346 4449 3471 4508 Jesu

226 4503 344 4518 ..ην
391 4503 516 4517 ...νη
568 4503 794 4524 ww.-.
853 4503 1180 4529 ..νη-νων...
1226 4503 1532 4517 suum“...
1573 4503 1793 4527 ..υσυυη

217 4555 508 4626 quamdam
550 4552 730 4606 villam
753 4550 892 4619 juris
934 4553 1173 4622 ejusdem
1219 4554 1536 4610 monasterii
1579 4555 1794 4610 nomine

1918 4534 2129 4601 3hristi,
2173 4534 2496 4603 Ludovicus,
2531 4535 2710 4591 divina
2742 4537 3129 4606 repropitiante
3165 4503 3470 4610 clementia:

217 4646 509 4702 Cusciacus
537 4643 602 4698 ad
639 4641 829 4697 cellam
867 4639 1052 4697 Sancti
1080 4641 1262 4709 Pauli,
1309 4659 1427 4714 quae
1465 4644 1668 4699 rustico
1699 4660 1792 4698 no-

217 4738 365 4793 mine
395 4733 737 4790 Cormaricus
775 4733 1002 4796 dicitur,
1039 4749 1199 4801 quam
1245 4734 1477 4790 ltherius
1522 4736 1788 4804 quondam

218 4825 388 4882 abbas
421 4823 660 4892 ejusdem
705 4821 1018 4877 monasterii
1058 4821 1111 4874 in
1159 4824 1392 4891 propriis
1442 4825 1602 4879 rebus
1650 4839 1789 4879 novo

215 4929 380 4987 opere
404 4911 736 4977 construxit,
768 4919 928 4980 atque
959 4922 1258 4966 memorato
1284 4914 1619 4968 monasterio
1646 4913 1789 4968 dele-

215 5010 395 5078 gavit,
433 5005 501 5060 ob
530 5003 790 5056 utilitates
836 4999 1075 5070 ejusdem
1123 4999 1286 5063 cellzn,
1336 5011 1391 5054 et
1435 5003 1788 5057 necessitates

287 5167 313 5196 ι
343 5153 581 5216 Eitrach,
611 5153 761 5207 vicus
790 5151 861 5204 ib.
895 5150 946 5204 in
977 5149 1196 5203 dioecesi
1223 5147 1507 5203 Constant.

287 5226 316 5264 ι)
354 5223 538 5277 Refert
573 5221 942 5284 Sehannatus,
996 5217 1202 5271 Tradit.
1232 5217 1523 5288 iFﬁuldensq
1558 5235 1609 5288 p.
1653 5219 1781 5283 l76,

216 5294 360 5350 aliud
389 5291 621 5361 diploma
667 5289 921 5344 Ludovici
954 5289 1163 5361 Piigxur
1203 5287 1319 5361 lia].
1353 5287 1570 5341 Martias
1597 5304 1683 5361 an.
1717 5289 1786 5361 26

216 5357 681 5432 impcriiLdatum,
728 5367 904 5432 atque
943 5375 972 5412 a
1022 5357 1411 5432 Bartholomaeo
1464 5359 1783 5432 notarioad

214 5425 389 5487 vicem
427 5430 666 5497 Hugonis
695 5425 1025 5497 recognitum
1051 5433 1104 5497 et
1137 5427 1518 5497 subscriptum.
1565 5425 1789 5494 Bartho-

214 5503 464 5560 lommum
486 5495 733 5554 abbatem
775 5495 845 5552 Sf
867 5496 1080 5550 Martini
1116 5497 1169 5550 in
1204 5496 1378 5550 Insula
1399 5495 1636 5549 Barbara
1665 5498 1791 5551 dim-

215 5571 354 5629 cesis
391 5567 759 5636 Lugdunensis
791 5566 956 5621 fuisse
980 5566 1237 5630 arbitror,
1270 5566 1354 5636 his
1388 5566 1567 5619 verbis
1605 5566 1658 5620 in
1709 5568 1790 5620 in-

215 5641 336 5696 dice
370 5635 685 5692 societatum
726 5635 1040 5691 monasterii
1071 5635 1354 5703 Augiensis
1379 5647 1732 5689 memoratum
1774 5650 1785 5686 :

221 5727 242 5761 ι
268 5709 344 5764 Ex
362 5707 681 5762 monasterio
705 5704 761 5761 S.
783 5705 994 5760 Martini
1020 5705 1208 5760 Insulae
1233 5704 1482 5759 Barbam
1517 5704 1790 5759 Bartholo-

1898 4629 2188 4696 imperator
2219 4628 2510 4697 Augustus.

1969 4721 2026 4777 Si
2065 4721 2210 4777 enim
2239 4737 2300 4777 ea
2324 4737 2444 4791 qua:
2469 4721 2653 4778 ﬁdeles
2701 4722 2911 4791 imperii
2938 4723 3107 4778 nostri
3161 4739 3260 4794 pro
3283 4741 3468 4782 eorum

1894 4813 2386 4886 opportunitatibus
2426 4815 2566 4869 inter
2617 4828 2674 4868 se
2726 4813 3212 4881 commutaverint,
3269 4818 3468 4873 nostris

1893 4905 2278 4960 conﬁrmamus
2315 4903 2526 4967 edictis,
2558 4902 2887 4972 imperialem
2910 4917 3223 4959 exercemus
3243 4921 3466 4963 consuc-

1893 4995 2151 5058 tudinem,
2174 5003 2229 5049 et
2263 4995 2367 5048 hoc
2391 4993 2443 5047 in
2470 4994 2806 5062 postmodum
2830 4991 2951 5060 jure
2982 4991 3292 5048 ﬁrmissimo
3314 5010 3461 5048 man-

1892 5165 2057 5203 maeus
2115 5149 2282 5204 abbas
2330 5168 2347 5200 ι
2393 5147 2697 5211 Mabillon.,
2738 5144 2856 5199 Vet.
2894 5145 3162 5211 Analect.,
3202 5145 3290 5200 fol.
3333 5147 3456 5215 426,

1890 5219 1991 5327 cule.
2017 5219 2215 5370 ἔξεισι-θ
2258 5286 2540 5370 scriptoris
2574 5283 2903 5370 .chartularii
2920 5297 3046 5370 Apro
3072 5282 3358 5370 Ludovici;
3400 5299 3455 5341 ut

1891 5359 2137 5427 superius
2167 5356 2347 5410 marita
2370 5354 2428 5410 et
2451 5354 2666 5420 markis,
2702 5369 2800 5424 pro
2829 5355 3032 5417 marca,
3057 5354 3274 5409 marcis.

1959 5428 1985 5467 ά
2019 5428 2173 5481 Anno
2196 5425 2298 5482 838
2316 5466 2330 5490 ,
2359 5425 2619 5481 vicesimo
2645 5425 2835 5493 quinto
2859 5422 3115 5478 Ludovici
3140 5423 3244 5489 Pii,
3272 5439 3454 5480 curre—

1889 5501 1982 5554 bat
2016 5497 2240 5551 indictlo
2267 5496 2316 5549 l.
2405 5550 2428 5557 ,

1963 5578 1987 5605 θ
2027 5566 2359 5626 Ludovicum
2407 5562 2562 5618 Pium
2617 5561 2893 5632 ﬁliumque
2936 5563 3302 5631 cognominem
3355 5563 3454 5618 hoc

1892 5652 2073 5690 mense
2110 5633 2423 5704 Noviomagi
2458 5641 2702 5704 versath
2729 5629 2896 5704 fuisse
2928 5629 3140 5704 constat
3166 5647 3232 5704 e_x_
3261 5633 3454 5704 Annal.

1890 5706 2090 5759 Berlin.
2114 5706 2180 5759 ad
2211 5704 2354 5760 hunc
2375 5699 2598 5756 annum.
2623 5699 2703 5756 Cf.
2722 5700 2914 5755 Anna’l.
2932 5699 3442 5768 Metens.,Fu‘ldens.
