3924 6332
409 375 546 432 4507

1041 484 1347 542 CCXXXV.

910 612 1011 653 ΡΙιο
1030 613 1146 653 ΑδιΑ
1169 613 1473 653 ΑΒΒΑτιεδΑ.

1018 707 1191 777 (Anno
1211 707 1361 778 839.)

419 820 752 892 Prioilegium
796 814 1461 892 Lothariifimperatoris,
1507 833 1607 892 quo
1640 815 1780 892 Asia:
1826 815 1988 892 abba;

481 885 634 945 τίειςτὲ
651 889 954 943 monasterii
979 885 1266 940 Ticinensis
1301 885 1525 941 Sancta!
1552 885 1760 947 Mariae,
1788 888 1873 938 cui
1900 903 1994 940 no-

476 977 596 1015 men
629 957 928 1022 Theodotus,
960 956 1196 1010 concedit
1219 967 1416 1027 terra_m
1461 956 1687 1027 positam
1717 956 1855 1010 inter
1878 974 1992 1011 mu-

478 1038 667 1084 rum‘et
693 1027 1017 1083 antemurate
1069 1027 1292 1082 civitatis
1325 1024 1635 1081 Ticinensis.

513 1138 821 1208 [Muratori.
847 1137 1101 1201 Antiquit.
1131 1135 1357 1201 Italicas,
1385 1143 1494 1192 tom
1516 1135 1560 1200 l,
1585 1151 1709 1204 pag.
1735 1135 1886 1207 918.]

474 1250 534 1305 in
557 1252 774 1306 nomine
812 1247 1026 1305 Domini
1048 1249 1216 1305 nostri
1248 1247 1381 1304 Jesu
1412 1248 1615 1305 Christi
1641 1249 1736 1304 Dei
1775 1249 1990 1314 aeterni,

403 1341 712 1406 Lotharius,
746 1340 926 1396 divina
970 1340 1254 1394 ordinante
1304 1338 1664 1407 providentia,
1703 1342 1994 1408 imperator

402 1431 697 1503 Augustus,
728 1437 834 1485 etc.

473 1521 641 1594 igitur
672 1523 912 1578 omnium
939 1520 1176 1577 ﬁdelium
1205 1529 1407 1577 sancta:
1449 1520 1547 1575 Dei
1596 1520 1851 1576 Ecclesia:
1897 1535 1994 1574 no-

403 1622 750 1680 strorumque
800 1619 1093 1682 cognoscat
1140 1609 1380 1673 solertia,
1428 1610 1678 1682 qualiter.
1707 1650 1720 1663 .
1751 1650 1764 1662 .
1797 1649 1810 1662 .
1856 1648 1871 1663 .
1917 1649 1929 1661 .
1975 1647 1989 1661 .

403 1701 623 1757 nomine
643 1703 769 1757 Asia
787 1703 926 1757 abba
948 1703 1013 1756 de
1033 1701 1282 1756 cmnobio
1303 1702 1446 1771 quod
1478 1701 1676 1755 dicitur
1694 1700 1990 1764 Theodote,

1546 374 1869 430 LUDOVICI
1908 375 1928 427 l
1967 369 2435 430 COGNOMENTO
2475 371 2558 425 ΡΠ

2027 492 2078 551 Α
2104 483 2303 537 nullam
2343 481 2542 536 inferre
2570 489 2862 551 praesumat
2890 482 3191 539 molestiam
3243 493 3340 538 aut
3389 489 3674 542 contrarie-

3552 371 3674 426 1508

2092 580 2282 636 tatem,
2305 571 2399 626 sed
2426 573 2524 626 sub
2557 573 2702 626 omni
2727 573 3058 643 integritate,
3090 575 3232 629 sicut
3271 575 3473 630 ibidem
3511 591 3544 635 a
3585 593 3674 631 no-

2091 661 2177 716 bis
2200 675 2473 716 concessze
2501 669 2645 728 sunt,
2665 669 2720 716 et
2747 677 2782 716 a
2808 671 2994 719 nostra
3019 664 3341 719 auctoritate
3363 665 3673 722 condonata:

2091 750 2400 818 perenniter
2426 750 2504 805 ibi
2531 750 2585 805 in
2611 751 2841 806 utilitate
2862 750 3100 821 ejusdem
3122 754 3438 808 monasterii
3472 755 3673 825 absque

2093 837 2378 907 cujuslibet
2437 838 2825 911 refragatione,
2873 849 2966 894 aut
3011 840 3251 912 qualibet
3305 841 3673 911 inquietudine

2093 938 2463 999 permaneant.
2492 928 2550 985 Si
2582 931 2703 1000 quis
2728 943 2858 984 vero
2888 935 3078 985 centra
3125 932 3284 1003 hujus
3329 932 3504 986 nostri
3547 947 3673 1001 pra:-

2092 1017 2234 1087 cepti
2261 1018 2609 1073 securitatem
2627 1019 2934 1074 violentiam
2957 1020 3192 1091 aliquam
3228 1022 3305 1076 vel
3337 1022 3674 1077 occasionem

2092 1105 2293 1162 inferre
2324 1108 2634 1172 tentaverit,
2670 1109 2807 1162 sciat
2832 1124 2891 1163 se
2920 1111 3348 1180 compositurum
3380 1111 3498 1164 auri
3542 1113 3673 1178 opti-

2093 1197 2167 1252 mi
2190 1197 2360 1253 libras
2379 1214 2470 1264 ιχ,
2502 1198 2848 1254 medietatem
2868 1201 3070 1269 palatio
3099 1209 3306 1265 nostro,
3362 1211 3418 1255 et
3465 1200 3667 1254 medie-

2095 1297 2258 1342 tatem
2288 1290 2429 1358 parti
2455 1288 2694 1358 ejusdem
2733 1293 3068 1346 monasterii.
3115 1293 3182 1346 Et
3225 1300 3286 1346 ut
3332 1293 3451 1347 haec
3493 1300 3672 1346 nostra

2093 1380 2388 1433 auctoritas
2401 1379 2706 1449 pleniorem
2726 1380 2779 1434 in
2794 1381 2889 1436 Dei
2911 1381 3128 1435 nomine
3147 1383 3388 1437 obtineat
3412 1383 3670 1451 vigorem,

2094 1485 2258 1524 manu
2280 1470 2494 1539 propria
2534 1469 2720 1532 subter
2762 1470 3117 1537 ﬁrmavimus,
3166 1479 3227 1526 et
3273 1470 3460 1524 annuli
3507 1469 3673 1524 nostri

2095 1561 2449 1630 impressione
2484 1560 2746 1630 jussimus
2783 1562 3050 1632 insigniri.

2168 1652 2393 1725 Signum
2421 1651 2663 1706 Lotharii
2689 1650 3020 1706 serenissimi
3051 1651 3294 1721 Augusti.

2169 1743 2542 1799 Dructemirus
2565 1742 2928 1804 subdiaconus
2950 1751 3112 1813 atque
3137 1744 3382 1798 notarius
3402 1744 3470 1798 ad
3512 1745 3676 1798 vicem

403 1793 656 1905 ΞἏἛ-ῗῗί
676 1793 876 1905 ἷῗῗῖῗῖη
908 1793 1992 1905 2⁸1ΕῗῗθῗῗΡἼἕίῗῗῖἷίτῖῗῗῗμῗῗ¹¹ἷίῖῗῖίὲἓθ
2021 1824 2068 1882 Β
2095 1833 2356 1905 Alsimari
2387 1834 2720 1904 recognovit.

401 1885 631 1956 virginis
676 1883 859 1939 Maria:
905 1885 1108 1956 degens
1152 1881 1253 1939 sub
1299 1883 1484 1954 regula
1533 1882 1718 1936 eximii
1764 1882 1993 1936 sanctis-

403 1975 636 2045 simique
663 1975 842 2030 Patris
870 1976 1168 2040 Benedicti,
1222 1976 1378 2040 petiit
1425 1976 1570 2045 piam
1616 1975 1991 2029 celsitudinem

405 2074 647 2121 nostram
677 2073 738 2120 ut
773 2066 843 2120 ob
894 2065 986 2120 Dei
1044 2066 1406 2122 reverentiam
1454 2072 1509 2119 et
1556 2065 1748 2119 animae
1794 2074 1993 2118 nostra:

402 2157 736 2221 mercedem,
765 2157 836 2212 ad
861 2165 1211 2228 augmentum
1239 2156 1492 2211 utilitatis
1529 2156 1774 2225 ejusdem
1819 2155 1996 2210 sancti

405 2245 533 2310 loci,
565 2255 620 2299 et
649 2243 1082 2316 supplementum
1113 2245 1500 2300 necessitatum
1529 2245 1728 2299 ibidem
1755 2245 1866 2300 Deo
1916 2245 1997 2299 fa-

405 2337 750 2400 mulantium,
780 2337 1025 2404 quaedam
1056 2345 1200 2391 terra
1247 2336 1446 2392 ibidem
1497 2337 1807 2392 necessaria
1853 2338 1997 2391 inter

403 2422 619 2481 murum
646 2424 882 2480 civitatis
909 2433 964 2480 et
990 2425 1382 2479 antemuralem
1407 2424 1799 2480 conferremus.
1829 2423 1996 2494 Cujus

403 2515 723 2587 petitionem
750 2530 851 2571 nos
900 2512 1095 2570 anima:
1134 2522 1342 2570 nostra:
1385 2513 1648 2570 mercedis
1696 2515 1996 2584 proﬁcuam

408 2605 707 2662 recolentes
727 2605 958 2662 libenter
977 2607 1288 2673 annuimus,
1312 2605 1715 2675 eﬁ’ectuosaque
1737 2605 1996 2662 delibera~

405 2697 560 2752 tione
601 2697 919 2766 perenniter
945 2711 1278 2782 ’mansurum
1321 2711 1384 2752 ac
1429 2706 1613 2753 nostra
1673 2698 1999 2754 auctoritate

405 2786 766 2856 perfecimus;
796 2786 889 2841 sed
918 2794 976 2840 ut
1003 2785 1182 2840 futura
1205 2802 1304 2856 per
1326 2796 1569 2856 tempora
1599 2787 1802 2841 nullam
1830 2789 1999 2842 refra-

407 2876 679 2946 gationem
733 2877 857 2930 inde
883 2877 1006 2945 quis
1046 2876 1248 2931 inferre
1295 2878 1508 2943 audeat,
1561 2886 1617 2933 et
1663 2878 1740 2933 rei
1788 2878 1998 2933 collata!

406 2966 698 3029 rationem,
726 2974 780 3020 et
810 2965 941 3035 ipsis
971 2964 1288 3034 adjacentiis
1321 2967 1376 3021 in
1405 2968 1508 3024 hac
1541 2975 1725 3022 nostra
1765 2970 1999 3024 auctori-

408 3063 517 3110 tate
544 3057 785 3113 inserere
816 3058 1156 3113 decrevimus
1181 3075 1195 3111 :
1217 3059 1468 3113 terminis
1497 3074 1628 3114 vero
1658 3061 1723 3115 de
1772 3060 1997 3129 praefata

2166 1923 2300 1977 Data
2343 1922 2516 1992 pridie
2556 1921 2736 1979 Nonas
2775 1920 2962 1988 Maias,
2991 1937 3153 1986 anno,
3181 1920 3398 1977 Christo
3426 1922 3677 1992 propitio,

2097 2016 2308 2086 imperii
2356 2016 2540 2072 domui
2592 2015 2834 2074 Lotbarii
2884 2015 2958 2085 pii
3001 2014 3346 2077 imperatoris
3404 2014 3493 2076 l9.
3556 2013 3681 2068 indi-

2097 2108 2276 2163 ctione
2302 2105 2353 2160 2.

2165 2200 2362 2254 Actum
2395 2197 2560 2267 Papia
2590 2198 2790 2268 palatio
2815 2197 2988 2267 regio,
3017 2196 3073 2250 in
3112 2196 3209 2250 Dei
3251 2195 3470 2249 nomine
3517 2193 3682 2249 felici-

2099 2294 2205 2342 ter.
2231 2286 2424 2342 Amen.

2756 2395 3084 2452 CCXXXVI.

2097 2548 2330 2589 DIPLOIA
2351 2547 2608 2590 LOTE),BH
2635 2546 2746 2587 IMP.
2775 2546 2876 2586 Ριω
2918 2545 3254 2586 κοωετειιιο
3279 2540 3603 2585 ιυεειιιεεκει
3629 2539 3674 2582 ³.

2729 2639 2904 2711 (Anno
2932 2639 3081 2708 8'59.)

2171 2750 2348 2822 [Apud
2373 2749 2632 2820 Neugart,
2664 2747 2841 2803 Codex
2865 2746 3254 2812 Alamannicus,
3291 2763 3412 2818 pag.
3445 2747 3572 2802 243.
3598 2775 3614 2820 ι

2167 2882 2225 2936 ln
2255 2882 2471 2936 nomine
2500 2879 2712 2935 Domini
2749 2877 2876 2934 Jesu
2924 2878 3125 2933 Christi
3174 2879 3268 2934 Dei
3317 2880 3534 2944 aeterni,
3586 2879 3685 2934 Lo-

2097 2971 2328 3037 tbarius,
2359 2971 2540 3026 divina
2562 2971 2846 3025 ordinante
2867 2969 3224 3039 providentia,
3251 2970 3555 3038 imperator
3575 2971 3680 3024 Au-

2097 3071 2307 3133 gustus.

408 3153 554 3199 te‘rra
585 3146 857 3199 haec‘sunt
887 3164 899 3200 :
927 3146 994 3200 de
1022 3148 1284 3216 superiori
1311 3147 1489 3217 capite
1515 3157 1670 3218 porta
1698 3163 1818 3218 qua:
1863 3148 1996 3202 dici-
2023 3158 2067 3218 C
2171 3151 2393 3208 Noverit
2432 3152 2704 3207 industria
2777 3152 3019 3207 omnium
3075 3150 3314 3206 ﬁdelium
3374 3162 3682 3206 nostrorum

407 3245 496 3290 tur
525 3235 794 3299 Marenen,
833 3249 1004 3304 usque
1032 3237 1100 3290 ad
1130 3237 1320 3291 turrim
1348 3235 1518 3306 ipsius
1550 3237 1991 3302 monasterii,ubi

405 3329 492 3380 est
523 3327 817 3380 oratorium
852 3326 906 3379 in
936 3327 1141 3381 honore
1161 3327 1338 3382 sancti
1363 3326 1670 3397 archangeli
1694 3325 1993 3393 Michaelis,

409 3431 534 3471 cum
565 3417 898 3488 ingressibus
928 3425 983 3470 et
1012 3418 1431 3488 egressibusque
1455 3417 1511 3471 in
1538 3417 1624 3470 via
1643 3416 1876 3488 publica.
1911 3417 1996 3471 ln-

409 3523 571 3577 supcr
597 3508 757 3562 etiam
785 3522 854 3562 ex
879 3509 1172 3563 subteriori
1196 3516 1350 3578 parte
1375 3507 1542 3562 turris
1559 3506 1673 3574 jam
1701 3507 1859 3561 diem
1899 3521 1995 3561 us-

413 3613 522 3667 que
551 3599 822 3654 territoria
855 3600 1170 3654 monasterii
1201 3613 1348 3670 βενε
1381 3599 1545 3654 dicti:
1571 3599 1638 3654 de
1681 3614 1789 3654 uno
1830 3598 1997 3654 latere

411 3699 553 3746 terra
581 3692 749 3762 ipsius
785 3694 1122 3757 monasterii,
1165 3694 1232 3748 de
1283 3693 1390 3748 alio
1435 3691 1603 3746 latere
1649 3693 1738 3746 via
1782 3691 1998 3763 publica

408 3779 576 3833 habet
602 3782 654 3833 in
688 3782 846 3852 longo
871 3782 1037 3851 pedes
1063 3796 1289 3836 numero
1321 3797 1461 3836 ωαχ
1489 3789 1545 3835 et
1577 3796 1673 3834 vm
1701 3788 1757 3834 et
1782 3781 1838 3834 in
1888 3779 1998 3833 lato

413 3871 580 3937 pedes
607 3885 756 3923 nix.
789 3869 952 3924 Petiit
975 3871 1140 3924 etiam
1163 3871 1510 3925 serenitatem
1534 3869 1785 3924 culminis
1826 3870 1999 3933 nostri

413 3968 474 4012 ut
501 3967 554 4012 ct
588 3959 1088 4023 commutationem,
1136 3973 1300 4029 quam
1338 3967 1526 4013 nostra
1573 3959 1896 4015 auctoritate
1941 3973 2001 4013 se

412 4050 636 4121 prazfata
677 4051 972 4116 abbatissa,
1021 4065 1121 4106 nec
1176 4066 1281 4104 non
1339 4058 1393 4104 et
1439 4049 1742 4121 Teutberga
1785 4049 1854 4106 de
1914 4065 2001 4105 res

395 4150 619 4196 sanctae
646 4141 827 4196 Maria:
857 4157 1072 4210 semper
1102 4142 1327 4212 virginis
1371 4143 1438 4196 de
1481 4142 1850 4211 suprascripto
1893 4157 2004 4202 mo-

417 4234 658 4288 nasterio
684 4233 866 4287 Deado
900 4240 954 4286 et
984 4232 1369 4287 monasterium
1393 4247 1611 4298 novum,
1652 4233 1795 4301 quod
1822 4241 1908 4288 est
1930 4234 2004 4288 si-

417 4334 532 4380 tum
549 4325 603 4378 in
620 4326 826 4378 honore
844 4331 1044 4378 sancta
1063 4323 1306 4394 Agathae‘,
1321 4338 1613 4393 congruam
1636 4324 2005 4379 commutatio-

419 4431 545 4470 nem
571 4429 635 4468 ac
671 4413 1046 4473 rationabilem
1092 4412 1193 4468 sub
1241 4413 1495 4484 prmsenti
1549 4420 1730 4468 nostra
1770 4413 2006 4467 auctori-

2096 3244 2223 3314 quia
2262 3245 2346 3298 vir
2395 3243 2721 3298 venerabilis
2765 3243 3064 3312 Sigimarus
3107 3243 3134 3282 δ
3183 3241 3352 3297 abbas
3397 3258 3468 3296 ex
3507 3256 3688 3329 mona-

2108 3336 2275 3391 sterio
2309 3335 2454 3404 quod
2482 3335 2680 3390 dicitur
2717 3333 2995 3390 Vivarium
3017 3335 3450 3404 peregrinorum,
3501 3334 3687 3386 situm-

2097 3440 2202 3496 que
2239 3433 2322 3480 est
2354 3425 2409 3479 in
2436 3425 2632 3479 ducatu
2662 3423 2956 3478 Alsacense
2983 3437 3145 3492 super
3174 3420 3396 3476 ﬂuvium
3446 3421 3686 3486 Morbac,

2098 3513 2294 3568 detulit
2322 3512 2479 3567 nobis
2508 3526 2676 3566 sacrae
2724 3512 3001 3570 memoria:
3047 3511 3309 3582 genitoris
3361 3511 3537 3564 nostri
3581 3510 3687 3562 Lu-

2099 3603 2275 3660 dovici
2302 3602 2704 3667 auctoritatem,
2733 3603 2788 3654 in
2815 3617 2919 3671 qua
2965 3609 3085 3655 erat
3143 3601 3406 3655 insertum
3462 3599 3690 3669 qualiter

2100 3703 2290 3748 atavus
2314 3701 2500 3748 noster
2525 3692 2805 3762 Pippinus,
2833 3692 3100 3761 quondam
3139 3707 3255 3755 rex,
3286 3700 3342 3744 et
3374 3691 3494 3760 ipse
3541 3697 3687 3758 post-

2098 3782 2318 3838 modum
2345 3783 2400 3836 in
2427 3796 2522 3838 sua
2552 3780 2891 3852 eleemosyna
2911 3780 3274 3835 concessisset
3297 3779 3686 3832 monasterium

2098 3870 2353 3927 Luciaria
2377 3881 2401 3910 ο
2431 3870 2518 3925 vel
2531 3870 2811 3926 monachis
2837 3869 3036 3923 ibidem
3061 3868 3315 3940 degentes
3342 3868 3594 3922 homines
3609 3868 3685 3922 in-

2101 3975 2306 4030 genuos
2335 3960 2574 4029 quinque
2619 3958 2703 4014 his
2746 3959 3056 4014 nominibus
3103 3957 3458 4022 Vualdonem,
3502 3957 3684 4013 Vulfa—

2101 4053 2264 4116 rium,
2321 4048 2616 4117 Vulﬁnum,
2685 4047 3029 4104 Vuolfoldum
3071 4058 3131 4105 et
3181 4047 3524 4114 Vulbertum,
3567 4065 3685 4104 cum

2101 4141 2229 4198 ﬁliis
2250 4150 2304 4197 et
2331 4141 2566 4211 posteris
2591 4156 2800 4207 eorum,
2829 4151 3237 4201 eommanentes
3279 4143 3333 4196 in
3384 4143 3506 4200 loco
3548 4158 3684 4196 nun-

2103 4239 2334 4301 cupante
2370 4229 2495 4284 villa
2525 4229 2697 4284 Eman
2731 4230 2758 4268 ει
2793 4244 2954 4299 super
2982 4229 3205 4289 ﬂuvium
3230 4231 3399 4285 Riusa
3431 4242 3456 4270 ο
3483 4231 3537 4284 in
3555 4245 3686 4300 pago

2102 4322 2347 4393 Areaava
2375 4320 2645 4387 videlicet,
2673 4327 2731 4375 at
2750 4320 2880 4376 illud
2903 4321 3049 4390 quod
3079 4321 3146 4375 ad
3174 4328 3383 4390 partem
3409 4319 3684 4389 publicam

2105 4410 2286 4466 facere
2340 4419 2751 4476 consueverant,
2806 4413 2875 4465 ad
2921 4411 3238 4480 praedictum
3295 4413 3686 4466 monasterium

419 4517 531 4563 tate
557 4507 1024 4572 conﬁrmaremus,
1049 4520 1112 4560 ac
1139 4503 1451 4560 ﬁrmissimo
1493 4503 1617 4572 jure
1660 4519 1727 4558 ex
1772 4512 2004 4578 utraque
2030 4502 2082 4560 D
2109 4499 2384 4556 fecissent.
2408 4499 2794 4571 Praeipientes
2823 4499 2987 4570 igitur
3025 4499 3297 4568 jubemus,
3351 4510 3456 4556 etc.
3511 4501 3582 4554 Et
3634 4511 3690 4553 ut

417 4607 575 4671 parte
596 4597 996 4661 roboraremus,
1035 4596 1194 4650 sicuti
1236 4603 1292 4650 et
1325 4594 1572 4649 fecimus.
1620 4594 2004 4667 Praecipientes

421 4703 552 4759 ergo
578 4687 849 4757 iubemus,
881 4685 1042 4741 sicuti
1069 4695 1124 4741 et
1151 4686 1465 4756 perenniter
1485 4692 1800 4741 mansurum
1847 4685 2001 4746 volu-

424 4793 566 4843 mus,
598 4781 658 4832 ut
682 4792 840 4834 nemo
879 4775 1116 4832 ﬁdelium
1161 4783 1468 4834 nostrorum
1515 4774 1658 4845 parti
1705 4775 2004 4844 praescripti

425 4867 743 4924 monasterii
769 4867 939 4922 dehis
965 4865 1217 4922 omnibus
1255 4866 1418 4922 rebus
1473 4864 1713 4934 quolibet
1763 4871 2004 4933 tempore

499 5100 527 5130 ι
559 5087 724 5157 Typis
757 5085 1070 5157 mandatum
1120 5085 1175 5139 in
1198 5082 1350 5157 ‘Aig.
1400 5081 1658 5157 Tschudji
1701 5081 1873 5157 Callia
1898 5080 2005 5136 Co-

426 5150 752 5227 matafpag.
777 5155 1100 5227 149,_atque
1126 5170 1156 5207 a
1184 5150 1724 5227 Quilli_manno,_Rer.
1748 5151 1953 5205 Helvet.
1991 5191 2006 5216 ,

433 5229 526 5284 lib.
560 5221 647 5296 Ill;
675 5221 794 5296 cap.
824 5223 890 5296 lt;
914 5221 1163 5296 Luriigio,
1197 5221 1675 5296 SpicilegLeccles.
1696 5260 1722 5296 _,
1755 5229 1892 5290 part.
1923 5236 2005 5285 ιιι,

701 5289 785 5364 ag.
811 5295 941 5364 "8;
973 5289 1253 5364 Bouquetjo
1271 5289 1564 5364 [let-(Call.
1591 5289 1808 5364 Script._
1830 5330 1845 5355 ,
1873 5299 2005 5364 tom.

428 5312 553 5420 cap.
582 5295 642 5360 5,
663 5295 785 5364 pag.
811 5295 941 5358 "8‘;
973 5295 1248 5374 Bouquetfo
1271 5295 1400 5346 iter.
1428 5295 1564 5370 Call.
1591 5295 1790 5360 Script.
1830 5330 1845 5355 ,
1873 5299 2005 5371 tom.

431 5365 502 5420 Vl
527 5366 568 5430 Ι,
600 5379 720 5434 pag.
752 5364 887 5430 566;
913 5361 1259 5432 Schoepﬁino,
1291 5361 1394 5416 loc.
1425 5371 1518 5414 cit.
1547 5398 1564 5425 ,
1587 5374 1656 5414 es
1699 5361 2010 5416 authentico

433 5435 791 5494 Murbaceusi.

440 5572 444 5573 ν
506 5506 535 5545 δ
558 5502 858 5573 Sigimarus
882 5501 1250 5573 Iurbacensjs
1279 5497 1596 5573 in_catalo_go
1628 5503 1879 5573 abbatum
1908 5502 2008 5556 bu-

428 5572 518 5643 ]us
547 5567 877 5630 monasterii.
903 5586 1064 5642 quem
1092 5573 1153 5626 P.
1185 5569 1471 5625 Bucelinus
1499 5567 1681 5623 Germ.
1717 5567 1837 5624 Sac.
1865 5579 2006 5641 part.

2103 4592 2219 4646 haec
2251 4591 2546 4647 auctoritas
2568 4599 2752 4646 nostra
2778 4590 2984 4646 ﬁrmior
3004 4601 3060 4646 et
3085 4604 3181 4662 per
3201 4591 3384 4646 futura
3440 4602 3684 4661 tempora

2104 4683 2296 4738 melius
2317 4691 2683 4749 conservetur,
2698 4681 2764 4737 de
2784 4681 2983 4737 annulo
3009 4684 3196 4737 nostro
3213 4682 3402 4738 subter
3419 4684 3684 4754 jussimus

2103 4771 2346 4843 sigillari.

2180 4862 2480 4917 Eichardus
2507 4862 2575 4917 ad
2597 4864 2768 4918 vicem
2801 4861 3061 4933 Agilmari
3090 4856 3398 4932 recognovi.

2106 5097 2167 5148 ll,
2190 5096 2312 5151 pag.
2340 5081 2464 5144 238,
2497 5097 2563 5136 ex
2596 5081 2809 5136 schedis
2831 5081 2937 5151 sibi
2963 5078 3378 5151 communicatis
3419 5079 3680 5151 vulgavit,

2106 5148 2388 5221 perperam
2435 5151 2634 5205 ibidem
2682 5151 2858 5206 dictus
2907 5148 3301 5220 Sigismundus,
3354 5148 3534 5206 sexto
3569 5149 3683 5204 loco

2107 5221 2385 5289 ponendus
2412 5228 2512 5275 est.

2179 5301 2203 5328 ο
2232 5290 2396 5344 Lucet
2411 5305 2497 5343 na.

2314 5305 2396 5346 cei
2411 5305 2497 5343 na.

2178 5358 2205 5399 δ
2231 5359 2359 5429 Leg.
2382 5361 2553 5414 Eman
2577 5359 2693 5430 (die_
2707 5355 2958 5427 Emmat),
2985 5356 3489 5430 Emma,Emtneta,
3514 5356 3679 5426 major

2113 5435 2166 5483 et
2190 5425 2384 5495 minor,
2417 5430 2471 5499 in
2509 5425 2646 5499 pago
2671 5425 3021 5499 Lucernensi.

2189 5511 2212 5539 ο
2239 5499 2368 5568 Leg.
2409 5495 2601 5563 Ruisa,
2615 5499 2700 5553 vel
2725 5497 2889 5568 Βίας,
2926 5504 2986 5550 ut
3025 5495 3272 5568 legerunt
3303 5496 3606 5554 Tscbudius
3629 5505 3676 5548 et

2114 5564 2535 5633 Guillim'annus;
2566 5569 2720 5639 vulgo
2740 5567 2821 5620 die
2845 5564 2997 5632 Ritu,
3030 5564 3213 5620 Rea».
