3924 6320
223 404 364 461 1509

1650 411 2024 470 ΕΡιδτοιΑε.

3314 407 3443 462 1510

291 516 423 568 Data
453 532 543 570 vni
571 518 792 575 Kalend.
824 521 1072 592 Augusti,
1105 536 1264 586 anno,
1296 519 1508 577 Christo
1530 525 1776 593 propitio,
1810 528 1859 585 Α
1885 524 1918 576 3
1959 523 2006 574 δ.
2038 521 2230 576 Actum
2259 520 2515 574 Strazbur
2556 521 2768 576 civitate
2797 521 2847 575 in
2879 521 2972 576 Dei
3020 522 3233 575 nomine
3278 523 3448 581 felici-

219 600 432 671 imperii
471 605 651 661 domni
687 607 924 663 Lotharii
963 609 1036 679 pii
1063 609 1399 679 imperatoris
1421 609 1483 662 21
1518 622 1567 676 α,
1592 610 1778 665 indict.

290 745 317 773 ι
345 734 486 792 Anni
512 741 659 809 regni
687 739 993 794 Lothariani
1036 740 1089 794 in
1114 739 1264 795 Italia
1310 741 1378 794 ab
1405 757 1492 795 an.
1542 742 1646 798 820
1698 758 1784 798 re-

1891 621 1989 666 ter.
2023 611 2191 666 Amen
2204 653 2216 670 .

1885 742 2177 798 bardorum
2208 758 2302 797 rex
2322 757 2433 814 jam
2454 758 2600 814 anno
2623 741 2725 814 818
2747 742 2967 814 obterit,
2983 759 3087 799 non
3112 753 3287 799 tamen
3303 745 3447 800 illico

215 813 492 894 petuntur,
520 823 625 888 quo
677 823 854 880 regem
907 810 1060 894 istius
1109 811 1781 894 provinciarudeelaratum
1887 810 2362 894 compressier'anit.
2382 813 2600 893 subditi,
2644 811 2760 894 ejus
2816 813 3067 894 partibus.
3105 814 3322 894 admoti,
3389 824 3448 868 ut

214 884 339 950 esse
366 874 676 950 Lotharium
702 874 924 934 nécesse
949 888 1064 950 est;
1102 874 1222 934 eum
1257 881 1312 933 in
1352 879 1485 950 aliis,
1518 880 1778 950 diploma-

217 939 363 996 tibus
393 944 556 1019 hujus
571 947 930 1019 imperatoris,
964 939 1061 1002 ubi
1087 964 1258 1003 annus
1284 949 1494 1016 imperii
1531 939 1590 1002 ef
1628 950 1778 1019 regni

214 1015 503 1079 separatim
525 1015 886 1084 designantur,
913 1019 998 1073 hic
1035 1019 1305 1073 vicenario
1360 1015 1580 1073 humero
1632 1015 1780 1072 illum

215 1091 432 1151 semper
467 1087 710 1153 excedat,
734 1088 978 1156 quamvis
1012 1088 1156 1142 enim
1191 1086 1537 1143 Bernhardus
1573 1087 1781 1157 Lango-

1882 881 2431 961 conjiei‘thch‘illletius
2466 881 2519 961 in
2552 882 2954 961 probationibus
2985 881 3160 961 nll‘ist.‘
3185 882 3442 961 Torum...

1886 950 2156 1035 ρειεοβδξς
2177 951 2354 1035 ,οξκυ-
2389 952 2453 1035 ίξε
2476 949 2633 1035 .Sa'sm
2862 949 3073 1035 APréaé.
3114 951 3440 1035 ctronols’zi-

1885 1018 1982 1090 qua
2001 1019 2064 1090 de
2090 1019 2343 1090 il’histoire
2364 1019 2599 1090 generale
2643 1019 3030 1090 d‘ltalie_,_tom.
3054 1018 3095 1085 Ι,
3140 1034 3259 1089 pag.
3319 1018 3441 1073 467.

1955 1087 1984 1127 δ
2011 1089 2233 1143 lndictio
2259 1090 2292 1142 5
2317 1087 2600 1157 respondet
2634 1102 2774 1143 anno
2801 1087 2924 1144 840.

833 1343 1584 1513 LUDOVICI
1683 1345 1890 1468 PII
2000 1341 2844 1469 EPISTOLIE.

704 1645 1029 1702 EPISTOLA
1069 1644 1280 1700 PRIMA

258 1774 490 1816 LUDOVICI
532 1773 596 1810 Αι)
637 1770 850 1810 ΙΔΟΝυΙ
889 1767 1334 1808 Αηειιιεριεεοῐιυκ
1374 1767 1728 1807 SENONENSEI.

217 1849 380 1903 Mittit
428 1844 716 1915 exemplum
748 1844 995 1915 {regqu
1029 1844 1416 1915 canonicorum
1460 1842 1677 1897 decreta
1720 1844 1776 1895 in

638 1912 875 1968 concilia
903 1912 1329 1982 Aquisgranemi.

829 2003 1002 2074 (Anno
1036 2001 1184 2073 816.)

445 2095 676 2168 [Balu:..,
701 2092 956 2163 Capitul.,
987 2102 1118 2148 tom.
1151 2092 1193 2158 l,
1225 2107 1347 2163 pag.
1379 2090 1530 2162 454.]

283 2186 720 2242 Gloriosissimus
743 2183 1066 2244 Ludovicus,
1097 2197 1329 2252 superno
1356 2197 1579 2237 munere
1606 2183 1778 2238 victor

217 2289 423 2345 semper
454 2275 747 2345 Augustus,
775 2271 1068 2326 venerabili
1101 2271 1150 2324 in
1180 2269 1396 2326 Christo
1427 2271 1635 2342 Magno,
1677 2270 1777 2326 Se-

213 2366 419 2419 nonica:
447 2364 599 2418 urbis
622 2361 1047 2429 archiepiscopo,
1079 2361 1132 2413 in
1159 2360 1385 2414 Domino
1410 2361 1656 2415 salutem.

284 2457 434 2513 Sicut
479 2456 630 2511 vobis
678 2454 986 2523 nuperrime
1018 2453 1071 2506 in
1101 2466 1254 2507 sacro
1279 2460 1576 2515 conventu,
1617 2467 1777 2521 quem

215 2551 324 2605 Deo
377 2556 646 2602 annuente
704 2545 1031 2616 Aquisgrani
1079 2543 1281 2614 palatio
1326 2545 1730 2614 aggregavimus
1759 2583 1774 2611 ,

212 2637 303 2691 ubi
331 2636 517 2701 multa,
543 2633 755 2689 favente
780 2631 994 2686 Christo
1021 2631 1405 2697 ecclesiastice,
1453 2630 1561 2686 imo
1593 2632 1779 2686 catho-

211 2726 351 2790 lice,
379 2733 496 2778 aeta
526 2731 679 2786 sunt,
714 2720 1055 2775 meminimus
1094 2721 1439 2788 promisisse,
1489 2720 1732 2776 misimus
1761 2760 1776 2787 ,

213 2824 318 2869 tua:
366 2813 684 2868 venerandae
730 2809 1040 2879 paternitati
1103 2823 1198 2876 per
1247 2818 1536 2877 prmsentes
1585 2810 1781 2866 missos

212 2915 444 2968 nostros,
476 2901 886 2957 Ermenfredum
924 2899 1172 2954 videlicet
1205 2907 1260 2954 et
1289 2899 1638 2971 Haymonem,
1665 2901 1774 2955 for-

211 2993 414 3046 mulam
475 2992 746 3047 canonica:
807 2988 1160 3043 institutionis
1215 3003 1377 3057 quam
1432 2990 1572 3044 idem
1621 3003 1779 3043 sacer

211 3090 505 3138 conventus
552 3097 618 3135 ex
661 3088 970 3134 sanctorum
1016 3078 1234 3132 Patrum
1291 3081 1516 3150 sparsim
1558 3081 1778 3151 digestis

213 3169 498 3225 sententiis
551 3169 804 3238 colligere
845 3177 1006 3238 atque
1037 3169 1090 3222 in
1135 3184 1299 3222 unum
1344 3183 1635 3238 congerere
1664 3179 1776 3223 stu-
1806 3141 1848 3203 (ἶ

213 3261 331 3314 duit
369 3278 381 3312 :
414 3275 572 3328 quam
602 3259 727 3327 quia
752 3258 907 3313 vobis
941 3258 1332 3313 transcribendi
1362 3259 1606 3328 angustia
1639 3268 1774 3313 tem-

212 3351 361 3419 poris
398 3348 704 3404 facultatem
738 3349 1022 3419 denegavit
1047 3389 1061 3413 ,
1086 3348 1246 3404 studii
1293 3348 1462 3404 nostri
1514 3349 1612 3404 fuit
1659 3365 1778 3405 eam

213 3441 501 3510 diligenter
547 3439 835 3495 transcribi
875 3438 1066 3509 jubere
1093 3481 1108 3504 ,
1138 3447 1198 3494 ut
1225 3440 1426 3508 absque
1451 3440 1558 3493 ulla
1589 3441 1779 3510 depra-

212 3531 430 3584 vatione
458 3539 551 3584 aut
584 3531 997 3586 detruncatione
1019 3538 1200 3586 textus
1242 3528 1360 3597 ejus
1397 3531 1462 3584 ad
1488 3545 1582 3585 vos
1611 3547 1781 3600 usque

213 3620 498 3675 incolumis
533 3619 881 3690 perferretur.
913 3619 1146 3674 Proinde
1184 3620 1281 3674 has
1305 3620 1605 3675 litteras-ad
1634 3630 1778 3676 tuam

215 3707 511 3763 direximus
539 3707 899 3771 sanctitatem,
929 3721 1028 3774 per
1054 3721 1188 3773 quas
1207 3705 1459 3774 jubemus
1487 3716 1545 3761 ut
1576 3723 1780 3762 memor

216 3796 596 3851 admonitionis
637 3804 834 3850 nostra:
862 3836 876 3859 ,
929 3793 1292 3865 suil'raganeos
1333 3804 1437 3849 tua:
1485 3796 1779 3852 dimceseos

214 3887 332 3940 loco
363 3895 415 3940 et
470 3895 707 3954 tempore
757 3885 1082 3954 competenti
1132 3884 1199 3938 ad
1233 3893 1285 3938 te
1321 3899 1616 3941 convocare
1669 3895 1781 3942 stu.

214 3975 365 4036 deas,
396 3982 449 4026 et
479 3974 722 4026 eamdem
747 3973 1141 4027 Institutionem
1167 3988 1262 4042 per
1287 3973 1496 4044 singula
1548 3975 1780 4044 capitula

215 4077 397 4116 coram
456 4061 838 4116 ecclesiasticis
884 4062 1167 4116 ordinibus
1211 4062 1425 4134 praelegi
1473 4063 1638 4120 facias
1669 4106 1684 4130 ,
1727 4075 1780 4120 et

214 4151 448 4218 qualiter
475 4166 593 4205 eam
620 4166 772 4204 sacer
804 4159 1098 4205 conventus
1124 4152 1192 4205 ob
1216 4153 1634 4206 emolumentum
1665 4155 1779 4208 ani-

217 4255 426 4292 marum
461 4240 726 4294 instruere
750 4239 1036 4294 salubriter
1069 4240 1352 4303 curaverit,
1385 4249 1629 4309 patenter
1653 4244 1780 4298 edo-

216 4344 358 4390 ceas,
397 4335 451 4381 et
496 4330 579 4381 his
629 4329 719 4396 qui
768 4328 1041 4382 canonica:
1097 4327 1443 4397 professionis
1492 4341 1781 4388 censentur

216 4415 452 4478 nomine,
496 4416 787 4469 secundum
818 4416 1172 4472 ministerium
1209 4419 1306 4473 tibi
1331 4421 1584 4477 divinitus
1619 4423 1779 4477 colla-

217 4515 351 4568 tum,
381 4514 434 4558 et
463 4515 659 4560 nostrae
689 4507 1024 4562 auctoritatis
1051 4518 1374 4579 przeceptum
1400 4552 1414 4576 ,
1448 4527 1626 4566 coram
1669 4531 1780 4568 me-

215 4597 440 4650 moratis
492 4597 675 4651 missis
735 4599 933 4653 nostris
1001 4600 1385 4654 observandam
1438 4618 1774 4671 percenseas.

217 4686 416 4740 Eorum
459 4695 636 4740 autem
671 4687 761 4755 qui
812 4688 1068 4742 tardioris
1113 4697 1238 4742 sunt
1282 4689 1514 4760 ingenii,
1571 4700 1624 4744 et
1659 4707 1778 4746 eam

217 4775 357 4828 forte
391 4776 544 4843 plene
573 4777 868 4847 intelligere
915 4787 1214 4845 nequeunt,
1260 4787 1352 4834 tuo
1395 4781 1504 4834 sive
1534 4797 1780 4850 compro-

217 4867 527 4920 vincialium
559 4875 768 4920 tuorum
809 4867 1179 4936 episcoporum
1224 4867 1364 4922 dono
1394 4869 1632 4924 scientia:
1662 4871 1776 4940 pol-

218 4955 440 5010 lentium
479 4957 688 5020 studio,
734 4956 849 5025 ejus
883 4956 1074 5010 notitia
1109 4956 1354 5012 sensibus
1409 4957 1772 5025 perfundatur.

289 5115 314 5142 ι
358 5102 488 5156 Tam
522 5103 800 5174 laudabile
842 5103 1095 5158 Ludovici
1135 5103 1215 5157 Pii
1262 5106 1541 5159 consilium
1576 5147 1589 5171 ,
1637 5109 1777 5174 quod

221 5181 470 5227 auctores
501 5173 708 5226 illorum
729 5183 1026 5241 temporum
1054 5188 1391 5241 summopere
1417 5173 1772 5241 celebrarunt,

219 5241 328 5312 alii,
362 5257 418 5294 re
473 5243 648 5295 minus
698 5244 1032 5312 considerata
1065 5282 1079 5305 ,
1126 5245 1482 5310 reprobarunt
1516 5246 1778 5312 posterio-

218 5311 367 5365 ribus
408 5312 644 5373 sreculis;
694 5322 750 5365 et
790 5320 849 5366 ut
893 5310 1132 5378 opinioni
1179 5326 1287 5364 sua:
1325 5310 1583 5379 potiorem
1617 5314 1776 5368 fidem

219 5379 596 5451 conciliarent,
626 5382 841 5448 quidam
891 5381 1160 5451 tinxerunt
1198 5394 1382 5451 vocem
1426 5381 1620 5451 insigni
1651 5398 1776 5450 pro-

219 5449 362 5519 digio
402 5449 610 5504 caelitus
662 5451 835 5504 eidem
887 5449 1241 5519 exprobrasse
1282 5449 1588 5513 Ludovico,
1636 5449 1776 5519 quod

219 5518 469 5572 Ecclesia:
499 5534 761 5572 venenum
814 5517 1124 5573 addidisset.
1153 5517 1487 5588 Quapropter
1529 5517 1776 5574 Coin‘tius

221 5601 360 5641 anno
386 5588 485 5642 8l7
515 5628 528 5651 ,
559 5603 703 5640 num.
736 5589 834 5642 140
867 5597 922 5642 et
949 5602 1122 5656 seqq,
1147 5589 1416 5642 examinat
1436 5589 1559 5657 quid
1585 5589 1774 5643 Petrus

222 5657 598 5728 D_amiani,rq_ui
631 5658 846 5728 scripsit
870 5657 1181 5728 opusculum
1218 5674 1344 5710 δίκην
1383 5666 1565 5711 contra
1617 5674 1775 5712 cano-

222 5726 390 5788 uie-os,
420 5727 506 5794 qui
543 5726 662 5779 licet
710 5726 759 5779 in
811 5742 1091 5780 commune
1139 5726 1396 5780 fructibus
1424 5728 1771 5782 ecclesiarum

1883 1643 2020 1699 Nam
2048 1655 2102 1699 et
2144 1654 2291 1699 tuam
2327 1644 2672 1700 nihilominus
2719 1646 2994 1715 providam
3039 1646 3283 1702 volumus
3325 1665 3447 1705 esse

1878 1735 2286 1798 beatitudinem,
2303 1741 2361 1788 ut
2379 1748 2497 1789 eam
2512 1733 2696 1789 solerti
2709 1749 2836 1788 cura
2851 1735 3089 1804 praedicti
3103 1737 3251 1790 missi
3270 1741 3440 1792 nostri

1879 1840 2088 1889 omnes,
2117 1831 2276 1894 prout
2306 1825 2680 1889 insinuaveris,
2714 1824 3076 1880 transcribere
3116 1827 3315 1896 absque
3343 1828 3444 1882 ulla

1880 1914 2259 1982 depravatione
2302 1923 2358 1970 et
2410 1915 2818 1970 detruncatione
2871 1929 3271 1986 praemoneant;
3316 1935 3446 1988 quo.

1879 2003 2022 2056 uiam
2072 2003 2302 2072 qualiter
2351 2004 2631 2074 diligenter
2677 2005 3021 2074 studioseque
3049 2046 3064 2070 ,
3113 2007 3364 2063 distincte
3393 2019 3446 2064 et

1878 2097 2065 2164 aperte
2095 2095 2487 2150 transcribatur
2512 2135 2528 2160 ,
2559 2095 2676 2150 illos
2723 2097 2854 2151 satis
2900 2097 3245 2152 instituimus.
3278 2098 3442 2167 Cujus

1877 2199 2072 2253 nempe
2115 2185 2389 2254 exemplar
2438 2185 2639 2240 idcirco
2692 2185 2746 2238 in
2800 2187 3035 2241 armario
3061 2188 3244 2256 palatii
3275 2191 3445 2246 nostri

1880 2271 2098 2326 recondi
2146 2269 2409 2337 fecimus,
2461 2279 2520 2325 ut
2567 2286 2665 2340 per
2710 2273 2813 2327 hoc
2867 2288 3025 2329 nosse
3068 2282 3124 2328 et
3173 2275 3446 2344 inQuirere

1877 2373 2159 2428 possemus
2195 2368 2444 2413 utrumne
2469 2359 2534 2413 ab
2561 2359 3096 2431 aliquo‘negligenter
3121 2365 3442 2432 transcripta

1877 2447 2071 2515 fuerit;
2111 2450 2234 2518 quia
2261 2489 2276 2516 ,
2311 2457 2372 2504 ut
2401 2452 2793 2519 comperimus,
2835 2452 2960 2505 dum
2989 2453 3043 2506 in
3071 2452 3256 2506 eodem
3287 2468 3442 2508 sacro

1877 2539 2104 2594 concilio
2144 2539 2542 2611 perlegeretur,
2599 2549 2886 2611 antequam
2928 2557 3110 2597 coram
3165 2545 3320 2599 nobis
3373 2546 3440 2599 ab

1878 2627 2065 2682 eodem
2096 2628 2322 2683 concilio
2345 2627 2550 2698 prolata
2579 2669 2592 2693 ,
2623 2637 2678 2683 et
2704 2629 2930 2684 necdum
2959 2645 3208 2686 mensura
3244 2632 3349 2686 cibi
3391 2641 3446 2687 et

1877 2723 2036 2785 potus
2067 2715 2222 2786 plane
2266 2725 2463 2770 statuta
2502 2717 2691 2771 fuisset
2715 2758 2729 2782 ,
2772 2717 2934 2772 invidi
2967 2733 3156 2789 magna
3197 2734 3261 2773 ex
3291 2729 3445 2789 parte

1880 2805 2025 2859 illam
2053 2805 2432 2860 detruncantes
2455 2847 2470 2871 ,
2507 2806 2752 2875 quaedam
2780 2807 3009 2876 capitula
3043 2809 3338 2864 inconsulte
3370 2825 3440 2866 ex

1877 2909 1941 2950 ea
1986 2897 2458 2965 transcripserunt.
2493 2896 2644 2952 Unde
2685 2912 2906 2952 necesse
2935 2907 3015 2952 est
3047 2908 3106 2952 ut
3128 2901 3176 2954 si
3203 2901 3436 2970 aliquem

1878 2983 1934 3039 in
1961 2993 2048 3039 tua
2075 2985 2293 3041 ditecesi
2326 2987 2431 3041 tale
2476 2986 2670 3042 fecisse
2718 2989 2983 3058 repereris
3013 3031 3027 3055 ,
3071 2983 3437 3060 hujuscemodi

1878 3071 2082 3127 factum
2125 3088 2306 3128 coram
2349 3075 2756 3142 provincialium
2804 3086 3015 3131 tuorum
3069 3079 3436 3148 episcoporum

1881 3170 2145 3216 conventu
2173 3203 2187 3227 ,
2242 3171 2297 3216 et
2357 3178 2538 3217 coram
2595 3165 2921 3234 praescriptis
2968 3167 3148 3221 missis
3194 3169 3392 3222 nostris
3427 3209 3440 3232 ,

1879 3251 2157 3307 frustreris
2184 3293 2198 3317 ,
2228 3261 2285 3306 et
2319 3251 2458 3307 hanc
2484 3255 2848 3308 authenticam
2874 3295 2888 3318 ,
2939 3264 2997 3309 ut
3037 3257 3392 3325 praemisimus
3419 3299 3433 3322 ,

1879 3339 2200 3410 diligenter,
2247 3327 2386 3396 sicut
2452 3342 2598 3395 missi
2657 3345 2828 3396 nostri
2878 3343 2956 3398 eis
2998 3345 3392 3399 insinuaverint
3423 3386 3437 3408 ,

1881 3429 2164 3482 transcribi
2190 3442 2528 3498 percenseas.
2564 3429 2820 3485 Volumus
2848 3445 2975 3499 ergo
3001 3440 3060 3485 ut
3095 3448 3282 3487 omnes
3302 3450 3440 3503 pra:-

1881 3515 1974 3568 lati
2003 3517 2380 3572 canonicorum
2410 3517 2690 3587 diligenter
2717 3517 2858 3570 illam
2889 3520 3272 3584 transcribant,
3329 3529 3440 3574 stu-

1882 3606 2029 3661 diose
2059 3607 2373 3677 intelligant,
2404 3607 2712 3669 eilicaciter.
2763 3617 3017 3676 quantum
3063 3608 3319 3662 Dominus
3365 3611 3443 3664 eis

1880 3709 2040 3763 posse
2082 3695 2326 3760 dederit,
2373 3698 2443 3750 ob
2484 3711 2634 3750 suam
2675 3698 3112 3766 subditommque
3155 3699 3441 3755 utilitatem

1881 3797 2042 3850 opere
2079 3785 2371 3854 adimplere
2412 3793 2700 3855 procurent
2729 3803 2744 3850 ;
2788 3793 2846 3840 ut
2878 3788 3090 3854 quando
3121 3804 3220 3842 nos
3245 3828 3259 3852 ,
3304 3790 3442 3843 sicut

1882 3876 1935 3929 in
1984 3892 2169 3930 eorum
2218 3892 2373 3932 sacro
2406 3886 2462 3932 et
2506 3878 2794 3932 venerabili
2853 3879 3077 3934 concilio
3121 3882 3444 3950 generaliter

1881 3964 2129 4019 omnibus
2164 3966 2412 4031 diximus,
2447 3967 2639 4021 missos
2682 3976 2894 4021 nostros
2929 3969 3082 4034 hujus
3111 3973 3307 4040 negotii
3360 3974 3441 4026 in-

1881 4052 2126 4118 quirendi
2161 4054 2332 4121 gratia
2359 4069 2454 4123 per
2485 4056 2792 4109 universum
2842 4057 3122 4125 imperium
3155 4069 3392 4116 nostrum
3422 4105 3436 4126 ,

1881 4140 2132 4196 Kalendis
2160 4142 2490 4212 Septembris
2515 4146 2785 4210 venturis,
2822 4146 3192 4212 direxerimus,
3231 4165 3435 4216 omnes,

1880 4229 2085 4297 praelati
2132 4230 2379 4286 videlicet
2427 4243 2481 4286 et
2517 4232 2743 4298 subditi,
2797 4232 2950 4300 juxta
2997 4237 3348 4303 capacitatem
3385 4249 3439 4292 et

1883 4317 2293 4385 possibilitatem
2323 4334 2473 4373 suam
2501 4359 2514 4384 ,
2543 4320 2726 4374 eadem
2779 4321 3129 4377 instructione
3169 4323 3434 4380 informati

1887 4417 2047 4477 atque
2109 4409 2396 4476 instructi,
2457 4409 2692 4476 ejusdem
2738 4421 3050 4481 operatores
3101 4413 3436 4468 inveniantur

1882 4499 2104 4551 strenui.
2129 4498 2389 4563 Quoniam
2417 4498 2654 4568 diligenti
2684 4499 2953 4569 indagine,
2979 4501 3088 4554 vita
3112 4502 3324 4565 comite,
3355 4503 3433 4555 in-

1880 4587 2092 4654 quirere
2117 4586 2424 4654 jubebimus
2451 4587 2681 4654 qualiter
2715 4589 3078 4656 unusquisque
3097 4589 3432 4658 przelatorum

1880 4678 2234 4733 ministerium
2265 4694 2419 4732 suum
2449 4679 2697 4748 expleat,
2735 4681 2963 4748 qualiter
2985 4681 3210 4750 jussioni
3229 4665 3430 4738 [nostrae

1880 4774 1931 4825 in
1959 4772 2209 4826 claustris
2234 4780 2288 4826 et
2315 4773 2522 4826 caeteris
2555 4773 2938 4828 canonicorum
2974 4777 3292 4830 necessariis
3331 4777 3424 4831 ha-

1877 4862 2232 4915 bitationibus
2255 4902 2268 4918 .
2299 4871 2359 4921 et.
2381 4861 2433 4914 in
2478 4876 2662 4916 eorum
2689 4863 2970 4931 stipendiis
2997 4864 3183 4918 dandis
3209 4904 3222 4928 ,
3255 4875 3308 4918 et
3343 4882 3428 4920 re-

1877 4949 2170 5019 ceptaculis
2208 4965 2497 5019 pauperum
2541 4953 2901 5020 praeparandis
2927 4953 3430 5021 obtemperaverint,

1878 5109 2180 5170 alerentur,
2207 5108 2488 5175 pecuniam
2531 5107 2742 5176 aliaque
2769 5109 2907 5162 bona
2936 5122 3171 5161 seorsum
3197 5109 3433 5176 posside-

1877 5179 2038 5237 bant;
2079 5177 2214 5245 »quid
2260 5176 2494 5231 Joannes
2541 5176 2903 5239 Mauburuus,
2949 5177 3040 5243 qui
3104 5176 3425 5234 Livriaeensi

1879 5246 2202 5299 monasterio
2235 5246 2481 5298 dimcesis
2508 5245 2823 5299 Parisiensis
2860 5252 3083 5314 praeerat
3100 5259 3244 5314 anno
3272 5246 3430 5310 1500,

1878 5315 1930 5367 in
1962 5314 2200 5383 regulam
2234 5313 2720 5383 Aquisgranensem
2750 5323 2803 5367 et
2829 5311 2881 5367 in
2907 5315 3074 5382 ipsum
3099 5311 3428 5373 Ludovicum

1877 5383 2093 5450 scripsit
2125 5400 2139 5436 :
2173 5397 2374 5450 eosque
2420 5383 2522 5437 hac
2563 5383 2615 5435 in
2652 5397 2711 5436 re
2754 5384 3001 5450 deceptos
3035 5394 3151 5437 esse
3177 5383 3428 5445 ostendit,

1875 5461 1934 5505 ut
1964 5452 2161 5522 ibidem
2192 5452 2367 5522 legere
2392 5461 2493 5505 est.
2520 5452 2652 5522 Vide
2673 5453 2834 5522 etiam
2859 5451 3074 5522 Pagium
3099 5451 3165 5522 ad
3195 5466 3281 5505 an.
3301 5453 3422 5514 816,

1877 5536 2022 5574 num.
2057 5521 2122 5575 16
2147 5529 2201 5576 et
2235 5520 2318 5574 ΓΙ.
2354 5521 2492 5575 Duas
2516 5521 2649 5574 alias
2678 5520 3018 5588 epistolas'de
3047 5521 3230 5573 eodem
3276 5537 3422 5589 argu-

1877 5599 2055 5644 mento
2085 5591 2232 5644 misit
2264 5590 2564 5645 Ludovicus
2593 5631 2606 5651 ,
2645 5590 2863 5643 alteram
2905 5589 3148 5644 Sichario
3187 5589 3422 5658 archiep.

1876 5659 2252 5729 Burdegalensi
2321 5675 2415 5728 per
2484 5658 2810 5729 Adalelmum
2851 5700 2865 5723 ,
2933 5659 3149 5713 alteram
3224 5659 3429 5715 Arnoni

1877 5728 2107 5797 archiep.
2155 5728 2525 5800 Salzburgensi
2556 5745 2650 5796 per
2681 5728 2993 5783 Nothnnem.
