3924 6334
463 389 592 444 ιδιι

1559 383 1880 441 LUDOVICI
1917 384 1936 439 1
1977 382 2444 442 COGNOMENTO
2480 387 2562 443 ΡΠ

3571 391 3705 444 13ιῖ

457 507 544 562 vel
573 504 696 575 quis
720 502 924 559 clerum
960 515 1117 558 suum
1147 498 1440 556 secundum
1482 498 1642 567 hujus
1682 497 2036 552 institutionis
2063 500 2112 556 Δ
2137 506 2197 553 ut
2247 499 2480 554 sciamus
2543 501 2736 570 quibus
2807 504 3099 572 gratiarum
3155 504 3400 560 actiones
3461 503 3707 565 referre.

457 612 704 652 normam
751 603 808 650 et
848 601 1044 649 caetera
1108 590 1373 662 spiritalia
1432 588 1689 644 exercitia
1739 588 2033 642 informare

457 688 764 751 studuerit,
796 692 890 740 aut
915 685 960 740 si
990 684 1112 754 quis
1133 697 1293 752 quem
1323 696 1510 736 eorum
1541 695 1680 750 quos
1709 679 1765 733 in
1789 679 1886 733 Dei
1916 692 2033 733 ser-

459 781 589 835 vitio
617 774 1011 832 rationabiliter
1036 773 1339 844 gubernare
1363 770 1574 841 potuit,
1601 783 1766 824 causa
1793 767 2034 822 avaritias

459 867 722 938 abiecerit
769 887 782 922 :
815 868 939 937 quia
965 874 1024 920 ut
1061 866 1176 920 hate
1220 879 1342 933 quae
1390 861 1789 933 praemisimus,
1827 860 2034 930 absque

459 959 619 1014 ullius
675 957 1006 1013 difﬁcultatis
1054 953 1392 1025 oppositione
1418 993 1435 1018 ,
1471 952 1526 1006 in
1565 950 1700 1006 locis
1741 951 1796 1004 in
1839 950 2036 1020 quibus

459 1053 602 1106 facta
631 1052 860 1110 necdum
898 1056 1090 1114 erant,
1132 1045 1250 1100 fieri
1289 1043 1744 1115 opportunissime
1775 1048 2032 1113 possent,

457 1143 616 1196 unius
642 1140 768 1194 anni
795 1139 1027 1209 spatium
1051 1177 1065 1201 ,
1119 1136 1260 1190 sicut
1303 1135 1468 1199 nosti,
1494 1135 1562 1188 ad
1586 1135 1702 1188 haec
1728 1131 2034 1203 peragenda

458 1229 767 1284 tribuimus.
809 1226 913 1293 Qui
966 1239 1098 1280 vero
1149 1223 1254 1278 hoc
1298 1236 1481 1278 annuo
1510 1230 1756 1291 tempore
1795 1228 2034 1284 nostrae,

458 1319 675 1386 imoque
724 1315 820 1370 Dei
858 1313 1112 1384 jussioni,
1158 1312 1311 1383 juxta
1348 1313 1494 1367 vires
1532 1314 1909 1382 obtemperare
1944 1326 2039 1366 ne-

457 1409 702 1481 glexerit,
732 1406 975 1472 caeteris,
1009 1420 1080 1460 ne
1109 1404 1238 1460 talia
1265 1403 1444 1459 facere
1469 1403 1742 1467 audeant,
1773 1409 2038 1456 terrorem

457 1498 644 1568 procul
680 1497 844 1552 dubio
882 1495 1125 1551 incutiet.
1178 1493 1421 1548 Misimus
1465 1492 1652 1562 itaque
1684 1492 1782 1546 tibi
1817 1491 2036 1547 institu-

457 1587 619 1640 tionis
677 1584 910 1641 formam
942 1599 1105 1654 quam
1159 1583 1305 1639 idem
1359 1597 1576 1638 sacrum
1628 1589 1687 1637 et
1731 1581 2040 1636 venerabile

458 1675 745 1730 concilium
775 1690 843 1744 ex
873 1683 1184 1729 sanctorum
1207 1672 1429 1727 Patrum
1453 1671 1736 1729 sententiis
1752 1671 2041 1742 diligenter

459 1766 752 1836 excerpsit,
777 1774 834 1821 et
867 1763 1368 1820 sanctimonialibus
1397 1764 1452 1818 in
1473 1778 1580 1819 uno
1609 1763 1838 1836 collegio
1874 1777 2040 1819 cano-

2133 604 2376 658 quosque
2400 591 2563 645 etiam
2606 593 2781 662 dignis
2821 596 3251 664 correptionibus
3291 596 3571 665 corrigere
3617 595 3707 648 de-

2133 679 2374 734 beamus.
2402 680 2459 736 Si
2495 697 2618 738 vero
2647 683 2841 754 aliquis
2869 694 2974 741 tua:
2999 687 3252 742 ditecesis
3280 686 3460 741 eidem
3491 687 3706 740 instita-

2133 771 2266 825 tioni
2297 784 2600 844 nostraeque
2621 776 2974 833 admonitioni
2995 779 3299 848 procaciter
3338 778 3500 832 reniti
3527 777 3709 832 volue-

2135 864 2228 929 rit,
2257 873 2312 918 et
2335 879 2399 920 ea
2424 881 2542 935 quae
2562 868 2630 922 ab
2662 871 2850 924 eodem
2876 885 3034 926 sacro
3062 881 3118 926 et
3155 870 3449 926 venerabili
3478 869 3711 924 concilio

2133 954 2426 1010 constituta
2464 965 2625 1026 atque
2660 962 2877 1016 decreta
2925 969 3090 1027 sunt,
3139 971 3402 1030 quantum
3451 961 3712 1014 Dominus

2135 1044 2214 1099 eis
2247 1059 2407 1115 posse
2432 1047 2668 1113 dederit,
2696 1050 2985 1105 observare
3012 1049 3400 1120 contempserit
3424 1088 3439 1113 ,
3467 1049 3713 1119 precipi-

2135 1150 2254 1189 mus
2276 1143 2337 1188 ut
2370 1135 2415 1191 si
2452 1145 2608 1192 antea
2654 1138 2959 1207 huiusmodi
2988 1156 3094 1195 non
3119 1157 3178 1196 se
3210 1140 3517 1196 correxerit
3538 1179 3556 1203 ,
3596 1138 3712 1208 qui-

2135 1237 2346 1294 cunque
2390 1225 2479 1280 ille
2526 1236 2629 1292 est,
2678 1236 2804 1284 ante
2848 1231 3191 1299 praesentiam
3235 1239 3478 1284 nostram
3509 1235 3606 1281 tua
3633 1227 3713 1283 vel

2136 1312 2428 1368 missorum
2456 1325 2765 1371 nostrorum
2811 1320 3180 1374 admonitione
3231 1321 3418 1374 venire
3451 1318 3710 1380 festinet;

2137 1411 2402 1472 quatenus
2452 1420 2484 1458 a
2531 1406 2685 1460 nobis
2723 1407 2876 1477 juxta
2923 1410 3280 1478 quantitatem
3333 1409 3506 1478 culpae
3558 1410 3714 1478 digne

2137 1493 2460 1563 corrigatur.
2498 1494 2804 1550 Direximus
2831 1508 3093 1566 praeterea
3127 1497 3222 1552 tibi
3252 1498 3463 1576 pondus
3485 1507 3543 1552 et
3570 1513 3714 1552 men—

2137 1598 2322 1638 suram
2363 1584 2662 1640 secundum
2691 1601 2852 1656 quam
2885 1586 3102 1643 clericis
3133 1596 3188 1642 et
3217 1588 3718 1644 sanctimonialibus

2135 1674 2293 1742 panis
2318 1682 2373 1729 et
2397 1684 2557 1745 potus
2582 1676 2865 1746 equaliter
2891 1677 3176 1732 tribuenda
3213 1687 3356 1742 sunt,
3402 1695 3528 1747 qua:
3565 1687 3626 1731 ut
3653 1679 3718 1732 ab

2137 1765 2387 1819 omnibus
2433 1765 2742 1822 firmissime
2789 1776 2950 1838 atque
3013 1767 3396 1823 inviolabiliter
3474 1778 3718 1822 teneatur

457 1857 580 1912 nice
627 1857 943 1927 degentibus
993 1854 1386 1912 observandam
1435 1853 1745 1924 percensuit
1803 1870 1816 1906 :
1870 1868 2034 1923 quam
2062 1855 2111 1914 B
2140 1853 2286 1926 [Leg.
2312 1855 2418 1908 vid.
2453 1855 2815 1928 teneantur],
2867 1857 3232 1924 decernimus,
3261 1866 3316 1914 et
3351 1873 3420 1913 ne
3459 1858 3593 1927 quid
3641 1859 3718 1910 in-

457 1945 574 2000 sive
599 1960 700 2016 per
737 1954 790 2000 te
816 1986 831 2007 .
881 1946 996 2000 sive
1028 1961 1128 2015 per
1163 1944 1650 2015 comprovinciales
1673 1952 1794 2000 tuos
1819 1945 2033 2015 episco—

457 2051 586 2106 pos,
618 2035 671 2088 in
700 2035 953 2090 omnibus
981 2043 1089 2090 tua:
1130 2034 1427 2090 dioeceseos
1457 2033 1792 2103 puellaribus
1818 2049 2037 2090 monas-

459 2128 638 2194 teriis,
669 2128 727 2182 in
756 2127 954 2198 quibus
979 2127 1240 2182 canonice
1266 2126 1486 2192 vivitur,
1517 2125 1760 2181 studiose
1784 2125 2036 2196 prmscri-

457 2225 606 2287 ptam
644 2217 832 2271 haberi
880 2216 1148 2271 volumus.
1205 2215 1313 2270 Sed
1365 2223 1422 2269 et
1457 2216 1561 2270 hoc
1593 2215 1938 2270 decernimus
1977 2223 2040 2270 ut

458 2324 488 2360 a
523 2307 676 2362 vobis
707 2316 815 2360 tam
843 2305 1135 2360 abbatissis
1161 2321 1321 2376 quam
1349 2304 1562 2360 caeteris
1609 2304 2037 2360 sanctimoniali-

458 2398 560 2453 bus
586 2397 848 2461 tradatur,
881 2403 937 2450 et
961 2394 1192 2465 qualiter
1220 2408 1342 2448 eam
1377 2402 1562 2449 tenere
1590 2393 1821 2449 debeant
1853 2402 2038 2451 vestro

459 2486 637 2542 studio
661 2484 1037 2541 informentur.
1066 2483 1336 2540 Caeterum
1381 2482 1488 2538 nisi
1527 2481 1765 2552 aliquam
1791 2482 2036 2538 abbatis-

461 2590 646 2632 sarum
669 2575 882 2644 quando
939 2589 1040 2630 nos
1080 2575 1150 2630 ad
1180 2573 1526 2645 praesentiam
1564 2579 1808 2628 nostram
1848 2573 2039 2629 venire

458 2663 812 2734 jusserimus,
862 2662 969 2718 alio
1028 2670 1272 2731 tempore
1321 2661 1572 2717 volumus
1624 2668 1688 2716 ut
1752 2661 2039 2724 abbatissae

459 2754 694 2825 propriis
744 2753 798 2807 in
857 2752 1203 2813 monasteriis
1253 2751 1533 2808 resideant
1555 2791 1571 2815 ,
1631 2757 1688 2806 et
1739 2751 2038 2806 secundum

460 2845 606 2901 hanc
645 2841 1001 2897 institutionis
1051 2839 1281 2896 formam
1313 2839 1496 2895 vivere
1537 2838 1749 2910 sibique
1772 2837 2042 2907 subiectas

460 2935 764 3008 gubernare
823 2932 1140 2997 decertent;
1196 2938 1252 2986 et
1307 2929 1469 2986 nullis
1508 2928 1722 2984 illarum
1758 2943 1857 3000 per
1883 2927 2042 2984 villas

461 3024 758 3090 residendi,
787 3035 882 3078 aut
909 3021 1058 3080 foras
1081 3022 1322 3094 qualibet
1348 3022 1636 3078 occasione
1663 3028 1886 3093 accepta
1913 3035 2040 3076 eva-

458 3116 620 3190 gandi
646 3157 659 3180 ,
689 3115 909 3185 suisque
937 3113 1308 3184 voluptatibus
1353 3112 1718 3180 deserviendi,
1764 3112 2040 3168 licentiam

460 3206 784 3263 attribuant.
832 3203 1154 3275 Quanquam
1196 3204 1342 3261 enim
1396 3203 1639 3260 nonnulli
1684 3203 1871 3259 clerici
1927 3218 2044 3258 mo-
2067 3210 2116 3274 (ι

459 3295 703 3353 nasteria
765 3293 1069 3365 puellarum
1093 3333 1110 3358 ,
1148 3301 1204 3349 et
1240 3293 1481 3349 nonnulli
1530 3293 1654 3348 laici
1706 3293 2035 3348 monasteria

460 3386 706 3440 virorum
739 3385 906 3440 etiam
960 3399 1026 3440 ac
1080 3383 1379 3455 puellarum
1417 3383 1653 3438 habeant
1676 3423 1694 3450 ,
1729 3389 1830 3440 tua)
1854 3391 2034 3438 tamen

465 3476 629 3535 debet
691 3477 979 3548 providere
1029 3475 1385 3532 solertissima
1422 3476 1690 3532 industria
1737 3483 1799 3529 ut
1832 3475 1887 3529 in
1918 3489 2036 3529 om-

460 3571 626 3627 nibus
677 3567 813 3625 locis
871 3570 974 3624 sub
1029 3575 1123 3624 tua
1152 3568 1373 3624 ditecesi
1402 3567 1712 3623 constitutis
1733 3606 1750 3633 ,
1807 3566 2037 3622 ubicun-

460 3675 569 3733 que
614 3661 1064 3732 cougregationes
1107 3658 1429 3716 clericorum
1459 3667 1516 3714 et
1542 3657 2037 3714 sanctimonialium

463 3758 610 3814 sunt,
636 3749 793 3818 juxta
825 3748 1236 3821 possibilitatem
1271 3755 1327 3803 et
1375 3746 1686 3802 facultatem
1721 3761 1904 3800 rerum
1955 3759 2041 3800 se-

465 3839 702 3895 cundum
757 3837 917 3908 hujus
963 3838 1318 3892 institutionis
1361 3836 1594 3891 formam
1638 3836 1854 3900 vivant;
1913 3835 2041 3904 quia

466 3928 613 3984 nulla
635 3935 719 3982 est
745 3928 966 3982 omnino
994 3925 1225 3982 ecclesia
1248 3965 1264 3990 ,
1303 3940 1425 3995 quae
1467 3923 1753 3980 facultates
1795 3923 1996 3978 habeat
2021 3961 2038 3987 ,

467 4015 558 4070 ubi
588 4029 694 4069 non
720 4015 930 4082 possint
953 4020 1034 4068 tot
1059 4011 1302 4082 talesque
1331 4011 1622 4082 gubernari
1660 4012 1756 4081 qui
1800 4011 2046 4066 divinum

466 4103 717 4174 expleant
742 4103 998 4168 ocium,
1025 4111 1080 4159 et
1104 4102 1194 4157 ubi
1218 4102 1557 4172 hospitalitas
1580 4100 1738 4170 juxta
1764 4102 1910 4157 vires
1935 4118 2044 4157 non

469 4195 642 4266 possit
673 4195 844 4266 diligi.
894 4194 1005 4250 Nos
1054 4209 1270 4264 quoque
1310 4193 1567 4266 praefatos
1591 4195 1786 4251 missos
1828 4205 2049 4252 nostros

472 4287 542 4343 ad
566 4297 714 4342 tuam
742 4287 1086 4344 sanctitatem
1122 4289 1245 4345 ideo
1271 4288 1566 4344 direximus
1591 4330 1608 4356 ,
1652 4299 1714 4344 ut
1754 4298 1907 4345 tuum
1950 4305 2050 4346 cae-

475 4388 824 4447 terorumque
875 4378 1367 4434 ecclesiasticarum
1411 4379 1467 4433 in
1513 4387 1606 4434 tua
1658 4379 1880 4435 ditecesi
1916 4395 2048 4436 con-

2136 1947 2401 2001 crementi
2441 1955 2536 2001 aut
2563 1947 2874 2002 detrimenti
2900 1964 2931 2002 a
2963 1963 3234 2018 quoquam
3275 1950 3578 2018 patiantur,
3610 1965 3719 2001 mo-

2136 2036 2222 2092 dis
2246 2035 2500 2091 omnibus
2530 2036 2856 2093 inhibemus.
2892 2037 3067 2093 Tuam
3116 2038 3282 2106 igitur
3310 2038 3363 2092 in
3389 2037 3546 2092 calce
3569 2036 3719 2104 hujus

2137 2125 2379 2196 epistola:
2412 2125 2768 2182 admonemus
2793 2129 3159 2192 sanctitatem,
3190 2136 3251 2181 ut
3278 2128 3582 2183 secundum
3629 2128 3720 2180 mi-

2141 2213 2427 2268 nisterium
2469 2214 2562 2268 tibi
2600 2215 2782 2270 divino
2830 2230 3056 2271 munere
3105 2216 3389 2281 collatum,
3425 2224 3629 2271 nostra:
3667 2216 3717 2268 iu

2141 2303 2247 2358 hoc
2292 2305 2509 2374 negotio
2565 2304 2938 2359 saluberrimae
2995 2306 3348 2360 admonitioni
3406 2307 3718 2360 obedientcr

2143 2402 2306 2463 atque
2331 2392 2771 2449 inexcusabiliter
2793 2409 2986 2464 pareas
3013 2435 3031 2460 ,
3065 2403 3122 2450 et
3146 2396 3356 2450 caeteris
3385 2397 3440 2448 in
3483 2396 3718 2464 parendo

2140 2483 2448 2552 exemplum
2495 2484 2694 2540 bonum
2735 2485 2964 2539 tribuas.
3021 2485 3248 2554 Dignum
3291 2487 3495 2555 quippe
3541 2496 3626 2538 est
3665 2496 3718 2538 ut

2141 2581 2346 2644 quanto
2390 2572 2673 2629 sublimius
2725 2574 3016 2628 sacerdotii
3062 2575 3321 2644 dignitate
3371 2575 3496 2629 aliis
3537 2590 3718 2642 super-

2140 2663 2380 2727 emines,
2440 2671 2496 2717 et
2549 2677 2580 2716 a
2619 2662 2778 2717 nobis
2823 2663 3208 2718 venerabiliter
3239 2664 3524 2734 diligeris,
3577 2674 3718 2717 tanto

2139 2753 2316 2821 magis
2364 2752 2432 2808 ad
2486 2751 2584 2808 Dei
2627 2759 2975 2822 nostramque
3019 2753 3351 2808 voluntatem
3422 2753 3717 2807 faciendam

2141 2842 2472 2899 devotiorem
2532 2849 2588 2896 te
2629 2852 2792 2912 atque
2839 2845 3230 2914 promptiorem
3271 2845 3554 2900 exhibeas.
3603 2845 3720 2898 Vale

2142 2935 2199 2990 in
2226 2933 2479 3000 Domino,
2509 2940 2566 2988 et
2590 2947 2687 2988 ora
2713 2947 2810 3003 pro
2838 2932 3016 2987 nobis.

2717 3044 3050 3101 EPISTOLA
3085 3045 3127 3100 Il

2407 3151 2653 3194 LUDOVICI
2691 3152 2758 3192 AD
2797 3151 3072 3193 IONLCIIOG
3104 3153 3443 3194 Αιηιηειιεεε.

2755 3227 2930 3296 (Auno
2963 3227 3116 3297 sat.)

2140 3317 2335 3391 [Apud
2358 3318 2425 3373 D.
2454 3318 2760 3391 Bouquet._,
2810 3315 3026 3391 licessit
3075 3316 3362 3391 unum,
3381 3329 3516 3372 tom.
3550 3315 3637 3382 Vl,
3663 3333 3724 3374 ex

2593 3385 2860 3441 tabulario
2883 3385 3242 3457 Anianensi.}

2207 3479 2266 3534 ιιι
2291 3479 2510 3533 nomine
2550 3475 2765 3531 Domini
2812 3474 2907 3529 Dei
2935 3482 2992 3529 et
3018 3474 3317 3530 Salvatons
3373 3476 3548 3529 nostri
3603 3475 3724 3531 Jesu

2139 3569 2362 3634 Christi.
2386 3567 2688 3623 Ludovicus
2708 3566 3006 3637 imperator
3019 3565 3291 3636 Augustus
3325 3569 3727 3622 venerabilibus

2139 3661 2396 3717 fratribus
2409 3660 2462 3714 in
2474 3658 2687 3714 Aniano
2703 3659 2818 3714 sive
2828 3657 3052 3714 Gelione
3062 3659 3390 3712 monasterio
3401 3660 3641 3712 constitu
3647 3661 3728 3714 tis-

2209 3744 2461 3802 Proxime
2483 3745 2693 3801 accedit
2721 3758 2748 3786 ι
2786 3745 3133 3816 Agobardum
3157 3745 3630 3813 archiepiscopum
3669 3746 3731 3798 ad

2141 3843 2386 3891 nostram
2409 3836 2690 3892 devenisse
2713 3835 3078 3904 praesentiam,
3106 3834 3353 3896 indicans
3393 3837 3556 3892 nobis
3605 3851 3733 3906 quo-

2143 3926 2305 3981 modo
2335 3941 2402 3982 eo
2441 3934 2708 3996 praesente
2732 3933 2789 3984 et
2836 3924 3079 3983 Nibridio
3113 3927 3526 3998 archiepiscopo
3549 3969 3566 3992 ,
3623 3930 3734 3983 sine

2145 4032 2300 4072 mora
2321 4031 2510 4073 omnes
2545 4015 2662 4087 pari
2693 4031 2961 4073 consensu
2989 4015 3404 4073 Tructesin'dum
3439 4033 3612 4086 super
3642 4033 3735 4071 vos

2145 4103 2448 4176 elegissetis
2479 4105 2750 4160 abbatem.
2776 4103 2876 4160 Cui
2921 4103 3086 4171 facto,
3115 4107 3242 4175 quia
3272 4105 3603 4160 rationabile
3644 4121 3736 4160 no-

2147 4196 2232 4252 bis
2267 4196 2569 4261 videbatur,
2601 4201 2883 4250 assentium
2945 4197 3192 4265 praebere
3232 4212 3342 4251 non
3388 4197 3700 4251 distulimus
3719 4239 3731 4259 ,

2150 4285 2522 4341 desiderantes
2543 4299 2607 4340 ac
2630 4293 2884 4355 optantes
2903 4292 2965 4341 ut
2991 4286 3166 4354 pietas
3187 4285 3368 4340 divina
3392 4286 3445 4341 id
3476 4285 3545 4339 ad
3586 4301 3734 4340 suam

2151 4382 2206 4428 et
2231 4374 2298 4428 ad
2323 4381 2557 4428 vestram
2593 4388 2933 4428 communem
2961 4374 3188 4429 salutem
3212 4373 3480 4444 proficere
3527 4373 3730 4437 faciat;

474 4468 779 4523 sistentium
808 4467 1091 4539 diligenter
1119 4476 1280 4537 atque
1327 4467 1594 4523 subtiliter
1619 4468 1672 4522 in
1701 4469 1806 4523 hoc
1835 4469 2052 4539 negotio
2076 4536 2112 4539 ὲ
2153 4474 2208 4520 et
2247 4465 2337 4520 ille
2371 4465 2543 4534 patris
2569 4480 2632 4519 ac
2667 4465 2902 4534 pastoris
2932 4465 3078 4519 inter
3105 4482 3200 4521 vos
3237 4467 3414 4520 locum
3447 4467 3735 4529 obtineat,

475 4558 815 4612 intuerentur
844 4536 1079 4611 studium
1106 4597 1120 4622 ,
1155 4536 1213 4610 et
1243 4557 1340 4612 tibi
1369 4572 1529 4628 opem
1560 4558 1616 4612 in
1655 4558 1868 4613 steteris
1898 4536 2048 4613 com—
2074 4536 2129 4595 D
2153 4562 2208 4608 et
2234 4569 2352 4618 vos,
2381 4561 2440 4607 ut
2459 4549 2660 4608 ChriSti
2685 4569 2836 4619 oves,
2865 4554 2981 4624 pari
3011 4554 3314 4608 humilitate
3342 4563 3398 4609 et
3425 4555 3736 4620 devotione,

478 4642 759 4699 monendis
806 4642 1042 4711 ferrent;
1079 4646 1173 4716 qui
1201 4653 1258 4701 et
1306 4645 1461 4701 nobis
1505 4645 1772 4700 referrent
1816 4647 2051 4718 qualiter

478 4735 685 4806 praelati
716 4743 772 4790 et
803 4735 1036 4806 prazlata:
1082 4751 1203 4791 eam
1257 4736 1488 4792 libenter
1514 4739 1878 4808 susceperint,
1928 4737 2051 4793 dili-

479 4834 771 4897 genterque
800 4827 1164 4884 transcribere
1191 4827 1513 4893 studuerint,
1543 4835 1602 4883 et
1648 4829 1839 4884 devote
1881 4829 2051 4884 adim-

483 4917 632 4987 plere
670 4914 824 4984 juxta
870 4917 1014 4972 vires
1057 4916 1404 4982 curaverint;
1436 4917 1693 4988 quoniam
1725 4919 1909 4973 tandiu
1935 4918 2056 4972 illos

485 5009 539 5062 in
569 5016 657 5060 tua
683 5005 766 5060 vel
795 5005 1326 5078 comprovincialium
1357 5015 1572 5062 tuorum
1596 5006 1818 5061 dioecesi
1853 5006 2060 5061 morari

484 5105 541 5152 et
620 5096 926 5152 discurrere
995 5113 1100 5152 una
1171 5112 1301 5151 cum
1374 5096 1542 5151 misso
1601 5105 1697 5151 tuo
1750 5096 2052 5166 jussimus,

487 5185 658 5238 donec
699 5184 764 5238 ab
801 5185 1049 5245 omnibus
1077 5192 1390 5240 memorata:
1435 5183 1682 5239 formulae
1730 5185 2057 5240 transcribe-

488 5283 704 5339 rentur;
762 5283 820 5329 ut
858 5275 1108 5332 videlicet
1146 5284 1340 5332 cuncta
1383 5284 1772 5343 procurantes,
1833 5277 2055 5348 diligen-

487 5371 677 5433 terque
726 5371 1008 5431 taxantes,
1065 5381 1188 5421 cum
1243 5365 1310 5419 ad
1357 5378 1462 5419 nos
1507 5363 1627 5419 illos
1671 5365 1852 5420 redire
1897 5381 2061 5436 opere

487 5454 701 5525 expleto
726 5462 936 5524 tempus
959 5457 1305 5526 permiserit,
1361 5463 1557 5510 cuncta
1604 5470 1724 5525 quae
1764 5463 1884 5510 acta
1935 5464 2062 5511 sunt

490 5556 670 5602 vestro
700 5557 1046 5619 utrorumque
1074 5550 1276 5620 scripto
1306 5556 1579 5610 notentur,
1606 5556 1767 5617 atque
1794 5563 1890 5618 per
1918 5548 2060 5617 ipsos

493 5648 748 5708 tuumque
784 5641 1003 5697 missum
1032 5649 1231 5697 nostra:
1269 5638 1653 5710 dignoscentia:
1699 5637 2055 5704 intimentur;

2155 4644 2296 4699 sicut
2315 4643 2534 4713 dignum
2572 4653 2624 4698 et
2651 4651 2856 4698 rectum
2906 4650 3009 4709 est,
3037 4643 3235 4698 subditi
3263 4653 3319 4698 et
3345 4643 3669 4698 obedientes
3690 4646 3738 4698 ei

2156 4734 2296 4788 sitis.
2361 4733 2429 4788 Et
2461 4733 2577 4788 hac
2630 4733 2934 4788 obedientia
2970 4733 3056 4786 vel
3089 4731 3413 4787 humilitatis
3470 4733 3737 4801 subiectio

2156 4824 2436 4878 charitatis
2461 4823 2758 4877 munimine
2782 4830 2868 4878 est
2900 4821 3230 4887 roboranda;
3274 4837 3395 4891 qua!
3423 4823 3542 4877 sine
3573 4825 3739 4879 simu-

2159 4913 2358 4968 latione
2384 4911 2533 4966 falsa:
2558 4913 2894 4968 extrinsecus
2920 4911 3298 4967 ostentationis
3323 4912 3380 4966 in
3425 4912 3583 4967 vobis
3627 4914 3739 4970 fieri

2158 5017 2380 5058 necesse
2414 5009 2515 5056 est.
2549 5001 2658 5056 Vos
2703 5003 2848 5056 enim
2888 5003 3090 5072 optime
3144 5001 3318 5058 nostis
3369 5017 3496 5057 cum
3538 5014 3739 5072 quanto

2156 5093 2335 5148 studio
2357 5108 2421 5146 ac
2445 5091 2641 5146 sudore
2665 5107 2695 5145 a
2726 5092 2897 5147 beata:
2923 5090 3198 5146 memoriae
3224 5092 3420 5146 domno
3446 5089 3741 5146 Benedicto

2157 5183 2316 5238 Patre
2336 5190 2516 5237 vestro
2551 5183 2701 5238 locus
2728 5183 2830 5238 iste
2852 5185 3028 5253 primo
3051 5183 3336 5238 inchoatus
3377 5193 3463 5237 est
3492 5199 3559 5238 ac
3615 5200 3741 5238 con-

2159 5281 2397 5327 structus
2445 5280 2565 5326 est:
2603 5271 2798 5328 deinde
2829 5287 2934 5342 qua
2956 5272 3232 5342 diligentia
3254 5272 3343 5326 ille
3374 5273 3672 5336 nitebatur,
3687 5284 3741 5326 ut

2161 5377 2278 5424 vos,
2311 5376 2446 5431 quos
2471 5361 2651 5416 divina
2671 5362 2891 5430 superni
2916 5361 3154 5416 Pastoris
3182 5363 3353 5432 gratia
3377 5377 3478 5431 per
3505 5378 3620 5417 sum
3647 5363 3737 5417 de-

2161 5452 2393 5508 votionis
2415 5451 2726 5505 instantiam
2778 5451 2910 5505 inibi
2957 5451 3389 5516 coadunaverat,
3443 5451 3738 5505 secundum

2160 5542 2471 5598 monaStica:
2499 5541 2620 5594 vitae
2652 5541 2888 5611 regulam
2912 5550 3058 5595 recte
3085 5542 3568 5597 conversaremini.
3593 5541 3736 5608 Quod

2161 5643 2211 5690 ct
2241 5634 2350 5689 Dco
2379 5632 2657 5701 largiente,
2678 5631 2833 5699 juxta
2875 5633 2946 5698 id,
2973 5635 3115 5703 quod
3151 5634 3504 5700 desideravit,
3530 5634 3597 5686 ad
3621 5631 3731 5687 cile

563 5767 587 5794 ι
629 5755 935 5818 Agobardus
991 5755 1361 5824 Lugdunensis
1411 5761 1529 5808 erat
1587 5752 2052 5822 archiepiscopus,
2093 5749 2365 5806 Nibridius
2387 5745 2765 5802 Narbonensis.
