3924 6330
207 383 345 438 1513

1646 383 2002 442 EPISTOLE
2013 425 2025 438 .

3307 390 3432 442 15M

201 508 352 552 etum
383 498 650 566 perduxit.
684 498 790 554 Sed
828 510 881 555 et
917 502 983 555 de
1029 511 1376 557 sacrosancto
1409 503 1597 558 eodem
1646 515 1767 556 εχει·
1801 498 1852 557 Α
1878 504 2010 558 "es.
2043 494 2332 549 statuimus
2377 492 2667 548 admonere
2694 503 2752 548 ιιι
2781 493 2835 549 in
2863 493 3114 552 omnibus
3141 495 3319 552 abbati
3350 513 3440 555 ve-

199 591 350 644 inine
377 604 475 658 per
512 590 795 659 imperium
821 607 853 645 a
896 592 1007 646 Deo
1036 594 1194 648 nobis
1221 594 1570 647 commissum
1620 594 1777 662 longe

200 683 419 752 lateque
449 684 549 751 pia:
572 684 996 740 conversationis
1018 701 1262 740 normam
1301 685 1640 754 coadoptavit
1661 725 1675 747 ,
1723 692 1774 736 et

199 772 360 826 vobis
417 773 769 828 disseminare
797 787 824 815 ει
853 789 958 829 non
990 775 1215 829 destitit.
1265 775 1332 828 Et
1370 789 1492 828 cum
1534 773 1775 844 profecto

199 861 278 914 ita
305 877 362 915 se
390 876 478 917 res
499 862 712 927 habeat,
745 863 968 934 dignum
995 880 1091 920 vos
1121 866 1411 920 admonere
1451 864 1739 918 statuimus
1756 902 1772 927 ,

198 962 261 1005 ut
287 952 396 1004 Deo
422 962 746 1023 cooperante
775 953 829 1008 id
858 953 1068 1010 efﬁcere
1091 954 1372 1019 studeatis,
1397 969 1464 1009 ne
1503 954 1558 1007 in
1584 954 1774 1008 diebus

195 1045 400 1098 vestris
428 1059 516 1099 res
538 1052 648 1098 tam
672 1045 886 1117 egregie
928 1046 1177 1101 inchoata
1204 1057 1258 1102 et
1282 1047 1349 1100 ad
1376 1047 1772 1100 incrementum

194 1137 479 1203 perducta,
516 1135 756 1204 quolibet
803 1151 935 1192 casu
989 1137 1279 1206 quidquam
1339 1133 1646 1191 detrimenti
1680 1149 1772 1188 su-

195 1234 313 1279 mat
340 1244 352 1279 :
386 1226 481 1280 sed
527 1226 661 1281 tales
714 1241 928 1296 semper
949 1243 1048 1297 per
1068 1228 1165 1281 Dei
1200 1226 1629 1281 misericordiam
1651 1240 1770 1279 esse

195 1317 481 1380 studeatis,
509 1325 568 1372 ut
598 1319 664 1372 de
700 1316 854 1373 vobis
881 1318 1110 1386 possint,
1133 1317 1272 1371 sicut
1298 1316 1448 1387 prius
1470 1356 1485 1378 ,
1526 1313 1769 1385 magistri

194 1416 252 1461 et
275 1407 523 1464 doctores
547 1417 748 1464 sancta:
785 1424 890 1464 non
912 1409 1085 1463 solum
1113 1407 1372 1477 regularis
1404 1406 1554 1468 vice,
1583 1419 1768 1458 verum

194 1498 374 1552 omnis
406 1498 661 1567 spiritalis
687 1513 889 1552 normae
915 1505 972 1551 et
1008 1497 1261 1568 praecipui
1307 1496 1474 1565 apicis
1523 1493 1765 1557 assumi,

195 1589 506 1660 ubicunque
572 1591 872 1646 necessitas
929 1590 1014 1646 vel
1059 1590 1306 1645 voluntas
1370 1587 1549 1643 fuerit.
1600 1585 1769 1640 Porro

195 1681 608 1735 Tructesindum
639 1681 887 1736 abbatem
916 1688 1154 1735 vestrum
1177 1679 1506 1733 admonitum
1532 1690 1652 1730 esse
1679 1689 1768 1729 vo-

192 1769 373 1824 lumus
401 1778 459 1824 ut
499 1771 642 1825 circa
682 1785 778 1825 vos
803 1782 1086 1840 paternum
1115 1776 1370 1822 exerceat
1414 1779 1676 1830 amorem,
1713 1771 1768 1817 et

1879 591 1992 636 stro
2018 589 2074 636 et
2105 583 2410 637 senioribus
2437 583 2627 638 vestris
2646 584 2956 639 obedientes
2978 584 3097 640 sitis
3111 595 3165 639 et
3189 586 3441 656 humiles,

1877 687 1982 724 non
2009 672 2266 740 protervi,
2294 686 2401 725 non
2430 680 2870 736 murmuratores,
2899 673 2990 728 sed
3021 688 3143 728 cum
3166 676 3312 730 omni
3344 677 3443 730 hu-

1876 761 2100 815 militate
2138 776 2202 816 ac
2259 762 2670 816 mansuetudine
2712 773 2922 817 servate
2972 765 3303 833 propositum
3352 781 3445 821 vea

1875 859 2068 902 strum.
2108 848 2240 902 Nam
2261 849 2308 903 si
2335 863 2491 903 secus
2518 849 2834 918 egeritis,ut
2863 850 3056 919 aliquis
3085 861 3322 907 vestrum
3347 855 3441 908 ad-

1874 953 2062 993 versus
2083 938 2330 994 abbatem
2351 949 2407 993 et
2435 937 2630 994 fratres
2655 939 2888 1005 infletur,
2911 951 2965 995 et
2989 957 3095 997 non
3115 943 3286 998 solum
3315 946 3439 1008 sibi,

1873 1029 1967 1082 sed
1993 1027 2157 1081 etiam
2188 1028 2308 1083 aliis
2334 1043 2598 1097 perversa:
2644 1030 3085 1099 transgressionis
3115 1031 3278 1087 fuerit
3311 1035 3444 1087 invi-

1873 1126 2194 1183 tamentum,
2217 1128 2272 1174 et
2300 1135 2403 1173 non
2441 1121 2523 1174 sui
2561 1121 2768 1175 abbatis
2793 1130 2846 1175 et
2875 1120 3103 1176 fratrum
3127 1125 3442 1179 sustinuerit

1871 1207 2283 1272 correctionem,
2298 1208 2440 1262 hunc
2460 1209 2614 1263 nobis
2639 1224 2760 1263 cum
2777 1211 3118 1265 festinatione
3143 1212 3281 1266 mitti
3303 1228 3441 1281 prae—

1871 1296 2122 1365 cipimus,
2153 1306 2210 1350 ut
2239 1313 2361 1352 eum
2399 1301 2451 1353 in
2501 1300 2661 1354 talem
2701 1299 2874 1354 locum
2922 1302 3246 1372 dirigamus,
3297 1305 3438 1358 unde

1871 1385 1960 1439 ille
1988 1387 2142 1441 vobis
2171 1387 2393 1442 minime
2417 1391 2588 1456 possit
2613 1391 2903 1458 quidquam
2954 1391 3155 1446 inferre
3178 1394 3437 1447 scandali.

1871 1475 1998 1531 Haec
2043 1478 2197 1532 vobis
2253 1478 2373 1533 ideo
2410 1481 2646 1535 scribere
2684 1480 2972 1548 jussimus,
3025 1491 3084 1536 ut
3119 1499 3440 1554 cognoscere

1869 1565 2089 1634 possit-is
2116 1575 2373 1635 quantam
2400 1584 2584 1623 curam
2635 1586 2699 1625 ac
2723 1572 3136 1628 sollicitudinem
3173 1575 3239 1628 de
3288 1575 3441 1629 vobis

1869 1655 2068 1710 habere
2096 1657 2485 1714 desideramus.
2539 1661 2792 1716 Eamdem
2819 1665 2959 1718 enim
2987 1662 3402 1718 familiaritatem
3426 1705 3440 1729 ,

1869 1761 2030 1815 quam
2057 1763 2181 1803 ουιιι
2208 1751 2309 1819 piae
2333 1753 2722 1808 recordationis
2734 1753 3020 1809 Benedicto
3036 1755 3230 1809 abbate
3259 1763 3442 1810 vestro

191 1859 499 1914 consideret
527 1832 821 1915 secundum
866 1867 1104 1923 aatatem,
1139 1858 1221 1912 vel
1249 1856 1608 1912 valetudinem
1642 1870 1761 1910 cor-

1869 1837 2069 1894 babere
2097 1839 2199 1894 visi
2228 1855 2435 1906 sumus,
2462 1843 2508 1897 si
2535 1853 2803 1912 praecepta
2857 1843 2972 1911 ejus
3017 1845 3290 1899 custodire
3315 1847 3444 1899 obe-

191 1949 364 2017 poris,
391 1949 474 2003 vel
501 1948 830 2005 inﬁrmitatis
853 1947 1136 2017 cujuslibet
1185 1948 1487 2004 molestiam
1515 1947 1644 2017 quid
1677 1946 1765 2001 cui

191 2040 481 2094 conveniat
503 2055 569 2095 ex
597 2038 854 2108 subjectis
875 2040 999 2104 sibi,
1033 2049 1088 2094 et
1127 2047 1318 2095 caveat
1346 2037 1669 2095 omnimodis
1697 2051 1764 2092 ne

192 2129 248 2180 in
285 2128 616 2200 negligentes
644 2129 780 2183 adeo
831 2127 1036 2184 fervida
1074 2128 1174 2183 zeli
1220 2128 1505 2198 castigatio
1546 2127 1762 2181 modum

189 2215 436 2280 excedat,
461 2225 521 2271 ut
547 2232 641 2273 eos
668 2218 1038 2286 pusillanimes
1081 2219 1298 2283 reddat;
1333 2233 1434 2272 nec
1479 2218 1622 2287 apud
1669 2218 1765 2271 ob-

189 2318 470 2364 servantes
491 2310 738 2365 mandata
767 2308 863 2365 Dei
893 2310 1014 2366 talis
1034 2311 1126 2375 sit,
1152 2318 1211 2365 ut
1234 2317 1452 2379 torpore
1477 2316 1533 2363 et
1557 2307 1763 2363 desidia

189 2398 246 2452 in
279 2399 356 2453 eis
384 2400 614 2470 rigorem
637 2401 954 2455 constantia!
978 2400 1221 2471 frangat;
1274 2401 1368 2455 sed
1396 2401 1628 2454 maxima
1655 2401 1764 2455 dis-

191 2492 432 2546 cretione
459 2490 612 2560 juxta
641 2491 953 2562 Apostolum
981 2492 1052 2547 sit
1073 2491 1323 2547 omnibus
1358 2492 1537 2546 omnia
1567 2491 1759 2557 factus,

190 2591 252 2636 ut
278 2598 465 2637 omnes
492 2583 560 2637 ad
609 2598 668 2637 se
710 2584 1040 2651 pertinentes
1073 2583 1282 2638 salvare
1309 2584 1500 2652 possit.
1535 2581 1688 2648 Quod
1716 2582 1760 2636 si

189 2674 331 2727 forte
357 2673 617 2738 evenerit,
644 2674 787 2743 quod
820 2687 922 2728 nos
951 2688 1058 2728 non
1103 2680 1370 2742 optamus,
1399 2681 1457 2726 ut
1495 2671 1585 2727 ille
1608 2680 1763 2726 extra

192 2763 433 2832 regulam
464 2762 615 2818 vobis
651 2777 684 2817 a
723 2772 1019 2818 memorato
1043 2762 1333 2819 Benedicto
1360 2764 1562 2834 optime
1593 2763 1761 2817 tradi-

192 2865 304 2909 tam
350 2856 402 2909 in
455 2854 632 2923 aliquo
679 2853 1015 2919 deviaverit’,
1061 2862 1116 2910 et
1155 2854 1328 2924 magis
1364 2855 1590 2909 voluerit
1643 2852 1763 2923 quas

189 2947 394 3016 agenda
419 2954 544 3000 sunt
572 2947 790 3016 proprio
816 2947 1040 3002 arbitrio
1080 2956 1136 3002 et
1163 2947 1439 3002 voluntate
1479 2962 1639 3016 quam
1665 2961 1756 3000 ve-

187 3046 304 3090 stro
328 3037 597 3091 communi
623 3036 848 3091 consilio
870 3053 1048 3108 agere,
1078 3054 1174 3093 vos
1195 3053 1340 3103 eum,
1366 3046 1423 3091 ut
1456 3037 1760 3092 charissimi

189 3126 387 3182 fratres
420 3135 474 3182 et
497 3125 611 3192 filii,
634 3142 757 3182 cum
779 3129 924 3182 omni
964 3129 1374 3184 mansuetudine
1409 3136 1464 3182 et
1503 3127 1759 3198 patientia

184 3217 462 3286 corrigite.
488 3217 554 3271 Et
584 3218 630 3272 si
655 3218 807 3273 vobis
837 3233 1114 3274 assensum
1139 3219 1445 3288 przebuerit,
1465 3227 1519 3273 et
1545 3233 1642 3287 per
1664 3233 1760 3272 vos

185 3315 466 3362 correctus
511 3307 706 3372 fuerit,
763 3309 865 3362 hoc
891 3309 987 3363 Dei
1025 3308 1166 3363 dono
1210 3308 1503 3362 tribuatis:
1537 3307 1580 3363 si
1622 3322 1752 3362 vero

187 3400 278 3454 ille
312 3401 640 3468 pertinacior
669 3400 724 3454 in
752 3414 868 3462 sua,
899 3414 1006 3468 quo
1028 3399 1189 3463 absit,
1217 3411 1538 3469 permanere
1571 3398 1758 3452 volue-

184 3491 262 3545 rit
286 3491 571 3553 sententia,
602 3498 730 3545 tuuc
759 3490 913 3544 nobis
933 3489 987 3544 id
1012 3488 1302 3558 signiﬁcari
1334 3489 1484 3558 prius
1513 3486 1756 3551 faciatis,

184 3594 351 3648 quam
380 3578 513 3634 foris
541 3579 732 3634 vicinis
753 3579 950 3634 vestris
993 3587 1176 3634 notum
1205 3580 1297 3633 ﬁat
1321 3619 1336 3645 ,
1367 3579 1491 3649 quia
1538 3594 1659 3634 cum
1706 3579 1762 3632 in

183 3667 308 3724 aliis
337 3669 569 3739 regalem
583 3683 934 3724 exerceamus
958 3678 1300 3738 potestatem,
1329 3669 1383 3723 in
1402 3669 1552 3723 vobis
1581 3677 1758 3724 tamen

181 3768 472 3832 paternum
517 3776 730 3831 semper
774 3760 1020 3815 volumus
1073 3759 1315 3814 obtinere
1369 3757 1637 3814 affectum.
1697 3758 1764 3811 Et

184 3851 432 3921 quamvis
461 3852 573 3905 haec
599 3849 818 3904 licentia
849 3865 878 3903 a
902 3848 1055 3903 nobis
1082 3848 1152 3902 sit
1177 3848 1326 3902 vobis
1358 3861 1637 3911 concessa,
1680 3855 1760 3899 ta-

184 3955 310 3994 men
359 3953 701 4007 summopere
743 3938 1042 3993 cavendum
1086 3945 1168 3991 est
1210 3951 1276 3990 ne
1308 3937 1372 3990 de
1421 3935 1658 4004 qualibet
1703 3948 1762 3987 re

184 4030 445 4084 adversus
472 4027 722 4082 abbatem
756 4034 994 4082 vestrum
1041 4026 1141 4080 levi
1179 4026 1257 4079 ira
1289 4033 1380 4078 aut
1431 4039 1594 4093 parva
1635 4039 1760 4092 per-

184 4119 494 4175 turbatione
515 4118 852 4181 inflammati,
878 4117 1078 4172 frustra
1117 4117 1379 4186 pertinaci
1417 4115 1638 4170 audacia
1667 4114 1761 4167 ad-

182 4225 376 4265 versus
403 4225 527 4264 eum
556 4207 1027 4264 commoveamini.
1069 4206 1200 4258 Nam
1228 4205 1271 4259 si
1290 4203 1498 4271 aliquis
1520 4211 1758 4257 vestrum

184 4303 306 4357 sine
330 4303 538 4356 ratione
561 4302 820 4355 adversus
843 4314 963 4352 eum
1014 4296 1431 4351 inflammabitur
1454 4304 1508 4349 et
1547 4304 1759 4350 nostras

183 4408 344 4447 aures
369 4394 484 4446 sine
505 4405 666 4445 causa
695 4387 1016 4459 pulsaverit,
1058 4402 1157 4442 nos
1186 4386 1442 4446 adversus
1463 4399 1521 4439 se
1549 4384 1759 4439 noverit

183 4476 432 4535 districta
459 4478 924 4534 animadversione
944 4492 1064 4532 esse
1083 4486 1434 4541 commotum,
1465 4484 1523 4529 ut
1550 4474 1639 4530 ille
1664 4475 1754 4544 qui

182 4572 444 4640 ejusmodi
472 4579 554 4626 est
577 4571 787 4626 caeteris
820 4570 914 4624 ﬁat
949 4570 1358 4633 documentum;
1393 4582 1459 4623 ne
1488 4568 1542 4622 in
1570 4575 1752 4636 poste-

185 4678 308 4717 rum
335 4661 530 4732 aliquis
563 4660 756 4715 audeat
796 4660 1053 4715 adversus
1080 4660 1398 4731 magistrum
1439 4672 1594 4712 suum
1623 4655 1758 4724 inju-

184 4763 269 4808 ste
291 4767 637 4823 consurgere.
666 4751 774 4806 Vos
818 4765 1050 4820 quoque,
1081 4750 1354 4812 seniores,
1405 4747 1459 4800 in
1507 4747 1756 4800 omnibus

185 4844 436 4913 adjuvate
461 4858 604 4907 eum,
628 4851 738 4896 tam
770 4842 825 4896 in
855 4841 1186 4898 districtione
1203 4839 1479 4908 juniorum
1503 4835 1752 4902 fratrum,

183 4947 348 5001 quam
376 4932 536 4985 etiam
559 4939 613 4984 et
639 4930 843 4999 reliqua
871 4930 1102 4984 utilitate
1131 4926 1576 4990 monasterii,nec
1604 4926 1753 4979 illum

185 5020 358 5076 solum
390 5019 489 5074 sub
514 5019 647 5073 tanti
677 5019 930 5088 ponderis
979 5032 1143 5071 onere
1172 5016 1384 5086 gravari
1431 5015 1706 5085 patiamini
1738 5034 1752 5068 :

188 5111 294 5166 Sed
315 5111 467 5180 juxta
492 5108 804 5179 Apostolum
832 5109 1226 5168 invicemcnera
1251 5115 1471 5176 portate,
1502 5112 1549 5157 et
1565 5093 1641 5158 sic
1662 5104 1756 5157 nd-

187 5202 461 5272 implebitis
510 5199 669 5270 legem
718 5200 932 5253 Christi.
971 5197 1079 5254 Vos
1107 5207 1286 5253 autem
1312 5238 1327 5262 ,
1378 5197 1621 5267 iuniores
1650 5195 1758 5250 fra-

259 5341 284 5368 α
324 5328 558 5400 Corrigit
579 5327 822 5382 Cointius
845 5366 861 5392 ,
903 5325 1213 5379 coadunavit
1243 5341 1271 5379 e
1297 5327 1437 5380 vobis
1464 5364 1479 5389 ,
1524 5333 1571 5377 et
1601 5332 1762 5378 disse-

185 5415 417 5521 “Catii;
435 5467 735 5521 Ludovicus
765 5463 893 5519 Pius
923 5471 1146 5519 vocatur
1187 5464 1482 5534 imperator
1520 5463 1754 5534 Franco-

191 5551 339 5606 rum,
358 5551 466 5590 non
497 5550 630 5606 vero,
661 5536 950 5606 imperator
981 5533 1567 5606 Romanorutn._Gneci
1606 5533 1750 5606 enim

193 5619 292 5660 nec
312 5604 562 5658 Carolum
584 5602 831 5673 Magnum
857 5618 956 5657 nec
975 5603 1088 5671 ejus
1116 5603 1168 5656 in
1197 5603 1477 5671 imperium
1501 5602 1756 5673 Occiden-

194 5675 298 5730 tale
326 5669 703 5738 successores,
754 5669 1234 5743 quantumcunque
1261 5669 1338 5727 eis
1385 5669 1748 5741 indigueriut,

1781 4520 1832 4579 D

1869 1928 2082 1985 dientes
2107 1929 2406 1997 volueritis,
2439 1932 2718 1987 vobiscum
2759 1933 3005 1989 similiter
3040 1934 3240 1990 habere
3285 1935 3438 1990 volu-

1867 2034 2006 2084 mus,
2033 2028 2087 2074 et
2111 2035 2296 2075 curam
2336 2022 2500 2076 vestri
2549 2022 2822 2092 ipsiusque
2864 2022 3175 2078 monasterii
3226 2037 3441 2092 semper

1866 2124 2044 2179 agere.
2062 2101 2128 2163 Et
2149 2110 2275 2180 quia
2290 2118 2501 2167 constat
2519 2126 2616 2180 per
2632 2113 2875 2166 chartam
2890 2112 3189 2168 donationis
3198 2111 3442 2181 praedicti

1866 2195 2041 2250 Patris
2063 2197 2230 2251 vestri
2257 2200 2504 2253 eumdem
2547 2201 2932 2253 monasterium
2977 2200 3234 2270 genitoris
3272 2202 3442 2255 nostri

1865 2287 2035 2354 prius,
2067 2295 2124 2342 et
2152 2288 2327 2343 denuo
2347 2297 2593 2343 nostrum
2613 2303 2733 2343 esse
2754 2289 2983 2354 alodem,
3008 2289 3253 2344 eamdem
3275 2288 3438 2343 licen-

1866 2380 2016 2443 tiam,
2051 2395 2213 2449 quam
2240 2382 2354 2450 ipse
2381 2382 2530 2451 prius
2550 2390 2604 2437 et
2633 2398 2731 2437 nos
2753 2383 3004 2452 deinceps
3027 2398 3126 2453 per
3171 2392 3438 2453 praecepta

1863 2469 2219 2525 immunitatis
2247 2469 2348 2525 visi
2381 2486 2565 2526 sumus
2594 2471 2907 2536 concedere,
2935 2473 3209 2542 perpetuis
3235 2480 3437 2542 tempo-

1866 2559 2016 2613 ribus
2045 2559 2274 2615 ﬁrmiter
2293 2559 2583 2616 observare
2628 2568 2682 2615 et
2706 2560 3082 2616 inviolabiliter
3115 2576 3440 2617 conservare

1863 2648 2271 2716 promittimus:
2325 2658 2386 2704 ut
2436 2650 2860 2719 quandocunque
2911 2651 3090 2704 divina
3154 2651 3436 2706 vocatione

1864 2739 2155 2807 przedictus
2183 2739 2353 2796 abbas
2376 2740 2458 2795 vel
2483 2755 2822 2796 successores
2851 2738 2967 2808 ejus
2993 2741 3059 2795 de
3078 2742 3179 2795 hac
3203 2740 3322 2796 luce
3348 2742 3440 2796 mi-

1863 2830 2158 2898 graverint,
2172 2831 2410 2899 quandiu
2436 2831 2578 2885 inter
2598 2846 2692 2884 vos
2715 2830 2848 2885 tales
2875 2831 3114 2886 invenire
3134 2833 3436 2901 potueritis,

1861 2921 1952 2989 qui
1987 2921 2157 2989 ipsam
2177 2921 2646 2993 congregationem
2678 2923 2969 2977 secundum
2999 2923 3236 2992 regulam
3261 2923 3435 2978 sancti

1859 3011 2132 3066 Benedicti
2163 3027 2348 3083 regere
2377 3012 2605 3077 valeant,
2651 3027 2749 3081 per
2785 3025 2927 3081 saepe
2961 3012 3217 3080 scriptam
3261 3021 3315 3066 et
3350 3027 3436 3066 ro-

1861 3102 2108 3157 boratam
2135 3111 2379 3159 nostram
2435 3106 2808 3160 auctoritatem
2860 3105 3133 3159 licentiam
3192 3097 3438 3160 habeatis

1863 3210 2076 3266 semper
2123 3198 2352 3270 eligendi
2384 3198 2653 3254 abbatem.
2703 3198 2962 3268 Optamus
2998 3213 3096 3252 vos
3143 3213 3242 3266 pro
3277 3199 3437 3252 nobis

1861 3300 2078 3344 orantes
2109 3304 2175 3344 ac
2213 3297 2457 3344 sanctum
2483 3290 2810 3359 propositum
2856 3297 3098 3343 vestrum
3131 3287 3436 3343 custodien-

1863 3388 1942 3435 tes
1969 3395 2184 3450 semper
2208 3380 2344 3435 bene
2363 3380 2562 3435 valere.
2594 3381 2784 3433 Amen.

2405 3490 2737 3547 EPISTOLA
2781 3490 2866 3545 Ill.

1863 3596 2143 3639 IICHAELIS
2177 3598 2246 3638 Ετ
2287 3597 2569 3637 τηεοιτιιιιιι
2608 3597 2734 3636 ῑιιιι
2774 3594 3021 3636 οιιιεκτιε
3053 3595 3430 3636 ιιηιιλτοιιωι

2319 3668 2388 3706 AD
2435 3667 2730 3706 ιυοονιεωι
2771 3667 2915 3705 Ριυι.

2497 3742 2669 3812 (Anno
2706 3742 2854 3815 824.)

1863 3833 2050 3905 [Apud
2087 3832 2148 3886 D.
2178 3832 2464 3901 Bouquet.,
2501 3832 2652 3905 ibid.,
2683 3832 3011 3905 e_x_Baronio
3054 3832 3110 3886 in
3141 3832 3427 3886 Annalibus

2438 3901 2817 3956 ecclesiasticis.
2834 3901 2853 3972 ]

1930 4012 1987 4066 In
2023 4015 2240 4069 nomine
2267 4013 2482 4077 Patris,
2533 4021 2587 4067 et
2641 4014 2792 4078 Filii,
2840 4024 2894 4068 et
2939 4013 3172 4084 Spiritus
3224 4018 3426 4081 sancti,

1860 4101 2019 4154 unius
2044 4102 2144 4155 soli
2187 4102 2301 4155 veri
2327 4101 2443 4166 Dei,
2469 4102 2692 4157 Michael
2719 4112 2774 4157 et
2799 4103 3124 4174 TheOphilus
3151 4104 3332 4160 ﬁdeles
3373 4107 3427 4160 in

1860 4191 1977 4260 ipso
2004 4191 2113 4246 Deo
2143 4192 2494 4261 imperatores
2537 4191 2901 4247 Romanorum
2946 4194 3139 4249 dilecto
3177 4203 3232 4250 et
3261 4197 3426 4251 bono-

1860 4281 2017 4336 rabili
2041 4280 2198 4335 fratri
2225 4280 2496 4335 Ludovico
2522 4281 2751 4351 glorioso
2778 4283 2888 4352 regi
2906 4281 3259 4348 Francorum,
3283 4284 3420 4339 Lon-

1859 4371 2238 4441 gobardorum,
2264 4378 2319 4425 et
2350 4371 2378 4409 δ
2407 4378 2598 4424 vocato
2627 4385 2814 4425 eorum
2858 4373 3168 4440 imperatori
3201 4384 3246 4426 ο.

1933 4500 1946 4512 .
1976 4498 1990 4513 .
2018 4499 2033 4514 .
2058 4499 2072 4512 .
2107 4459 2135 4499 ἀ
2170 4459 2249 4514 Ex
2288 4473 2353 4514 eo
2383 4467 2624 4529 tempore
2652 4474 2838 4514 omnes
2882 4460 3174 4515 Christiani
3217 4461 3424 4531 imperii

1857 4550 2026 4606 nostri
2054 4550 2123 4605 ad
2173 4549 2322 4619 pacis
2351 4550 2613 4604 unitatem
2665 4559 2720 4604 et
2766 4551 3046 4619 pristinam
3082 4552 3419 4605 concordiam

1856 4643 2151 4708 redierunt,
2178 4643 2543 4720 gloriﬁcantes
2571 4651 2626 4697 et
2673 4641 3079 4712 magniﬁcantes
3128 4659 3422 4714 propugna-

1857 4743 2028 4788 torem
2059 4741 2302 4788 nostrum
2337 4731 2622 4786 Dominum
2675 4730 2856 4786 Jesum
2903 4731 3172 4787 Christum
3218 4733 3308 4802 qui
3354 4734 3421 4787 ad

1857 4824 2117 4879 unitatem
2145 4822 2265 4877 ﬁdei
2290 4822 2592 4878 coadunare
2617 4821 2867 4892 populum
2892 4836 3046 4875 suum
3063 4822 3312 4891 dignatus
3339 4830 3422 4876 est

1854 4916 1908 4971 in
1931 4913 2316 4982 subiectionem
2360 4911 2502 4981 quod
2530 4911 2598 4965 ab
2634 4924 2700 4965 eo
2724 4920 2807 4964 est
2828 4910 3036 4979 imperii
3065 4909 3251 4963 nostri.
3280 4909 3420 4976 Quo-

1856 5004 2001 5058 circa
2032 5003 2249 5072 dignum
2273 4999 2696 5054 existimavimus
2725 4998 2838 5052 lucc
2859 4998 3011 5067 quasi
3037 4992 3261 5065 paciﬁco
3288 4997 3419 5051 ami-

1856 5113 1921 5153 co
1967 5106 2021 5153 et
2069 5095 2296 5166 spiritali
2326 5093 2479 5148 fratri
2507 5101 2725 5156 nostro,
2755 5098 2828 5154 et,
2849 5098 2907 5142 ut
2954 5090 3242 5156 credimus,
3271 5089 3419 5143 socio

1857 5187 2034 5258 gaudii
2053 5202 2090 5241 a
2120 5185 2232 5240 Deo
2257 5182 2467 5252 imperii
2495 5179 2664 5237 nostri
2711 5177 2992 5234 manifesta
3044 5177 3220 5232 facere
3240 5218 3255 5244 ,
3297 5192 3416 5247 quae

1858 5327 2129 5388 Augustos
2155 5326 2212 5374 et
2256 5319 2609 5388 imperatores
2645 5303 3010 5370 Romanorum
3054 5325 3288 5384 unquam
3321 5325 3412 5380 ap-

1858 5390 2148 5460 pellarunt.
2216 5457 2232 5460 _
2247 5457 2279 5460 __
2420 5455 2433 5460 _
2464 5455 2475 5460 _
2966 5451 3026 5460 _.
3227 5448 3239 5460 .

1931 5469 1953 5497 ο
1995 5457 2193 5512 Narrat
2215 5455 2434 5510 Michael
2463 5455 2652 5524 imper.
2701 5461 2880 5508 motus
2906 5467 2938 5506 a
2965 5451 3170 5524 Thema
3191 5451 3413 5524 viro_se-

1859 5527 2053 5582 ditioso
2075 5527 2394 5590 concitatos,
2424 5518 2645 5593 ejushue
2687 5537 2872 5577 necem
2903 5540 2916 5575 :
2950 5521 3116 5576 multa
3160 5518 3415 5593 mentitur

1857 5598 1922 5652 dc
1941 5596 2138 5667 Leonis
2175 5597 2361 5664 imper.
2383 5587 2595 5655 morte,
2636 5601 2689 5646 et
2705 5593 2997 5667 _de_adepto
3017 5605 3047 5643 a
3086 5603 3143 5642 se
3172 5587 3414 5667 imperio.

1925 5666 1951 5704 ά
1993 5666 2046 5719 Id
2073 5675 2157 5721 est
2182 5662 2301 5734 post
2333 5671 2660 5734 reportatam
2687 5663 2752 5717 de
2775 5662 2976 5715 Thema
3000 5668 3227 5729 tyranno
3253 5662 3414 5713 victo-

1860 5736 2014 5789 riam.
