3924 6318
466 359 599 418 15i5

451 585 559 642 que
587 568 708 624 lidei
740 575 794 622 et
819 562 1096 635 religionis
1120 559 1417 617 cultoribus
1465 555 1646 611 facere
1670 559 1904 624 oportet,
1924 550 2044 606 lau-

453 660 612 715 dibus
635 664 691 712 et
736 653 954 726 hymnis
983 652 1349 708 collaudemus
1384 657 1440 704 et
1458 647 1822 720 glorificemus
1849 644 2041 702 Salva-

454 757 627 806 torem
665 757 912 803 nostrum
957 743 1142 801 Iesum
1176 743 1474 799 Christum.
1527 740 1854 812 Oportuerat
1896 738 2042 794 enim

453 835 640 892 statim
666 848 691 876 ι
718 835 771 889 in
798 833 1020 890 exordio
1046 831 1261 902 imperii
1286 830 1478 896 nostri,
1510 829 1652 885 sicut
1679 827 1909 899 spiritali
1938 826 2044 881 fra-

454 927 526 980 tri
553 928 740 980 nostro
759 929 815 977 et
844 920 1073 992 paciﬁco
1101 920 1277 974 amico
1307 959 1322 984 ,
1375 934 1474 988 per
1513 932 1672 972 veros
1721 917 1905 987 apices
1949 931 2046 970 no-

454 1024 620 1080 stros,
646 1026 766 1084 qua:
795 1027 924 1082 erga
949 1025 1050 1066 nos
1076 1016 1227 1081 gesta
1276 1015 1405 1064 sunt
1438 1007 1593 1062 vobis
1647 1006 2042 1062 manifestare:

455 1106 571 1169 sed,
596 1105 736 1160 sicut
759 1117 931 1173 supra“
950 1101 1153 1158 dictum
1187 1107 1272 1155 est
1298 1141 1312 1164 ,
1359 1098 1572 1170 przel'ati
1603 1097 1824 1168 tyranni
1854 1105 1910 1152 et
1957 1111 2044 1151 re-

457 1195 613 1252 bellis
638 1211 701 1250 ac
721 1193 866 1263 turpi
889 1201 1068 1254 morte
1107 1190 1452 1246 condemnati
1480 1188 1702 1243 Thomas
1728 1187 1920 1243 seditio
1965 1185 2046 1240 l‘a-

458 1300 582 1340 cere
605 1284 898 1354 prohibuit.
937 1280 1016 1337 Ac
1039 1296 1172 1337 vero
1193 1295 1338 1335 nunc
1392 1279 1541 1334 dedit
1569 1278 1711 1333 Deus
1757 1278 1912 1333 nobis
1939 1278 2045 1332 hoc

457 1391 698 1446 praesens
720 1382 777 1430 et
801 1381 1162 1445 opportunum
1184 1380 1396 1441 tempus
1429 1379 1551 1442 post
1577 1368 1693 1439 ejus
1714 1368 2047 1425 interfectio-

458 1482 605 1530 nem,
632 1473 687 1521 et
710 1463 1163 1520 coadunationem
1186 1473 1244 1517 et
1260 1462 1607 1518 concordiam
1642 1461 1826 1531 populi
1847 1461 2041 1515 nostri.

458 1559 525 1614 Et
553 1559 674 1612 ideo
718 1557 924 1627 justum
972 1555 1403 1610 existimavimus
1438 1554 1654 1608 mittere
1690 1552 1758 1608 ad
1807 1560 2046 1608 vestram

459 1651 683 1722 gloriam
735 1647 1079 1703 Theodorum
1133 1644 1626 1717 protOSpatharium
1687 1651 1939 1699 nostrum
1988 1653 2045 1700 et

460 1743 754 1812 stratigon,
812 1740 1058 1796 Nicetam
1121 1738 1522 1794 sanctissimum
1567 1735 2044 1807 metropolitanum

463 1832 764 1904 Myrensem
792 1831 972 1902 Lycia:
996 1831 1025 1871 ιι
1061 1830 1420 1884 Fortunatam
1446 1825 1913 1896 archiepiscopum
1936 1826 2045 1883 Ve-

462 1926 658 1989 netiae,
717 1925 1060 1980 Theodorum
1110 1921 1619 1978 reverendissimum
1667 1919 1955 1975 diaconum
1989 1927 2047 1975 et

461 2030 802 2070 meonomum
844 2015 1002 2070 istius
1031 2014 1388 2070 sanctissimae
1421 2013 1516 2066 Dei
1541 2011 1824 2067 catholicae
1850 2020 1904 2068 et
1933 2028 2048 2066 ma-

461 2119 580 2173 gnae
604 2103 847 2159 ecclesiae
887 2104 947 2159 S.
980 2103 1217 2174 Sophia,
1243 2111 1296 2159 et
1327 2103 1561 2158 Leonem
1596 2108 1839 2158 nostrum
1863 2103 2048 2158 candi-

461 2195 667 2250 datum.
695 2197 761 2250 Et
781 2211 890 2251 non
929 2203 1139 2250 tantum
1166 2209 1263 2263 per
1286 2195 1387 2248 has
1434 2193 1690 2263 syllabas,
1719 2193 1812 2247 sed
1841 2203 1896 2248 et
1950 2209 2049 2264 per

464 2289 608 2360 ipsos
636 2288 784 2344 viros
815 2288 1198 2342 annuntiamus
1233 2294 1430 2341 vestrae
1481 2284 1666 2354 gloriae
1710 2284 1890 2338 omnia
1930 2299 2050 2353 quae

461 2381 736 2452 proposita
769 2387 917 2445 sunt,
942 2387 1008 2433 ‘ut
1036 2387 1148 2434 tam
1172 2393 1270 2448 per
1297 2391 1390 2432 eos
1419 2389 1690 2446 quamque
1712 2383 1768 2429 et
1802 2389 1900 2443 per
1922 2376 2051 2430 mis-

463 2491 553 2530 sos
580 2474 726 2550 viros
753 2475 951 2530 iterum
1001 2473 1142 2529 seire
1188 2486 1472 2544 possemus
1518 2477 1715 2526 vestrae
1747 2469 2052 2525 dilectionis

464 2566 772 2629 sanitatem,
804 2563 1070 2633 simulque
1097 2561 1335 2617 fidelium
1367 2568 1674 2616 vestrorum
1704 2557 2050 2614 incolumita-

463 2666 598 2720 tem,
632 2669 733 2709 nec
761 2669 867 2709 non
893 2661 949 2709 et
975 2654 1218 2710 omnium
1248 2664 1430 2708 rerum
1453 2659 1759 2706 vestrarum
1790 2647 1932 2719 apud
1953 2663 2052 2704 vos

463 2743 870 2800 consistentium
912 2741 1349 2812 prosperitatem.
1377 2739 1549 2795 Porro
1583 2752 1686 2810 per
1712 2738 1813 2794 has
1841 2744 2054 2792 nostras

463 2847 621 2888 veras
650 2840 706 2888 et
746 2831 934 2888 ﬁdeles
977 2827 1210 2903 syllabas
1237 2830 1658 2887 corroboramus
1679 2837 1735 2883 et
1755 2827 2052 2884 conﬁrma-

466 2941 586 2981 mus
629 2925 869 2994 priorem
897 2939 1086 2994 pacem
1111 2931 1168 2979 et
1196 2923 1490 2980 amicitiam
1537 2923 1682 2978 inter
1709 2935 1809 2976 vos
1856 2927 1913 2974 et
1955 2935 2055 2975 nos

462 3017 835 3079 constitutam,
866 3014 1224 3086 deprecantes
1263 3013 1614 3070 mediatorem
1645 3009 1886 3081 ejusdem
1903 3009 2056 3081 pacis

465 3109 742 3165 dominum
770 3107 863 3178 qui
891 3106 1030 3162 dixit
1063 3125 1076 3161 :
1111 3103 1307 3160 Pacem
1337 3121 1506 3160 meam
1561 3103 1631 3157 do
1652 3102 1825 3168 vobis,
1874 3116 2054 3170 pacem

469 3216 636 3254 meam
666 3198 900 3269 relinquo
929 3197 1072 3255 vobis
1104 3195 1283 3269 (Joan.
1304 3211 1413 3261 xrv,
1438 3195 1559 3266 27);
1589 3193 1836 3252 eamdem
1861 3207 2052 3264 pacein

468 3289 887 3360 Splendidiorem
935 3296 991 3344 et
1033 3288 1392 3345 robustiorem
1417 3285 1595 3340 facere
1620 3325 1635 3349 ,
1683 3291 1738 3339 et
1770 3284 2058 3339 ostendere

469 3381 802 3450 temporibus
851 3389 907 3436 et
939 3379 1301 3451 potestatibus
1352 3376 1672 3448 praeteritis,
1708 3374 1962 3444 quoniam
2004 3382 2061 3428 et

471 3485 573 3524 nos
600 3470 680 3524 sic
703 3479 948 3527 tenemus
973 3478 1029 3525 et
1058 3482 1344 3539 speramus
1371 3466 1514 3536 quod
1541 3472 1596 3520 et
1631 3471 1812 3518 vestra
1865 3464 2059 3533 glorio-

469 3558 684 3612 sissima
707 3567 948 3629 potestas
969 3561 1043 3614 ita
1068 3558 1394 3622 consentiat,
1424 3556 1567 3611 sicut
1593 3563 1647 3608 ct
1676 3562 1882 3610 nostra.
1906 3596 1924 3608 .
1955 3599 1968 3608 .
1998 3599 2010 3607 .
2039 3594 2054 3608 .

546 3647 651 3702 Sed
679 3656 734 3703 et
758 3650 862 3704 hoc
885 3657 1082 3705 vestrae
1103 3647 1320 3704 Christo
1339 3645 1555 3700 amabili
1585 3643 1858 3699 dilectioni
1889 3643 2059 3697 mani-

470 3734 757 3803 festamus,
787 3738 913 3808 quia
962 3737 1115 3799 multi
1165 3737 1230 3791 de
1282 3734 1663 3790 ecclesiasticis
1700 3748 1794 3788 seu
1823 3740 1879 3787 et
1907 3733 2060 3787 laicis

472 3826 626 3890 viris,
653 3828 813 3882 alieni
841 3829 914 3883 de
931 3825 1652 3896 apostoiicis.traditionihus
1685 3823 1835 3887 facti,
1862 3831 1918 3878 et
1967 3837 2062 3877 ne-

473 3928 578 3986 que
604 3928 858 3986 paternos
879 3916 1140 3970 terminos
1160 3913 1541 3978 custodientes,
1565 3912 1692 3967 facti
1724 3919 1854 3966 sunt
1875 3912 2063 3965 inven-

472 4015 622 4062 tores
673 4006 936 4060 malarum
993 4019 1173 4059 rerum
1209 4013 1255 4056 ο.
1285 4040 1302 4057 .
1329 4042 1342 4056 .
1369 4041 1384 4055 .
1409 4042 1424 4057 .
1452 4042 1467 4058 .
1495 4043 1508 4056 .
1536 4041 1552 4057 .
1595 4001 1748 4057 Unde
1799 4002 2060 4056 honorem

475 4097 731 4151 Ecclesia:
761 4096 963 4151 Christi
996 4101 1318 4164 quaarentes,
1348 4091 1576 4147 fecimus
1597 4090 1807 4145 litteras
1834 4089 1904 4143 ad
1937 4103 2062 4142 san-

471 4187 774 4240 ctissimum
805 4199 1000 4254 papam
1030 4184 1264 4251 antiquae
1286 4183 1504 4247 Romae,
1563 4190 1620 4236 et
1665 4195 1760 4235 eas
1813 4179 2061 4234 misimus

477 4293 574 4348 per
603 4276 891 4345 praedictos
919 4275 1113 4331 missos
1153 4281 1370 4328 nostros
1404 4273 1471 4328 ad
1507 4286 1652 4326 eum.
1682 4311 1696 4324 .
1721 4310 1736 4325 .
1764 4310 1778 4323 .
1802 4310 1815 4323 .
1855 4270 1931 4324 De
1953 4283 2060 4324 ca:-

478 4381 593 4423 tero
627 4367 841 4421 ordinet
890 4375 1068 4420 vestra
1091 4364 1352 4435 spiritalis
1374 4363 1591 4418 dilectio
1619 4371 1678 4416 ut
1701 4376 1826 4416 cum
1856 4361 2063 4415 honore

477 4457 624 4511 omni
654 4465 708 4511 et
734 4457 988 4512 illaesione
1026 4455 1094 4510 ad
1129 4471 1253 4510 eum
1296 4456 1532 4509 veniant.
1639 4492 1654 4506 .
1681 4492 1696 4506 .
1748 4451 1923 4507 Causa
1949 4466 2063 4504 me-

479 4545 664 4599 moriae
692 4544 995 4599 dilectionis
1022 4559 1140 4612 quae
1171 4545 1311 4598 inter
1357 4557 1458 4598 nos
1482 4550 1566 4597 est
1597 4583 1611 4605 ,
1665 4541 1914 4596 misimus
1965 4554 2063 4610 per

478 4637 765 4706 praedictos
795 4635 990 4690 missos
1037 4646 1254 4691 nostros
1285 4632 1698 4705 prasinovultim
1736 4647 1928 4698 unum,
1960 4633 2061 4686 mi-

481 4727 781 4784 liuovultim
817 4743 985 4782 unum
1011 4727 1061 4792 d,
1106 4727 1265 4796 Tyria
1300 4739 1323 4766 ο
1355 4727 1693 4791 duo,blattas
1714 4738 1875 4780 veras
1903 4724 2060 4788 duas,

482 4817 739 4873 Dirodina
772 4815 791 4856 ί
826 4817 952 4882 duo,
981 4817 1198 4872 diventa
1229 4819 1254 4858 ε
1274 4817 1399 4871 duo.

553 4907 806 4962 Absoluta
842 4922 1025 4962 mense
1052 4907 1244 4977 Aprili,
1271 4907 1359 4961 die
1398 4906 1627 4969 decima,
1652 4905 1943 4961 indictione
1971 4918 2061 4961 se-

482 4999 680 5062 cunda,
705 5013 736 5053 a
769 5000 879 5054 Deo
901 5007 1216 5054 consecrata
1243 4999 1387 5069 regia
1415 4999 1548 5053 urbe
1575 4998 1623 5050 ιι.

557 5252 583 5314 ξ
623 5238 849 5314 yichael
882 5254 1121 5314 regnare
1135 5238 1298 5307 coepit
1310 5250 1470 5314 _anno
1506 5234 1629 5288 820.

556 5310 586 5350 ι)
623 5300 993 5377 Fortunatus",
1065 5300 1258 5364 itinere
1310 5308 1534 5361 Romam
1581 5317 1729 5377 cum_
1756 5300 2061 5377 oratoribus

488 5379 765 5451 Michaelis
788 5371 990 5451 imper.
1029 5387 1300 5451 suscepto,
1337 5380 1692 5451 mortuus_est
1716 5373 1770 5425 iu
1809 5371 2058 5451 Erancia.

563 5461 584 5488 ε
625 5448 817 5505 Postea
846 5441 1071 5505 Klichael
1119 5441 1366 5516 imperat.
1426 5442 1719 5516 catholicos
1751 5441 2064 5516 calumnia-

490 5528 594 5579 tur,
621 5520 894 5589 multaque
929 5526 1115 5574 narrat
1155 5513 1290 5571 falsa
1317 5523 1373 5571 et
1409 5529 1529 5584 quae
1553 5513 1728 5566 virum
1751 5513 2064 5566 haereticum

494 5599 744 5643 arauunt.

626 5657 852 5723 Conjicit
871 5657 1104 5729 Cangius
1131 5657 1230 5710 has
1253 5655 1388 5729 duas
1411 5667 1573 5708 voces
1594 5647 1990 5729 prasinopaltim
2011 5655 2068 5729 et

492 5721 854 5782 milinovuttim
886 5721 1193 5784 ell'ormatas
1223 5741 1291 5782 ex
1326 5723 1513 5780 Graeco
1551 5721 1987 5797 πρασίνοελάττην
2015 5725 2070 5774 et

1565 343 1890 402 LUDOVICI
1911 342 1952 397 -ι
1990 338 2460 397 COGNOMENTO
2495 339 2590 396 Ριι

450 477 735 535 nobiscum
763 480 884 528 acta
904 478 1064 543 sunt,
1095 475 1156 524 ut
1181 468 1408 539 pariter,
1431 465 1573 520 sicut
1589 463 1750 518 unius
1769 459 2041 530 ejusdem-
2070 461 2123 520 Α

3588 337 3721 392 1318

2718 454 3048 512 EPISTOLA
3089 454 3156 510 ιν

2143 566 2388 606 ιυυονιοι
2439 566 2505 604 AD
2544 563 2863 604 BADURADUI
2904 559 3388 603 νΑοειιιιοΜεκεειι
3418 559 3721 601 εριεεονῦι.

2215 641 2281 696 In
2319 641 2544 712 gratiam
2589 639 2893 694 monasterii
2939 637 3268 693 Corbeiensis
3309 637 3366 690 in
3397 634 3656 690 Saxonia.

2757 727 2928 799 (Anno
2953 727 3103 798 824.)

2145 819 2335 892 [Apud
2357 819 2420 872 Ι).
2451 819 2741 892 Bouquet._,
2784 818 2938 892 ibid.,
2984 817 3358 892 exuschaten.
3391 816 3589 870 Annal.
3624 813 3727 870 Pa-

2693 889 2864 952 derb.,
2894 903 3018 959 pag.
3045 885 3169 959 78.]

2214 979 2273 1034 ln
2302 980 2520 1034 nomine
2551 980 2646 1034 Dei
2674 988 2729 1033 et
2759 979 3055 1035 Salvatoris
3106 979 3275 1034 nostri
3305 978 3437 1034 Jesu
3485 979 3686 1039 Christi
3711 1026 3726 1050 ,

2145 1072 2470 1136 Ludovicus,
2492 1071 2673 1126 divina
2709 1072 2995 1126 ordinante
3044 1071 3406 1142 providentia,
3438 1072 3731 1143 imperator

2145 1164 2421 1235 Augustus
2439 1162 2726 1218 Badurado
2757 1163 3009 1232 episcOpo
3036 1167 3090 1216 et
3112 1163 3280 1216 misso
3305 1169 3517 1218 nostro.

2215 1253 2386 1310 Nosse
2415 1263 2468 1308 te
2505 1270 2612 1310 non
2660 1254 2968 1316 dubitamus
2995 1253 3230 1323 qualiter
3279 1262 3466 1309 nostra
3491 1253 3731 1322 jussione

2145 1343 2482 1400 Adelhardus
2520 1343 2792 1415 quondam
2823 1344 2990 1399 abbas
3027 1343 3295 1412 quoddam
3345 1345 3730 1400 monasterium

2147 1437 2202 1491 in
2239 1436 2474 1493 Saxonia
2502 1452 2533 1491 a
2561 1452 2699 1492 novo
2732 1451 2896 1507 opere
2946 1436 3274 1501 construxit,
3303 1445 3360 1490 et
3389 1437 3562 1507 aliqui
3607 1438 3726 1492 boni

2147 1528 2397 1588 homines
2422 1529 2488 1583 de
2501 1527 2830 1598 quihusdam
2874 1528 3036 1582 rebus
3065 1527 3291 1583 solemni
3321 1528 3616 1583 donatione
3645 1528 3733 1583 do-

2149 1621 2413 1686 tavimus;
2441 1619 2507 1676 de
2529 1620 2723 1690 quibus
2751 1617 3002 1672 omnibus
3026 1617 3190 1672 rebus
3207 1625 3408 1673 nostrae
3436 1618 3732 1673 auctorita-

2148 1713 2220 1768 tis
2239 1720 2569 1783 praaceptum
2616 1712 2760 1767 circa
2808 1710 2950 1765 idem
2975 1709 3367 1764 monasterium
3406 1708 3524 1762 ﬁeri
3569 1707 3731 1775 jussi-

2073 1819 2123 1879 Β
2149 1817 2292 1869 mus,
2321 1810 2382 1857 ut
2400 1813 2660 1874 perpetua
2687 1801 2984 1857 salvatione
3014 1799 3067 1854 in
3091 1799 3217 1871 jure
3268 1797 3512 1867 ejusdem
3553 1814 3734 1870 monac

2149 1893 2305 1948 sterii
2331 1892 2531 1950 eaedem
2559 1908 2647 1947 res
2674 1890 3054 1947 consisterent.
3084 1888 3212 1952 Sed,
3241 1898 3302 1942 ut
3323 1889 3592 1944 relatione
3615 1890 3735 1944 Wa-

2149 1983 2257 2038 rini
2305 1982 2632 2038 venerabilis
2687 1979 2928 2049 ejusdem
2986 1979 3301 2034 monasterii
3349 1980 3730 2052 cognovimus,

2147 2072 2369 2145 quidam
2391 2073 2616 2128 comites
2640 2078 2998 2126 memoratum
3019 2076 3348 2138 przeceptum
3389 2078 3642 2122 nostrum
3665 2068 3736 2121 in-

2148 2162 2385 2233 fringere
2412 2170 2469 2217 et
2514 2161 2822 2217 convellere
2860 2159 3069 2223 volunt,
3121 2157 3176 2212 in
3225 2172 3292 2212 eo
3311 2157 3569 2213 videlicet
3602 2157 3734 2228 quod

2149 2256 2395 2311 homines
2422 2261 2530 2308 tam
2569 2253 2769 2308 liberos
2793 2266 2954 2322 quam
2987 2259 3043 2305 et
3082 2249 3238 2314 litos,
3287 2249 3380 2320 qui
3435 2263 3602 2318 super
3639 2257 3735 2302 ter-

2152 2360 2268 2400 ram
2298 2344 2538 2414 ejusdem
2570 2341 2885 2397 monasterii
2932 2340 3272 2402 consistunt,
3318 2338 3372 2392 in
3399 2339 3613 2393 hostem
3666 2338 3735 2391 ire

2151 2435 2472 2506 compellant
2524 2441 2582 2489 et
2633 2427 2957 2504 distringere
3004 2431 3166 2487 modo
3205 2429 3499 2500 judiciario
3543 2429 3732 2493 velint;

2151 2526 2295 2594 quod
2327 2525 2574 2579 nolumus
2600 2533 2659 2579 ut
2708 2523 2925 2578 faciant.
2973 2521 3042 2576 Et
3075 2522 3196 2576 ideo
3226 2536 3324 2591 per
3378 2519 3482 2575 has
3536 2521 3736 2576 litteras

2153 2625 2367 2670 nostras
2393 2615 2488 2669 tibi
2514 2614 2856 2684 przecipimus
2881 2620 2940 2665 ut
2961 2620 3016 2665 tu
3046 2610 3171 2664 illud
3200 2619 3557 2679 praeceptum,
3577 2610 3730 2678 quod,

2154 2706 2295 2761 sicut
2321 2706 2577 2768 diximus,
2609 2705 2784 2758 eidem
2813 2701 3144 2757 monasterio
3179 2698 3432 2764 fecimus,
3461 2714 3734 2763 assumas,

2154 2794 2210 2850 ei
2256 2796 2310 2850 in
2365 2795 2652 2865 praesentia
2695 2791 3007 2848 earumdem
3061 2791 3351 2855 comitum,
3413 2790 3470 2843 in
3513 2803 3734 2859 quorum

2156 2884 2474 2940 ministeriis
2511 2899 2598 2938 res
2626 2882 2865 2954 pmdicti
2893 2880 3209 2936 monasterii
3253 2893 3374 2934 esse
3406 2879 3730 2944 noscuntur,

2157 2975 2320 3045 relegi
2350 2973 2538 3039 facias,
2566 2982 2621 3029 et
2645 2989 2710 3028 ex
2740 2981 2924 3028 nostra
2959 2972 3288 3028 auctoritate
3327 2971 3410 3024 cis
3461 2970 3733 3039 pracipias

2157 3075 2219 3119 ut
2239 3064 2464 3119 ulterius
2479 3073 2676 3119 nostra:
2706 3060 3044 3117 auctoritatis
3063 3067 3396 3132 pmceptum
3411 3057 3616 3113 violare
3636 3073 3731 3111 non

2080 3171 2125 3232 ρ
2156 3163 2508 3226 praesumant,
2531 3155 2624 3209 sed
2651 3154 2848 3224 potius,
2875 3152 3015 3208 sicut
3043 3152 3097 3205 in
3120 3139 3308 3206 eodem
3329 3165 3604 3218 przecepw
3621 3164 3730 3204 con-

2160 3245 2382 3309 tinetur,
2411 3243 2540 3298 illud
2573 3255 2897 3298 conservare
2948 3240 3226 3300 studeant.
3283 3239 3327 3292 si
3365 3241 3600 3310 gratiam
3647 3253 3731 3293 no-

2161 3343 2330 3391 stram
2359 3335 2561 3388 habere
2581 3332 2766 3388 velint.

2732 3461 3066 3518 EPISTOLA
3106 3463 3174 3518 V.

2161 3571 2394 3612 EPISCOPI
2434 3570 2487 3608 IN
2523 3568 2798 3609 CONVENTU
2837 3566 3126 3606 PABISIENSI
3165 3566 3500 3606 CONGBECA‘H
3544 3566 3609 3605 AD
3645 3565 3727 3605 ω·

2233 3640 2464 3681 υογιοωι
2491 3639 2616 3679 PIUI
2644 3640 2714 3677 ET
2740 3635 3047 3678 LOTIARIUI
3086 3636 3152 3675 υε
3181 3636 3356 3677 CULTU
3379 3636 3664 3675 'IIIACINUI.

2767 3712 2950 3784 (Anno
2979 3711 3143 3783 sas.)

2162 3805 2881 3880 (H_ar_tg__eptstolamApide_-
2941 3804 3160 3880 hujnsce
3220 3800 3542 3880 ξαιτρζοςξω
3606 3811 3720 3880 tam

2233 3877 2325 3931 XC
2339 3870 2504 3940 νιη,
2536 3877 2635 3929 col.
2672 3874 2828 3937 1299,
2860 3870 3195 3942 inter-Opera
3224 3870 3406 3926 Caroli
3437 3870 3666 3940 Magni.)

2736 4003 3070 4060 EPISTOLA
3112 4004 3177 4060 Vl

2163 4111 2409 4151 ιυυονια
2451 4113 2517 4150 Αἰ)
2550 4109 2847 4149 ιιιειιεκιλκ
2885 4107 3221 4148 SENONENSEI
3258 4108 3327 4148 ΕΤ
3367 4108 3534 4148 ΞΟΝΔΙ
3575 4106 3728 4149 Αυιε-

2628 4179 2920 4218 LIANENSEI
2961 4177 3270 4217 EPISCOPUI.

2166 4254 2634 4310 Commonitorium
2658 4255 2785 4324 ipsis
2811 4253 2995 4307 datum
3025 4267 3142 4324 eum
3172 4250 3329 4324 legati
3357 4249 3582 4324 Romam
3610 4254 3730 4305 irent

2295 4325 2360 4378 ,γά
2394 4321 2689 4394 Eugenium
2721 4323 2783 4376 ll
2805 4339 2994 4393 papam
3017 4323 3074 4374 in
3103 4335 3264 4375 causa
3290 4321 3601 4390 imaginum.

2780 4412 2954 4481 (Anno
2980 4408 3132 4484 sat.)

2088 4510 2141 4569 D
2167 4503 2400 4578 [Baluz.,
2432 4501 2850 4578 Capitullto‘m.
2881 4501 2934 4578 I_,
2963 4517 3031 4578 ex
3054 4500 3570 4578 Goldgst_._,_Constit.
3597 4496 3730 4566 inim,

2561 4576 2635 4628 et‘
2653 4572 2949 4636 Sirmond.,
2980 4569 3140 4626 Coac.
3181 4569 3352 4643 Gall.]

2242 4687 2526 4744 Hieremiae
2573 4695 2629 4740 et
2674 4683 2824 4740 Jonze
2849 4725 2864 4747 ,
2923 4681 3322 4738 venerabilibus
3355 4682 3653 4752 episcopis,
3685 4683 3731 4737 in

2168 4781 2397 4835 Domino
2419 4778 2667 4833 salutem.

2240 4873 2520 4925 Venerunt
2574 4868 2641 4922 ad
2690 4864 3036 4935 prmsentiam
3083 4871 3324 4919 nostram
3368 4862 3734 4934 illalitgarius

2169 4969 2224 5014 et
2268 4957 2574 5012 Amalarius
2603 4953 2840 5025 episcopi
2885 4969 2981 5007 vm
3032 4951 3155 5007 ldus
3201 4949 3552 5014 Decembris,
3605 4949 3735 5006 defe~

2175 5057 2354 5104 rentes
2409 5047 2756 5102 collectiones
2802 5043 2868 5097 de
2913 5041 3069 5096 libris
3109 5049 3421 5095 sanctorum
3483 5039 3731 5101 Patrum,

2200 5225 2876 5288 nhvoﬂamvjrasinum
2915 5223 3120 5290 viride,
3179 5220 3439 5276 melinum
3501 5217 3728 5276 luteum,

2200 5253 2571 5288 ημνοολαττην.
2595 5253 2876 5284 ΓΓἈδΙΙΙιΙΙιι
2922 5253 2980 5276 vu

2162 5253 2332 5354 blatta
2353 5297 2701 5360 vermiculus,
2725 5308 2980 5366 purpura.

2241 5380 2264 5406 ο
2301 5367 2543 5436 Tyrium,
2575 5363 2809 5436 purpura
2830 5363 3017 5436 Tyria.
3045 5371 3603 5436 pannuspurpureus.

2243 5437 2261 5476 ί
2280 5425 2611 5499 Dirodinuni,
2629 5425 2726 5503 pro
2737 5425 3366 5499 diarliodintfm,pallium
3379 5425 3520 5486 road
3532 5425 3730 5481 coloris.

2240 5514 2265 5554 ι
2305 5505 2615 5564 Diventum,
2639 5520 2742 5559 vox
2765 5503 2964 5573 ignota.

2240 5577 2266 5659 ξ
2294 5575 2469 5659 Elegia
2492 5575 2646 5659 urbe,
2673 5566 2837 5655 idest
2863 5566 3348 5659 Constantinopoli.

2249 5646 2265 5685 ί
2294 5634 2641 5714 Ηιιιῖιεειι-ίυς
2661 5643 2946 5714 episcopus
2983 5651 3098 5694 erat
3128 5634 3558 5702 Cameracensis,
3588 5634 3728 5689 Ama-

2181 5715 2347 5769 larius
2379 5713 2734 5768 Trevirensis.
