3924 6344
290 412 419 468 1517

1747 407 2028 465 EPISTOL
2039 408 2123 464 ΑΕ.

3393 410 3534 465 1518

286 540 422 595 quas
452 525 504 577 in
541 535 566 563 ι
609 529 873 576 conventu
911 521 1051 590 apud
1095 520 1333 574 Parisios
1359 519 1545 574 habito
1573 517 1732 572 simul
1767 531 1865 586 po-
1891 523 1941 582 Α
1965 519 2182 575 Christo
2208 519 2356 574 Patri
2386 519 2646 591 Eugenio,
2669 534 2880 575 summo
2902 519 3141 590 pontifici
3168 530 3224 576 et
3243 524 3534 584 universali

286 615 374 669 siti
396 610 709 680 collegistis,
732 625 866 678 quas
897 611 1062 662 etiam
1095 623 1277 663 coram
1307 606 1463 661 nobis
1496 604 1696 675 perlegi
1731 603 1862 658 feci-

287 718 428 758 mus.
486 701 553 754 Et
602 699 726 769 quia
772 699 1114 767 placuerunt,
1170 704 1226 751 et
1276 696 1343 749 ad
1391 696 1442 748 id
1476 703 1694 763 pr0pter
1719 691 1863 761 quod

286 790 525 846 collectae
572 796 701 843 sunt
729 787 1052 842 necessaria:
1096 792 1257 854 atque
1284 783 1442 837 utiles
1471 797 1500 835 a
1531 783 1686 835 nobis
1723 780 1866 848 judi-

287 888 483 934 cantur
513 918 529 944 ,
578 878 678 932 sub
707 876 853 932 omni
889 875 1170 930 celeritate
1197 873 1350 927 vobis
1377 871 1685 926 censuimus
1729 868 1864 922 diri-

287 970 511 1039 gendas.
559 967 766 1021 Idcirco
822 964 1160 1020 admonendo
1232 961 1576 1032 praecipimus
1630 957 1868 1013 solertiae

291 1065 489 1113 vestra:
527 1065 587 1111 ut
613 1057 933 1127 priusquam
962 1054 1027 1110 de
1055 1052 1141 1107 his
1174 1051 1375 1121 aliquid
1419 1051 1616 1105 domno
1654 1055 1868 1117 aposto-

289 1151 399 1205 lico
450 1151 720 1215 indicetis,
765 1147 1008 1218 diligenti
1046 1162 1176 1202 cura
1224 1145 1414 1200 eadem
1448 1159 1546 1199 vos
1582 1157 1869 1198 recensere

290 1241 515 1304 curetis,
541 1247 594 1294 et
621 1255 685 1295 ea
715 1254 835 1309 qua:
857 1238 1050 1293 melius
1065 1247 1131 1292 et
1162 1238 1339 1306 aptius
1373 1235 1627 1304 praesenti
1650 1233 1866 1302 negotio

291 1331 586 1384 convenire
635 1330 982 1391 inveneritis,
1029 1341 1324 1397 excerpere
1354 1333 1516 1394 atque
1569 1324 1872 1378 describere

292 1421 480 1490 illique
505 1421 571 1475 ad
597 1419 881 1491 legendum
925 1417 1120 1473 offerre
1169 1416 1473 1480 studeatis;
1513 1415 1640 1484 quia
1679 1414 1823 1468 enim
1854 1452 1870 1477 ,

294 1517 357 1564 ut
400 1510 572 1564 nostis
599 1550 612 1574 ,
642 1523 741 1563 nos
776 1509 844 1562 ab
875 1521 939 1562 eo
978 1506 1269 1577 petivimus
1307 1501 1577 1560 licentiam
1610 1511 1874 1573 quatenus

297 1601 400 1654 has
427 1599 771 1655 collectiones
798 1611 826 1651 a
863 1597 1235 1652 sacerdotibus
1259 1597 1459 1650 nostris
1488 1594 1606 1648 fieri
1643 1593 1872 1662 permit-

299 1698 456 1747 teret.
490 1690 559 1744 Et
585 1689 705 1744 ideo
735 1704 844 1743 non
871 1688 1066 1758 poterit
1092 1687 1430 1757 praetermitti
1453 1686 1580 1754 quin
1611 1685 1661 1738 ei
1687 1691 1873 1738 osten-

299 1783 461 1833 datur
504 1777 645 1847 quod
695 1792 762 1831 ex
821 1776 989 1833 iusius
1032 1775 1388 1845 permissione
1449 1773 1733 1828 collectum
1770 1779 1871 1824 est.

301 1868 433 1922 Illud
471 1876 652 1921 tamen
700 1880 1042 1935 summopere
1093 1864 1421 1933 pmidete,
1482 1874 1542 1916 ut
1577 1877 1640 1917 ea
1690 1861 1766 1916 illi
1810 1861 1877 1916 de
1904 1862 1951 1920 B

300 1958 386 2012 his
409 1956 705 2012 ostendatis
735 1971 842 2026 que
879 1957 1074 2012 rationi
1128 1957 1193 2011 de
1240 1955 1564 2026 imaginibus
1619 1954 1876 2010 habenda:

298 2063 398 2118 per
423 2049 603 2104 omnia
630 2048 971 2113 conveniant,
1013 2058 1066 2104 et
1093 2050 1234 2119 quod
1271 2049 1382 2119 ipse
1408 2049 1492 2103 vel
1525 2049 1608 2104 sui
1655 2047 1879 2116 rejicere

297 2139 522 2194 minime
547 2139 781 2194 valeant.
811 2139 917 2194 Sed
948 2148 1003 2195 et
1027 2155 1125 2195 vos
1183 2141 1284 2209 ipsi
1338 2149 1446 2193 tam
1497 2139 1768 2209 patienter
1815 2152 1879 2192 ac

308 2228 550 2282 modeste
575 2243 694 2282 cum
726 2243 788 2282 eo
820 2230 885 2282 de
913 2229 1015 2282 hac
1047 2244 1209 2283 causa
1235 2230 1654 2298 disputationem
1677 2228 1879 2282 habea-

304 2315 396 2382 tis,
447 2325 509 2370 ut
558 2330 898 2385 summopere
927 2317 1165 2372 caveatis
1199 2332 1268 2372 ne
1302 2317 1465 2371 nimis
1491 2318 1540 2371 ei
1575 2314 1878 2372 resistendo

309 2423 432 2462 eum
455 2407 507 2460 in
533 2407 764 2476 aliquam
789 2407 1195 2462 irrevocabilem
1213 2408 1568 2477 pertinaciam
1590 2407 1618 2446 δ
1642 2406 1882 2462 incidere

307 2497 640 2566 compellatis
666 2513 679 2561 ;
711 2497 803 2551 sed
828 2497 1084 2563 paulatim
1111 2536 1126 2562 ,
1167 2497 1349 2552 verbis
1378 2494 1494 2564 ejus
1540 2495 1694 2564 quasi
1723 2497 1881 2550 obse-

307 2587 545 2655 quendo,
574 2586 747 2656 magis
777 2601 940 2654 quam
970 2593 1155 2655 aperte
1186 2585 1492 2640 resistendo
1520 2626 1535 2649 ,
1568 2585 1634 2639 ad
1662 2599 1882 2640 mensu-

307 2691 427 2731 ram
452 2691 572 2745 quaz
601 2676 652 2729 in
691 2676 954 2731 habendis
982 2676 1307 2746 imaginibus
1331 2673 1614 2730 retinenda
1651 2681 1735 2729 est
1762 2687 1886 2729 eum

310 2768 574 2822 deducere
600 2766 846 2833 valeatis,
869 2775 924 2820 et
949 2767 1070 2821 ideo
1098 2766 1276 2836 potius
1304 2764 1518 2820 efﬁcere
1541 2763 1884 2820 contendatis

310 2864 371 2910 ut
409 2855 681 2925 negotium
709 2855 774 2911 de
801 2869 908 2924 quo
954 2855 1130 2926 agitur
1181 2855 1249 2908 ad
1293 2854 1570 2910 meliorem
1615 2868 1775 2923 quam
1820 2853 1887 2907 ad

310 2943 550 3015 peiorem
595 2951 794 3000 statum
850 2959 972 2999 cum
1032 2944 1127 2999 Dei
1193 2944 1458 3012 adjutorio
1539 2945 1884 3013 perducatur.

311 3037 602 3108 Postquam
631 3050 761 3092 vero
790 3037 931 3092 hanc
956 3037 1219 3091 rationem
1245 3036 1313 3091 de
1338 3036 1650 3091 earumdem
1695 3034 1887 3104 imagi-

313 3142 444 3181 num
472 3140 633 3181 causa
657 3126 1162 3180 consummaveritis
1183 3164 1199 3190 ,
1236 3124 1282 3179 si
1310 3133 1487 3179 tamen
1521 3124 1625 3178 hoc
1649 3123 1719 3177 ad
1744 3123 1888 3177 nibi‘

1965 625 2115 679 papa:
2137 609 2442 665 Ludovicus
2466 617 2523 663 et
2551 607 2858 673 Lotbarius,
2896 609 3075 663 divina
3102 611 3385 667 ordinante
3411 629 3538 682 pro-

1964 701 2220 765 videntia,
2251 700 2601 768 imperatores
2625 698 2880 770 Augusti,
2913 699 3182 768 spiritales
3217 699 3310 756 ﬁlii
3345 701 3537 769 vestri,

1965 789 2346 857 sempiternam
2387 789 2439 842 in
2487 788 2714 858 Domino
2762 798 2948 845 nostro
2994 787 3121 845 Jesu
3180 791 3395 849 Christo
3451 810 3539 850 sa-

1967 878 2152 931 lutem.

2039 988 2174 1054 Quia
2198 990 2463 1044 veraciter
2486 996 2583 1043 nos
2602 989 2872 1044 debitores
2886 1003 3005 1044 esse
3023 992 3366 1061 c0gnovimus
3379 999 3436 1046 ut
3454 993 3540 1048 his

1969 1080 2164 1149 quibus
2189 1080 2427 1148 regimen
2465 1079 2825 1134 Ecclesiarum
2853 1087 2908 1133 et
2929 1080 3108 1134 ovium
3140 1079 3538 1135 Dominicarum

1970 1187 2101 1227 cura
2131 1171 2419 1226 commissa
2457 1177 2576 1238 est,
2620 1170 2676 1225 in
2720 1170 2971 1225 omnibus
2999 1170 3177 1225 causis
3206 1171 3273 1225 ad
3303 1171 3542 1226 divinum

1970 1263 2172 1316 cultum
2223 1261 2618 1330 pertinentibus
2672 1275 2828 1330 opem
2875 1269 3037 1330 atque
3083 1261 3343 1315 auxilium
3375 1301 3389 1326 ,
3447 1277 3542 1331 pro

1970 1350 2228 1421 qualitate
2267 1351 2461 1404 virium
2496 1358 2806 1404 nostrarum
2830 1357 2884 1403 et
2909 1348 3211 1403 intellectus
3237 1351 3410 1406 nostri
3446 1366 3540 1406 ca-

1971 1443 2240 1513 pacitate,
2282 1440 2518 1497 feramus
2548 1481 2563 1505 ,
2615 1440 2815 1496 idcirco
2852 1441 3266 1509 prmtermittcre
3304 1442 3546 1510 nequivi-

1974 1548 2093 1587 mus
2114 1533 2242 1602 quin
2278 1541 2402 1587 tunc
2429 1572 2444 1597 ,
2470 1531 2684 1601 quando
2711 1531 2873 1600 legati
2910 1530 3218 1586 Graecorum
3250 1532 3404 1588 nobis
3432 1547 3544 1585 ma-

1974 1621 2368 1677 nifestaverunt
2427 1623 2641 1692 qualem
2717 1621 2785 1676 ad
2833 1636 2930 1676 vos
2997 1622 3254 1677 deberent
3306 1622 3546 1692 perferre

1977 1712 2317 1780 legationem,
2339 1729 2544 1767 summa
2570 1728 2699 1768 cura
2721 1727 2785 1767 ac
2806 1705 3163 1767 sollicitudine
3186 1721 3545 1768 tractaremus

1979 1805 2136 1875 quale
2189 1806 2341 1860 vobis
2394 1805 2718 1876 adjutorium
2756 1805 2810 1858 in
2859 1805 2963 1858 hoc
3009 1803 3224 1874 negotio
3277 1819 3400 1857 cum
3447 1803 3543 1859 Dei

1980 1897 2182 1951 auxilio
2230 1897 2488 1952 exhibere
2536 1895 2916 1966 potuissemus.
2949 1893 3016 1948 Et
3044 1894 3113 1949 ob
3143 1893 3244 1948 hoc
3288 1899 3316 1946 a
3366 1903 3544 1946 vestra

1979 1986 2266 2040 sanctitate
2301 1970 2591 2055 petivimus
2619 1990 2678 2038 ut
2707 1982 3078 2051 sacerdotibus
3121 1983 3320 2037 nostris
3366 1981 3551 2036 liceret

1977 2076 2045 2132 de
2097 2075 2251 2131 libris
2305 2083 2619 2130 sanctorum
2667 2073 2890 2128 Patrum
2960 2073 3256 2128 sententias
3293 2087 3552 2141 quaerere

1979 2175 2138 2235 atque
2165 2164 2417 2235 colligere
2438 2179 2556 2234 quae
2586 2164 2652 2218 ad
2678 2164 2921 2219 eamdem
2958 2177 3072 2216 rem
3108 2177 3206 2232 pro
3243 2177 3348 2230 qua
3388 2160 3550 2215 iidem

1981 2255 2142 2324 legati
2179 2269 2274 2308 vos
2303 2253 2602 2308 consulturi
2649 2260 2804 2306 erant
2833 2291 2848 2317 ,
2897 2253 3165 2306 veraciter
3192 2251 3550 2305 deﬁniendam

1982 2344 2269 2400 convenire
2288 2343 2592 2412 potuissent
2620 2357 2633 2394 :
2661 2356 2797 2420 quas
2821 2355 2943 2395 cum
2969 2339 3042 2394 illi
3060 2339 3213 2408 juxta
3240 2355 3553 2394 concessam

1981 2433 2145 2488 etiam
2190 2447 2221 2486 a
2275 2432 2427 2486 vobis
2478 2431 2751 2485 licentiam
2801 2429 3028 2488 solerter
3071 2429 3450 2498 inquirerent,
3499 2439 3554 2484 et

1985 2522 2166 2577 divina
2197 2521 2497 2590 opitulante
2523 2519 2693 2590 gratia
2714 2518 2973 2588 quidquid
3003 2517 3244 2572 invenire
3266 2525 3376 2572 tam
3402 2519 3552 2574 brevi

1986 2615 2244 2684 temporis
2277 2612 2452 2682 spatio
2479 2617 2814 2682 potuerunt,
2868 2610 3247 2679 collegissent,
3289 2610 3445 2665 nobis
3488 2624 3552 2666 ea

1984 2701 2306 2771 perlegenda
2334 2701 2669 2757 direxerunt.
2709 2697 2914 2764 Quibus
2941 2697 3195 2767 perlectis
3222 2736 3236 2761 ,
3267 2711 3328 2750 ea
3361 2706 3556 2752 vestra:

1988 2791 2264 2847 sanctitati
2291 2789 2514 2860 legenda
2544 2794 2704 2857 atriue
2725 2787 3078 2842 examinanda
3101 2801 3196 2857 per
3222 2787 3321 2842 hos
3349 2787 3557 2858 legatos

1987 2889 2202 2935 nostros
2223 2920 2239 2944 ,
2295 2878 2624 2934 Hieremiam
2669 2877 2877 2933 scilicet
2914 2886 2970 2931 et
2996 2875 3187 2931 Jonam
3222 2877 3554 2934 venerabiles

1991 2973 2294 3042 episcopos,
2321 2971 2536 3025 mittere
2562 2969 2901 3034 curavimus;
2934 2982 3055 3023 cum
3079 2968 3274 3037 quibus
3298 2967 3342 3022 si
3377 2977 3555 3023 vestra

1988 3063 2288 3134 paternitas
2316 3061 2534 3132 dignum
2565 3060 2807 3122 duxerit,
2833 3060 2899 3113 de
2928 3059 3115 3112 eadem
3151 3057 3413 3128 legatione
3441 3071 3559 3127 quze

1993 3155 2048 3207 in
2085 3152 2347 3207 Graeciam
2388 3167 2420 3205 a
2455 3151 2608 3205 vobis
2645 3149 2913 3205 mittenda
2957 3158 3040 3205 est
3064 3190 3079 3215 ,
3121 3164 3225 3204 non
3278 3149 3518 3204 inutilem
3541 3189 3557 3214 ,

313 3214 426 3275 '“m
454 3214 1038 3313 βίῖπξλέηαηνθτίίξιθοίε
1086 3213 1434 3313 Ρθτωίδθῖίξν
1468 3212 1720 3313 Βενδιίίζ
1749 3213 1892 3313 in?"
1917 3199 1961 3260 C
1991 3199 2612 3313 ἆθᾞᾶἷῖιὶξῖτξίιέιῖεἶὲιῖ
2639 3199 3228 3294 ὦὶιξὶίζῖιὲηἷίέιιᾷὲὶέ
3278 3199 3556 3308 ἑὸὶἔὲῖἑζξ

313 3319 411 3357 vos
454 3303 637 3356 habita
674 3303 856 3372 aliquo
885 3304 1024 3358 bono
1061 3312 1116 3358 et
1164 3303 1503 3358 convenienti
1537 3303 1642 3357 ﬁne
1669 3301 1891 3357 clauda-

321 3400 430 3458 tur,
461 3400 516 3446 et
563 3392 651 3447 ille
692 3393 844 3447 vobis
901 3393 1218 3448 indicaverit
1246 3395 1389 3462 quod
1426 3394 1631 3464 legatos
1658 3407 1785 3448 suos
1821 3393 1891 3448 ob

317 3482 562 3536 eamdem
601 3484 819 3536 causam
849 3482 904 3534 in
926 3481 1187 3537 Graeciam
1218 3483 1436 3543 mittere
1468 3483 1619 3548 velit,
1642 3483 1893 3537 volumus

318 3576 381 3622 ut
407 3584 529 3624 eum
561 3572 902 3640 interrogetis
944 3571 988 3626 si
1041 3571 1116 3625 illi
1158 3573 1368 3642 placeat
1416 3581 1477 3628 ut
1513 3573 1691 3628 nostri
1733 3573 1900 3644 legati

318 3661 528 3732 pariter
561 3677 682 3716 cum
708 3662 821 3716 suis
845 3663 898 3716 in
943 3661 1207 3719 Graeciam
1234 3673 1481 3736 pergant.
1525 3665 1595 3720 Et
1636 3666 1684 3720 si
1717 3665 1821 3721 hoc
1845 3664 1896 3720 ei

321 3752 515 3808 melius
543 3751 718 3806 visum
743 3749 926 3815 fuerit,
947 3766 1112 3821 seque
1138 3754 1358 3808 omnino
1377 3753 1512 3809 velle
1535 3754 1896 3824 responderit,

325 3851 454 3897 tunc
481 3840 730 3894 volumus
764 3854 800 3892 u
864 3839 966 3894 sub
990 3841 1136 3895 omni
1161 3839 1503 3899 festinatione
1544 3843 1741 3900 litteris
1777 3858 1898 3899 vesv

326 3931 427 3985 tris
456 3946 488 3985 a
511 3929 664 3985 vobis
687 3929 754 3983 ad
785 3944 886 3984 nos
913 3928 1134 3986 directis
1154 3946 1253 3987 nos
1279 3931 1402 3986 inde
1438 3941 1618 3988 certos
1646 3932 1855 3988 faciatis
1879 3973 1896 3998 ,

329 4018 596 4088 simulque
618 4026 672 4072 et
696 4018 763 4073 de
783 4027 964 4073 vestro
992 4019 1224 4074 adventu
1244 4019 1311 4074 ad
1333 4035 1462 4087 nos;
1490 4030 1551 4076 ut
1569 4036 1634 4077 eo
1659 4030 1900 4093 tempore

330 4123 438 4178 quo
465 4123 563 4163 vos
600 4108 668 4162 ad
695 4117 939 4163 nostram
971 4109 1227 4178 veneritis
1263 4113 1622 4179 prasentiam,
1658 4111 1900 4180 Halitga-

331 4199 470 4252 rium
496 4207 550 4252 et
575 4197 906 4254 Amalarium
933 4199 1210 4254 nobiscum
1246 4200 1550 4254 inveniatis.
1578 4201 1687 4256 Vos
1716 4208 1900 4255 autem

332 4302 454 4341 cum
478 4288 673 4341 domno
690 4287 982 4356 apostolico
1004 4287 1338 4342 considerate
1353 4288 1443 4342 ubi
1469 4288 1558 4342 ille
1579 4288 1662 4343 vel
1685 4289 1900 4357 quando

331 4378 461 4433 velit
489 4388 548 4431 ut
575 4377 657 4431 sui
682 4393 746 4432 ac
773 4378 942 4431 nostri
970 4377 1128 4447 legati
1155 4379 1220 4433 ad
1257 4393 1422 4434 naves
1463 4379 1904 4438 conscendendas

333 4483 392 4523 se
413 4467 637 4536 jungere
677 4467 928 4530 debeant,
953 4475 1007 4521 et
1050 4467 1154 4522 hoc
1190 4469 1347 4523 nobis
1372 4483 1470 4538 per
1495 4467 1893 4537 nosmetipsos,

298 4589 300 4592 ν
334 4574 456 4613 cum
487 4556 594 4611 Deo
625 4556 836 4611 volente
861 4557 1140 4618 veneritis,
1177 4542 1501 4611 annuntiare
1525 4556 1772 4627 potestis.

886 4661 1215 4718 EPISTOLA
1254 4663 1362 4718 VII.

638 4746 879 4786 LUDOVICI
919 4749 986 4785 Αι)
1024 4749 1291 4788 ευοεμιωι
1330 4749 1367 4786 ιι
1404 4747 1572 4786 ΡΑΡΔΙ
1604 4771 1620 4797 ,

337 4818 502 4874 Missa
540 4836 631 4889 per
659 4818 1002 4892 ΗξεηηιίατῃΔ
1022 4831 1073 4892 et
1097 4821 1289 4892 Ionam
1314 4822 1598 4892 episcopos,
1623 4837 1742 4875 cum
1769 4823 1902 4877 actia

819 4889 1003 4957 synodi
1035 4887 1372 4944 Parisiénsiti.

948 4957 1120 5027 (Anno
1147 4959 1298 5031 824.)

916 5048 1148 5120 [Baluz.,
1169 5049 1325 5122 ibid.]

406 5144 758 5200 Sanctissimo
821 5158 884 5198 ac
952 5143 1401 5199 reverendissimo
1471 5143 1669 5198 domno
1721 5151 1778 5198 et
1847 5145 1904 5198 in

404 5310 429 5338 ι
461 5299 767 5351 Conventus
789 5295 888 5349 iste
900 5294 1222 5349 Parisiensis
1248 5294 1469 5349 habitus
1496 5302 1578 5349 est
1605 5307 1748 5347 anno
1771 5293 1896 5358 825,

330 5375 392 5420 ut
416 5373 564 5436 patet
581 5379 657 5436 _ex
678 5364 913 5436 _epistola
953 5365 1416 5436 episcoporum__in
1453 5379 1517 5418 eo
1543 5375 1898 5436 congregato-

331 5430 452 5489 rum
481 5435 548 5488 ad
580 5430 907 5503 Ludovicum
941 5430 1259 5503 Augustum.
1287 5431 1446 5503 (Vide
1481 5433 1626 5503 epist.
1655 5430 1737 5503 li.)

403 5504 432 5542 δ
461 5502 723 5556 Basonius
751 5503 818 5556 ad
843 5499 1052 5556 annunf
1085 5501 1186 5556 825
1233 5501 1473 5556 referens
1503 5499 1646 5555 hunc
1689 5499 1889 5564 lucum,

331 5583 390 5625 ut
426 5587 548 5626 eum
576 5571 815 5640 molliat,
860 5573 973 5626 haec
1021 5571 1243 5625 adnotat
1274 5573 1330 5624 in
1361 5572 1604 5640 margine
1630 5584 1645 5622 :
1676 5587 1695 5621 ι
1725 5568 1900 5624 Perti-

332 5643 485 5694 nacia
522 5655 619 5709 pro
665 5638 970 5694 Constantia
1014 5640 1116 5693 hoc
1157 5641 1351 5695 saeculo
1394 5638 1644 5710 usurpari
1680 5641 1846 5710 solita
1879 5680 1895 5706 ,

331 5710 473 5779 inter
517 5711 652 5763 alios
694 5719 913 5764 sanctus
959 5709 1210 5779 Eulogius
1253 5711 1366 5763 suis
1410 5709 1624 5779 scriptis
1658 5709 1832 5764 docet.
1871 5730 1888 5761 ι

333 5778 492 5833 Istam
528 5787 882 5849 opportunam
925 5778 1262 5834 occasiOuem
1300 5778 1610 5840 insurgendi
1640 5779 1895 5836 adversus

1992 3333 2118 3403 quia
2141 3332 2273 3387 etin
2302 3329 2473 3384 sacris
2496 3334 2620 3384 sunt
2642 3327 2843 3382 litteris
2868 3325 3155 3382 admodum
3181 3327 3394 3392 eruditi,
3419 3335 3474 3381 et
3503 3326 3556 3381 in

1992 3421 2292 3478 rationibus
2337 3419 2705 3489 disputatoriis
2761 3433 2869 3473 non
2920 3417 3203 3472 minimum
3257 3418 3558 3476 exercitati.

1994 3514 2139 3582 Quos
2152 3527 2256 3568 non
2282 3512 2351 3567 ob
2369 3512 2474 3566 hoc
2493 3512 2560 3565 ad
2581 3519 2773 3565 vestrae
2794 3509 3050 3564 almitatis
3075 3509 3415 3578 praesentiam
3438 3523 3560 3564 cum

1997 3602 2306 3659 memoratis
2339 3600 2726 3656 sententiarum
2776 3585 3183 3653 collectionibus
3221 3596 3467 3651 misimus
3501 3607 3561 3651 ut

1996 3693 2088 3750 hic
2115 3690 2295 3761 aliquo
2322 3689 2470 3744 velut
2500 3687 2799 3759 magisterii
2835 3685 3012 3743 oﬂlcio
3043 3685 3394 3756 fungerentur
3422 3727 3437 3751 ,
3469 3696 3586 3740 aut-

1995 3782 2105 3837 huc
2151 3779 2376 3835 docendi
2418 3779 2590 3848 gratia
2629 3774 2820 3831 directi
2855 3783 3214 3846 putarentur:
3245 3777 3393 3845 quia,
3425 3777 3564 3832 sicut

1991 3874 2105 3944 jam
2147 3871 2550 3927 commemorati
2579 3885 2765 3925 sumus
2802 3878 2903 3925 nos
2933 3869 3204 3926 debitores
3247 3870 3478 3926 existere
3506 3879 3564 3925 ut

1999 3952 2126 4019 huic
2169 3962 2550 4018 sacratissima
2603 3961 2719 4017 sedi
2779 3961 2832 4016 in
2879 3961 3286 4030 quibuscunque
3332 3963 3565 4032 negotiis

2000 4056 2256 4110 auxilium
2291 4054 2434 4108 ferre
2476 4054 2801 4118 debeamus,
2837 4053 2957 4108 ideo
2999 4061 3055 4107 et
3087 4053 3186 4107 bos
3231 4054 3460 4119 missos,
3512 4065 3564 4110 et

1999 4161 2135 4218 quas
2157 4143 2402 4201 deferunt
2440 4143 2648 4198 litteras
2679 4183 2695 4209 ,
2726 4143 2770 4198 si
2803 4142 2930 4213 quid
2975 4143 3132 4198 vobis
3152 4143 3403 4213 adjutorii
3432 4161 3563 4200 con-

2000 4235 2143 4291 ferre
2197 4235 2542 4306 potuissent,
2593 4235 2807 4289 mittere
2855 4233 3078 4303 dignum
3128 4235 3399 4292 duximus.
3452 4235 3563 4294 llos

2000 4331 2194 4379 vestra:
2235 4322 2504 4377 sanctitati
2556 4322 2997 4377 commendamus
3025 4363 3039 4388 ,
3078 4331 3140 4377 ut
3182 4331 3236 4377 et
3279 4325 3562 4397 benignam

2002 4415 2143 4485 apud
2173 4429 2270 4469 vos
2311 4415 2673 4484 receptionetn
2715 4421 2771 4468 et
2798 4413 3136 4467 familiariter
3166 4413 3441 4470 vobiscum
3488 4418 3565 4472 lo-

1925 4506 2199 4590 uneudi
2254 4505 2429 4562 locum
2485 4505 2814 4561 inveniant:
2869 4506 3017 4562 novit
3067 4505 3263 4576 quippe
3311 4510 3564 4565 sanctitas

1999 4605 2180 4651 vestra
2208 4591 2436 4666 qualiter
2457 4597 2689 4667 populus
2721 4594 3026 4652 Graecorum
3059 4596 3115 4651 in
3145 4597 3247 4653 hac
3274 4598 3565 4670 imaginum

2002 4685 2352 4742 veneratione
2389 4686 2595 4740 divisus
2637 4686 2724 4740 sit.
2782 4685 2906 4740 ideo
2949 4700 3202 4756 rogamus
3246 4695 3304 4740 ut
3349 4687 3564 4743 almitas

2002 4784 2180 4831 vestra
2215 4791 2400 4832 curam
2427 4784 2482 4831 et
2509 4775 2833 4847 diligentiam
2867 4775 3121 4830 adbibere
3157 4775 3405 4846 dignetur
3434 4794 3564 4848 quo-

2000 4866 2160 4921 modo
2193 4880 2289 4934 per
2337 4874 2570 4920 vestram
2605 4863 3010 4919 saluberrimam
3060 4864 3357 4919 doctrinam
3402 4874 3566 4936 atque

2001 4953 2423 5008 admonitionem
2452 4953 2625 5023 magis
2646 4951 2714 5007 a‘d
2739 4952 3080 5006 concordiam
3110 4959 3164 5005 et
3189 4953 3449 5009 unitatem
3480 4971 3563 5010 re-

2000 5049 2224 5098 vocetur
2246 5082 2262 5106 ,
2289 5055 2451 5112 quam
2475 5048 2694 5111 propter
2721 5041 2823 5095 hoc
2864 5041 2931 5095 ad
2959 5038 3216 5109 majorem
3240 5043 3565 5098 discordiam

2000 5141 2056 5188 et
2079 5133 2468 5189 dissensionem
2489 5132 2810 5204 impellamr.
2840 5132 2906 5186 Et
2933 5133 3054 5189 ideo
3090 5134 3401 5189 cautissime
3435 5150 3565 5190 con-

1999 5296 2290 5351 Baronium
2332 5310 2440 5350 non
2492 5305 2685 5364 passus
2732 5301 2817 5348 est
2885 5293 3174 5364 Goldastus
3224 5294 3324 5348 sibi
3373 5295 3556 5350 elabi:

1998 5383 2025 5434 ἰ
2074 5364 2216 5436 Sane
2267 5363 2623 5436 pertinaciam,
2657 5364 3070 5436 perseverantiae
3105 5363 3386 5436 ﬁnitimam
3439 5380 3560 5420 esse

2000 5435 2217 5504 scripsit
2257 5434 2451 5497 alicubi
2493 5434 2715 5498 Tullius,
2766 5434 2860 5504 sed
2903 5449 3024 5487 cum
3067 5435 3375 5504 pertinaciae
3402 5450 3560 5504 voca-

1996 5502 2212 5566 bulum,
2270 5504 2573 5570 ubicunque
2623 5503 2922 5623 Ἥξει-ηυγ,
2984 5517 3196 5584 semper
3245 5502 3301 5555 in
3360 5503 3556 5556 malam

1997 5582 2207 5623 nartem
2237 5573 2532 5623 accipiatur
2555 5613 2569 5623 .
2604 5573 2655 5623 di
2714 5572 2813 5623 cile
2850 5580 2934 5623 est
2961 5571 3267 5623 existimare
3293 5571 3378 5623 hic
3401 5572 3556 5623 aliam

1997 5582 2207 5644 partem
2237 5573 2532 5644 accipiatur
2555 5571 2813 5644 ,diﬂicile
2850 5580 2934 5626 est
2961 5571 3267 5644 existimare
3293 5571 3558 5644 bicialiam

1999 5641 2200 5697 habere
2245 5641 2426 5711 posse.
2455 5641 2937 5711 significationem,
2999 5642 3296 5710 pnesertim
3348 5643 3391 5694 si
3442 5645 3564 5709 quis

1999 5711 2527 5783 singulas-epistolae
2584 5720 2764 5780 partes
2834 5719 3038 5765 attente
3093 5711 3413 5766 consideret.
3484 5712 3562 5765 lla

2001 5784 2265 5837 Baluzius.
