3924 6332
436 369 568 429 1519

1531 371 1850 430 LUDOVlCl
1891 369 1910 424 l
1947 365 2418 424 COGNOMENTO
2458 365 2542 422 PII

3543 366 3687 422 1520

433 487 674 545 siderare
707 487 913 543 debetis
941 495 1001 540 ut
1036 486 1235 556 legatio
1263 494 1441 541 vestra
1471 523 1488 551 ,
1518 501 1679 556 quam
1718 483 1844 538 illuc
1870 479 2001 536 diri-
2028 481 2078 539 Α
2102 476 2358 547 possibile
2415 478 2716 533 invenirem
2779 478 3169 550 przcsentaliter
3205 476 3524 550 [Sinnond.,
3589 491 3692 546 per

431 593 559 648 gere
585 578 868 646 disponitis
892 617 907 641 ,
937 583 1087 630 tanta
1117 576 1404 645 prudentia
1444 584 1699 644 tantoque
1750 571 1999 627 modera-

432 667 578 720 mine
616 664 829 719 suﬁ'ulta
854 665 926 718 sit
944 673 1003 718 ut
1027 679 1058 717 a
1085 665 1298 719 nemine
1323 705 1338 729 ,
1369 679 1543 733 neque
1571 662 1757 717 Grzeco
1780 701 1795 724 ,
1827 672 2002 727 neque

433 756 698 819 Romano,
725 753 870 821 juste
892 753 1068 808 valeat
1091 755 1412 822 reprehendi
1440 795 1454 819 ,
1483 754 1576 808 sed
1612 752 1734 807 talis
1769 751 1840 805 sit
1867 765 2004 819 qua-

432 842 536 897 lem
567 858 780 912 semper
816 844 969 897 decet
1012 843 1065 896 in
1093 844 1342 898 omnibus
1369 843 1548 899 causis
1574 843 1642 896 ab
1680 843 1781 897 ista
1821 856 2004 895 sacra-

432 930 638 985 tissima
668 932 794 986 sede
815 930 1106 1000 proﬁcisci.
1130 931 1198 984 Et
1231 932 1277 986 si
1317 941 1510 986 vestrm
1533 931 1805 985 sanctitati
1829 931 2004 999 placet

430 1030 490 1074 ut
540 1037 637 1091 pro
677 1023 779 1077 hac
819 1023 932 1091 ipsa
973 1022 1241 1092 legatione
1282 1023 1435 1077 missi
1474 1022 1645 1077 nostri
1671 1022 1830 1076 simul
1880 1036 2001 1076 cum

428 1111 625 1164 vestris
656 1110 775 1164 illas
795 1111 850 1164 in
873 1119 1056 1179 partes
1080 1111 1401 1182 dirigantur,
1429 1120 1485 1166 et
1514 1112 1615 1167 hoc
1640 1127 1738 1166 nos
1758 1121 2001 1181 tempore

429 1217 668 1272 congruo
710 1203 848 1256 scire
895 1201 1220 1271 permittite;
1257 1211 1312 1257 et
1359 1218 1465 1257 non
1518 1202 1692 1258 solum
1734 1203 1860 1268 hoc,
1906 1203 2000 1258 sed

425 1291 588 1345 etiam
644 1290 688 1344 si
724 1291 853 1344 ituri
913 1298 1069 1354 sunt,
1124 1291 1216 1345 ubi
1266 1299 1322 1345 et
1366 1293 1582 1362 quando
1625 1308 1748 1346 cum
1802 1293 2000 1347 vestris

427 1380 609 1434 missis
636 1378 937 1450 seiungere
960 1380 1211 1435 debeant.
1230 1379 1347 1436 Non
1369 1381 1488 1437 ideo
1511 1391 1688 1436 tamen
1721 1381 1788 1435 de
1820 1382 2000 1436 missis

427 1469 630 1522 nostris
672 1469 799 1523 illuc
826 1469 1122 1540 dirigendis
1150 1470 1545 1541 interrogamus
1573 1473 1724 1540 quasi
1753 1485 1999 1525 necessa-

427 1557 567 1610 rium
613 1556 765 1612 nobis
794 1558 1040 1612 videatur
1067 1598 1081 1623 ,
1132 1567 1226 1613 aut
1257 1574 1356 1614 nos
1381 1567 1589 1614 vestros
1626 1560 1820 1613 missos
1859 1559 1999 1614 hanc

423 1645 744 1716 legationem
781 1661 878 1715 per
903 1662 962 1702 se
1004 1647 1265 1717 perﬁcere
1302 1649 1646 1715 dubitemus;
1697 1649 1791 1704 sed
1819 1651 2000 1719 potius

423 1744 640 1805 propter
668 1737 773 1792 hoc
802 1752 898 1793 eos
940 1739 1095 1793 vobis
1138 1737 1416 1794 otl'erimus
1455 1746 1517 1793 ut
1558 1741 1746 1795 sciatis
1794 1754 1893 1796 nos
1943 1742 1997 1795 in

2107 563 2447 636 semetipsos]
2473 574 2658 620 nostra
2685 568 3006 621 auctoritate
3034 567 3366 635 corrigerent
3395 582 3410 629 ;
3441 571 3494 619 et
3518 564 3561 618 si
3589 564 3690 618 ali-

2105 667 2210 721 qua
2237 653 2522 708 difﬁcultas
2573 655 2624 708 in
2655 656 2894 724 qualibet
2935 670 2992 709 re
3035 656 3116 710 eis
3139 655 3449 716 obsisteret,
3496 655 3563 708 ad
3591 670 3690 707 no-

2106 751 2273 794 stram
2303 743 2548 796 notitiam
2574 743 2784 798 deferre
2825 753 3100 799 curarent.
3156 744 3498 814 Quapropter
3527 745 3682 798 volu-

2103 847 2224 886 mus
2264 841 2325 886 ut
2369 847 2465 887 vos
2505 849 2716 899 omnes,
2759 844 2978 904 propter
3002 850 3340 889 communem
3375 835 3603 889 salutem
3631 845 3690 888 et

2105 925 2254 994 regni
2304 924 2563 980 honorem
2611 939 2677 978 ac
2705 926 2885 995 populi
2933 927 3241 989 utilitatem,
3290 925 3602 979 obedientes
3630 933 3689 980 et

2103 1014 2381 1085 adjutores
2407 1016 2590 1070 missis
2621 1019 2820 1072 nostris
2851 1019 2905 1072 in
2936 1019 3185 1073 omnibus
3213 1034 3311 1088 pro
3337 1018 3545 1072 viribus
3565 1031 3690 1072 esse

2102 1121 2211 1161 non
2253 1106 2581 1178 uegl‘lgatis;
2632 1108 2899 1178 simulque
2945 1109 3129 1164 sciatis
3170 1109 3239 1163 ob
3285 1109 3423 1163 hanc
3463 1123 3686 1162 causam

2100 1213 2200 1253 nos
2225 1199 2364 1253 velle
2385 1213 2481 1268 per
2515 1199 2754 1270 singulas
2783 1200 3146 1254 hebdomadas
3187 1215 3294 1254 uno
3325 1199 3410 1254 die
3441 1200 3494 1253 in
3534 1198 3686 1267 pala-

2101 1289 2178 1343 tio
2202 1296 2388 1342 nostro
2415 1289 2481 1342 ad
2510 1304 2702 1344 causas
2754 1289 3049 1344 audiendas
3094 1290 3301 1352 sedere,
3332 1299 3390 1342 ut
3416 1305 3516 1359 per
3542 1290 3686 1344 hunc

2101 1386 2193 1432 aut
2217 1377 2367 1431 illum
2395 1378 2648 1432 comitem
2678 1387 2733 1433 et
2768 1378 3106 1448 providentia
3154 1379 3444 1432 missorum
3478 1388 3533 1433 et
3561 1379 3688 1433 obc.

2099 1467 2300 1522 dientia
2330 1467 2511 1536 populi
2541 1469 2698 1523 nobis
2723 1466 3062 1522 manifestius
3086 1476 3360 1537 appareat.
3390 1468 3458 1521 Et
3489 1476 3547 1522 ut
3570 1468 3687 1522 hrec

2099 1559 2280 1613 omnia
2308 1573 2617 1613 successum
2654 1559 2908 1621 habeant,
2950 1559 3193 1613 volumus
3219 1568 3279 1612 ut
3304 1559 3556 1629 generale
3583 1560 3685 1613 tri-

2101 1653 2337 1707 duanum
2356 1652 2615 1722 jejunium
2660 1653 2893 1707 secunda
2924 1651 3056 1706 feria
3083 1660 3203 1721 post
3229 1654 3453 1707 octabas
3489 1652 3687 1706 Pente—

2104 1754 2288 1798 costen
2347 1743 2726 1798 celebrandum
2781 1744 3065 1806 indicetur,
3119 1752 3174 1796 et
3235 1743 3565 1813 generaliter
3616 1742 3686 1797 ab

421 1827 673 1882 omnibus
713 1833 834 1883 esse
873 1837 1090 1898 paratos
1115 1844 1236 1898 qua:
1261 1826 1420 1899 hujus
1445 1831 1825 1887 sacratissima;
1850 1833 1994 1888 sedis
2020 1821 2068 1880 Β
2095 1835 2348 1889 omnibus
2371 1848 2493 1887 eum
2521 1848 2726 1887 summa
2758 1833 3044 1887 devotione
3089 1833 3424 1886 observetur.
3466 1832 3532 1886 Et
3557 1831 3686 1902 quia

421 1919 715 1974 necessitas
765 1929 857 1974 aut
896 1919 1149 1976 voluntas
1175 1921 1549 1990 postulaverit.
1578 1921 1838 1991 Optamus
1873 1940 1995 1979 san-

419 2017 561 2062 ctam
608 2018 662 2063 et
692 2009 1054 2064 venerabilem
1083 2025 1147 2064 ae
1171 2011 1317 2080 piam
1347 2013 1731 2080 paternitatem
1757 2023 1992 2067 vestram

420 2113 633 2166 semper
660 2097 713 2152 in
742 2097 959 2154 Christo
984 2099 1122 2154 bene
1148 2101 1362 2165 valere,
1406 2116 1460 2156 et
1500 2104 1668 2156 nostri
1697 2118 1761 2158 ac
1783 2114 1998 2159 nostro-

420 2203 538 2240 rum
559 2187 797 2241 onmium
823 2188 877 2242 in
898 2191 1264 2244 sacrosanctis
1290 2192 1626 2248 orationibus
1656 2194 1993 2258 meminisse,

419 2276 756 2332 sanctissime
785 2292 850 2332 ac
875 2277 1189 2334 beatissime
1216 2279 1396 2336 Pater.

948 2385 1286 2443 EPISTULA
1333 2389 1464 2444 Vill.

553 2469 810 2510 EPISTOLA
841 2469 1214 2512 GENEBALITER
1240 2472 1442 2516 POPULO
1471 2475 1557 2514 υει
1591 2475 1850 2518 ιεςεηυλ.

643 2546 721 2603 De
754 2551 1122 2606 convocatione
1150 2563 1379 2622 quatuor
1406 2555 1768 2611 conciliorum.

1029 2638 1201 2710 (Anno
1230 2640 1382 2713 828.)

850 2724 1085 2793 lBaluz.,
1106 2729 1259 2794 ibid.,
1277 2745 1398 2801 pag.
1428 2731 1577 2804 654.]

487 2817 542 2871 In
568 2827 783 2872 nomine
803 2816 1025 2873 tDomini
1073 2820 1169 2874 Dei
1210 2830 1264 2875 et
1309 2821 1612 2880 Salvatoris
1662 2827 1834 2882 nostri
1866 2827 1992 2884 Jesu

413 2906 635 2962 Christi.
686 2907 991 2964 Ludovicus
1036 2918 1091 2964 et
1138 2910 1448 2980 Lotharius,
1480 2915 1659 2970 divina
1707 2919 1994 2975 ordinante

413 2997 767 3066 providentia,
799 2998 1151 3069 imperatores
1179 3001 1427 3072 Augusti,
1459 3005 1713 3062 omnibus
1743 3006 1993 3064 ﬁdelibus

413 3095 616 3141 sancta:
643 3087 738 3143 Dei
769 3087 1025 3144 Ecclesiae
1054 3099 1109 3145 et
1135 3091 1357 3146 nostris.

485 3175 780 3233 Recordari
808 3194 904 3234 vos
929 3180 1200 3236 credimus
1221 3179 1456 3251 qualiter
1477 3184 1579 3238 hoc
1600 3200 1742 3241 anno
1768 3187 1992 3244 consilio

415 3269 756 3324 sacerdotum
795 3279 851 3324 et
880 3269 1107 3326 aliorum
1138 3273 1378 3327 ﬁdelium
1407 3282 1714 3330 nostrorum
1747 3278 1994 3347 generale

413 3363 669 3433 jejunium
698 3379 795 3434 per
838 3373 1008 3421 totum
1039 3382 1266 3437 regnum
1295 3377 1541 3425 nostrum
1582 3371 1859 3426 celebrare
1877 3373 1995 3441 jus-

414 3455 600 3516 simus,
636 3455 912 3525 Deumque
955 3463 1067 3511 tota
1097 3458 1381 3515 devotione
1407 3460 1698 3528 deposcere
1742 3470 1801 3516 ut
1837 3462 1993 3517 nobis

414 3543 730 3612 propitiaret
752 3545 807 3598 in
838 3545 1030 3614 quibus
1060 3546 1208 3601 illum
1238 3549 1493 3603 maxime
1516 3549 1781 3607 offensum
1827 3552 1992 3608 habe-

414 3649 596 3689 remus
621 3636 774 3690 nobis
799 3637 1168 3703 manifestare,
1197 3649 1252 3694 et
1277 3648 1338 3694 ut
1363 3641 1432 3696 ad
1471 3644 1863 3697 correctionem
1896 3659 1991 3699 no-

413 3735 580 3780 stram
625 3729 982 3783 necessariam
1027 3732 1373 3801 tranquillum
1422 3743 1636 3804 tempus
1683 3737 1838 3791 nobis
1887 3738 1986 3792 tri-

413 3816 577 3870 buere
627 3817 958 3886 dignaretur.
1021 3820 1375 3877 Volueramus
1428 3825 1692 3894 siquidem
1748 3836 1988 3897 tempore

412 3920 652 3976 congruo
692 3907 947 3976 placitum
995 3920 1239 3965 nostrum
1282 3915 1529 3982 generale
1573 3915 1796 3981 habere,
1840 3927 1896 3972 et
1931 3920 1985 3972 in

411 3994 600 4049 eodem
630 3996 696 4051 de
723 3999 995 4052 communi
1043 4002 1380 4056 correctione
1427 4017 1630 4072 agere;
1674 4013 1729 4059 et
1769 4005 1845 4059 ita
1877 4005 1986 4061 Deo

413 4086 706 4140 miserante
750 4087 926 4152 ﬁeret,
969 4089 1073 4144 nisi
1104 4091 1393 4147 commotio
1437 4091 1802 4159 inimicorum,
1850 4095 1988 4149 sicut

412 4177 610 4240 nostis,
652 4177 1019 4247 prmpedisset.
1063 4177 1167 4234 Sed
1212 4181 1336 4250 quia
1368 4190 1496 4236 tunc
1528 4183 1642 4237 tieri
1681 4199 1786 4238 non
1813 4185 1987 4253 potuit

411 4264 560 4332 iuxta
587 4265 912 4323 voluntatem
937 4277 1198 4335 nostram,
1225 4271 1399 4330 visum
1428 4273 1582 4327 nobis
1611 4272 1711 4327 fuit
1750 4289 1986 4342 prmsens

410 4354 667 4423 placitum
694 4371 818 4411 cum
856 4357 1125 4428 aliquibus
1154 4374 1218 4414 ex
1261 4360 1507 4416 ﬁdelibus
1533 4362 1732 4418 nostris
1762 4364 1982 4429 habere,

2097 1924 2336 1991 undique
2383 1923 2630 1977 inimicos
2677 1932 2880 1977 sanctae
2907 1923 3003 1977 Dei
3046 1921 3301 1977 Ecclesiae
3331 1925 3686 1987 commoveri,

2097 2021 2153 2066 et
2186 2026 2409 2082 regnum
2442 2028 2473 2066 a
2502 2010 2614 2064 Deo
2660 2011 2816 2066 nobis
2865 2012 3210 2065 commissum
3246 2011 3502 2066 infestare
3548 2013 3690 2068 velle

2095 2102 2494 2174 cognoscimus,
2541 2102 2886 2171 przeeipimus
2926 2109 3087 2170 atque
3123 2101 3374 2170 jubemus
3402 2111 3461 2154 ut
3493 2117 3688 2156 omnes

2095 2193 2348 2246 homines
2372 2206 2469 2261 per
2495 2200 2665 2245 totum
2698 2206 2921 2261 regnum
2947 2199 3211 2256 nostrum,
3244 2191 3340 2259 qui
3371 2191 3689 2245 exercitalis

2096 2282 2308 2336 itineris
2355 2281 2626 2336 debitores
2683 2289 2823 2343 sunt,
2879 2280 3015 2334 bene
3063 2280 3172 2334 sint
3224 2283 3510 2350 praeparati
3559 2297 3686 2336 eum

2095 2373 2270 2442 equis,
2317 2373 2504 2437 armis,
2549 2372 2906 2436 vestimentis,
2935 2372 3110 2428 carris
3139 2382 3192 2427 et
3241 2373 3589 2439 victualibus,
3623 2387 3686 2429 ut

2096 2477 2427 2533 quocunque
2457 2471 2699 2532 tempore
2726 2461 2806 2516 eis
2830 2476 2861 2515 a
2905 2460 3060 2516 nobis
3088 2461 3462 2516 denuntiatum
3496 2462 3680 2528 fuerit,

2093 2555 2212 2608 sine
2238 2552 2347 2607 ulla
2386 2567 2539 2606 mora
2566 2553 2716 2606 exire
2759 2560 2815 2607 et
2847 2551 2900 2605 in
2931 2567 3309 2621 quamcunque
3344 2562 3558 2622 partem
3589 2570 3687 2610 ne-

2095 2644 2324 2699 cessitas
2346 2644 2718 2714 postulaverit,
2762 2659 2990 2714 pergere
3037 2646 3263 2714 possint,
3305 2655 3362 2702 et
3396 2648 3582 2702 tandiu
3611 2648 3686 2705 ibi

2096 2750 2215 2791 esse
2243 2735 2483 2806 quandiu
2510 2736 2806 2790 necessitas
2833 2735 3204 2806 postulaverit.

2237 2845 2368 2901 Haec
2389 2855 2508 2901 sunt
2530 2846 2759 2917 capitula
2783 2846 2845 2901 de
2870 2847 3209 2904 instructions
3230 2851 3536 2904 missorum.

2168 2935 2461 2990 Dicendum
2488 2943 2571 2990 est
2591 2934 2697 2990 illis
2727 2936 2851 3005 quia
2878 2951 3100 2992 necesse
3123 2947 3207 2993 est
3235 2947 3296 2992 ut
3321 2939 3686 3011 intelligamus

2096 3041 2287 3082 omnes
2306 3027 2666 3081 communiter
2691 3026 2849 3095 quale
2874 3027 3172 3096 periculum
3201 3029 3356 3084 nobis
3382 3031 3682 3096 immineat,

2017 3144 2068 3210 ο
2098 3118 2152 3174 ἰιι
2195 3132 2262 3173 eo
2296 3117 2529 3171 maxime
2574 3117 2715 3186 quod
2743 3117 2796 3171 in
2848 3126 3034 3172 nostra
3076 3119 3397 3189 negligentia
3449 3130 3598 3177 tanta
3635 3134 3686 3177 et

2101 3209 2252 3276 talia,
2282 3225 2380 3279 per
2410 3223 2528 3278 quae
2557 3209 2698 3263 Deus
2729 3208 2924 3264 offendi
2964 3210 3160 3279 potuit,
3194 3220 3249 3265 et
3298 3212 3473 3266 honor
3499 3223 3552 3268 et
3592 3214 3683 3268 ho-

2095 3308 2282 3356 nestas
2311 3301 2463 3370 regni
2504 3299 2838 3364 decrescere,
2894 3300 3071 3354 adhuc
3122 3308 3300 3355 autem
3335 3303 3684 3357 etiamaliam

2095 3391 2425 3446 intellectam
2471 3392 2732 3446 habemus
2776 3392 3154 3462 negligentiam
3206 3409 3272 3447 ex
3321 3394 3490 3463 priori
3527 3411 3683 3450 occa-

2093 3480 2246 3536 sione
2291 3489 2472 3534 notam
2521 3480 2840 3552 [Sirmoml.,
2879 3480 3105 3552 natam],
3147 3482 3197 3536 id
3237 3491 3341 3546 est,
3376 3486 3517 3552 quod
3563 3486 3680 3554 ipsa

2093 3573 2290 3646 legatio
2315 3587 2421 3628 non
2449 3574 2523 3627 ita
2543 3583 2760 3642 peracta
2792 3572 2891 3627 fuit
2921 3582 3060 3628 sneut
3088 3574 3201 3644 ipsa
3248 3575 3545 3631 necessitas
3579 3579 3672 3631 de-

2091 3666 2386 3736 poscebat;
2419 3680 2726 3735 quanquam
2764 3679 2832 3719 ex
2867 3673 3019 3735 parte
3057 3680 3152 3720 vos
3189 3665 3380 3720 dicatis
3421 3682 3522 3721 nos
3567 3683 3680 3720 ma-

2091 3758 2284 3813 teriam
2329 3756 2385 3811 in
2412 3770 2477 3811 eo
2525 3756 2736 3810 dedisse
2764 3755 2907 3825 quod
2955 3770 3061 3809 non
3106 3770 3203 3826 per
3227 3756 3407 3810 omnia
3439 3757 3506 3810 ad
3540 3756 3680 3812 hanc

2088 3846 2470 3902 necessitatem
2502 3845 2878 3915 inquirendam
2905 3847 3117 3915 plenam
3165 3845 3318 3900 vobis
3346 3846 3678 3900 dedissemus

2091 3938 2410 4006 jussionem.
2427 3937 2549 3990 ideo
2573 3949 2911 4005 summopere
2927 3939 3262 3990 tractandum
3287 3945 3368 3991 est
3387 3939 3674 4006 quomodo,

2090 4026 2316 4079 Domino
2351 4025 2655 4094 adjuvante,
2686 4033 2742 4079 et
2772 4025 2824 4079 in
2868 4027 3116 4096 praesenti
3167 4026 3233 4082 de
3279 4027 3364 4082 his
3411 4042 3530 4096 quze
3579 4043 3675 4098 per

2087 4113 2468 4185 negligentiam
2497 4123 2552 4168 et
2577 4114 2838 4169 incuriam
2885 4117 3174 4184 depravata
3216 4126 3360 4181 sunt,
3394 4119 3674 4189 corrigan‘

2089 4212 2195 4269 tur,
2230 4213 2285 4258 et
2322 4218 2389 4258 ne
2432 4203 2572 4258 ultra
2621 4205 2746 4258 talia
2788 4204 2919 4258 ﬁant
2961 4206 3191 4261 sollicite
3219 4216 3496 4262 caveatur.
3548 4209 3675 4264 Post

2085 4295 2203 4350 hare
2231 4295 2365 4350 socii
2392 4296 2772 4350 denominandi
2813 4304 2957 4361 sunt,
3002 4306 3056 4352 et
3086 4305 3211 4353 tunc
3264 4300 3440 4368 qualis
3484 4300 3674 4355 debeat

2086 4400 2206 4440 esse
2232 4385 2428 4455 legatio
2456 4386 2774 4456 injungenda
2802 4397 2902 4441 est.

411 4455 468 4500 ct
495 4447 549 4500 in
570 4462 635 4504 eo
659 4449 724 4502 de
767 4449 852 4504 his
879 4464 998 4519 qua:
1025 4459 1246 4520 propter
1269 4453 1586 4522 praedictum
1631 4455 1982 4524 impedimen-

2159 4473 2204 4547 l.
2233 4473 2415 4529 Primo
2465 4474 2847 4546 injungendum
2896 4484 2979 4530 est
3021 4477 3199 4532 missis
3243 4487 3305 4532 ut
3351 4480 3452 4535 hoc
3498 4484 3671 4537 omni-

415 4546 528 4592 tum
560 4550 950 4607 remanserunt,
978 4541 1208 4611 qualiter
1235 4546 1302 4598 ad
1328 4543 1576 4600 eﬁ‘eetum
1620 4549 1984 4617 pervenirent,

413 4629 640 4683 Domino
690 4630 997 4699 adjuvante,
1050 4634 1412 4690 considerare.
1446 4635 1784 4708 Quapropter
1833 4654 1991 4696 nosse

414 4721 661 4775 volumus
702 4721 977 4775 solertiam
1026 4731 1262 4780 vestram
1310 4727 1452 4795 quod
1487 4727 1539 4781 in
1587 4729 1690 4784 isto
1737 4735 1989 4799 praesenti

412 4809 609 4878 placito
636 4825 758 4863 cum
785 4810 1028 4866 ﬁdelibus
1072 4814 1272 4869 nostris
1299 4817 1756 4875 consideravimus
1784 4832 1840 4876 ut
1884 4824 1993 4894 pri-

415 4915 503 4954 mo
531 4900 769 4954 omnium
809 4901 1198 4972 archiepiscopi
1226 4920 1350 4960 cum
1394 4908 1507 4962 suis
1549 4910 1902 4980 suﬁ'raganeis
1936 4916 1989 4971 in

415 4990 547 5044 locis
574 4990 822 5060 congruis
845 4998 1085 5061 tempore
1108 5003 1407 5062 opportuno
1434 5002 1801 5069 convenirent,
1833 5015 1887 5059 et
1917 5008 1990 5062 ibi

416 5089 523 5132 tam
538 5081 601 5134 de
615 5096 709 5134 sua
726 5095 886 5135 causa
899 5097 1059 5151 quam
1074 5083 1140 5137 de
1151 5086 1389 5140 omnium
1405 5097 1645 5144 nostrum
1659 5096 1991 5152 correctione

413 5179 468 5222 et
520 5171 896 5226 emendatione
959 5173 1253 5228 secundum
1315 5177 1552 5232 divinam
1609 5184 1987 5239 auctoritatem

414 5261 700 5326 quaarendo
729 5261 1052 5328 invenirent,
1081 5271 1138 5318 et
1158 5265 1314 5321 nobis
1335 5275 1496 5336 atque
1520 5269 1764 5327 ﬁdelibus
1788 5276 1989 5331 nostris

414 5351 706 5405 secundum
728 5354 1082 5409 ministerium
1098 5356 1199 5410 sibi
1219 5360 1565 5415 commissum
1585 5364 1986 5423 adnuntiarent.

416 5438 545 5491 Item
586 5441 1043 5499 consideravimus
1068 5453 1129 5498 ut
1165 5447 1362 5503 missos
1402 5459 1614 5507 nostros
1654 5469 1751 5522 per
1773 5457 1988 5511 univer-

413 5542 532 5580 sum
560 5546 783 5600 regnum
822 5542 1065 5590 nostrum
1115 5538 1474 5603 mitteremus,
1505 5544 1611 5610 qui.
1643 5545 1709 5598 de
1736 5547 1986 5602 omnibus

414 5619 591 5672 causis
640 5636 759 5688 quae
799 5624 866 5677 ad
909 5628 1303 5682 correctionem
1350 5631 1622 5698 pertinere
1674 5635 1986 5691 viderentur

417 5715 615 5773 quanto
661 5713 955 5778 potuissent
993 5718 1171 5770 studio
1212 5719 1576 5783 decertarent,
1627 5731 1678 5774 et
1725 5725 1979 5794 quidquid

2094 4565 2270 4620 modis
2296 4573 2540 4632 caveant,
2570 4580 2637 4620 ne
2660 4567 2854 4636 populo
2877 4567 2930 4620 in
2953 4583 3139 4622 eorum
3161 4569 3495 4639 profectione
3518 4577 3665 4630 oneri

2094 4656 2222 4720 sint,
2259 4671 2327 4711 ne
2356 4654 2493 4710 forte
2522 4657 2716 4725 quibus
2742 4656 3029 4714 subvenire
3073 4659 3378 4726 debuerint,
3420 4664 3664 4720 afﬂictio-

2095 4758 2219 4798 nem
2242 4743 2494 4799 inferant.

2165 4833 2226 4890 ll.
2257 4837 2326 4892 Ut
2359 4838 2536 4907 primo
2580 4846 2821 4894 nostram
2858 4839 3054 4909 populo
3098 4842 3428 4899 voluntatem
3472 4857 3524 4900 et
3555 4859 3661 4902 stu-

2096 4925 2265 4991 dium,
2309 4935 2365 4981 et
2403 4942 2509 4996 qua
2552 4929 2851 4985 intentione
2892 4946 2921 4985 a
2959 4933 3112 4987 nobis
3160 4935 3268 4987 sint
3313 4935 3527 5003 directi,
3571 4956 3659 5009 per

2089 5025 2337 5071 nostrum
2368 5019 2627 5089 scriptum
2668 5023 2934 5077 nuntient.
2983 5023 3285 5081 lnstruendi
3330 5038 3459 5084 sunt
3501 5034 3658 5086 etiam

2087 5107 2215 5175 quid
2244 5106 2535 5175 inquirant.

2159 5194 2243 5249 lll.
2274 5196 2328 5250 In
2359 5199 2545 5265 primis
2574 5197 2674 5254 hoc
2718 5201 2952 5257 maxime
2994 5202 3268 5272 inquirant
3311 5209 3578 5274 quomodo
3606 5210 3656 5263 hi

2090 5285 2179 5353 qui
2203 5286 2456 5353 populum
2483 5303 2669 5357 regere
2699 5289 2913 5354 debent,
2956 5294 3322 5363 unusquisque
3347 5295 3400 5348 in
3436 5312 3535 5351 suo
3563 5300 3658 5350 mi-

2089 5374 2313 5428 nisterio
2342 5389 2399 5429 se
2437 5378 2760 5431 custoditum
2786 5380 3000 5444 habeat,
3031 5389 3088 5435 ut
3113 5383 3203 5451 qui
3246 5385 3382 5439 bene
3418 5385 3657 5442 faciendo

2089 5462 2382 5531 gratiarum
2411 5465 2621 5519 actione
2648 5467 2794 5537 digni
2821 5477 2945 5522 sunt
2973 5485 3377 5540 cognoscamus,
3412 5475 3503 5543 qui
3532 5492 3655 5529 vero

2088 5554 2473 5609 correctionem
2530 5563 2584 5610 et
2637 5557 3054 5625 increpationem
3109 5576 3206 5629 pro
3254 5545 3440 5616 eorum
3491 5565 3653 5632 negli-

2085 5641 2280 5708 gentiis
2311 5651 2605 5706 merentur,
2647 5646 2968 5700 omnimodis
3002 5648 3154 5701 nobis
3190 5649 3457 5702 manifesti
3509 5651 3647 5704 fiant.

2084 5729 2361 5796 Inquisitio
2399 5741 2576 5786 autem
2608 5733 2706 5788 hoc
2747 5736 2902 5790 modo
2931 5735 3038 5792 ﬁat.
3085 5737 3364 5808 Eligantur
3403 5755 3498 5808 per
3541 5742 3642 5794 sin.
