3924 6320
146 430 279 485 {Sil

148 626 195 679 si
218 626 413 693 aliquis
443 624 686 677 inventus
712 621 872 676 fuerit
896 620 961 673 de
983 618 1111 688 ipsis
1135 615 1223 684 qui
1254 614 1557 669 ﬁdelitatem
1584 625 1709 679 pro-

150 717 372 770 missam
405 716 579 769 adlmc
610 714 762 767 nobis
800 726 903 765 non
929 711 1143 770 haheat,
1172 706 1469 776 promittat.
1498 703 1562 757 Et
1589 711 1713 755 tunc

150 804 451 857 instruendi
494 811 618 856 sunt
660 800 889 869 qualiter
931 800 1097 866 ipsam
1127 795 1283 849 ﬁdem
1320 809 1443 862 erga
1487 807 1583 846 nos
1613 791 1715 844 salo

149 907 283 947 vare
328 893 595 958 debeant;
628 883 693 943 ’id
740 899 844 953 est,
877 896 936 941 ut
977 883 1280 955 quicunque
1320 897 1387 936 ex
1429 881 1515 935 his
1554 879 1713 933 talem

149 996 373 1035 causam
415 981 515 1034 scit
561 979 618 1033 in
646 978 751 1032 illis
782 976 1080 1031 rectoribus
1105 982 1158 1027 et
1196 971 1421 1026 diversis
1458 968 1716 1023 ministris

149 1070 245 1137 qui
286 1069 538 1139 populum
586 1082 776 1139 regere
818 1074 874 1122 et
920 1066 1130 1121 salvare
1162 1060 1389 1129 ‘dehent,
1430 1061 1497 1113 de
1525 1058 1716 1126 quibus

149 1159 467 1231 interrogati
495 1158 709 1219 fuerint,
756 1173 875 1227 qua:
900 1158 965 1211 ad
994 1156 1171 1227 populi
1196 1156 1445 1209 damnum
1474 1160 1529 1205 et
1550 1150 1715 1204 detri-

149 1258 391 1303 mentum
429 1249 713 1319 pertineat,
741 1256 795 1301 et
835 1256 1053 1318 propter
1080 1247 1182 1301 hoc
1224 1244 1379 1299 nobis
1423 1240 1714 1311 perieulum

149 1341 347 1394 anima:
400 1342 615 1395 evenire
665 1340 831 1410 possit
876 1346 931 1393 et
985 1334 1345 1397 inhonoratio,
1391 1332 1627 1395 omnino,
1672 1331 1715 1384 si

151 1430 360 1485 salvam
396 1432 625 1485 voluerit
668 1445 818 1485 suam
876 1429 1034 1483 ﬁdem
1077 1434 1131 1480 et
1168 1423 1575 1493 promissionem
1623 1423 1718 1475 ba-

154 1521 307 1583 bere,
338 1520 679 1575 manifestum
710 1519 889 1573 faciat.
940 1518 1006 1572 Et
1034 1517 1077 1571 si
1116 1523 1235 1584 post
1281 1513 1438 1567 talem
1484 1511 1719 1565 admoni-

149 1610 352 1663 tionem
399 1616 453 1662 et
497 1608 965 1670 contestationem,
1016 1604 1172 1659 aliter
1213 1617 1374 1672 quam
1420 1616 1478 1655 se
1519 1600 1719 1653 veritas

149 1699 351 1753 habeat
389 1698 587 1753 dixisse
630 1697 823 1766 aliquis
863 1696 1228 1764 deprehensus
1272 1691 1452 1755 fuerit,
1496 1690 1631 1744 sciat
1661 1703 1720 1743 se

150 1789 298 1844 inter
319 1788 557 1843 inﬁdeles
583 1803 701 1843 esse
727 1788 1099 1857 reputandum.

154 1895 285 1952 Haec
302 1908 422 1951 sunt
447 1897 674 1967 capitula
689 1913 806 1968 qua:
824 1897 1060 1952 volumus
1075 1905 1128 1949 ut
1142 1895 1413 1965 diligenter
1428 1893 1712 1963 inquirant.

224 1987 455 2057 (Collata
494 2007 609 2042 cum
659 1990 838 2043 codice
880 1988 1085 2041 Tiliano
1112 1996 1458 2057 ipervetusto,
1496 1986 1585 2054 qui
1614 1984 1715 2052 fuit

401 2060 703 2111 monasterii
735 2058 795 2112 S.
830 2057 1053 2125 Remigii
1090 2056 1437 2122 Rhemensis.)

226 2143 408 2199 Primo
436 2145 500 2199 de
530 2145 794 2213 episcopis
821 2186 835 2209 ,
866 2145 1132 2213 quomodo
1164 2160 1317 2215 suum
1357 2142 1717 2197 ministerium

153 2234 427 2303 expleant,
456 2243 510 2288 et
535 2235 707 2304 qualis
742 2236 812 2288 sit
851 2235 1064 2289 illorum
1086 2233 1449 2297 conversatio,
1471 2232 1557 2286 vel
1583 2248 1718 2301 quo-

154 2321 317 2374 modo
340 2322 598 2376 ecclesias
624 2330 677 2376 et
692 2322 892 2376 clerum
910 2322 1011 2377 sibi
1038 2322 1385 2376 commissum
1413 2322 1720 2376 ordinatum

157 2409 393 2463 habeant
430 2420 590 2480 atque
623 2412 939 2481 dispositum
967 2451 981 2475 ,
1014 2412 1097 2466 vel
1145 2412 1337 2479 quibus
1366 2412 1527 2465 rebus
1554 2412 1723 2464 maxi-

158 2513 246 2552 me
276 2501 543 2565 studeant,
592 2502 648 2555 in
696 2502 1025 2571 spiritalibus
1070 2502 1316 2556 videlicet
1343 2510 1437 2555 aut
1468 2503 1523 2555 in
1550 2518 1720 2557 saecu-

156 2588 365 2643 laribus
407 2592 649 2660 negotiis.
684 2591 886 2645 Deinde
933 2591 1119 2659 quales
1168 2590 1278 2644 sint
1311 2588 1583 2657 adjutores
1623 2590 1723 2642 mi-

158 2680 367 2734 nisterii
419 2696 628 2746 eorum,
678 2682 731 2735 id
767 2690 849 2735 est
882 2722 896 2745 ,
938 2680 1305 2750 cborepiscopi
1335 2678 1726 2751 [archipresby—

162 2768 265 2820 teri
280 2767 349 2838 n],
366 2769 755 2831 archidiaconi,
787 2777 843 2822 et
862 2769 1207 2832 vicedomini,
1230 2776 1284 2821 et
1305 2767 1605 2837 presbyteri
1630 2782 1727 2836 per

159 2856 449 2923 parochias
473 2871 680 2920 eorum,
726 2856 883 2924 quale
906 2856 1112 2911 scilicet
1144 2857 1380 2911 studium
1409 2855 1643 2910 habeant
1669 2856 1724 2908 in

158 2944 427 3008 doctrina,
456 2945 540 2998 vel
578 2945 790 3013 qualem
818 2944 1017 2999 famam
1048 2945 1280 2999 habeant
1311 2943 1602 2997 secundum
1639 2958 1729 2996 ve—

160 3035 379 3089 ritatem
412 3036 463 3089 in
492 3036 705 3105 populo.
731 3036 991 3114 Similiter
1014 3036 1081 3090 de
1106 3036 1357 3090 omnibus
1386 3034 1729 3088 monasteriis

160 3124 439 3192 inquirant
458 3124 610 3192 juxta
641 3127 1057 3196 uniuscujusque
1100 3125 1412 3196 qualitatem
1442 3133 1496 3179 et
1521 3121 1730 3193 profes-

161 3215 368 3267 sionem
398 3233 409 3266 :
457 3214 704 3268 similiter
727 3224 777 3269 et
806 3216 870 3269 de
893 3216 1103 3269 cmteris
1132 3212 1373 3269 ecclesiis
1399 3222 1581 3268 nostra
1604 3228 1729 3268 auc-

164 3303 384 3354 toritate
409 3303 460 3355 in
482 3304 741 3358 beneﬁcio
767 3305 926 3359 datis.
958 3306 1141 3360 Utrum
1163 3306 1398 3373 episcopi
1423 3305 1474 3357 in
1499 3305 1730 3358 circum-

161 3390 342 3443 eundo
398 3391 678 3457 parochias
733 3408 859 3446 suas
915 3402 1138 3447 emeras
1188 3396 1421 3447 minores
1474 3393 1731 3448 ecclesias

162 3486 410 3545 gravent,
448 3488 538 3531 aut
562 3480 754 3548 populo
794 3482 943 3535 oneri
992 3484 1118 3545 sint,
1148 3490 1204 3536 et
1243 3483 1287 3536 si
1319 3483 1386 3534 ab
1416 3482 1545 3552 ipsis
1574 3490 1669 3535 aut
1701 3497 1731 3535 a

164 3567 433 3620 ministris
459 3582 642 3621 eorum
704 3570 939 3624 indebita
965 3572 1175 3642 (exenia
1205 3570 1358 3643 [Hs.,
1387 3568 1672 3641 exsenia])
1703 3585 1733 3623 a

164 3654 501 3736 presbyteris
523 3656 823 3725 exigantur.
853 3657 1025 3710 Simili
1050 3660 1208 3713 modo
1235 3660 1299 3713 de
1326 3659 1616 3713 comitibus
1650 3659 1733 3710 in-

163 3743 387 3809 quirant
412 3782 425 3807 ,
455 3743 610 3811 quale
643 3746 874 3798 studium
908 3747 973 3798 de
1002 3761 1098 3799 suo
1128 3747 1360 3799 habeant
1409 3747 1729 3806 ministerio,

166 3830 348 3899 utqui
404 3832 542 3885 bene
593 3833 785 3886 exinde
830 3832 958 3886 facit
1013 3848 1421 3903 cognoscamus.
1464 3833 1523 3886 Si
1576 3835 1733 3887 aliter

168 3920 303 3972 facit
333 3959 347 3983 ,
378 3927 431 3972 et
465 3920 566 3972 hoc
596 3935 752 3974 nosse
778 3923 999 3976 omnino
1029 3923 1274 3976 volumus
1299 3939 1313 3985 ;
1354 3921 1405 3974 id
1429 3930 1533 3985 est,
1563 3923 1607 3976 si
1639 3939 1733 3991 po-

165 4006 330 4073 pulus
356 4020 451 4073 per
476 4021 627 4060 suam
651 4009 1026 4077 negligentiam
1064 4019 1119 4063 et
1150 4012 1408 4065 desidiam
1441 4008 1653 4077 justitia
1682 4021 1736 4063 et

168 4110 304 4162 pace
325 4104 523 4160 careat,
555 4106 649 4151 aut
695 4100 739 4153 si
775 4100 888 4168 ipse
921 4102 1097 4155 sciens
1125 4109 1218 4155 aut
1263 4102 1511 4156 nesciens
1534 4103 1733 4168 aliquid

172 4182 369 4250 injuste
397 4184 596 4240 factum
627 4188 841 4241 habeat.
872 4189 1070 4243 Deinde
1088 4203 1216 4259 ergo
1245 4189 1432 4258 quales
1461 4188 1735 4241 ministros

172 4272 373 4326 habeat
393 4275 458 4327 ad
482 4275 772 4345 regendum
799 4263 1050 4344 populum
1076 4276 1158 4329 vel
1184 4276 1401 4339 missos,
1426 4284 1605 4329 utrum
1622 4275 1736 4343 jus-

172 4376 228 4416 te
252 4378 320 4417 an
350 4363 544 4432 injuste
571 4366 623 4418 in
654 4366 784 4433 ipsis
813 4365 1125 4420 ministeriis
1159 4376 1319 4437 agant
1353 4405 1367 4423 .
1400 4375 1495 4419 aut
1515 4381 1738 4421 consen-

173 4456 344 4511 tiente
398 4457 479 4511 vel
509 4458 806 4528 negligente
828 4460 1021 4514 comite
1042 4475 1073 4513 a
1094 4461 1320 4515 veritate
1346 4468 1403 4515 et
1419 4460 1627 4531 justitia
1652 4460 1741 4513 de-

172 4545 397 4599 clinent.
431 4545 559 4612 Quae
603 4563 867 4616 personze,
898 4549 982 4602 vel
1012 4549 1077 4603 de
1120 4550 1314 4620 quibus
1340 4549 1520 4605 causis
1559 4547 1737 4616 culpa-

172 4634 311 4687 biles
342 4634 407 4687 ad
449 4637 785 4703 przesentiam
820 4647 1058 4692 nostram
1100 4639 1282 4692 venire
1329 4638 1560 4692 debeant
1586 4675 1601 4701 ,
1630 4636 1738 4689 dis-

173 4724 507 4778 cernendum
532 4735 634 4778 est.
666 4726 913 4796 Exceptis
938 4727 1223 4796 episcopis,
1249 4725 1548 4788 abbatibus,
1574 4724 1738 4778 comi-

176 4814 325 4867 tibus
350 4851 364 4875 ,
395 4813 485 4880 qui
516 4815 579 4866 ad
606 4814 799 4883 placita
832 4824 1013 4870 nostra
1043 4830 1253 4883 semper
1295 4814 1479 4869 venire
1527 4812 1738 4875 debent,

180 4901 271 4960 isti
314 4902 549 4967 venient,
601 4903 643 4956 si
686 4904 737 4957 in
788 4904 980 4958 talibus
1021 4904 1191 4973 culpis
1231 4911 1286 4958 et
1313 4902 1624 4957 criminibus
1652 4901 1741 4954 de-

178 4990 431 5061 prehensi
466 4990 657 5045 fuerint
683 4993 868 5056 quales
898 4992 1120 5047 inferius
1145 4993 1409 5046 adnotata
1439 4998 1580 5044 sunt.

259 5418 284 5446 ο
320 5406 471 5459 Deest
500 5407 550 5456 in
572 5404 756 5457 codice
776 5408 874 5455 ms.

262 5476 289 5514 δ
323 5473 451 5526 Vide
470 5475 704 5535 Frotar.,
735 5470 874 5523 Tull.
911 5466 1112 5539 Epist,
1140 5466 1223 5520 18.
1322 5534 1361 5539 Α,

262 5554 284 5581 ο
317 5543 425 5596 Has
467 5542 665 5601 clades,
692 5532 849 5607 quas
884 5532 1191 5607 ab"aliquot_
1210 5534 1365 5607 annis
1412 5532 1749 5607 patiebantur

185 5612 405 5675 Franci,
437 5610 676 5664 diabolus
700 5602 799 5660 hoc
825 5610 941 5674 ipso
962 5602 1102 5658 anno
1132 5604 1234 5657 8‘28
1259 5604 1400 5675 inter
1418 5602 1748 5675 exorcismos

185 5696 287 5751 per
331 5672 399 5732 os
444 5678 715 5751 cujusdam
741 5672 928 5751 puella:
967 5676 1199 5751 obsessae
1243 5672 1564 5751 de_cla_ravit;_
1587 5679 1643 5751 ut
1672 5672 1749 5722 vi-

190 5740 321 5803 dere.
342 5757 415 5802 est
449 5740 583 5813 apud
606 5740 968 5813 Eginhardum
992 5743 1042 5794 in
1070 5742 1160 5794 lib.
1194 5757 1254 5792 ιιι
1284 5742 1349 5793 de
1380 5740 1745 5793 Translatiune

480 5840 743 5895 Parnm"
790 5833 924 5895 CIV.

1556 409 1657 463 I'Il’l
1668 409 1905 464 STOLA‘Z

144 535 302 607 gulos
331 534 620 587 comitatus
644 531 732 602 qui
772 529 1020 584 meliores
1047 534 1100 581 et
1125 524 1426 580 veraciores
1451 528 1592 576 sunt.
1644 520 1709 572 Et
1739 524 1787 581 Α

3232 395 3366 448 1322

2362 511 2685 567 EPISTOLA
2729 508 2814 563 IX.

1812 622 2061 659 EPISTOLA
2090 619 2340 659 CAESARI-2A
2367 614 2743 657 GENRRALITER
2768 609 2966 651 POPULO
2994 609 3075 647 DEI
3104 607 3363 655 LEGENDA,

1814 694 1982 761 Quam
2013 694 2301 747 Ludovicus
2330 691 2458 744 Pius
2484 692 2762 761 imperator
2780 703 2843 742 ea:
2869 685 3057 761 placito
3084 683 3368 761 Aquisg_ru-

1883 765 2026 817 nensi
2053 766 2191 816 misit
2209 763 2271 815 de
2308 760 2539 814 conciliis
2555 752 2914 827 episcoporum
2954 756 3009 807 in
3029 764 3253 822 quatuor
3271 752 3369 804 im-

1880 835 2008 900 perii
2038 834 2272 900 partibus
2294 828 2689 899 congregandis.

2405 919 2575 991 (Anno
2622 917 2771 986 828.)

2226 1010 2429 1082 [Baluz.
2466 1008 2618 1072 ibid.,
2646 1023 2770 1077 pag.
2806 1004 2951 1076 658.]

1886 1103 1940 1156 In
1979 1101 2192 1156 nomine
2243 1099 2453 1155 Domini
2500 1098 2594 1151 Dei
2624 1105 2679 1150 et
2701 1094 2994 1149 Salvatoris
3022 1091 3191 1145 nostri
3238 1088 3364 1143 Jesu

1814 1193 2037 1257 Christi,
2050 1192 2349 1246 Ludovicus
2360 1199 2414 1243 et
2428 1188 2729 1252 Lotharius,
2744 1186 2922 1239 divina
2945 1182 3226 1237 ordinante
3243 1196 3371 1250 pro-

1815 1283 2071 1347 videntia,
2127 1283 2477 1351 imperatores
2500 1278 2723 1347 Augusti
2754 1316 2769 1342 ,
2824 1275 3071 1329 omnibus
3128 1271 3373 1326 ﬁdelibus

1815 1385 2014 1431 sancite
2038 1375 2135 1429 Dei
2154 1374 2404 1428 Ecclesia:
2432 1380 2486 1427 et
2506 1371 2723 1425 nostris.

1887 1465 2175 1519 Recordari
2208 1478 2304 1517 vos
2331 1462 2599 1516 credimus
2623 1459 2849 1527 qualiter
2875 1458 2978 1512 hoc
3006 1471 3164 1519 anno,
3192 1454 3374 1509 consi—

1816 1558 1889 1612 lio
1918 1548 2253 1612 sacerdotum
2277 1562 2331 1608 et
2352 1553 2577 1607 aliorum
2599 1548 2834 1604 ﬁdelium
2864 1557 3189 1611 nostrorum,
3213 1560 3372 1616 gene-

1820 1648 1930 1701 rale
1947 1646 2207 1717 jejunium
2232 1659 2329 1714 per
2357 1650 2526 1697 totum
2559 1656 2782 1711 regnum
2814 1648 3055 1694 nostrum
3098 1638 3374 1692 celebrare

1814 1738 2095 1806 iussimus,
2124 1736 2399 1803 Deumque
2428 1740 2541 1787 tota
2573 1731 2856 1785 devotione
2880 1730 3169 1799 deposcere
3192 1737 3251 1783 ut
3275 1741 3372 1782 no-

1747 1849 1793 1907 B
1819 1828 1903 1881 bis
1947 1824 2249 1895 propitiari,
2278 1831 2333 1877 et
2365 1823 2419 1876 in
2446 1822 2641 1890 quibus
2663 1820 2808 1873 illum
2839 1821 3070 1873 maxime
3098 1817 3380 1873 offenderi-

1820 1930 1939 1969 mus
1958 1915 2114 1968 nobis
2138 1911 2501 1975 manifestare,
2528 1918 2584 1964 et
2618 1909 2683 1963 ad
2708 1909 3097 1963 correctionem
3137 1917 3377 1962 nostram

1816 2004 2176 2059 necessariam
2224 2001 2574 2070 tranquillum
2602 2007 2811 2069 tempus
2834 2000 2988 2053 nobis
3018 2000 3255 2053 tribuere
3298 2000 3379 2053 di-

1816 2105 2093 2166 gnaretur.
2141 2093 2496 2149 Volueramus
2538 2093 2800 2162 siquidem
2848 2100 3088 2163 tempore
3144 2108 3375 2163 congruo

1817 2183 2069 2253 placitum
2100 2191 2343 2237 nostrum
2372 2182 2620 2253 generale
2644 2182 2866 2244 habere,
2889 2189 2943 2234 et
2976 2183 3029 2235 in
3057 2196 3121 2235 eo
3147 2182 3211 2236 de
3239 2173 3383 2235 eom-

1821 2275 1966 2328 muni
1995 2272 2327 2327 correctione
2348 2286 2537 2339 agere;
2572 2278 2628 2324 et
2648 2270 2723 2323 ita
2743 2271 2853 2325 Deo
2875 2270 3167 2323 miserante
3210 2268 3383 2331 ﬁeret,

1821 2365 1925 2418 nisi
1950 2363 2238 2438 commotio
2257 2362 2619 2425 inimicorum,
2646 2360 2784 2414 sicut
2805 2360 2990 2421 nostis,
3013 2359 3381 2429 prazpedisset.

1822 2455 1929 2510 Sed
1943 2455 2066 2523 quia
2089 2462 2218 2507 tunc
2247 2452 2365 2507 ﬁeri
2394 2466 2498 2506 non
2527 2451 2701 2520 potuit
2718 2451 2872 2521 juxta
2901 2450 3229 2504 voluntatem
3256 2464 3383 2503 nos-

1819 2553 1980 2611 tram,
2016 2546 2190 2600 visum
2244 2544 2400 2599 nobis
2428 2543 2788 2613 fuitprazsens
2839 2542 3094 2612 placitum
3137 2555 3258 2594 cum
3289 2539 3385 2597 ali-

1823 2637 2015 2706 quibus
2043 2652 2110 2691 ex
2156 2636 2403 2691 ﬁdelibus
2445 2635 2645 2689 nostris
2674 2635 2893 2698 habere,
2923 2641 2976 2686 et
3013 2633 3067 2687 in
3110 2646 3176 2685 eo
3207 2631 3273 2685 de
3300 2630 3386 2685 his

1825 2742 1943 2796 qua:
1968 2736 2186 2796 propter
2202 2726 2517 2795 praedictum
2544 2724 2981 2793 impedimentum
2996 2729 3388 2787 remanserunt,

1826 2811 2055 2886 qualiter
2080 2818 2145 2870 ad
2170 2816 2417 2871 effectum
2446 2816 2809 2885 pervenirent,
2850 2814 3077 2867 Domino
3106 2812 3390 2881 adjuvante

1824 2908 2187 2962 considerare.
2229 2905 2567 2975 Quapropter
2619 2918 2777 2959 nosse
2826 2903 3069 2957 volumus
3117 2900 3389 2955 solertiam

1828 3005 2063 3051 vestram
2110 2997 2250 3064 quod
2278 2996 2329 3048 in
2369 2996 2473 3049 isto
2499 2994 2747 3064 praesenti
2774 2992 2973 3062 placito
2997 3007 3119 3046 cum
3149 2990 3392 3045 ﬁdelibus

1828 3089 2030 3142 nostris
2056 3086 2513 3141 consideravimus
2552 3091 2612 3137 ut
2642 3083 2819 3152 primo
2842 3082 3081 3136 omnium
3130 3080 3396 3148 archiepi—

1755 3178 1799 3239 C
1830 3176 1976 3245 scopi
2016 3190 2136 3229 cum
2168 3174 2278 3228 suis
2318 3172 2671 3243 suﬁ‘raganeis
2700 3171 2755 3224 in
2794 3170 2924 3225 locis
2973 3170 3225 3239 congruis
3262 3176 3399 3224 tem-

1830 3279 1960 3335 pore
1988 3273 2288 3333 opportuno
2333 3262 2683 3317 convenirent
2726 3258 2777 3323 δ,
2821 3267 2876 3312 et
2921 3259 2993 3311 ibi
3042 3268 3150 3312 tam
3186 3257 3252 3312 de
3302 3272 3395 3311 sua

1832 3371 1993 3425 quam
2036 3356 2100 3409 de
2151 3354 2390 3407 omnium
2436 3360 2679 3407 nostrum
2705 3351 3038 3404 correctione
3066 3357 3117 3402 et
3144 3348 3388 3401 emenda-

1834 3449 1976 3503 tione
2000 3445 2291 3500 secundum
2317 3443 2551 3497 divinam
2589 3442 2966 3496 auctoritatem
2997 3437 3285 3507 quaerendo
3317 3437 3385 3490 in-

1835 3538 2095 3597 venirent,
2124 3543 2178 3589 et
2215 3534 2369 3587 nobis
2396 3542 2557 3601 atque
2588 3531 2831 3586 ﬁdelibus
2880 3529 3080 3585 nostris
3106 3528 3398 3583 secundum

1833 3630 2188 3683 ministerium
2239 3626 2339 3679 sibi
2400 3624 2745 3679 commissum
2804 3623 3205 3677 annuntiarent.
3272 3620 3401 3687 Quis

1834 3720 1975 3773 enim
2000 3733 2105 3773 non
2132 3718 2328 3771 sentiat
2361 3717 2527 3771 Deum
2560 3713 2759 3769 nostris
2801 3713 3138 3781 pravissimis
3191 3712 3402 3766 actibus

1833 3824 1951 3861 esse
1978 3806 2258 3870 offensum,
2306 3815 2361 3859 et
2408 3805 2474 3858 ad
2505 3803 2835 3858 iracundiam
2868 3812 3238 3871 provocatum,
3274 3816 3399 3855 cum

1833 3896 2014 3949 videat
2038 3903 2118 3947 tot
2160 3894 2315 3947 annis
2368 3890 2675 3946 multifariis
2721 3890 2944 3962 ﬂagellis
2970 3890 3103 3945 iram
3161 3890 3302 3944 illius
3344 3889 3399 3943 in

1837 3999 2001 4054 regno
2029 3984 2185 4038 nobis
2210 3984 2277 4037 ab
2316 3997 2381 4037 eo
2416 3981 2702 4036 commisso
2747 3981 3021 4043 ilesaivire,
3073 3979 3317 4055 videlicet
3346 3979 3398 4033 in

1836 4074 1976 4128 fame
2019 4074 2293 4135 continua,
2342 4073 2397 4125 in
2426 4070 2751 4124 mortalitate
2792 4070 3118 4134 animalium,
3154 4071 3206 4123 in
3238 4073 3401 4141 pesti-

1835 4163 2000 4217 lentia
2029 4162 2331 4226 hominum,
2361 4160 2414 4213 in
2438 4152 2718 4215 sterilitate
2748 4174 2883 4228 pene
2901 4159 3137 4212 omnium
3167 4158 3398 4229 frugum,

1836 4263 1889 4308 et
1922 4262 1982 4305 ut
2010 4252 2084 4305 ita
2137 4251 2383 4312 dixerim,
2418 4248 2799 4302 diversissimis
2826 4249 3131 4302 morborum
3158 4248 3401 4304 cladibus

1840 4354 1861 4382 ο
1888 4352 2049 4411 atque
2074 4340 2381 4411 ingentibus
2400 4338 2638 4407 penuriis
2666 4337 2915 4407 populum
2950 4338 3103 4391 istius
3126 4338 3272 4408 regni
3302 4338 3401 4392 mi-

1841 4430 2142 4485 serabiliter
2186 4436 2435 4482 vexatum
2472 4436 2525 4481 et
2562 4425 2833 4487 amictum,
2872 4434 3030 4493 atque
3059 4426 3205 4479 omni
3234 4427 3402 4481 abun-

1766 4504 1817 4562 Ῐ)
1842 4519 2021 4575 dantia
2047 4531 2227 4571 rerum
2273 4516 2508 4585 quodam
2554 4512 2711 4568 modo
2735 4514 3107 4568 exinanitum?
3136 4513 3245 4571 Nec
3273 4515 3402 4571 illud

1838 4610 2002 4664 etiam
2042 4606 2348 4662 dubitamus
2393 4620 2457 4659 ex
2502 4604 2646 4673 justa
2688 4604 2924 4659 vindicta
2976 4603 3118 4659 illius
3165 4606 3400 4670 evenire,

1840 4701 1982 4769 quod
2007 4714 2148 4768 saepe
2184 4696 2432 4753 scandala
2482 4712 2579 4767 per
2607 4704 2866 4767 tyrannos
2898 4697 2950 4750 in
2986 4697 3087 4750 hoc
3116 4712 3280 4768 regno
3308 4712 3401 4753 ex-

1842 4800 2089 4863 surgunt,
2142 4790 2232 4858 qui
2280 4802 2469 4856 pacem
2499 4787 2677 4857 p0puli
2730 4785 3020 4840 Christiani
3064 4794 3117 4840 et
3143 4788 3399 4844 unitatem

1844 4879 2052 4948 imperii
2075 4893 2169 4932 sua
2198 4877 2464 4945 pravitate
2485 4877 2729 4929 nituntur
2749 4875 3009 4928 scindere.
3035 4874 3166 4928 Nam
3192 4886 3247 4930 et
3276 4877 3402 4932 illud

1844 4968 2191 5021 nihilominus
2216 4965 2454 5034 peccatis
2482 4964 2682 5017 nostris
2712 4962 3075 5031 deputandum
3101 4974 3184 5019 est
3213 5005 3227 5027 ,
3260 4967 3403 5035 quod

1844 5055 1868 5094 d
1897 5055 2100 5109 inimici
2132 5054 2331 5108 Christi
2355 5053 2587 5106 nominis
2626 5052 2900 5120 praeterito
2950 5065 3091 5105 anno
3119 5052 3170 5105 in
3202 5053 3301 5108 hoc
3323 5068 3406 5109 re-

1845 5161 2006 5215 gnum
2036 5144 2262 5213 ingressi
2284 5142 2728 5211 depmdationes,
2759 5140 3001 5195 incendia
3037 5142 3404 5206 ecclesiarum,

1848 5246 1901 5289 et
1954 5236 2340 5304 captivationes
2391 5232 2818 5289 Christianorum
2848 5234 2953 5296 ,‘et
3006 5234 3406 5292 interfectiones

1851 5386 1951 5452 SS.
1984 5385 2277 5440 Marcelliani
2306 5394 2361 5440 et
2389 5385 2530 5440 Petri
2568 5392 2885 5454 martyrum,
2919 5400 3039 5454 cap.
3074 5385 3160 5440 15.
3195 5384 3412 5458 (Patro—

1854 5458 2006 5505 loainz
2030 5465 2153 5505 tom.
2180 5456 2247 5505 CI
2268 5454 2356 5505 γλ

1854 5458 2006 5526 logia:
2030 5465 2153 5509 tam.
2180 5456 2356 5527 CIV.)
3206 5456 3213 5458 ⁷

1862 5526 1945 5605 nd
1980 5525 2094 5604 llis.
2119 5525 2296 5605 verbis
2351 5524 2696 5605 i‘lesignantur
2750 5531 2857 5603 tam
2894 5521 3168 5605 Saraceni,
3218 5524 3411 5605 quibus

1850 5595 1979 5649 Aizo
2004 5593 2255 5660 sejuuxit
2283 5593 2334 5645 in
2355 5592 2528 5646 Marca
2555 5592 2863 5659 llispanica,
2885 5605 3044 5659 quam
3070 5593 3300 5660 Bulgari,
3318 5595 3412 5661 qui

1850 5664 2177 5717 Pannoniam
2210 5670 2483 5715 vastarunt
2507 5677 2647 5715 anno
2674 5662 2795 5714 8‘27.

2907 5818 2983 5876 [ιὲ
