3924 6320
519 383 544 442 ἶ
556 383 660 442 523

1623 392 1940 450 LUDOVICI
1978 396 1995 449 1
2034 397 2504 459 COGNOMENTO
2541 399 2625 458 ΡΠ

3628 405 3773 466 ΒΞῖ

519 511 802 554 servorum
832 495 927 550 Dei
960 502 1223 556 audenter
1249 508 1304 556 et
1351 502 1588 571 impune,
1641 504 1750 557 imo
1778 505 2086 569 crudeliter,
2121 510 2171 567 Α
2198 507 2512 579 [Simond.,
2545 513 2965 587 metropolitani]
3015 516 3305 588 Autgarius
3331 558 3344 583 ,
3379 517 3729 575 Hadabaldus
3755 563 3768 582 ,

518 589 781 646 fecerunt.
819 588 1016 657 Agitur
1058 594 1320 664 siquidem
1348 592 1502 663 justo,
1515 594 1719 662 judicio
1759 596 1852 650 Dei
1891 605 1949 650 ut
1969 598 2092 666 quia

515 680 568 734 in
603 679 814 735 cunctis
858 681 1245 754 delinquimus,
1292 686 1518 741 interius
1551 687 1712 742 simul
1756 695 1813 742 et
1853 690 2092 744 exterius

514 767 867 841 ﬂagellemur.
915 770 1204 831 Beneﬁciis
1225 778 1422 847 quippe
1449 779 1546 834 Dei
1589 779 1868 834 evidenter
1906 781 2094 836 existi-

515 877 636 917 mus
661 862 883 937 ingrati,
906 869 1158 936 quoniam
1181 869 1265 923 his
1290 886 1396 924 non
1421 871 1488 925 ad
1503 870 1830 926 voluntatem
1853 873 1970 938 Dei,
1997 874 2091 928 sed

513 955 580 1008 ad
619 955 834 1012 libitum
865 969 1109 1014 nostrum
1139 961 1411 1015 carnalem
1441 963 1518 1016 uti
1561 963 1885 1017 invenimur.
1915 962 1981 1018 Et
2010 963 2090 1020 id—

516 1045 665 1101 circo
700 1049 896 1103 merito
931 1058 1191 1105 creaturae
1225 1051 1319 1106 Dei
1346 1052 1506 1107 nobis
1531 1053 1790 1110 divinitus
1820 1070 2089 1111 concessae

516 1153 614 1202 pro
643 1137 754 1193 Deo
799 1149 987 1193 contra
1036 1155 1136 1194 nos
1182 1141 1419 1212 ingratos
1447 1153 1708 1213 pugnant,
1731 1143 1887 1213 juxta
1918 1146 2083 1201 illud:

520 1226 782 1297 I’ugnabit
828 1245 923 1298 pro
962 1247 1021 1284 eo
1073 1231 1215 1285 orbis
1260 1242 1522 1287 terrarum
1569 1236 2087 1292 contra-inserunt“

515 1317 670 1388 (Sap.
698 1335 752 1383 v,
780 1319 892 1390 2i).
926 1323 1124 1376 Verum
1155 1324 1280 1393 quia
1316 1332 1394 1379 tot
1427 1328 1600 1381 modis
1632 1343 1893 1384 vexamur
1925 1339 2087 1398 atque

513 1409 849 1476 percutimur
877 1451 891 1476 ,
923 1411 989 1465 ad
1031 1427 1155 1466 eum
1183 1428 1213 1466 a
1261 1429 1369 1484 quo
1401 1417 1736 1484 percutimur
1783 1425 1898 1473 toto
1925 1421 2087 1474 corde

511 1499 731 1570 dignum
766 1505 1242 1574 necessariumque
1264 1515 1350 1560 est
1376 1515 2085 1580 utrevertamur,quatenus

511 1591 639 1649 illud
667 1595 1040 1664 propheticum
1080 1598 1131 1651 in
1176 1598 1330 1656 nobis
1379 1599 1667 1670 impleatur
1695 1617 1803 1672 quo
1839 1603 2080 1658 dicitur:

513 1681 647 1738 Solo
668 1685 876 1739 vexatio
922 1686 1243 1742 intellectum
1286 1688 1430 1742 dabit
1460 1683 1668 1745 αωίὶιυί
1719 1687 1854 1764 (Isa.
1890 1706 2079 1763 xxvul,

513 1772 623 1845 i9).
679 1773 790 1831 Sed
813 1777 938 1846 quia
969 1778 1090 1846 pius
1128 1787 1181 1833 et
1208 1779 1447 1834 clemens
1487 1781 1748 1838 Dominus
1788 1785 1867 1839 sic
1905 1785 2082 1855 ipsum

511 1863 774 1937 ﬂagellum
797 1868 1109 1924 moderatur
1139 1878 1197 1924 ut
1223 1886 1328 1926 non
1361 1873 1428 1927 ad
1459 1872 1760 1940 interitum,
1785 1877 1879 1930 sed
1907 1877 2086 1946 potius
2114 1861 2159 1918 Β

509 1958 576 2014 ad
595 1959 992 2014 correctionem
1019 1969 1261 2019 nostram
1309 1961 1512 2019 inferre
1529 1965 1800 2032 videatur,
1830 1968 2089 2039 debemus

512 2047 563 2102 in
600 2057 893 2118 conspectu
941 2048 1059 2118 ejus
1085 2049 1354 2106 veraciter
1377 2053 1672 2122 humiliari,
1719 2065 1774 2110 et
1800 2056 1994 2113 faciem
2025 2060 2086 2114 il-

510 2138 612 2194 lius
649 2140 704 2193 in
731 2140 1066 2196 confessione
1093 2145 1414 2211 praevenire,
1442 2145 1667 2216 ejusque
1691 2148 1948 2217 pietatem
1969 2165 2090 2220 pro-

510 2230 594 2285 nis
625 2231 896 2287 mentibus
931 2247 1198 2298 exorare;
1231 2243 1291 2290 ut
1331 2237 1421 2304 qui
1466 2237 1596 2292 fecit
1641 2254 1742 2292 nos
1781 2235 2086 2306 justissima

507 2320 920 2388 dispensatione.
957 2320 1165 2389 ﬂagella
1209 2325 1446 2387 sentire,
1503 2326 1645 2380 sciat
1671 2328 1827 2381 nobis
1869 2338 2088 2396 peccata

507 2412 689 2470 nostra
726 2448 742 2474 ,
793 2424 891 2479 pro
930 2412 1127 2480 quibus
1169 2411 1315 2481 juste
1365 2416 1433 2471 ab
1483 2429 1549 2469 eo
1583 2415 1949 2487 ﬂagellamur,
1998 2435 2088 2474 co-

507 2513 788 2568 gnoscere,
821 2508 877 2554 et
906 2500 959 2555 in
987 2502 1183 2570 quibus
1208 2505 1443 2562 maxime
1471 2502 1622 2565 illum
1669 2506 2008 2571 offendimus,
2033 2517 2088 2564 et

509 2588 644 2644 iram
679 2588 821 2646 illius
867 2591 1282 2667 provocavimus
1309 2633 1324 2658 ,
1375 2593 1715 2650 manifestius
1745 2596 2042 2667 intelligere
2070 2640 2085 2663 ,

507 2685 564 2734 ut
591 2687 712 2750 post
730 2718 746 2744 ,
768 2693 833 2733 eo
854 2665 1166 2746 mise'rante,
1204 2697 1370 2752 prava
1399 2683 1698 2740 deserendo
1726 2694 1783 2741 et
1813 2665 2088 2756 corrigen-

505 2767 772 2833 do,.bona
799 2768 963 2822 etiam
994 2772 1275 2836 sectando,
1308 2778 1363 2826 et
1386 2780 1498 2827 tota
1526 2789 1648 2829 cum
1682 2776 1969 2831 devotione
1991 2795 2088 2832 ex-

508 2860 808 2928 sequendo,
847 2860 1122 2916 valeamus
1142 2876 1240 2932 per
1266 2864 1519 2934 Spiritum
1544 2865 1866 2922 humilitatis
1895 2877 1949 2923 et
1971 2869 2088 2923 ani-

506 2963 650 3004 mam
684 2951 974 3005 contritam
1024 2951 1351 3007 sacrificium
1394 2953 1506 3010 Deo
1559 2955 1798 3011 debitum
1843 2958 2038 3013 oﬂ’erre
2067 3001 2083 3024 ,

504 3041 752 3110 iramque
773 3040 916 3095 illius
944 3041 1330 3110 indignationis
1353 3044 1583 3098 evadere
1611 3085 1627 3108 ,
1656 3053 1712 3100 et
1739 3061 1836 3116 per
1870 3047 2083 3119 dignam

504 3147 905 3203 congruamque
959 3135 1353 3190 correctionem
1380 3175 1396 3200 ,
1447 3146 1503 3190 et
1537 3137 1803 3194 bonorum
1859 3155 2083 3208 operum

503 3199 888 3279 exhibitionem
917 3265 932 3290 ,
965 3226 1197 3296 gratiam
1223 3227 1339 3296 ejus
1365 3228 1764 3296 propitiationis
1794 3269 1809 3295 ,
1836 3199 1961 3286 licet
1998 3232 2080 3285 in-
2112 3199 2154 3257 (λ

508 3312 674 3383 digni,
727 3314 1050 3383 promereri.
1112 3313 1186 3369 At
1225 3317 1351 3385 quia
1389 3332 1488 3372 nos
1512 3318 1688 3388 magis
1711 3319 1764 3373 in
1809 3319 1911 3374 hoc
1966 3337 2089 3390 pec-

505 3414 657 3455 casse
687 3403 1090 3470 cognoscimus,
1124 3403 1214 3472 qui
1243 3403 1416 3459 forma
1456 3405 1650 3461 salutis
1680 3408 1931 3462 omnibus
1969 3424 2086 3464 esse

506 3491 810 3555 debuimus,
837 3501 891 3546 et
915 3492 1153 3546 omnium
1169 3507 1353 3548 curam
1379 3509 1585 3563 gerere,
1602 3505 1659 3551 et
1679 3511 1775 3566 per
1798 3499 2090 3552 auctorita-

507 3591 613 3637 tem
639 3582 972 3652 imperialem
1021 3599 1313 3653 pravorum
1339 3595 1482 3652 acta,
1536 3603 1606 3643 ne
1640 3596 1851 3644 tantum
1877 3605 2087 3646 accres-

503 3679 709 3734 cerent,
744 3671 1036 3741 corrigere,
1066 3675 1312 3742 cupimus
1341 3715 1355 3738 ,
1390 3676 1621 3732 Domino
1647 3679 1805 3734 nobis
1829 3679 2083 3749 propitio,

505 3763 558 3814 in
582 3771 869 3830 conspectu
892 3763 1106 3832 pietatis
1133 3764 1276 3818 illius
1304 3780 1400 3834 per
1416 3767 1635 3836 dignam
1654 3767 2085 3824 satisfactionem

508 3850 716 3904 veniam
754 3850 1000 3918 adipisci,
1027 3859 1081 3904 et
1113 3867 1211 3919 per
1225 3853 1640 3908 saluberrimam
1666 3859 2082 3923 correctionem,

506 3940 590 3995 vel
617 3942 924 4009 perbonum
951 3944 1212 4007 studium,
1237 3944 1378 4011 quod
1404 3952 1589 3998 nostra
1613 3946 1817 4000 desidia
1847 3956 1903 4001 et
1930 3948 2084 4018 igno-

507 4031 682 4084 rantia
743 4033 1005 4086 hactenus
1037 4031 1342 4102 neglectum
1401 4041 1516 4096 est,
1554 4035 1804 4089 consultu
1846 4034 2082 4090 fidelium

509 4129 748 4188 tempore
782 4132 1104 4190 opportuno,
1136 4131 1397 4190 quantum
1422 4123 1475 4176 in
1502 4125 1657 4176 nobis
1681 4132 1784 4188 est,
1808 4126 2089 4181 studiosis-

507 4212 641 4266 sime
665 4209 976 4276 emendare,
1024 4220 1078 4265 et
1105 4221 1345 4267 nostram
1386 4213 1441 4266 in
1480 4214 1585 4268 hoc
1613 4214 1948 4268 voluntatem
1972 4232 2086 4269 om-

508 4300 665 4355 nibus
688 4298 1025 4354 manifestam
1043 4298 1220 4355 facere
1260 4300 1602 4370 Quapropter
1619 4301 1910 4357 statuimus
1927 4310 2087 4372 atque

509 4391 846 4467 decrevimus
869 4405 990 4446 cum
1013 4391 1264 4446 consultu
1290 4393 1630 4448 sacerdotum
1661 4401 2088 4463 ceterorumque

511 4481 746 4537 ﬁdelium
773 4490 1112 4548 nostrorum,
1144 4482 1306 4552 hujus
1329 4482 1407 4536 rei
1434 4482 1629 4551 gratia,
1663 4483 2083 4552 obplacandum

512 4571 719 4627 scilicet
728 4581 913 4626 contra
931 4587 1029 4627 nos
1043 4572 1304 4641 uobisque
1316 4569 1588 4639 subjectos
1599 4572 1811 4626 Domini
1827 4570 1879 4624 fu
1887 4585 2081 4635 rorem,

513 4668 806 4716 conventus
819 4659 1132 4715 earumdem
1147 4661 1520 4730 episcoporum
1540 4661 1595 4714 in
1619 4670 1850 4728 quatuor
1875 4659 2084 4728 imperii

513 4750 682 4806 nostri
728 4749 860 4804 locis
881 4749 1368 4819 congruentissimc
1394 4749 1532 4804 fieri.
1559 4747 1746 4802 Primo
1793 4748 2003 4803 scilicet
2031 4749 2085 4802 in

515 4839 936 4910 Moguntiaccnsi
978 4839 1108 4895 urbe
1135 4879 1150 4903 ,
1193 4839 1284 4892 ubi
1323 4838 1647 4894 conveniant
1696 4838 2083 4906 archiepiscopi

589 5006 615 5034 ι
644 4993 719 5046 Ex
767 4988 1289 5060 prmfationediujus
1333 4990 1521 5060 synodi
1575 4989 1823 5060 quaedam
1882 4987 2085 5060 referre

515 5064 663 5132 juvat
690 5077 704 5114 :
738 5056 928 5114 (Cum
958 5057 1160 5126 liquido
1189 5056 1374 5132 pateat
1393 5058 1710 5132 Ecclesiam,
1739 5072 1902 5132 quam
1933 5056 2086 5132 Chri-

518 5125 652 5196 stus,
684 5131 774 5197 qui
799 5144 923 5185 eam
946 5125 1043 5183 suo
1065 5125 1284 5197 proprio
1308 5129 1566 5197 sanguine
1593 5127 1842 5197 redemit,
1868 5125 2085 5197 suisque

516 5193 833 5257 orth'odoxis
876 5193 1088 5253 famulis
1113 5193 1382 5251 Ludovico
1414 5193 1485 5248 'et
1529 5195 1789 5249 Lothario
1839 5193 2084 5262 gloriosis

521 5269 773 5340 Augustis
810 5269 1098 5340 regendam
1134 5267 1486 5340 tuendamque
1512 5265 1850 5340 committere
1876 5262 2082 5316 occulta

520 5333 1037 5410 suaidispensaftione
1065 5336 1252 5410 voluit,
1289 5335 1623 5410 diversorum
1654 5333 1961 5410 morborum
1993 5345 2085 5399 ge-

523 5400 741 5462 neribus
777 5405 934 5470 affici,
965 5404 1207 5458 cladibus
1248 5401 1552 5456 multifariis
1584 5401 1809 5462 conteri,
1843 5400 2080 5470 divinum

521 5483 710 5531 contra
748 5489 808 5529 se
856 5468 1166 5528 mucronem
1207 5473 1431 5526 interius
1467 5470 1830 5538 exteriusque,
1877 5468 2082 5538 meritis

521 5542 883 5613 exigentibus,
912 5542 1487 5613 grassari,_plagasque
1518 5554 1652 5613 quas
1681 5537 1938 5613 Dominus
1969 5537 2080 5590 suis

518 5606 681 5680 jussis
721 5606 940 5667 obedire
971 5606 1314 5672 nolentibus:
1344 5606 1437 5664 sed
1486 5606 1663 5680 potius
1695 5609 1760 5660 ad
1791 5606 1929 5660 mala
1965 5621 2084 5672 qua:

521 5677 690 5736 vetuit
729 5681 1029 5735 labentibus
1071 5680 1447 5733 interminatus
1483 5686 1588 5742 est,
1631 5677 1967 5729 incessanter
1991 5689 2086 5727 ex-

523 5752 715 5814 periri;
762 5752 919 5804 iidem
954 5749 1061 5801 Deo
1102 5749 1239 5807 pleni
1277 5749 1546 5813 principes
1575 5746 1786 5800 caelitus
1814 5743 2077 5812 inspirati,

2112 4525 2163 4582 D

2195 599 2376 665 Hethi,
2408 602 2709 657 Bernuinus
2734 644 2748 668 ,
2795 620 2915 658 cum
2948 606 3304 677 suifraganeis
3344 609 3475 664 suis.
3517 610 3773 666 Secundo

2195 705 2406 759 quoque
2433 691 2484 745 in
2509 691 2838 749 Parisiorum
2863 695 3015 761 urbe,
3034 698 3138 774 .ubi
3170 696 3383 753 futurus
3407 701 3634 756 antistes
3668 699 3772 755 Se-

2191 780 2439 845 nonicus,
2476 788 2531 834 et
2551 780 2726 848 Ebho,
2756 782 3111 855 Ragnoardus
3135 794 3192 839 et
3234 786 3611 848 Landramnus
3640 805 3769 842 cum

2192 869 2546 941 suﬂ'raga’neis
2575 872 2688 926 suis
2718 874 3056 928 conveniant.
3088 873 3272 928 Tertio
3302 888 3433 928 vero
3461 877 3603 944 apud
3631 875 3773 944 Lug-

2191 958 2412 1024 dunum,
2440 959 2532 1014 ubi
2559 959 2892 1030 Agobardus,
2924 961 3246 1025 Bernardus,
3278 962 3554 1026 Andreas,
3595 961 3769 1017 Bene-

2190 1049 2385 1113 dictus,
2408 1041 2668 1118 Agericus
2693 1066 2813 1105 cum
2837 1051 3190 1119 suﬂ'raganeis
3218 1051 3334 1107 suis
3359 1051 3613 1105 similiter
3637 1066 3770 1106 con-

2187 1141 2422 1195 veniant.
2440 1140 2642 1208 Quarto
2663 1142 2827 1196 etiam
2848 1144 2987 1212 apud
2997 1141 3246 1198 Tolosam
3256 1144 3472 1208 urbem,
3487 1159 3595 1214 quo
3607 1143 3768 1197 simul

2187 1235 2507 1288 conveniant
2520 1233 2713 1299 Notho,
2731 1233 3168 1299 Bartholomaaus,
3179 1234 3507 1297 Adalelmus,
3521 1233 3770 1304 Agiulfus

2186 1340 2306 1381 cum
2324 1325 2674 1398 suﬂ‘raganeis
2698 1327 2826 1381 suis.
2845 1323 2900 1379 in
2922 1325 3116 1396 quibus
3127 1327 3482 1381 conventibus
3503 1331 3767 1386 tractare,

2186 1431 2449 1486 quaerere,
2500 1425 2555 1473 et
2601 1432 2723 1471 cum
2754 1417 2848 1472 Dei
2881 1417 3148 1485 adjutorio
3193 1417 3441 1472 invenire
3477 1417 3676 1470 debent
3703 1417 3770 1470 de

2186 1509 2363 1563 causis
2408 1509 2474 1564 ad
2511 1509 2822 1578 religionem
2851 1509 3214 1564 Christianam
3244 1518 3298 1563 et
3345 1523 3538 1563 eorum
3573 1523 3760 1563 curam

2185 1603 2602 1672 pertinentibus,
2644 1604 2771 1672 quid
2795 1620 2824 1657 a
2849 1604 3185 1674 principibus
3224 1613 3279 1659 et
3301 1604 3512 1672 reliquo
3534 1604 3757 1674 populo.

2184 1692 2270 1746 vel
2296 1694 2371 1747 ita
2405 1701 2464 1746 ut
2510 1693 2690 1748 divina
2727 1695 3024 1749 auctoritas
3059 1694 3217 1748 docet
3246 1701 3339 1747 aut
3379 1691 3544 1748 aliter
3585 1703 3768 1748 tenea-

2186 1789 2292 1846 tur,
2319 1782 2405 1837 vel
2426 1782 2554 1852 quid
2586 1783 2712 1837 inde
2749 1799 2816 1838 ex
2841 1792 2996 1854 parte
3021 1783 3103 1836 vel
3130 1799 3195 1837 ex
3229 1791 3341 1838 toto
3382 1784 3670 1837 dimissum
3701 1782 3772 1837 sit

2189 1886 2250 1930 ut
2277 1892 2382 1930 non
2444 1882 2710 1930 teneatur.
2761 1875 2963 1930 Deinde
3008 1875 3135 1944 quid
3165 1875 3217 1928 in
3251 1875 3494 1944 ipsorum
3531 1874 3624 1943 qui
3656 1890 3771 1943 pas-

2191 1974 2336 2020 tores
2360 1965 2541 2035 populi
2569 1965 2847 2020 constituti
2889 1972 3019 2020 sunt
3066 1965 3328 2029 moribus,
3357 1966 3773 2036 conversatione

2187 2063 2242 2110 et
2272 2056 2482 2110 actibus
2509 2055 2739 2110 inveniri
2762 2055 2934 2125 possit
2954 2055 3094 2125 quod
3121 2054 3317 2109 divinae
3363 2053 3566 2124 regulas
3612 2062 3773 2122 atque

2188 2146 2497 2200 auctoritati
2525 2162 2632 2201 non
2658 2147 2948 2202 concordet
2975 2163 2989 2208 ;
3023 2146 3290 2215 simulque
3334 2145 3621 2198 inveniant
3645 2160 3763 2212 quae

2187 2235 2499 2292 occasiones
2546 2237 2599 2290 in
2654 2243 2884 2305 utroque
2935 2236 3127 2291 ordine
3195 2234 3247 2288 id
3283 2233 3578 2288 eﬂecerint
3637 2243 3698 2286 ut
3743 2249 3770 2286 a

2189 2331 2339 2379 recto
2361 2324 2580 2378 tramite
2610 2324 2883 2378 deviatum
2916 2324 3006 2378 sit.
3033 2324 3099 2377 Et
3119 2323 3379 2392 quidquid
3410 2324 3478 2376 de
3516 2322 3606 2376 his
3644 2337 3769 2374 cau-

2189 2417 2263 2472 sis
2290 2417 2567 2471 inventum
2599 2411 2781 2480 fuerit,
2812 2423 2920 2469 tam
2950 2414 3136 2470 solerti
3163 2429 3291 2468 cura
3330 2414 3676 2468 custodiatur
3713 2423 3770 2465 ut

2187 2508 2492 2563 nullatenus
2514 2506 2580 2563 ad
2615 2507 2844 2561 aliorum
2874 2507 3120 2565 notitiam
3140 2505 3425 2575 pervenire
3451 2504 3769 2574 permittant

2188 2605 2313 2656 ante
2359 2604 2569 2666 tempus
2623 2596 2995 2650 constitutum.
3056 2594 3124 2648 Et
3175 2595 3294 2648 ideo
3333 2610 3475 2649 unus
3522 2592 3768 2648 notarius

2189 2688 2330 2742 inter
2349 2700 2534 2741 omnes
2564 2686 2794 2756 eligatur
2821 2686 2913 2757 qui
2939 2686 3080 2754 quod
3095 2685 3190 2754 ipsi
3227 2686 3538 2740 invenerint
3569 2684 3766 2739 descri-

2186 2778 2300 2842 bat,
2322 2783 2378 2830 et
2405 2777 2518 2846 ipse
2531 2774 2630 2830 sub
2647 2773 2956 2844 juramento
2976 2775 3303 2830 constrictus
3321 2789 3385 2829 ea
3405 2790 3529 2844 qua:
3550 2777 3763 2828 inventa

2187 2873 2242 2919 et
2269 2865 2474 2935 digesta
2504 2861 2706 2918 fuerint
2729 2862 3013 2935 diligenter
3029 2862 3364 2933 fideliterque
3387 2870 3679 2921 conservet

2752 2973 3084 3030 EPISTOLA
3123 2974 3191 3028 X.

2188 3081 2418 3123 spissam
2440 3080 2493 3120 ιιι
2520 3077 2546 3105 ι
2573 3079 2772 3121 svsono
2801 3079 3093 3121 PABISIENSI
3133 3080 3269 3120 uno
3292 3064 3398 3120 829
3429 3080 3760 3144 CONGEEGA‘H

2326 3151 2395 3190 AD
2441 3150 2742 3191 LUDOVICUI
2768 3151 2838 3189 ET
2881 3151 3190 3190 LOTHARIUI
3227 3150 3624 3191 ικρειλτοιιεε.

2785 3225 2972 3296 (Anno
3010 3225 3164 3294 899.)

2189 3316 2365 3442 [Agud
2390 3317 2453 3371 D.
2489 3317 2750 3388 Bouquet.
2773 3357 2787 3382 ,
2833 3316 3156 3399 Recueifdes
3193 3319 3339 3399 hist"
3384 3328 3518 3370 tom.
3569 3317 3658 3378 Vl,
3696 3333 3760 3372 ex

2299 3386 2567 3442 irmondo.
2610 3396 2754 3442 tomo
2794 3386 2836 3441 ιι
2887 3384 3086 3441 Cancri.
3117 3383 3326 3442 Galliae.
3373 3402 3496 3442 nati.
3539 3385 3693 3442 542.1

2299 3386 2567 3452 irmondo,
2610 3383 2754 3442 toruo
2794 3386 2836 3441 ιι
2887 3384 3086 3441 Concil.
3117 3383 3326 3450 Galliae,
3373 3402 3496 3456 pag.
3539 3385 3693 3457 542.]

2258 3498 2498 3552 Dominis
2519 3497 2978 3567 praestantissimis
3004 3505 3057 3552 et
3076 3497 3290 3567 pietatis
3310 3496 3482 3567 gratia
3505 3496 3760 3565 praditis,

2188 3587 2460 3642 Ludovico
2488 3597 2541 3642 et
2566 3586 2822 3642 Lothario
2851 3586 3166 3642 orthodoxis
3193 3595 3356 3655 atque
3393 3587 3760 3645 invictissimi:

2186 3681 2460 3751 Augustis.

2257 3770 2368 3825 Nos
2405 3770 2590 3824 famuli
2624 3770 2810 3835 vestri,
2856 3771 3101 3840 quamvis
3137 3769 3369 3839 indigni,
3417 3779 3599 3824 tamen
3649 3772 3757 3840 epi-

2189 3861 2356 3928 scopi,
2425 3861 2536 3914 Deo
2577 3859 2854 3913 humiliter
2909 3866 3088 3926 grates
3137 3858 3495 3928 persolvimus
3540 3858 3757 3929 ejusque

2189 3949 2507 4004 immensam
2561 3950 2817 4018 pietatem
2861 3957 2917 4004 et
2958 3949 3342 4016 benignitatem
3395 3950 3756 4005 collaudamus

2187 4045 2242 4091 et
2269 4038 2646 4105 praedicamus,
2689 4038 2780 4106 qui
2807 4053 2904 4094 vos
2940 4037 3074 4092 adeo
3104 4039 3158 4108 in
3191 4039 3271 4091 sui
3308 4053 3551 4092 amorem
3597 4039 3751 4094 devo~

2188 4125 2426 4179 tissimos
2473 4125 2700 4179 famulos
2731 4141 2857 4179 suos
2886 4125 3115 4195 ﬂagrare
3144 4125 3291 4190 facit,
3331 4136 3393 4181 ut
3429 4128 3495 4182 de
3519 4126 3752 4196 profectu

2185 4225 2240 4269 et
2266 4215 2592 4270 exaltatione
2619 4223 2820 4270 sancta}
2850 4229 2958 4270 suae
2994 4215 3244 4269 Ecclesia:
3273 4215 3643 4271 indesinenter
3668 4231 3750 4271 co-

2189 4306 2393 4374 gitetis,
2423 4319 2649 4372 eamque
2676 4313 2738 4359 ut
2760 4315 2886 4374 pote
2911 4312 3138 4357 matrem
3183 4304 3500 4370 spiritalem,
3532 4305 3669 4358 sicut
3692 4305 3749 4358 ti-

2190 4393 2335 4448 deles
2362 4399 2416 4446 et
2453 4392 2631 4447 dilecti
2671 4391 2940 4462 spiritales
2968 4390 3085 4454 ﬁlii,
3122 4391 3189 4444 ad
3216 4391 3438 4445 meliora
3467 4400 3520 4446 et
3549 4394 3746 4461 potiora

2192 4493 2401 4551 semper
2420 4481 2714 4550 provehere
2740 4479 3018 4535 studeatis.
3037 4477 3171 4533 Nam
3192 4494 3311 4532 cum
3334 4495 3522 4534 mucro
3544 4481 3748 4535 divinus

2192 4577 2474 4645 imperium
2505 4575 2657 4628 vobis
2683 4571 2936 4627 divinitus
2970 4571 3313 4629 commissum
3359 4571 3585 4625 interius
3609 4583 3748 4626 exte-

2193 4666 2427 4734 riusque,
2458 4663 2650 4717 merito
2689 4669 2889 4715 nostra:
2915 4659 3210 4728 iniquitatis
3233 4697 3248 4722 ,
3278 4657 3588 4712 multifariis
3614 4669 3745 4715 atte-

2193 4770 2333 4814 reret
2363 4755 2619 4815 cladibus,
2644 4753 2937 4822 prudenter
2965 4749 3452 4804 animadvertentes
3474 4749 3624 4816 quod-
3641 4749 3745 4803 haec

2192 4847 2401 4904 nonnisi
2427 4844 2572 4914 justo
2599 4843 2692 4897 Dei
2715 4842 2918 4911 judicio
2944 4839 3236 4901 evenirent,
3267 4837 3407 4892 illico
3435 4838 3649 4906 scriptis
3669 4851 3744 4891 se-

2193 4981 2434 5036 consulto
2471 4981 2537 5033 ad
2573 4978 2740 5032 Deum
2781 4977 2993 5046 dignam
3036 4974 3436 5046 conversionem
3479 4973 3744 5046 iudicave-

2194 5060 2317 5104 runt
2341 5064 2460 5104 esse
2480 5040 2889 5102 faciendumnfu
2914 5058 3100 5098 eorum
3124 5043 3300 5105 saluti,
3332 5040 3484 5107 juxta
3514 5042 3743 5096 ministe.

2194 5121 2329 5172 rium
2359 5118 2512 5172 nobis
2544 5117 2812 5188 collatum,
2846 5112 3122 5188 consulere
3148 5114 3468 5188 cupientes,
3503 5125 3643 5163 anno
3666 5111 3742 5188 in-

2191 5189 2517 5242 carnationis
2543 5185 2750 5239 Domini
2787 5196 3064 5244 ncccnix,
3095 5179 3365 5234 Ludovico
3401 5178 3611 5246 filioque
3637 5179 3740 5245 ejus

2190 5258 2464 5318 Lothario,
2508 5257 2604 5309 sub
2629 5256 2715 5308 die
2745 5268 2839 5306 vui
2878 5251 3062 5304 Iduum
3096 5247 3396 5310 Iuniarum,
3425 5262 3525 5300 nos
3550 5248 3737 5317 indigni

2189 5327 2442 5394 episcopi,
2474 5341 2539 5394 ea:
2577 5323 2795 5394 dioecesi
2822 5320 3025 5394 scilicet
3052 5319 3486 5394 Duyocoytoyum
3517 5331 3612 5368 nec
3641 5331 3738 5394 non

2193 5375 2495 5448 éi’iiié’cbfsi
2513 5375 2774 5446 Senonica
2797 5399 2852 5463 et
2871 5375 3315 5463 Turonica'atqu'e
3339 5375 3736 5463 Rothomagica.

2190 5464 2327 5533 apud
2360 5462 2686 5533 Parisiorum
2732 5460 2916 5533 urbem
2943 5451 3288 5533 convenimus
3333 5463 3394 5533 et_
3429 5451 3657 5533 qualiter
3681 5453 3738 5505 dc

2188 5522 2345 5598 paulo
2368 5531 2613 5599 superius
2634 5527 2920 5597 praemissis
2942 5525 3138 5599 causis,
3152 5523 3305 5599 juxta
3329 5522 3737 5599 admonitionem

2189 5590 2500 5653 eorumdém
2531 5590 2850 5674 principum,
2890 5595 3154 5674 egerimus
3191 5591 3287 5674 vel.
3315 5590 3737 5674 tractaverimus,

2191 5670 2242 5720 in
2301 5658 2750 5735 subsequentibus
2798 5658 3033 5719 breviter
3091 5659 3420 5732 capitulatim
3491 5658 3738 5712 adnotare

2190 5753 2508 5791 curanmus.
2549 5757 2566 5787 ι
