3924 6328
238 412 262 464 1
273 411 377 465 523

1640 393 1990 451 EPISTOLIE
2000 433 2012 447 .
3070 372 3083 388 “
3330 378 3467 435 159.8

232 527 484 584 renitatis
518 532 709 577 vestra:
734 533 872 574 anno
910 516 1196 586 prmteritq.
1215 520 1436 568 cunctos
1459 510 1803 566 ecclesiarum
1835 510 1875 568 Α
1908 517 2245 573 nequaquam
2278 510 2454 555 tamen
2485 499 2601 552 haec
2646 511 2764 565 qua:
2799 494 3099 566 specialiter
3135 492 3201 546 ad
3233 500 3467 565 vestram

232 628 483 692 pastores
509 612 885 674 admonuistis,
914 617 972 662 ut
998 608 1121 677 quia
1162 604 1445 660 constabat
1484 615 1577 656 eos
1614 615 1802 669 specu-

235 713 439 769 latores
469 709 680 767 Domini
720 706 978 766 existere,
1018 708 1072 755 et
1099 699 1331 770 gladium
1362 696 1600 751 divinum
1645 707 1809 762 super

235 814 459 867 terram,
489 801 542 856 id
569 809 654 854 est
689 813 850 867 super
872 803 1206 865 peccatores,
1247 788 1504 860 grassari,
1548 786 1809 841 memine-

235 896 347 950 rint
370 888 754 964 speculationis
771 901 880 942 sua:
898 893 953 939 et
971 881 1175 951 jejunio
1201 881 1451 934 triduano
1471 878 1538 930 ab
1562 874 1810 930 omnibus

237 985 564 1055 generaliter
590 988 833 1052 peracto,
863 974 1235 1044 unusquisque
1270 973 1323 1026 in
1358 969 1595 1038 quolibet
1621 967 1809 1022 ordine

238 1075 468 1146 positus,
496 1071 784 1139 diligenter
805 1064 1188 1121 conscientiam
1216 1075 1368 1116 suam
1397 1058 1727 1119 conveniret,
1755 1064 1810 1110 et

239 1166 330 1221 ubi
367 1180 426 1219 se
461 1163 630 1216 Deum
662 1156 950 1214 offendisse
995 1150 1353 1223 cognoscebat
1396 1154 1667 1201 maturato
1712 1161 1809 1214 per

238 1255 570 1326 poenitentiae
614 1247 1032 1306 satisfactionem
1068 1242 1342 1311 corrigere
1394 1253 1500 1292 non
1547 1235 1804 1290 diﬁ’erret.

240 1347 297 1402 ln
322 1346 520 1417 quibus
564 1343 727 1396 etiam
754 1337 996 1408 apicibus
1026 1334 1266 1387 inserere
1305 1329 1458 1383 vobis
1497 1326 1700 1396 placuit
1726 1333 1804 1388 ut,

238 1439 287 1495 si
323 1439 467 1493 Deus
507 1449 698 1505 pacem
724 1431 960 1499 undique
985 1433 1041 1482 et
1062 1425 1229 1478 otium
1258 1421 1408 1476 vobis
1442 1420 1723 1481 tribueret,
1753 1417 1805 1470 in

241 1534 346 1584 hoc
366 1525 620 1597 placitum
633 1529 872 1576 vestrum
894 1513 1145 1588 generale
1157 1523 1472 1566 consumere
1486 1507 1804 1570 voluissetis,

241 1625 304 1673 ut
327 1617 560 1687 primum
588 1608 846 1682 quidquid
872 1607 926 1661 in
964 1605 1138 1668 vobis,
1190 1603 1241 1656 id
1275 1609 1361 1660 est
1406 1603 1459 1653 in
1497 1612 1724 1667 persona
1753 1603 1808 1649 et

241 1709 545 1766 ministerio
561 1712 764 1772 vestro,
794 1699 1173 1771 corrigendum
1198 1695 1549 1756 inveniretur,
1579 1690 1807 1744 Domino

239 1799 535 1856 auxiliante
565 1792 932 1864 corrigeretis.
960 1787 1160 1843 Deinde
1188 1797 1517 1854 quaecunque
1547 1781 1600 1834 in
1628 1779 1806 1835 omni-

1909 609 2193 665 personam
2249 590 2713 657 ministeriumque
2765 586 3032 655 pertinere
3091 581 3474 653 cognovimus,

1909 684 2161 740 oblivioni
2203 680 2524 736 tradidimus
2552 693 2566 731 :
2590 678 2681 732 sed
2709 677 2886 746 potius
2919 682 3112 728 vestrm
3148 671 3303 727 saluti
3344 686 3472 741 pro-

1909 778 2196 847 spicientes
2216 815 2234 839 ,
2263 772 2518 828 nonnulla
2547 769 2781 837 capitula
2820 765 3124 824 necessaria
3151 763 3207 818 in
3236 763 3473 826 secundo

1909 866 2066 935 hujus
2093 865 2271 937 Operis
2301 862 2500 926 libello,
2531 859 2604 914 ad
2643 873 2836 913 nomen
2866 855 3329 923 ministeriumque
3350 868 3471 912 rest

1910 967 2048 1014 trum
2094 955 2448 1028 pertinentia,
2491 952 2896 1023 periculumque
2929 946 3259 1013 cavendum,
3291 945 3473 1019 solch

1907 1052 2084 1109 studio
2128 1049 2512 1122 congessimus,
2555 1054 2608 1113 et
2658 1044 2810 1098 vobis
2856 1038 3196 1095 familiariter
3234 1037 3477 1097 admonie

1910 1141 2070 1197 tionis
2097 1139 2269 1212 gratia
2295 1135 2623 1209 porrigenda
2663 1131 2993 1195 devovimus,
3021 1136 3080 1182 ut
3104 1142 3166 1181 ea
3194 1127 3479 1196 diligenter

1907 1229 2239 1302 aspiciendo,
2273 1225 2499 1297 legendo
2546 1230 2600 1277 et
2632 1218 2916 1284 audiendo,
2957 1223 3140 1286 aperte
3180 1223 3341 1284 atque
3367 1216 3480 1269 dis-

1909 1329 2072 1383 tincte
2123 1332 2305 1380 vestra
2331 1326 2622 1393 cognoscat
2664 1315 2943 1378 celsitudo,
2973 1312 3041 1367 de
3070 1309 3266 1380 quibus
3289 1315 3345 1362 et
3369 1319 3469 1375 pro

1908 1421 2101 1490 quibus
2127 1419 2180 1472 in
2205 1414 2519 1478 memoratis
2550 1409 2901 1466 conventibus
2935 1404 3157 1467 nostris,
3185 1399 3474 1455 secundum

1908 1487 2102 1563 virium
2135 1515 2444 1564 nostrarum
2469 1500 2878 1573 possibilitatem
2910 1495 3138 1550 ﬁdeliter
3157 1487 3478 1545 salubriter-

1909 1613 2014 1668 que
2059 1595 2343 1667 egerimus.
2391 1591 2600 1646 Ahhinc
2641 1594 2938 1656 seququ
2980 1582 3222 1651 quaedam
3261 1591 3380 1647 qua:
3413 1589 3480 1628 ex

1910 1685 2159 1756 capitulis
2179 1690 2474 1743 conventus
2499 1678 2670 1734 nostri
2690 1676 2926 1731 breviter
2949 1669 3334 1738 decerpsimus,
3361 1677 3482 1733 qua:

1910 1753 1992 1829 ad-
2005 1774 2248 1828 nostram
2263 1800 2266 1804 ι
2281 1778 2338 1825 et
2356 1768 2591 1824 ﬁdelium
2612 1774 2918 1820 vestrorum
2947 1759 3204 1813 laicorum
3228 1753 3484 1808 observa-

236 1889 342 1946 bus
368 1887 650 1944 ordinibus
683 1847 894 1970 imperii
923 1877 1087 1932 vestri
1262 1847 1607 1944 displicerent
1633 1869 1811 1940 inqui-
1837 1861 1884 1920 B
1912 1865 2114 1919 tionem
2145 1871 2201 1917 et
2237 1860 2468 1915 salutem
2496 1853 2823 1921 pertinentia
2841 1892 2856 1916 ,
2887 1847 3188 1915 necessaria
3217 1857 3338 1899 esse
3358 1854 3484 1911 pcr-

928 1968 938 1970 -
1108 1967 1118 1970 _
1952 1969 1962 1970 ,
1984 1968 1997 1970 _
2047 1953 2181 1970 0A-“-
2236 1949 2436 1970 n-|_:_-
2484 1951 2784 1970 --._.-.......-
2809 1941 2908 1970 ηις-
2937 1952 3055 1970 ηπ...
3079 1943 3273 1970 ωσι-φ
3295 1928 3481 1970 ηειδωή

237 1979 456 2041 reretis,
488 1984 544 2032 et
569 1928 862 2030 secundum
895 1968 1012 2038 ejus
1036 1928 1368 2022 voluntatem
1387 1977 1510 2017 cum
1544 1928 1813 2016 consensu
1909 1953 2208 2024 speximus.
2234 1949 2438 2004 Dehinc
2479 1951 2784 2015 sequuntur
2809 1941 2912 1996 alia
2937 1952 3055 2008 qua
3079 1943 3273 1990 vestra:
3295 1928 3484 2000 pietati

240 2028 480 2126 ﬁdelium
495 2028 808 2122 vestrorum
831 2062 899 2118 ad
921 2028 1200 2116 tramitem
1231 2053 1570 2111 rectitudinis
1591 2065 1813 2110 revoea—
1909 2041 2244 2118 depascenda
2271 2039 2428 2099 valde
2451 2035 2688 2101 salubria
2715 2047 2838 2089 esse
2855 2028 3232 2100 indicavimus.

239 2160 410 2224 retis;
450 2156 656 2212 scilicet
701 2161 765 2209 ut
786 2166 909 2208 eum
955 2148 1106 2203 vobis
1133 2145 1434 2216 populoque
1475 2142 1628 2197 vobis
1656 2153 1811 2194 com-

243 2250 414 2306 misso
436 2246 725 2317 propitium
743 2238 1016 2296 faceretis.
1041 2236 1148 2291 Sed
1168 2235 1294 2304 quia
1314 2241 1526 2300 tempus
1545 2236 1808 2298 optatum,

239 2339 605 2398 exterioribus
619 2332 1016 2390 incursionibus
1029 2324 1499 2397 praepedientibus,
1519 2319 1813 2375 secundum

241 2433 568 2490 desiderium
595 2435 833 2484 vestrum
858 2421 1001 2480 nacti
1025 2434 1131 2474 non
1161 2417 1315 2478 estis,
1346 2414 1501 2469 libuit
1533 2410 1812 2467 serenitati

241 2530 438 2578 vestrae
481 2531 604 2574 cum
655 2511 975 2586 quibusdam
1009 2506 1253 2561 fidelibus
1292 2501 1489 2558 vestris
1540 2499 1814 2570 praeterita

244 2617 424 2673 hieme
443 2610 702 2681 placitum
727 2605 948 2668 habere,
971 2609 1027 2654 et
1057 2598 1124 2653 de
1150 2595 1236 2650 bis
1257 2607 1376 2662 quae
1393 2591 1670 2662 praemissa
1692 2594 1817 2642 sunt

245 2706 535 2775 diligenter
572 2704 827 2763 tractare,
861 2691 1064 2758 Deique
1099 2685 1429 2746 voluntatem
1463 2692 1728 2749 quaerere,
1763 2682 1820 2731 et

246 2769 504 2850 Ecclesiae
529 2788 682 2843 vobis
712 2781 1013 2839 commissae
1035 2776 1324 2832 utilitatem
1342 2769 1643 2840 providere.
1673 2771 1820 2832 Qua-

248 2891 468 2956 propter
493 2881 559 2936 de
583 2875 831 2933 omnibus
856 2885 971 2941 qua
1001 2867 1069 2922 ad
1104 2874 1313 2956 tempus
1341 2855 1715 2915 emendatione
1737 2853 1818 2907 di-

249 2940 367 3045 Igna-
379 2972 495 3026 visa
535 2974 676 3031 sunt,
709 2940 948 3028 congrua
976 2950 1212 3025 capitula
1243 2948 1508 3004 serenitas
1537 2951 1717 2998 vestra
1745 2940 1810 2995 di-

249 3031 437 3134 gessit,
467 3058 780 3126 legatosque
804 3057 1053 3104 strenuos
1079 3039 1363 3103 delegavit,
1401 3044 1461 3089 ut
1494 3047 1594 3104 per
1629 3031 1819 3086 eadem

2467 2143 2794 2204 EPISTOLA
2830 2139 2920 2194 XI.

1981 2235 2226 2278 ωυονιοι
2265 2235 2333 2273 Δι’)
2360 2231 2625 2272 Αιιδιιουιι
2655 2225 2945 2267 ιριδοθνυι
2974 2216 3410 2273 εευοιιληεισωιι.

2054 2321 2135 2375 De
2153 2318 2466 2392 quibusdam
2495 2314 2647 2368 rebus
2677 2311 2923 2366 alienatis
2953 2308 3066 2377 ejus
3093 2304 3342 2360 ecclesia.

2513 2405 2687 2477 (Anno
2729 2400 2881 2477 εδδ.)

2183 2495 2392 2561 Baluz.,
2422 2495 2515 2551 lib.
2552 2511 2616 2549 tu
2644 2489 2865 2546 Iliaca“.
2886 2528 2902 2555 ,
2941 2502 3064 2558 pag.
3091 2480 3237 2555 £65.]

1985 2592 2041 2658 in
2074 2590 2290 2645 nomine
2327 2587 2538 2641 Domini
2568 2584 2663 2640 Dei
2701 2590 2757 2638 et
2796 2578 3096 2639 Salvatoris
3142 2574 3316 2630 nostri
3356 2569 3484 2630 JeSu

1917 2680 2140 2746 Christi,
2177 2677 2499 2741 Ludovicus,
2548 2674 2726 2729 divina
2750 2668 3137 2743 repropitiante
3177 2662 3484 2722 clementia,

1919 2785 2210 2852 imperator
2246 2778 2538 2847 Augustus,
2584 2771 2802 2827 Aldrico
2844 2763 3412 2832 venerabiliepiscopo
3435 2768 3490 2820 et

1918 2871 2062 2926 ﬁdeli
2088 2877 2274 2924 nostro
2303 2866 2551 2920 salutem.

1988 2960 2209 3023 Noverit
2249 2967 2340 3012 tua
2391 2952 2656 3009 industria
2699 2949 2824 3020 quia
2854 2947 3053 3010 missus
3094 2951 3217 3001 tuus
3245 2947 3487 2995 nostram

1921 3053 2053 3108 adiit
2086 3046 2426 3120 praesentiam
2474 3045 2818 3097 innotescens
2843 3035 2986 3106 quod
3027 3033 3245 3104 quidam
3275 3025 3492 3101 vassalli

252 3119 489 3222 ἓθβίίωθ
516 3153 572 3199 el
602 3119 800 3212 ﬂag—ma
835 3136 1103 3192 malorum
1141 3128 1419 3222 ιιθφίξωω
1450 3124 1823 3222 Ρυηίτωθῑχθι
1849 3187 1891 3222 ρ
1925 3119 2115 3206 nostri,
2140 3135 2543 3200 Ghermundus,
2573 3126 2886 3191 Vulfardus,
2917 3122 3248 3187 Bercbadus,
3268 3119 3418 3174 Bodo
3441 3127 3496 3174 et

252 3187 489 3222 νειμ-ι...-
516 3187 572 3199 ν.
602 3187 800 3212 Mum—
835 3187 972 3192 -πη
1024 3187 1029 3188 ν
1452 3187 1470 3194 -
1925 3187 2115 3206 ...,--..,
2146 3187 2391 3196 ν---ηηρ
2529 3187 2542 3200 ,
2870 3187 2881 3191 _

251 3243 517 3298 bonorum
543 3234 757 3290 “Itidem
785 3236 985 3285 νθειτε
1009 3219 1312 3279 θειεηιιάίηί
1339 3219 1699 3271 umescere“
1737 3208 1824 3298 mf
1849 3187 1893 3247 Ο
1928 3230 2108 3289 socius
2136 3241 2284 3290 suus,
2312 3221 2572 3278 beneﬁcia
2600 3234 2667 3274 ex
2704 3226 2794 3272 tuo
2817 3213 3090 3287 episcopio
3117 3211 3339 3274 habent,
3376 3221 3494 3278 qua:

253 3339 338 3387 ter
356 3344 474 3399 qua:
502 3325 670 3381 etiam
691 3317 979 3378 statuistis.
1005 3313 1062 3369 in
1087 3317 1318 3382 quatuor
1341 3303 1585 3377 partibus
1610 3296 1821 3368 imperii

251 3397 420 3479 vestri
448 3423 747 3474 conventus
788 3409 1168 3480 episcoporum
1207 3414 1316 3455 uno
1344 3397 1642 3462 eodemque
1689 3398 1825 3444 tem-

252 3528 387 3588 pore
417 3510 554 3573 ﬁeri,
593 3509 645 3563 in
675 3504 872 3576 quibus
920 3500 1230 3557 tractarent,
1279 3492 1616 3588 quaererent,
1649 3490 1827 3583 oatque

255 3570 379 3661 cum
406 3599 498 3654 Dei
523 3570 791 3663 adiutorio
815 3586 1120 3644 invenirent
1137 3582 1203 3637 de
1227 3576 1407 3634 causis
1426 3575 1492 3629 ad
1513 3570 1828 3641 religionem

256 3659 644 3750 Christianam,
689 3690 982 3749 eorumque
1025 3687 1210 3730 curam
1249 3665 1668 3741 pertinentibus,
1699 3659 1825 3729 quid

257 3749 289 3838 a
325 3777 660 3852 principibus
696 3779 752 3827 et
791 3769 995 3836 reliquo
1041 3762 1239 3834 populo.
1274 3758 1355 3813 vel
1397 3757 1511 3852 ita,
1559 3761 1619 3808 ut
1645 3749 1825 3852 divina

258 3836 552 3929 auctoritas
573 3865 749 3930 docet,
775 3868 870 3914 aut
897 3856 1054 3910 aliter
1081 3856 1355 3906 teneretur
1386 3862 1399 3898 :
1431 3841 1516 3898 vel
1541 3841 1668 3911 quid
1696 3836 1822 3893 inde

257 3976 326 4018 ex
339 3966 511 4030 parte,
539 3961 633 4009 aut
660 3967 726 4006 ex
743 3956 852 4004 toto
865 3945 1145 4008 dimissum
1170 3945 1333 4000 esset,
1361 3941 1421 3988 ut
1444 3947 1547 3987 non
1563 3937 1827 3984 teneatur.

261 4017 464 4107 Deinde
493 4017 620 4115 quid
652 4044 707 4097 in
733 4042 998 4110 ipsorum,
1032 4033 1122 4102 qui
1151 4037 1398 4098 pastores
1421 4021 1603 4093 populi
1631 4017 1831 4115 conati-.-

262 4139 370 4194 tuti
390 4104 535 4200 sunt,
563 4104 826 4199 moribus,
855 4121 1264 4180 conversatione
1287 4113 1574 4172 etractibus
1599 4104 1828 4163 inveniri

266 4407 321 4462 in
365 4413 594 4472 utroque
622 4397 810 4452 ordine
849 4393 904 4446 id
934 4387 1242 4449 ell‘ecerint,
1273 4391 1335 4437 ut
1367 4397 1397 4434 a
1439 4385 1587 4433 recto
1617 4373 1839 4432 tramite.

265 4459 612 4556 deviassent;
659 4493 714 4553 et
754 4481 1010 4554 quidquid
1061 4479 1126 4532 de
1163 4476 1250 4530 his
1291 4475 1566 4527 inventum
1603 4459 1829 4521 Tuisset,

265 4595 460 4642 vestra!
485 4577 789 4638 celsitudini
837 4582 1021 4632 notum
1074 4570 1330 4624 facerent.
1386 4561 1570 4634 Quod,
1609 4566 1668 4615 ut
1695 4560 1836 4614 Deus

267 4689 430 4746 posse
474 4671 652 4732 dedit,
699 4681 796 4722 nos
835 4659 1134 4717 ﬁdelissimi
1179 4651 1596 4714 acdevotissimi
1651 4648 1839 4705 salutis

269 4772 464 4819 vestrae
484 4764 884 4829 procuratores,
903 4752 1056 4821 juxta
1079 4747 1398 4826 parvitatem
1430 4755 1619 4794 sensus
1646 4736 1836 4798 nostri,

270 4864 432 4928 prout
451 4852 688 4907 brevitas
709 4845 966 4915 temporis
991 4840 1254 4912 permisit,
1278 4835 1569 4892 secundum
1595 4840 1837 4889 sanctam

274 4922 611 5002 devotionem
642 4948 696 4993 et
732 4935 1121 4991 ordinationem
1149 4937 1415 4992 vestram,
1463 4925 1528 4980 de
1556 4924 1735 4979 causis
1772 4922 1840 4977 ad

273 5037 588 5108 religionem
616 5029 976 5086 Christianam
1004 5029 1354 5088 nostrumque
1381 5016 1734 5074 ministerium
1759 5025 1842 5076 at-

276 5104 711 5199 que'periculum
739 5114 1152 5188 pertinentibus,
1183 5124 1282 5164 nec
1304 5123 1410 5162 non
1435 5114 1490 5162 et
1523 5107 1589 5161 de
1616 5104 1700 5158 bis
1719 5115 1842 5171 quae

278 5192 348 5272 ad
383 5192 624 5270 nostram
676 5207 1067 5264 correctionem
1103 5210 1158 5256 et
1198 5198 1626 5257 emendationem
1675 5192 1844 5262 perti~

276 5321 408 5364 nere
430 5301 829 5375 perSpeximus,
871 5297 985 5352 sive
1011 5295 1076 5349 de
1116 5293 1202 5348 his
1230 5304 1348 5359 qua:
1375 5287 1584 5356 populis
1612 5297 1840 5355 genera-

277 5398 402 5452 liter
432 5373 810 5448 —annuntianda
840 5395 895 5442 et
927 5381 1261 5440 admouenda
1293 5378 1658 5448 praevidimus,
1696 5373 1845 5443 capi-

276 5485 490 5543 tulatim
563 5482 617 5536 in
681 5475 1110 5550 praecedentibus
1177 5468 1550 5524 adnotavimus
1602 5463 1798 5518 libellis
1825 5502 1841 5529 ,

278 5585 580 5643 vestraeque
621 5568 896 5626 serenitati
925 5563 1180 5634 legenda,
1211 5562 1318 5614 imo
1342 5557 1618 5628 probanda
1652 5553 1848 5608 obtuli-

282 5683 420 5724 mus.
445 5667 512 5720 Et
532 5675 835 5733 quanquam
858 5659 922 5712 de
947 5657 1034 5710 his
1057 5667 1176 5722 quae
1198 5650 1472 5721 praemissa
1497 5654 1642 5710 sunt,
1666 5651 1848 5697 vestro

283 5732 658 5814 ardentissimo
691 5746 957 5805 desiderio
984 5744 1133 5809 prius
1171 5737 1481 5794 satisfacere
1505 5732 1845 5803 elegerimus,

1927 3323 2054 3378 olim
2102 3333 2199 3390 per
2237 3314 2513 3390 precarias
2561 3309 2685 3366 inde
2724 3307 2954 3362 alienata
3007 3294 3244 3358 Fuerunt.
3287 3299 3401 3366 Qua
3430 3298 3495 3352 de

1931 3427 1990 3467 re
2015 3409 2264 3464 volumus
2313 3412 2373 3458 ut
2396 3411 2450 3456 tu
2489 3408 2673 3456 nostra
2703 3395 3025 3452 auctoritate
3073 3390 3302 3458 recipias
3329 3399 3498 3456 usque

1931 3502 1998 3556 ad
2031 3506 2269 3553 nostram
2295 3493 2657 3565 praesentiam,
2703 3495 2759 3541 et
2792 3485 2858 3540 de
2884 3490 3070 3538 nostra
3101 3477 3354 3532 ﬁdelitate
3386 3486 3500 3528 ma-

1932 3605 2090 3663 gnam
2119 3562 2314 3642 curam
2331 3596 2543 3651 semper
2565 3579 2800 3640 habeas,
2837 3573 2978 3632 sicut
3016 3571 3280 3624 hactenus
3309 3572 3363 3618 te
3404 3562 3504 3619 ha:-

1931 3687 2061 3740 bere
2086 3678 2455 3751 cognovimus.
2487 3673 2623 3726 Nam
2662 3673 2991 3724 memoratus
3018 3663 3214 3716 missus
3242 3665 3369 3710 tuus
3405 3667 3503 3712 ηοξ

1932 3786 2102 3833 stram
2140 3750 2461 3841 deprecatus
2490 3775 2573 3823 est
2612 3765 2868 3834 pietatem
2897 3766 2957 3814 ut
2993 3757 3228 3825 aliquem
3273 3750 3502 3809 missurn

1933 3863 2027 3919 tibi
2081 3840 2388 3919 dederimus
2428 3857 2519 3926 qui
2565 3854 2848 3925 praedictas
2890 3863 2979 3903 res
3019 3845 3114 3900 tibi
3151 3840 3505 3906 Ecclesiteque

1933 3956 2031 4012 tibi
2059 3953 2360 4010 commissae
2386 3949 2727 4019 consignaret
2745 3985 2760 4010 ,
2783 3952 2838 3998 et
2870 3941 3186 3995 vestituram
3211 3934 3502 4002 legitimam

1935 4046 2153 4099 faceret.
2178 4041 2294 4109 Qua
2330 4041 2396 4095 de
2428 4052 2488 4092 re
2521 4034 2875 4090 Helisacharo
2902 4030 3067 4093 misso
3095 4032 3282 4079 nostri)
3310 4019 3504 4089 praci—

1933 4138 2111 4206 pimus
2151 4141 2212 4188 ut
2254 4133 2321 4188 de
2366 4127 2692 4199 supradictis
2735 4119 3014 4178 beneﬁciis
3055 4116 3148 4170 tibi
3191 4112 3505 4166 vestituram

1936 4198 2116 4295 iaciat,
2143 4221 2359 4294 quando
2393 4198 2512 4276 illas
2539 4217 2595 4271 in
2623 4220 2807 4286 partes
2832 4227 2864 4265 a
2890 4212 3044 4272 nobis
3067 4205 3303 4266 directus
3323 4198 3504 4267 fuerit2

1938 4293 2197 4378 Volumus
2227 4313 2391 4366 etiam
2416 4316 2479 4362 ut
2505 4320 2666 4376 quam
2695 4302 2858 4358 citius
2881 4297 3084 4369 poteris
3109 4293 3332 4350 missum
3361 4295 3507 4348 tuum

1937 4375 2074 4466 bene
2115 4406 2324 4463 ﬁdelem
2363 4401 2432 4456 ad
2476 4375 2575 4454 nos
2613 4395 2832 4466 dirigas,
2870 4390 2959 4460 qui
3000 4400 3098 4440 nos
3130 4389 3308 4437 certos
3349 4375 3505 4466 faciat

1861 4529 1917 4587 D
1939 4464 2173 4572 qualiter
2213 4507 2342 4565 erga
2378 4506 2474 4545 vos
2501 4496 2556 4545 et
2599 4464 2841 4587 reliquos
2874 4470 3063 4587 ﬁdeles
3097 4479 3308 4527 nostros
3354 4464 3509 4587 mago

1939 4555 2150 4663 agatur,
2203 4594 2260 4640 et
2276 4555 2439 4663 "quid
2491 4581 2556 4634 de
2597 4575 2704 4630 illis
2740 4571 2922 4628 causis
2955 4569 3152 4621 factum
3199 4575 3318 4630 qua:
3361 4555 3511 4626 vobis

1941 4650 2099 4752 agere
2121 4650 2498 4746 praecepimus.
2540 4668 2683 4722 Bene
2711 4663 2829 4716 vale
2853 4667 2908 4715 et
2927 4672 3022 4712 ora
3051 4667 3150 4721 pro
3171 4650 3341 4706 nobis.

2490 4773 2824 4834 EPISTOLA
2860 4767 2972 4826 XII.

2057 4894 2303 4944 LUDOVlC-l
2341 4893 2409 4932 AD
2445 4883 2739 4928 BILDUINUI
2779 4875 3022 4919 ΔΒΒΑΤΕΙ
3059 4872 3107 4912 8.
3148 4865 3392 4908 DIONYSII.

1945 4978 2023 5032 De
2046 4970 2350 5054 colligendis
2382 4968 2436 5042 in
2471 4979 2633 5019 unum
2662 4973 2851 5035 corpus
2878 4955 2944 5008 iis
2974 4966 3091 5032 qua:
3129 4947 3185 4999 in
3213 4942 3510 4998 Gra'corum

2022 5045 2068 5054 ”
2205 5043 2218 5054 ’
2293 5036 2317 5054 ’³
2393 5043 2552 5054 “"“‘
2609 5032 2850 5054 n’h-“nn
2890 5035 3081 5054 uno-om
3135 5022 3326 5054 crs-una
3367 5023 3510 5054 τρυε-

2013 5022 2348 5099 λιῧίᾶῗῖίδὲ
2376 5031 2557 5091 sancto
2598 5022 2851 5098 Dionysio
2890 5022 3084 5094 passim
3131 5022 3326 5082 scripta
3367 5023 3510 5078 repe-

2013 5131 2172 5166 τηατ.

2041 5123 2172 5168 erat.

2543 5192 2716 5265 (Anno
2769 5183 2917 5252 8'55.)

1943 5295 2132 5366 [Apud
2148 5294 2212 5347 n.
2241 5291 2525 5366 Bouquetz,
2553 5259 2720 5366 ξδίριη
2740 5274 3006 5366 ςιηξξτξο
3035 5270 3103 5328 ad
3132 5268 3270 5323 diem
3295 5263 3328 5316 9
3354 5259 3514 5316 Octo—

2491 5341 2625 5422 bris,
2655 5341 2784 5420 pag.
2815 5348 2872 5399 7i
2886 5341 2965 5415 6.]

2015 5456 2075 5509 In
2118 5450 2339 5508 nomine
2367 5443 2579 5500 Domini
2608 5418 2704 5494 Déi
2751 5446 2806 5492 et
2855 5429 3151 5488 Salvatoris
3189 5421 3359 5479 nostri
3386 5418 3511 5475 Jesn

1947 5544 2167 5608 Christi,
2220 5538 2548 5599 Ludovicus,
2575 5532 2755 5588 divina
2777 5524 3162 5596 repropitiante
3209 5510 3515 5580 clementia,

1950 5602 2240 5706 imperator
2267 5630 2558 5697 Augustus,
2582 5619 2836 5676 Hilduino
2869 5608 3162 5667 venerabili
3194 5602 3374 5658 abbati
3403 5615 3515 5657 mo:

1950 5721 2173 5785 nasterii
2203 5715 2672 5774 sanctissimorum
2724 5713 3020 5774 martyrum
3073 5711 3136 5750 ac
3200 5689 3513 5760 specialiun;
