3924 6376
410 398 431 451 l
445 395 543 451 527

1550 388 1867 446 LUDOVICI
1906 387 1923 440 Ι
1964 386 2433 443 (ΖΟΕΝΟΜΕΝΤΟ
2471 388 2554 443 ΡΠ

3531 391 3694 447 1328

406 514 774 577 protectormn
839 502 1077 572 Dionysii
1125 501 1347 570 pretiosi
1410 514 1793 570 seniorumque
1849 511 1987 568 ejus,
2018 499 2068 556 Α
2096 512 2217 551 men
2250 497 2301 551 in
2330 499 2578 553 humanze
2606 502 2880 561 varietatis
2907 509 3124 563 eventu,
3155 518 3263 571 quo
3287 504 3403 568 Dei,
3431 514 3489 560 ut
3528 521 3695 561 sens—

408 609 667 654 aeternam
702 597 752 649 in
784 594 1000 648 Christo
1033 593 1280 648 salutem.

479 689 747 755 Quantum
785 685 1027 739 muneris
1055 701 1117 737 ac
1152 684 1388 753 przesidii
1422 700 1527 737 non
1556 684 1714 738 modo
1743 681 1899 736 nobis
1919 693 1991 737 ac

409 776 901 846 prtedecessoribus
937 791 1028 830 seu
1072 774 1508 844 progenitoribus
1548 775 1770 836 nostris,
1802 788 1989 827 verum

407 871 570 923 etiam
625 868 792 921 totius
830 866 1037 935 imperii
1076 865 1247 919 nostri
1287 864 1523 934 populis,
1564 863 1779 918 Domini
1813 863 1994 934 provi-

409 952 588 1013 «lentia
644 972 742 1027 per
802 955 1172 1010 beatissimum
1221 953 1533 1025 Dionysium
1583 967 1990 1022 smpenumero,

411 1051 517 1103 imo
558 1049 814 1103 continue
839 1047 892 1100 in
929 1046 1138 1112 magnis
1165 1046 1460 1115 gratiarum
1489 1044 1832 1100 ubertatibus
1860 1059 1992 1098 con-

413 1140 613 1206 tulerit,
646 1149 854 1193 cunctae
888 1154 984 1208 per
1007 1146 1279 1190 transacta
1314 1145 1562 1205 tempora
1593 1135 1811 1191 Gallicae
1833 1150 1995 1204 gene—

413 1232 651 1286 rationes
674 1236 978 1293 senserunt,
1010 1242 1130 1296 quae
1159 1226 1276 1294 ejus
1314 1226 1513 1297 insigni
1540 1223 1847 1294 apostolatu
1870 1222 1993 1277 ﬁdei

418 1322 719 1375 rudimenta
752 1326 1120 1388 sumpserunt,
1153 1326 1208 1371 et
1236 1316 1429 1371 salutis
1459 1316 1698 1371 subsidia
1737 1328 1995 1384 percepe-

413 1418 557 1463 runt.
612 1398 1048 1461 Praedecessores
1100 1412 1280 1459 autem
1322 1404 1509 1459 nostri
1552 1403 1781 1474 gloriam
1834 1401 1996 1469 hujus

410 1498 596 1553 eximii
615 1497 768 1551 testis
788 1504 844 1551 et
863 1496 1023 1550 amici
1046 1495 1139 1549 Dei
1166 1510 1273 1548 non
1288 1495 1540 1549 inaniter
1570 1494 1875 1560 coluerunt,
1901 1494 1994 1563 qui

412 1590 537 1643 dum
564 1588 684 1657 ejus
716 1602 901 1642 sacras
929 1586 1151 1641 exuvias
1183 1585 1234 1638 in
1270 1585 1432 1638 terris
1462 1585 1531 1638 ob
1556 1592 1876 1639 amorem-et
1900 1585 1996 1638 ho-

412 1694 600 1734 norem
649 1677 861 1733 Domini
916 1676 1089 1730 nostri
1120 1672 1247 1729 Jesu
1276 1672 1479 1728 Christi
1532 1674 1746 1743 opibus,
1799 1675 1995 1742 quibus

412 1764 680 1840 poterant,
713 1769 1137 1829 honoraverunt,
1168 1780 1265 1833 per
1289 1763 1624 1839 ejuspreces
1647 1764 1994 1833 dignissimas

2095 601 2193 656 per
2220 588 2494 641 fatendum
2524 597 2627 651 est,
2656 589 2803 658 justo
2822 589 3044 657 judicio,
3085 592 3137 644 in
3168 594 3318 662 virga
3353 596 3696 650 eruditionis

2094 690 2204 729 suae
2238 675 2460 739 visitati,
2501 684 2554 729 et
2585 677 2775 730 baculo
2816 680 3072 746 speciosa:
3101 681 3488 738 misericordia:
3534 682 3694 749 eius,

2095 774 2223 819 ante
2246 766 2620 834 prmscriptum
2654 767 2825 822 altare
2847 784 2945 837 per
2982 771 3175 824 merita
3205 780 3260 825 et
3286 773 3538 828 solatium
3574 777 3690 831 do-

2095 856 2226 909 mini
2254 872 2318 911 ac
2346 858 2572 925 piissimi
2605 858 2784 914 Patris
2808 861 2978 914 nostri
3007 860 3268 932 Dionysii,
3314 864 3517 919 virtute
3542 868 3692 921 divi-

2096 961 2161 998 na
2184 946 2410 999 recreati
2432 955 2487 999 et
2503 942 2735 1001 restituti
2757 964 2944 1003 sumus
2971 950 3095 1020 (An.
3117 951 3265 1020 854),
3293 953 3689 1024 cingulumque

2096 1037 2329 1091 militare
2375 1035 2582 1104 judicio
2635 1048 2796 1108 atque
2851 1044 3175 1098 auctoritate
3241 1045 3537 1115 episcopali
3592 1064 3691 1104 re-

2096 1129 2446 1198 sumpsimus,
2493 1140 2547 1184 et
2601 1146 2770 1200 usque
2820 1133 2886 1186 ad
2923 1150 3163 1203 praesens
3210 1137 3383 1205 ipsius
3437 1141 3691 1209 gratioso

2097 1216 2365 1285 adjutorio
2412 1230 2800 1275 sustentantur.
2834 1223 3063 1291 Idcirco,
3117 1228 3441 1282 venerabilis
3497 1239 3691 1285 custos

2098 1320 2162 1359 ac
2188 1305 2361 1361 cultor
2390 1307 2559 1377 ipsius
2581 1310 2878 1378 provisoris
2906 1320 2960 1367 et
2990 1313 3253 1383 adjutoris
3273 1318 3448 1371 nostri
3476 1318 3686 1373 domini

2096 1396 2358 1467 Dionysii,
2387 1413 2609 1454 monere
2638 1409 2690 1455 te
2714 1401 2959 1457 volumus
2984 1411 3045 1457 ut
3066 1398 3323 1474 q'uidquid
3350 1408 3418 1462 de
3442 1406 3560 1474 ejus
3579 1423 3686 1463 no.

2100 1485 2217 1539 titia
2265 1500 2331 1539 ex
2385 1485 2698 1542 Graecorum
2738 1490 2979 1546 historiis
3026 1508 3121 1561 per
3174 1495 3685 1565 interpretationem

2099 1586 2370 1646 sumptum
2419 1577 2502 1632 vel
2535 1579 2677 1647 quod
2722 1595 2787 1634 ex
2838 1580 2989 1635 libris
3018 1582 3085 1636 ab
3124 1599 3190 1638 co
3213 1588 3395 1653 patrio
3430 1604 3689 1643 sermone

2098 1670 2442 1740 conscriptis,
2475 1680 2529 1725 et
2564 1674 2905 1728 auctoritatis
2953 1685 3152 1730 nostra:
3171 1678 3435 1745 jussione,
3490 1698 3557 1736 ac
3593 1692 3691 1736 tuo

2101 1761 2281 1829 sagaci
2332 1762 2534 1825 studio,
2585 1763 3049 1835 interpretumquc
3090 1769 3285 1823 sudore
3335 1771 3390 1823 in
3436 1782 3685 1827 nostram

414 1858 634 1913 honoris
660 1856 942 1928 privilegio
972 1855 1213 1925 potiriet
1247 1854 1303 1907 in
1340 1855 1573 1909 terrenis
1596 1863 1650 1909 et
1682 1854 1736 1908 in
1767 1854 1998 1909 coelesti-
2026 1858 2072 1915 Β
2101 1852 2337 1922 linguam
2368 1854 2671 1922 explicatis,
2703 1857 2829 1911 huic
2869 1859 3085 1929 negotio
3136 1861 3300 1915 inseri
3347 1862 3517 1917 fuerit
3550 1880 3688 1919 con-

418 1950 517 2003 bus
550 1954 887 2010 meruerunt,
918 1954 975 1999 ut
999 1944 1252 1998 videlicet
1280 1959 1420 1997 unus
1444 1958 1513 1997 ex
1538 1944 1737 2013 priscis
1758 1943 1996 1997 Franco-

417 2055 536 2094 rum
584 2039 824 2108 regibus,
865 2035 1216 2107 Dagobertus,
1260 2034 1352 2103 qui
1382 2034 1993 2104 eumdempretiosissi-

420 2144 568 2183 mum
602 2126 802 2182 Christi
849 2133 1143 2195 martyrem
1174 2130 1464 2178 veneratus
1511 2139 1616 2177 non
1655 2122 2003 2177 mediocriter

420 2219 620 2281 fuerat,
649 2227 705 2271 et
742 2219 794 2271 in
824 2216 1039 2270 mortali
1064 2222 1147 2269 est
1180 2215 1290 2267 vita
1319 2214 1664 2278 sublimatus,
1687 2221 1744 2267 et
1767 2228 1866 2281 per
1888 2212 2003 2280 ejus

356 2343 362 2354 .
422 2308 771 2378 adjutorium,
816 2309 954 2361 sicut
982 2306 1160 2359 divina
1194 2320 1256 2359 ac
1291 2303 1521 2358 celebris
1548 2316 1573 2343 ει
1609 2303 1849 2358 ostensio
1878 2317 2002 2370 per-

423 2401 597 2463 hibet,
622 2415 650 2452 a
681 2396 856 2467 pcenis
879 2403 961 2449 est
989 2395 1269 2456 liberatus,
1300 2392 1463 2460 inque
1483 2392 1589 2444 vita
1617 2391 1843 2460 perenni
1864 2390 2006 2443 desi—

427 2490 742 2546 derabiliter
771 2486 1118 2543 constitutus.
1157 2482 1537 2553 Progenitores
1578 2496 1791 2551 quoque
1833 2481 2003 2534 nostri

424 2580 738 2633 melliﬂuum
784 2591 980 2631 nomen
1010 2574 1211 2629 domini
1244 2568 1480 2643 Dienysii
1509 2572 1610 2640 (sic
1639 2572 1781 2625 enim
1823 2572 2005 2625 verbis

424 2685 487 2723 ac
535 2668 754 2736 scriptis
783 2667 1063 2735 suis.eum
1102 2664 1372 2733 appellare
1400 2660 1752 2733 consuevere)
1784 2678 1892 2716 non
1924 2662 2001 2714 in-

418 2776 653 2832 congrue
696 2761 783 2829 pia
812 2758 1099 2813 dilectione
1147 2765 1201 2810 et
1230 2754 1585 2809 dilectissima
1630 2754 1833 2822 pietate
1881 2769 1998 2807 am-

419 2853 557 2923 plexi
592 2860 735 2905 sunt.
792 2850 930 2916 Quia
982 2863 1214 2917 proavus
1264 2853 1453 2900 noster
1498 2845 1721 2900 Carolus
1750 2846 2002 2916 princeps

421 2942 751 2996 Francorum
798 2940 1041 3008 inclytus,
1066 2953 1163 3007 per
1203 2938 1478 2991 orationes
1512 2936 1681 3005 ipsius
1727 2937 2001 2992 excellen-

422 3032 612 3086 tissimi
660 3031 914 3099 martyris
957 3029 1232 3097 indeptum
1298 3042 1358 3082 se
1388 3026 1551 3081 fuisse
1583 3027 1882 3097 gratulatus
1920 3035 2003 3081 est

423 3122 630 3191 apicem
674 3120 1030 3188 principatus,
1071 3117 1355 3185 eidemque
1382 3117 1610 3171 decurso
1658 3118 2002 3172 mortalitatis

2104 1960 2317 2014 gruum,
2342 1948 2590 2016 quodque
2612 1949 2776 2002 etiam
2804 1950 2856 2002 in
2882 1950 3090 2005 Latinis
3110 1954 3389 2008 codicibus
3416 1954 3535 2020 jam
3564 1956 3689 2011 inde

2104 2033 2271 2087 habes
2302 2034 2602 2102 inventum,
2638 2038 2907 2108 adjunctis
2950 2041 3033 2095 eis
3073 2057 3193 2111 quae
3227 2045 3280 2097 in
3337 2044 3524 2100 libello
3574 2046 3691 2113 ejus

2105 2126 2370 2194 passionis
2416 2128 2742 2193 continetur,
2779 2146 2881 2185 nec
2926 2147 3031 2186 non
3059 2139 3115 2185 et
3156 2133 3260 2187 illis
3287 2151 3407 2203 qua:
3437 2136 3492 2189 in
3530 2140 3693 2193 tomis

2108 2217 2190 2271 vel
2218 2218 2422 2272 chartis
2443 2220 2824 2275 vetustissimis
2847 2224 3067 2276 armarii
3101 2224 3391 2281 Parisiacae
3418 2227 3689 2291 ecclesiae,

2106 2323 2277 2363 sacrae
2315 2309 2566 2366 videlicet
2594 2312 2736 2367 sedis
2765 2329 2899 2377 sum,
2925 2315 3152 2383 prolatis
3174 2316 3485 2384 inveneras,
3520 2329 3576 2374 et
3596 2319 3691 2374 ob.-

2108 2400 2310 2454 tutibus
2356 2409 2562 2456 nostra:
2632 2404 2941 2459 serenitatis
2989 2408 3325 2472 ostenderas,
3389 2411 3688 2464 secundum

2106 2489 2273 2557 quod'
2299 2504 2503 2554 rerum,
2541 2505 2826 2547 causarum
2860 2496 3022 2549 etiam
3065 2511 3128 2551 ac
3160 2509 3462 2567 temporum
3493 2516 3691 2556 conve-

2109 2582 2364 2636 nientiam
2418 2586 2655 2650 noveris,
2700 2588 2751 2639 in
2783 2601 2981 2657 corpus
3027 2606 3191 2643 unum
3242 2592 3476 2661 redigas,
3530 2603 3690 2663 atque

2107 2670 2427 2725 uniformcm
2456 2680 2657 2728 textum
2686 2676 2879 2731 exinde
2907 2688 3213 2747 compertas,
3241 2689 3515 2749 quatenus
3538 2697 3687 2737 com—

2108 2760 2415 2828 pendiosius
2452 2763 2661 2817 valeant
2708 2763 2994 2831 innotesci,
3025 2776 3080 2821 et
3118 2767 3413 2824 fastidiosis
3443 2772 3692 2827 minusve

2107 2850 2393 2916 capacibus
2423 2851 2506 2906 vel
2547 2855 2800 2908 studiosis
2827 2855 3075 2912 lectionis
3112 2858 3281 2926 possit
3317 2858 3539 2914 tardium
3566 2861 3693 2915 sub-

2108 2940 2320 3005 levari,
2374 2944 2681 3014 pariterque
2738 2948 2989 3002 omnibus
3058 2950 3429 3006 :ediﬁcationis
3482 2953 3689 3006 utilitas

2109 3031 2399 3099 provideri.
2433 3033 2528 3088 His
2575 3036 2645 3088 ita
2685 3039 2974 3101 contextis,
3023 3040 3269 3095 volumus
3307 3051 3365 3095 ut
3396 3043 3689 3099 revelatio-

2110 3135 2235 3174 nem
2287 3128 2558 3177 ostensam
2613 3126 2772 3179 beato
2820 3142 2969 3196 papae
3022 3127 3300 3198 Stephano
3352 3132 3408 3185 in
3462 3132 3685 3187 ecclesia

425 3224 667 3283 tempore
696 3210 816 3282 (An.
854 3211 998 3282 741),
1023 3211 1165 3279 quod
1196 3210 1415 3265 charius
1449 3210 1626 3278 potuit
1673 3211 1874 3265 habere
1909 3211 2000 3265 de-
2028 3194 2071 3254 C
2105 3207 2343 3277 ejusdem
2395 3214 2719 3268 sanctissimi
2762 3194 3023 3287 Dionysii,
3079 3194 3215 3272 sicut
3268 3222 3335 3275 ab
3368 3237 3436 3276 eo
3490 3222 3685 3276 dictata

422 3305 677 3373 positum,
731 3317 928 3370 corpus
966 3301 1173 3355 scilicet
1222 3301 1522 3370 proprium,
1579 3300 1630 3353 in
1688 3301 1866 3370 magni
1916 3300 2003 3354 die

418 3396 605 3465 judicii
646 3394 1035 3459 suscitandum,
1069 3402 1123 3447 et
1153 3394 1390 3448 animam
1415 3393 1644 3448 Domino
1670 3401 2002 3462 praesentan-

425 3486 547 3539 dam
574 3485 802 3538 ﬁdeliter
843 3484 1262 3547 commendavit,
1293 3499 1357 3537 ac
1376 3499 1474 3552 per
1504 3484 1607 3538 hoc
1643 3484 1879 3538 maxime
1907 3483 2002 3537 de-

425 3576 695 3629 votionem
727 3582 889 3642 atque
916 3572 1167 3627 ﬁduciam
1200 3573 1381 3627 cordis
1409 3573 1489 3626 sui
1521 3587 1647 3642 erga
1676 3572 2003 3641 peculiarem

425 3675 711 3736 patronum
741 3673 989 3735 patenter
1010 3665 1268 3719 ostendit.
1304 3664 1515 3718 Sanctzc
1542 3663 1892 3718 nihilominus
1921 3679 2005 3717 re-

427 3758 755 3813 cordationis
780 3772 911 3810 avus
932 3764 1117 3810 noster
1134 3748 1643 3823 Pippinuspropter
1667 3752 1838 3807 altare
1860 3754 2002 3821 quod

436 3857 560 3903 ante
583 3848 891 3916 sepulcrum
936 3861 1075 3915 saepe
1100 3844 1191 3898 fati
1238 3845 1539 3913 saepiusque
1567 3836 1774 3897 dicendi
1802 3844 2006 3897 domini

438 3938 674 4008 Dionysii
710 3953 807 4006 per
842 3936 1078 3990 divinam
1106 3943 1161 3989 et
1188 3933 1590 3987 memorabilem
1625 3932 2007 3987 revelationem

421 4028 579 4095 jussu
625 4027 794 4096 ipsius
823 4022 1151 4080 sanctissimi
1185 4022 1440 4092 martyris
1468 4024 1521 4075 in
1546 4023 1803 4076 honorem
1822 4012 1928 4075 Dei
1957 4030 2010 4074 et

431 4117 795 4187 apostolorum
840 4114 987 4168 Petri
1016 4122 1069 4167 et
1102 4113 1271 4178 Pauli,
1312 4111 1403 4181 qui
1429 4120 1727 4180 prtescntes
1754 4111 2006 4167 ostende-

432 4210 650 4271 bantur,
693 4221 722 4259 a
751 4206 908 4260 beato
935 4212 989 4259 et
1034 4203 1275 4273 angelico
1314 4202 1431 4256 viro
1482 4202 1759 4270 Stephano
1802 4217 2011 4256 summo

432 4295 685 4363 pontifice
709 4294 1016 4349 dedicatum
1040 4300 1123 4345 est
1146 4290 1271 4360 (An.
1299 4289 1622 4361 754),'inter
1645 4305 1799 4344 sacra
1822 4291 2013 4345 missa-

441 4400 557 4438 rum
592 4383 851 4439 solemnia
884 4397 989 4435 una
1021 4396 1141 4434 cum
1172 4380 1382 4434 duobus
1428 4378 1576 4444 ﬁliis,
1619 4378 2013 4433 Carolomanno

435 4474 683 4529 videlicet
726 4482 781 4528 et
804 4473 939 4526 diva:
973 4470 1246 4525 memoriae
1276 4468 1493 4523 domino
1523 4482 1587 4522 ac
1634 4468 1875 4537 genitore
1917 4483 2013 4523 no-

436 4572 549 4619 stro
598 4562 812 4627 Carolo,
845 4562 968 4629 jure
1010 4560 1397 4630 praznominato
1445 4559 1656 4628 Magno,
1706 4558 1774 4613 ab
1815 4558 2004 4614 eodem

437 4650 730 4722 apostolico
752 4664 889 4720 papa
916 4650 969 4703 in
996 4661 1172 4716 regem
1212 4647 1543 4702 Francorum
1573 4656 1788 4713 unctus,
1814 4663 2005 4718 super-

438 4742 490 4794 ni
544 4739 782 4793 muneris
836 4735 1266 4791 benedictionem
1320 4736 1579 4804 percepit.
1622 4734 1829 4804 Quique
1884 4753 2005 4791 cum

437 4839 636 4901 quanta
661 4845 719 4885 se
739 4829 1043 4883 humilitate
1070 4835 1194 4881 ante
1216 4826 1401 4880 limina
1436 4826 1671 4881 basilice
1696 4836 2007 4881 sanctorum

440 4930 759 4992 martyrum,
807 4917 1063 4972 defuncto
1103 4917 1263 4986 hujus
1291 4916 1416 4970 vitae
1464 4916 1761 4981 curriculo,
1793 4910 2006 4984 sepelioi

440 5009 754 5079 praeceperit
783 5006 908 5078 (Ὰη.
948 5006 1093 5073 768),
1132 5006 1316 5059 titulus
1340 5007 1504 5059 etiam
1531 5006 1701 5075 ipsius
1727 5006 2010 5060 conditorii

443 5096 745 5151 innotescit.
779 5096 886 5150 Sed
911 5102 965 5148 et
997 5109 1095 5147 nos
1124 5093 1307 5147 multis
1353 5108 1417 5147 ac
1458 5093 1829 5162 frequentibus
1855 5092 2016 5163 largi—

443 5185 678 5241 tionibus
719 5182 981 5239 beneﬁcia
1010 5180 1127 5250 ejus
1150 5195 1336 5235 sumus
1376 5181 1605 5249 experti,
1635 5182 1905 5250 praecipue
1940 5190 2018 5235 ta-

521 5350 546 5379 ι
590 5335 739 5415 Visio
783 5350 944 5415 quam
994 5332 1288 5415 mo‘nachus
1330 5330 1841 5415 San-Dionysiapus,
1876 5338 2014 5415 ‘post

447 5399 1013 5477 Dagoberti‘obitum,
1066 5401 1259 5477 {omni
1314 5400 1554 5477 eremitte
1584 5399 1763 5454 Siculo
1806 5401 2013 5468 primus

443 5471 715 5531 osténsam
741 5474 915 5533 ﬁnxit,
948 5471 1139 5524 fabulis
1160 5471 1507 5523 accensenda.

518 5544 727 5598 lDilisce
776 5543 970 5606 litteris
1018 5539 1297 5593 Hilduinus
1346 5537 1541 5606 adjecit
1586 5537 2011 5592 lucubrationem

448 5614 579 5666 satis
604 5605 892 5681 prolixam,
918 5611 1108 5681 inqua
1140 5605 1423 5681 contendit
1445 5605 1751 5676 Dionysium
1783 5608 2015 5681 Areopa-

449 5675 634 5747 gitam',
688 5681 909 5735 dimisso
965 5675 1274 5732 Atheniensi
1322 5675 1650 5747 episcopatu,
1698 5684 1858 5745 atque
1906 5675 2010 5729 alio

2106 3307 2207 3363 est,
2268 3309 2319 3353 ct
2368 3310 2519 3370 gesta
2576 3319 2695 3372 qua:
2744 3305 2919 3360 cidem
2974 3308 3211 3362 subnexa
3244 3318 3384 3371 sunt,
3418 3326 3523 3365 una
3568 3327 3686 3365 cum

2108 3390 2323 3458 hymnis
2357 3406 2498 3459 quos
2544 3394 2609 3447 de
2644 3394 2746 3449 hoc
2795 3395 3187 3465 gloriosissimo
3237 3409 3479 3469 martyre
3529 3412 3687 3470 atque

2108 3477 2363 3546 pontiﬁce
2406 3480 2593 3544 habes,
2623 3492 2677 3535 et
2728 3483 2961 3537 oﬁicium
3013 3487 3329 3542 nocturnalc
3358 3488 3684 3559 subjungas;

2110 3567 2201 3620 sed
2224 3575 2276 3620 et
2301 3569 2630 3635 diﬂ'erenter,
2662 3588 2723 3626 ac
2751 3589 2871 3626 cum
2901 3574 3205 3645 integritate
3236 3579 3341 3641 sui,
3367 3595 3594 3648 quaeque
3620 3597 3683 3634 ex

2111 3672 2176 3710 eo
2203 3667 2415 3728 reperta
2442 3670 2587 3726 sunt,
2621 3663 2671 3715 in
2704 3664 2889 3719 altero
2926 3666 3197 3735 volumine
3237 3668 3477 3737 colligas,
3511 3670 3686 3724 nobis-

2109 3764 2214 3817 que
2271 3750 2525 3806 distincte
2575 3760 2631 3806 et
2676 3763 2930 3808 correctc
2993 3758 3315 3825 transcripta
3370 3760 3685 3827 quantocius

2112 3839 2313 3910 dirigas
2340 3849 2429 3892 aut
2460 3851 2754 3909 pratsentcs
2780 3861 2791 3895 :
2826 3846 3080 3913 quoniam
3110 3848 3405 3901 maximum
3431 3849 3685 3918 valdeque

2113 3930 2481 3983 dulcissimum
2515 3932 2722 4001 pignus
2768 3933 3140 3990 desiderabilis
3178 3938 3491 4005 -pr:escnti:e
3550 3938 3684 3992 illius

2114 4017 2314 4071 domini
2368 4026 2422 4072 et
2472 4020 2800 4076 solatiatoris
2853 4025 3048 4087 nostri,
3097 4026 3403 4094 ubicunque
3466 4028 3679 4087 scimus.

2116 4108 2315 4161 habere
2336 4124 2431 4161 nos
2453 4109 2739 4174 credimus,
2764 4112 2807 4163 si
2834 4128 2954 4165 cum
2978 4129 3062 4176 eo,
3095 4115 3173 4167 vel
3204 4116 3271 4167 de
3300 4130 3384 4178 eo,
3418 4125 3509 4168 aut
3535 4118 3600 4169 ab
3619 4130 3679 4167 eo

2115 4195 2295 4259 dictis,
2329 4198 2608 4262 oratione,
2660 4199 2964 4265 collatione,
3029 4202 3258 4255 lectione
3308 4204 3673 4272 colloquimur.

2116 4285 2247 4339 Vale
2274 4287 2327 4339 in
2349 4286 2582 4352 Christo,
2611 4289 2694 4341 vir
2718 4289 2834 4353 Dei,
2864 4292 2915 4344 in
2944 4293 3113 4346 sacris
3136 4294 3473 4347 orationibus
3488 4294 3677 4363 jugiter

2119 4390 2327 4429 memor
2351 4377 2538 4430 nostri.

2314 4468 2329 4477 κ
2640 4447 2972 4507 EPISTOLA
3018 4449 3149 4503 XIII.

2038 4519 2090 4578 Ι)
2149 4530 2387 4569 ιιιωωΝῐ
2423 4530 2644 4569 ABBATIS
2682 4532 2725 4569 S.
2779 4534 3003 4572 DIONYSII
3048 4537 3113 4573 AD
3166 4537 3463 4576 LUDOVICU!
3505 4538 3639 4577 PIUI.

2117 4604 2450 4688 Qquttnque
2468 4608 2726 4688 memorie
2744 4606 2961 4688 librique
2987 4626 3094 4688 pra’
3116 4612 3542 4688 marribrrslrabiti
3560 4629 3673 4680 sup-

2181 4674 2555 4744 peditaruntde
2579 4686 2755 4728 sancto
2780 4674 3053 4746 Dionysio,
3083 4678 3240 4730 simul
3271 4681 3486 4734 collecta
3510 4674 3671 4733 trans-

2181 4746 2357 4798 mittit.

2378 4876 2415 4884 ,_
2709 4812 2893 4884 (Anno
2938 4812 3085 4884 856.)

2116 4880 2288 4954 [Apud
2305 4881 2367 4935 D.
2387 4882 2674 4951 Bouquct.,
2698 4880 2851 4954 ibim,
2877 4898 2940 4936 ex
2965 4880 3195 4954 Gointio,
3222 4895 3332 4938 tom
3358 4886 3469 4941 Vlll
3488 4890 3665 4941 Annal.

2628 4950 2805 5003 eccles.
2820 4992 2833 5012 ,
2864 4966 2983 5019 pag.
3016 4952 3135 5005 595.

2190 5021 2466 5075 ιιι)οωίηο
2506 5021 2837 5090 benigni?ate
2892 5021 3192 5075 admirabili
3244 5031 3299 5076 et
3348 5026 3672 5079 auctoritatis

2122 5112 2421 5167 reverentia
2446 5111 2763 5173 honorabili,
2782 5109 3052 5163 Ludovico
3081 5110 3176 5163 Pio
3199 5113 3667 5183 semperAugusto,

2120 5202 2403 5257 Hilduinus
2443 5202 2661 5256 humilis
2704 5201 2904 5253 Christi
2949 5200 3195 5262 fainulus,
3247 5211 3299 5255 et
3326 5204 3527 5257 domini
3579 5206 3671 5258 mei

2118 5355 2369 5423 episcopo
2399 5354 2450 5405 in
2491 5352 2606 5419 ejus
2654 5354 2824 5406 locum
2872 5350 3116 5423 suﬂ‘ecto,
3168 5352 3394 5406 Romam
3444 5355 3669 5416 venisse;

2119 5420 2471 5490 eumdemque
2520 5423 2828 5490 Dionysium
2874 5423 2931 5473 in
2962 5420 3178 5481 Gallias,
3226 5424 3317 5475 ubi
3368 5424 3669 5491 martyrium

2118 5501 2304 5561 postea
2331 5493 2739 5561 consummat-it,
2770 5491 3102 5561 a‘iClctncnte
3154 5492 3395 5545 llomano
3436 5493 3671 5561 pontiﬁce

2118 5559 2343 5616 missum
2416 5560 2599 5615 fuisse.
2662 5560 2892 5613 llilduini
2957 5559 3382 5614 lucubratiouem
3437 5559 3671 5615 confidat

2119 5632 2362 5686 Cointins
2386 5632 2451 5683 ad
2470 5647 2556 5683 an.
2586 5630 2711 5691 855,
2745 5644 2888 5681 nunt.
2923 5629 3021 5681 liii
3062 5644 3108 5681 es
3139 5643 3290 5697 seqq.
