3924 6370
257 445 394 506 1329

1678 434 1861 486 Ll’lb'l
1876 434 2056 486 υιιΛδ.

3358 436 3491 492 τιδο

255 557 496 629 Dionysii
534 554 771 626 pretiosi
806 570 871 610 ac
922 553 1192 610 sociorum
1239 553 1354 623 ejus
1403 522 1822 611 matricularius,
1854 539 1900 595 A
1929 546 2116 629 nostro
2139 538 2415 629 Dionysio,
2439 555 2557 610 Quae
2595 541 2853 597 hactenus
2901 546 3076 600 minus
3120 550 3491 617 cognovimus,

258 661 559 719 vestrasque
587 647 847 717 imperiali
878 645 1232 701 dominationi
1274 646 1327 699 in
1381 644 1630 699 omnibus
1667 643 1830 699 devo-

258 740 522 803 tissimus,
551 746 872 808 przesentem
902 738 959 792 in
983 736 1199 792 Christo
1234 734 1645 806 prosperitatem
1668 744 1830 803 atque

256 838 475 885 aeternze
549 827 825 883 felicitatis
898 817 1330 883 benedictionem
1396 832 1547 895 optat
1600 830 1653 880 et
1714 825 1829 894 glo-

262 920 420 974 riam.

334 1008 632 1063 Exsultavit
661 1024 756 1063 cor
779 1024 960 1064 meum
996 1008 1049 1063 in
1074 1008 1321 1072 Domino,
1359 1015 1414 1063 et
1436 1008 1727 1063 exaltatum
1748 1016 1832 1062 est

261 1115 431 1155 cornu
472 1115 649 1154 meum
680 1100 732 1153 in
763 1102 874 1155 Deo
900 1115 1043 1155 meo.
1093 1099 1379 1168 Dilatatum
1409 1106 1493 1153 est
1519 1114 1580 1153 os
1627 1112 1829 1160 meum,

261 1198 320 1247 et
347 1191 652 1261 gaudebunt
682 1191 931 1257 labia,ut
970 1192 1280 1248 annuntiem
1319 1192 1585 1262 praeconia
1628 1189 1830 1244 domini

265 1283 373 1338 mei
398 1282 773 1354 gloriosissimi‘
793 1285 1047 1355 martyris
1070 1286 1307 1355 Dionysii
1336 1284 1403 1338 ab
1427 1282 1624 1339 eximio
1667 1284 1833 1351 impe—

264 1379 450 1427 ratore
482 1373 697 1427 domino
745 1389 865 1429 meo
888 1372 1103 1442 jussus;
1129 1390 1248 1444 quas
1279 1374 1509 1430 reticere
1538 1389 1643 1429 non
1681 1383 1831 1444 pole-

263 1477 403 1525 tam,
433 1464 595 1518 etiam
623 1464 667 1518 si
698 1480 728 1518 a
757 1479 1028 1534 quoquam
1082 1464 1301 1519 fuissem
1340 1463 1478 1519 forte
1505 1464 1829 1534 prohibitus.

263 1553 335 1613 Et
365 1568 553 1607 revera
580 1568 773 1622 magna
794 1553 925 1608 mihi
952 1561 1035 1607 est
1064 1554 1202 1608 ratio
1227 1552 1555 1625 gratulandi.
1581 1553 1833 1621 quoniam

264 1642 590 1697 cumulatius
609 1643 739 1699 mihi
770 1642 1019 1698 eﬂ‘ectum
1049 1643 1297 1699 desiderii
1328 1643 1431 1698 mei
1460 1651 1717 1713 praestare
1737 1658 1833 1697 vo-

263 1731 370 1787 luit
396 1733 573 1787 divina
603 1732 863 1803 dignatio,
892 1741 951 1787 ut
999 1733 1194 1787 mentis
1233 1748 1365 1788 mea:
1413 1740 1728 1802 conceptum
1786 1732 1832 1786 ei

264 1824 483 1894 placere
535 1839 938 1894 cognoscerem,
989 1840 1112 1878 cum
1154 1825 1306 1894 quod
1333 1839 1493 1895 agere
1545 1833 1834 1895 spontauea

266 1913 584 1981 diSponebat
625 1928 741 1966 mea
786 1913 1081 1982 humilitas,
1129 1914 1182 1967 in
1233 1914 1440 1982 agendo
1496 1914 1619 1967 data
1674 1929 1833 1968 manu

268 1980 635 2067 auctoritatis,
666 1980 1049 2071 cooperaretur
1074 2011 1252 2057 vestra
1274 1980 1388 2057 beo
1429 2004 1645 2072 placens
1672 2002 1837 2057 subli-

268 2092 447 2146 mitas.
482 2090 597 2158 Qua
629 2092 696 2147 de
734 2106 793 2146 re
834 2091 1100 2147 bonorum
1129 2107 1350 2162 operum
1396 2100 1450 2147 et
1478 2092 1835 2161 spiritualium

268 2180 511 2235 omnium
541 2180 841 2235 studiorum
866 2181 1015 2234 illum
1040 2188 1316 2235 auctorem
1340 2196 1461 2236 esse
1489 2196 1593 2235 non
1618 2181 1833 2237 dubium

269 2280 376 2334 est,
394 2270 491 2346 qui
514 2284 741 2339 quorum
768 2271 957 2325 incitat
984 2279 1213 2333 mentes,
1252 2286 1361 2339 quo
1409 2271 1515 2326 sibi
1557 2271 1732 2339 placet
1781 2270 1834 2324 in

268 2360 485 2428 Ingenio
503 2358 718 2427 adjuvat
739 2360 996 2414 actiones.
1016 2359 1121 2414 Sed
1143 2366 1197 2415 et
1216 2361 1270 2413 in
1296 2360 1400 2414 hoc
1424 2360 1576 2413 valde
1601 2359 1835 2413 exsultat

265 2448 490 2516 spiritus
540 2463 692 2503 meus
745 2448 798 2502 in
828 2447 938 2503 Deo
964 2449 1187 2503 salutari
1214 2464 1352 2513 meo,
1397 2450 1649 2518 quoniam
1679 2448 1836 2503 Chri—

266 2539 475 2594 stianus
502 2538 716 2592 anhnus
734 2546 916 2592 vester
936 2538 1015 2593 sic
1036 2538 1437 2592 evidentissime
1462 2554 1588 2607 erga
1619 2554 1677 2592 se
1700 2539 1834 2593 divi-

268 2643 352 2681 me
380 2627 635 2682 bonitatis
660 2626 942 2691 beneficia,
968 2634 1025 2682 et
1050 2634 1358 2682 sanctorum
1387 2628 1661 2697 cognoscit
1697 2627 1835 2681 sola-

270 2718 366 2779 tia,
398 2726 453 2772 et
479 2726 586 2771 tam
612 2717 1013 2786 promptissime
1034 2732 1093 2772 se
1123 2711 1406 2772 accensum
1432 2716 1666 2771 ostendit
1692 2717 1834 2771 circa

270 2807 506 2861 auctoris
527 2814 581 2860 et
612 2806 939 2876 reparatoris
968 2806 1049 2860 sui
1079 2821 1173 2860 seu
1220 2803 1530 2874 specialium
1571 2804 1834 2875 suifraga-

269 2902 445 2948 tnrum
470 2910 687 2948 suorum
716 2894 1117 2949 venerationem
1164 2901 1324 2963 atque
1347 2894 1684 2963 obsequium.
1717 2893 1832 2949 Non

266 2983 411 3037 enim
443 2983 523 3037 sic
547 2984 613 3037 ab
644 2983 847 3037 intimis
873 2983 961 3052 pia
991 2984 1168 3037 anima
1198 2991 1377 3038 vestra
1404 2984 1580 3037 divina
1610 2983 1832 3038 conﬁte-

270 3079 421 3127 retur
445 3087 571 3127 vera
600 3079 655 3127 et
676 3071 1067 3141 justa‘judicia,
1092 3072 1196 3127 nisi
1226 3088 1284 3127 se
1311 3073 1482 3142 ipsam
1508 3080 1696 3127 sancto
1717 3072 1835 3128 illu«

268 3160 527 3219 minatam
552 3168 906 3231 cognosceret,
944 3158 1171 3230 Spiritu,
1215 3175 1313 3215 nec
1368 3161 1443 3215 ita
1488 3160 1835 3221 devotissime
1861 3196 1904 3256 Ο

265 3249 427 3303 amici
454 3249 715 3305 Dei'bene
758 3259 906 3321 gesta
955 3249 1025 3305 e‘t‘
1061 3251 1202 3305 dicta
1234 3251 1503 3305 maximae»
1526 3251 1833 3321 sagacitatis

265 3346 465 3394 vestrae
486 3340 766 3408 prudentia
787 3340 1144 3410 perquireret,
1169 3340 1273 3399 nisi
1318 3355 1583 3393 summum
1608 3341 1831 3404 bonum,

264 3444 426 3498 aquo
447 3438 500 3484 et
524 3446 623 3499 per
644 3446 801 3499 quem
830 3431 1007 3486 omnia
1030 3438 1154 3484 sunt
1186 3429 1345 3493 bona,
1374 3429 1637 3499 diligeret.
1670 3427 1833 3497 Cujus

264 3533 449 3574 amore
470 3520 717 3590 religiosa
742 3521 954 3576 devotio
973 3529 1152 3575 vestra
1176 3534 1399 3574 accensa
1422 3534 1538 3581 esse
1559 3518 1829 3589 dignosci-

266 3619 377 3676 tur,
400 3619 459 3665 ut
486 3611 687 3667 Christi
712 3613 939 3666 militum
967 3611 1225 3682 gloriosos
1269 3610 1565 3678 triumphos
1595 3609 1834 3677 inquire-

269 3708 372 3754 ret.
399 3700 545 3766 Quos
569 3716 691 3756 cum
713 3702 946 3764 noverit,
971 3716 1067 3769 per
1105 3698 1289 3754 eorum
1318 3698 1637 3767 adjutorium
1671 3698 1831 3752 robu-

263 3791 401 3845 stius
447 3799 631 3849 contra
680 3792 808 3845 vitia
854 3792 1214 3859 vitiorumque
1246 3798 1504 3845 auctores
1544 3792 1825 3860 pugnabit,

265 3886 532 3949 quatenus
548 3887 854 3948 martyrum
885 3878 1128 3947 exempla
1164 3879 1439 3941 sectando,
1470 3878 1559 3947 qui
1602 3878 1827 3933 viriliter

262 3976 560 4030 certavere,
581 3974 639 4025 et
657 3966 890 4021 ﬁdeliter
917 3967 1048 4021 satis
1076 3966 1275 4029 vicere,
1316 3965 1383 4019 ad
1424 3965 1675 4034 palmam,
1721 3981 1824 4035 qua

263 4055 339 4108 illi
356 4055 626 4109 munerati
647 4072 652 4077 '
673 4062 816 4117 sunt,
843 4064 897 4108 et
921 4055 1033 4124 ipse
1058 4055 1347 4124 pertingat.
1380 4053 1493 4109 Huc
1519 4055 1728 4109 accedit
1753 4056 1822 4111 ad

264 4144 371 4197 voti
387 4151 441 4197 et
460 4143 830 4198 sollicitudinis
849 4151 1042 4197 vestrze
1059 4143 1477 4207 incitamentum,
1497 4141 1837 4211 quiaEsdras,

260 4242 463 4289 sanctte
494 4234 786 4303 Scriptura:
814 4241 1109 4302 reparator,
1139 4247 1389 4300 magnum
1438 4234 1829 4291 remuneratio.

262 4323 348 4377 nis
375 4322 568 4377 donum
597 4323 791 4375 exinde
820 4322 956 4390 apud
1005 4321 1173 4376 Deum
1218 4321 1533 4390 promeruit,
1557 4328 1611 4375 et
1641 4320 1830 4378 lauda-

261 4412 368 4466 bile
392 4411 492 4464 sibi
522 4425 714 4464 nomen
737 4410 876 4479 apud
914 4410 1161 4471 homines
1211 4410 1513 4478 acquisivit.
1546 4408 1824 4477 Quocirca

258 4510 317 4555 et
342 4509 535 4556 vestrae
559 4500 860 4556 sedulitatis
891 4501 1166 4561 instantia,
1192 4516 1311 4555 cum
1340 4516 1435 4570 pro
1458 4516 1647 4571 magna
1685 4507 1826 4561 anti-

259 4593 466 4662 quitate
492 4590 652 4665 hujus
670 4591 995 4647 sanctissimi
1039 4591 1217 4646 Patris
1251 4592 1442 4657 nostri,
1471 4600 1735 4661 quantum
1758 4597 1825 4650 ad

259 4681 659 4750 generationem
697 4688 962 4734 terrenam
986 4689 1040 4736 et
1069 4681 1472 4735 conversionem
1502 4696 1593 4735 seu
1618 4686 1825 4740 obitum

258 4769 475 4834 attinet,
497 4769 631 4823 mira
652 4769 1413 4825 sanctitateet-miraculorum
1435 4772 1694 4840 prodigiis
1708 4776 1824 4831 orbi

260 4866 399 4928 peu’e
424 4866 616 4913 cuncto
641 4858 894 4922 innotuit,
912 4858 1100 4912 notitia
1118 4859 1283 4929 ipsius
1306 4860 1492 4929 paucis
1515 4874 1825 4933 nostrorum

259 4948 490 5016 cognita,
510 4947 754 5016 plurimis
781 4948 957 5002 adhuc
994 4963 1218 5003 manens
1263 4949 1553 5019 incognita,
1586 4971 1703 5011 cun.
1734 4971 1830 5025 per

260 5043 496 5089 vestrum
528 5036 763 5090 studium
792 5036 1043 5106 patuerit,
1095 5044 1149 5091 et
1204 5039 1473 5105 meritum,
1526 5052 1591 5099 ut
1638 5046 1829 5101 melius

258 5123 356 5192 ipsi
382 5124 550 5188 scitis,
579 5125 781 5194 grande
813 5112 964 5180 vobis
1008 5126 1385 5188 conciliabitls.
1416 5135 1469 5181 et
1510 5135 1828 5189 'memoriale

259 5221 569 5283 perpetuum
598 5214 906 5283 acquiretis.
942 5215 1127 5270 Faciat
1147 5224 1321 5271 autem
1357 5218 1701 5279 Dominusut
1729 5240 1826 5279 nos

259 5301 434 5357 idonei
466 5311 842 5370 000peratores
871 5304 1207 5358 inveniamur
1232 5306 1295 5357 ad
1352 5307 1508 5365 bona
1542 5312 1825 5366 voluntatis

256 5399 447 5447 vestrae
477 5390 881 5460 perfectionem,
918 5393 1006 5461 qui
1062 5401 1208 5446 tanto
1236 5396 1351 5447 sine
1405 5399 1578 5467 aliqua
1606 5401 1817 5455 haesita—

256 5482 400 5536 tione
430 5481 624 5534 vestris
647 5478 981 5547 jussionibus
1006 5483 1300 5546 obedimus,
1322 5498 1526 5555 quanto
1558 5488 1643 5542 illa
1669 5506 1819 5558 roga-

257 5572 323 5626 tis
344 5568 513 5624 seduli
540 5578 821 5624 exactores
849 5586 969 5639 quae
999 5572 1321 5630 exhibemus
1350 5576 1632 5630 voluntarii
1670 5593 1819 5631 exse-

256 5668 494 5715 cutores.
528 5658 731 5713 Idcirco
757 5659 877 5727 quia
911 5667 1131 5728 reperta
1152 5676 1382 5732 qua-que
1410 5672 1516 5717 tam
1548 5664 1600 5717 in
1621 5664 1819 5719 Graecis

258 5758 419 5816 quam
474 5748 524 5800 in
572 5746 778 5801 Latinis
834 5748 1106 5800 codicibus
1153 5764 1221 5805 ev,
1272 5753 1485 5806 dontino
1515 5761 1565 5807 et
1595 5760 1819 5823 patrono

1850 4522 1905 4580 D

1932 627 2081 679 vobis
2131 627 2285 681 ocius
2330 628 2384 681 in
2432 644 2596 682 unum
2650 630 2869 684 collecta
2924 633 3137 685 mittere
3168 634 3409 702 poscitis,
3439 644 3494 689 et

1931 714 2282 787 incongruum
2310 718 2560 774 ducimus
2576 721 2931 776 auctoritatis
2986 732 3175 777 vestrae
3227 726 3494 780 desiderio

1929 803 2154 871 differri,
2194 807 2337 876 quod
2358 809 2633 863 eadebito
2661 812 2971 865 servitutem
3021 822 3255 867 nostram
3284 824 3497 871 constat

1930 892 2128 948 debere
2155 893 2370 965 largiri;
2394 906 2654 965 quantum
2682 901 2932 954 connivet
2955 902 3191 957 brevitas
3220 906 3491 974 temporis,

1930 988 2187 1057 quidquid
2214 991 2295 1044 ori
2318 994 2645 1063 suggesserit
2664 994 2925 1048 memoria
2954 996 3071 1049 citae
3090 998 3494 1062 recordationis,

1931 1079 2156 1135 favente.
2190 1080 2446 1147 Domino,
2492 1083 2750 1138 velmriter
2796 1084 3144 1139 scribentium
3190 1088 3496 1143 committe-

1932 1182 2055 1222 mus
2082 1170 2415 1224 notariorum
2443 1172 2701 1237 articulis,
2751 1174 3097 1243 deprecantes
3136 1185 3372 1230 vestram
3402 1178 3499 1231 hu-

1932 1256 2135 1311 militer
2186 1260 2525 1327 sapientiam,
2583 1278 2649 1317 ne
2699 1264 2751 1316 in
2798 1264 2883 1318 his
2928 1281 3046 1335 quae
3102 1268 3398 1321 reverentia
3446 1279 3501 1323 et

1933 1359 2118 1400 amore
2170 1348 2494 1402 sanctissimi
2555 1351 2828 1421 martyris,
2881 1362 2935 1407 et
2986 1362 3202 1423 propter
3239 1353 3499 1425 jussionis

1932 1441 2126 1489 vestrae
2154 1435 2513 1491 obedientiam
2562 1440 2846 1494 scribenda
2895 1444 3254 1512 aggredimur,
3302 1446 3498 1499 verbo—

1934 1539 2053 1578 rum
2080 1527 2493 1596 pompositatem
2525 1537 2619 1582 aut
2645 1529 2949 1586 dictationis
2977 1532 3235 1601 leporem,
3267 1535 3359 1588 sed
3400 1550 3501 1603 pu-

1936 1608 2163 1670 rissime
2182 1617 2449 1681 veritatis,
2468 1619 2607 1673 sicut
2627 1620 2696 1674 ah
2724 1620 3065 1689 antiquorum
3094 1622 3250 1677 dictis
3271 1625 3502 1692 sumpsi-

1936 1722 2076 1771 mus,
2100 1718 2347 1777 ‘quaarere
2374 1710 2632 1764 studeatis
2663 1712 3047 1765 sinceritatem.
3078 1711 3292 1781 Nosque
3317 1729 3500 1784 repre-

1937 1794 2174 1849 bendere
2220 1796 2285 1849 de
2332 1811 2576 1860 casuum,
2631 1797 3066 1866 praepositionum
3096 1807 3257 1868 atque
3284 1801 3503 1867 conjun-

1866 1872 1911 1931 Β
1938 1883 2174 1937 ctionum
2205 1884 2422 1947 virtute,
2450 1900 2544 1939 seu
2569 1885 2870 1940 litterarum
2898 1887 2953 1941 in
2988 1890 3370 1957 subsequentes
3398 1890 3501 1944 int-

1937 1975 2251 2039 mutatione,
2287 1976 2367 2031 vel
2422 1986 2743 2045 punctorum
2790 1979 3083 2055 secundum
3125 1989 3296 2034 artem
3326 1996 3503 2051 gram-

1936 2067 2187 2121 maticam
2217 2067 2483 2136 positione
2530 2068 2726 2134 nolite;
2777 2070 2903 2137 quia
2931 2086 3037 2125 non
3065 2071 3116 2125 id
3161 2073 3500 2136 studendum,

1935 2153 2028 2207 sed
2076 2163 2278 2208 nostrae
2305 2153 2680 2210 deservitionis
2707 2156 3021 2225 obsequium
3076 2172 3139 2211 ac
3162 2158 3503 2212 commenda—

1937 2240 2100 2295 tionis
2151 2250 2345 2296 vestrte
2391 2241 2626 2297 ofﬁcium
2685 2244 3091 2298 accelerandum
3148 2246 3501 2313 suscepimus,

1936 2333 2167 2387 maxime
2192 2349 2313 2388 cum
2346 2334 2460 2389 hace
2482 2350 2602 2403 quae
2625 2336 2694 2390 ab
2718 2335 2891 2389 aliena
2917 2335 3094 2406 lingua
3116 2337 3499 2404 expressimus,

1935 2422 1988 2476 in
2017 2424 2218 2478 tenoris
2239 2426 2399 2491 serie,
2428 2428 2570 2481 sicut
2599 2427 2665 2480 de
2694 2427 2859 2496 prcelo
2907 2436 3030 2482 sunt
3069 2428 3322 2497 eli'quata,
3355 2439 3503 2485 texe-

1933 2527 2084 2577 mus;
2114 2528 2233 2582 qua:
2258 2506 2385 2569 licet
2410 2516 2461 2570 in
2486 2518 2928 2587 interpretatione
2959 2535 3063 2574 non
3087 2521 3362 2575 redoleant
3379 2538 3503 2591 sup-

1934 2608 2432 2674 paremsermonis
2460 2608 2699 2671 odorem.
2748 2609 2989 2679 sapidum
3036 2618 3211 2665 tamen
3263 2611 3502 2667 referunt

1934 2692 2177 2746 veritatis
2200 2701 2255 2746 et
2278 2694 2581 2749 intellectus
2608 2697 2688 2750 sui
2718 2711 2982 2766 saporem.
3041 2698 3293 2753 Ordinem
3343 2700 3503 2769 igitur

1936 2782 2202 2849 historiae,
2230 2786 2370 2839 sicut
2394 2792 2569 2840 vestra
2586 2785 2748 2854 jussit
2776 2788 3090 2853 dominatio,
3118 2790 3169 2843 in
3192 2806 3355 2844 unum
3380 2806 3504 2844 con-

1937 2869 2181 2941 gestum,
2235 2880 2290 2927 et
2341 2875 2648 2944 singulatim
2705 2884 2889 2944 postea
2941 2877 3324 2946 plenitudinem
3386 2877 3502 2946 ejus

1937 2963 2247 3027 discretam,
2268 2964 2479 3018 cunctis
2503 2964 2800 3035 legentibus
2816 2976 2977 3035 atque
2998 2967 3357 3032 audientibus,
3376 2983 3503 3035 pan-

1937 3053 2145 3127 demus.
2174 3054 2307 3109 Nam
2329 3056 2520 3111 divina:
2544 3058 2649 3111 erit
2676 3058 3042 3127 inspirationis
3059 3068 3115 3113 et
3139 3060 3498 3114 exsecutionis

1938 3126 1992 3197 id
2024 3143 2165 3214 quod
2196 3144 2564 3200 desideramus
2588 3145 2727 3200 ﬁdeli
2756 3148 2935 3202 auirno
2968 3148 3285 3217 propalare;
3314 3164 3496 3203 verum

1936 3240 2095 3302 atque
2108 3233 2384 3303 probabile
2405 3235 2791 3290 demonstrare.
2812 3236 2888 3290 Ex
2913 3252 3019 3305 quo
3041 3236 3497 3298 noslaborandum

1931 3339 2037 3379 non
2069 3340 2394 3394 magnopere
2414 3327 2762 3391 aestimamus,
2813 3328 2937 3399 quia
2964 3329 3089 3399 quid
3119 3332 3403 3386 tenendum
3434 3333 3501 3387 de

1932 3415 2035 3469 hoc
2064 3416 2408 3470 sanctissimo
2443 3426 2679 3492 martyre
2727 3421 2924 3476 Christi
2977 3423 3068 3487 sit,
3117 3424 3245 3492 quid
3276 3424 3501 3478 creden-

1931 3502 2081 3567 dum,
2107 3510 2247 3558 nota:
2264 3510 2317 3560 et
2344 3506 2738 3577 probatissimae
2766 3524 3009 3578 persona:
3030 3510 3313 3565 veracibus
3342 3510 3498 3565 dictis

1929 3591 2224 3653 declarant.

2459 3685 2783 3742 EPISTOLA
2824 3686 2961 3742 XIV.

2088 3813 2332 3854 LUDOVICI
2368 3814 2436 3853 PII
2472 3815 2614 3854 JONAB
2649 3816 3026 3857 AURELIANENSI
3061 3819 3325 3859 EPISCOPO.

2336 3887 2409 3943 De
2436 3891 2749 3944 monasterio
2778 3890 3086 3946 Am'wlensi.

2528 3977 2699 4049 (Anno
2757 3978 2905 4049 838.)

1929 4068 2105 4140 [Apud
2127 4068 2191 4122 D.
2226 4068 2414 4136 Bouq.,
2443 4066 2596 4132 ibid.,
2619 4082 2685 4123 ex
2709 4068 2947 4140 Baluaio,
2994 4069 3090 4125 lib.
3125 4086 3183 4124 ιιι
3243 4070 3490 4137 Miscell.,

2663 4138 2831 4196 .131.

1999 4138 2005 4140 ⁷
2663 4176 2677 4196 ,
2711 4138 2777 4191 l3
2819 4178 2831 4190 .

1998 4227 2057 4282 In
2106 4139 2804 4307 nominevDominipageie:
2840 4138 3143 4283 1Salvatoris
3173 4237 3342 4284 nostri
3369 4233 3495 4284 Jesu

1927 4316 2151 4382 Christi,
2200 4317 2524 4383 Ludovicus,
2554 4318 2732 4373 divina
2774 4319 3158 4388 repropitiante
3186 4319 3489 4383 clementia,

1928 4408 2061 4477 imp.
2089 4407 2385 4478 Augustus,
2412 4406 2561 4463 Jonre
2586 4408 2877 4463 venerabili
2902 4408 3153 4477 episeopo
3182 4409 3431 4464 salutem.

1997 4496 2191 4551 Notum
2219 4512 2340 4552 esse
2367 4497 2612 4553 volumus
2638 4498 2763 4565 quia
2815 4506 3124 4566 perventum
3160 4506 3242 4552 est
3286 4499 3352 4553 ad
3396 4514 3493 4553 nos

1928 4588 2069 4660 quod
2124 4589 2374 4644 monachi
2421 4603 2490 4643 ex
2539 4588 2867 4643 monasterio
2917 4586 3100 4643 Sancti
3144 4572 3409 4658 carilephi
3436 4590 3490 4647 in

1926 4695 2146 4749 egressu
2160 4679 2542 4749 praesumptivo
2570 4680 2710 4736 idem
2734 4680 3114 4733 monasterium
3136 4679 3491 4748 expoliassent

1927 4768 2257 4825 ornamentis
2283 4768 2685 4830 ecclesiasticis,
2718 4776 2827 4821 tam
2864 4768 2916 4821 in
2946 4768 3198 4822 thesauro
3221 4783 3488 4836 quamque

1928 4860 1984 4913 in
1998 4858 2145 4913 vasis
2159 4872 2253 4913 seu
2276 4858 2631 4921 vestimentis,
2660 4871 2863 4910 necnon
2884 4864 2939 4910 et
2964 4856 3133 4910 libris.
3152 4856 3490 4926 Quapropter

1929 4949 2025 5003 tibi
2050 4948 2391 5017 praecipimus
2409 4954 2464 5001 et
2486 4946 2717 5001 Henrico
2746 4947 2925 5007 abbati
2974 4956 3032 5000 ut
3066 4962 3161 5002 vos
3187 4948 3333 5001 omni
3362 4947 3481 5002 dili-

1928 5039 2107 5110 gentia
2128 5038 2256 5095 illud
2283 5037 2590 5107 inquiratis,
2622 5044 2825 5091 etcum
2873 5036 3022 5097 omni
3068 5036 3373 5111 integritate
3397 5052 3488 5092 res

1928 5127 2317 5183 ecclesiasticas
2367 5126 2542 5180 eidem
2602 5124 2843 5180 ecclesias
2904 5126 3209 5181 restituere.
3255 5124 3482 5181 faciatis.

1930 5218 2076 5280 Vale,
2103 5232 2169 5271 ex
2193 5216 2297 5270 hoc
2326 5214 2523 5270 habeto
2546 5215 2683 5269 sicut
2711 5215 2777 5270 de
2804 5222 2855 5269 te
2894 5215 3030 5270 bene
3063 5216 3405 5282 conﬁdimus,
3430 5227 3484 5271 ct

1927 5308 2064 5363 sicut
2094 5307 2146 5361 in
2178 5307 2548 5362 hoc-nostram
2583 5307 2863 5375 cognoscis
2891 5306 3234 5362 voluntatem.

2449 5414 2777 5469 EPISTOLA
2844 5415 2955 5470 XV.

2484 5499 2709 5539 ειυευιιιι
2740 5501 2921 5539 ΕΙΟΒΙ.

2507 5576 2677 5643 (Anno
2693 5576 2918 5645 eodem.)

2380 5662 2561 5734 [Apud
2608 5664 2811 5729 Baluz.,
2864 5667 3026 5737 ibim]

1992 5753 2283 5809 lnrnoutine
2316 5754 2404 5806 Dei
2434 5764 2485 5807 et
2512 5755 2801 5809 Salvatm'is
2832 5757 2956 5813 Jcsu
2998 5757 3217 5820 Christi.
3252 5757 3477 5814 Ludovi-
