4036 6318
558 324 617 386 11
1712 322 1981 381 ΡΗΟΤΠ
2014 321 2111 381 ΡΑ

2216 322 2520 384 IARCIL‘E
2560 326 2665 385 CP.
3752 334 3817 396 12

564 445 774 500 lucidos
806 444 859 514 in
892 442 1092 497 fretum
1130 442 1313 495 radios
1342 438 1602 507 dimittat,
1639 438 1735 495 sed
1771 439 1956 494 cruori
1993 439 2111 493 assii

2237 442 2370 512 ἡμῖν
2405 442 2686 512 λαμπραῖς
2723 443 2843 506 ταῖς
2874 444 3088 499 ἀκτῖσιν
3132 444 3213 508 είς
3240 445 3331 499 τὸν
3377 447 3545 518 πόρον
3575 448 3812 519 βάλλειν,

560 539 739 603 miles,
767 537 909 592 unde
931 543 1212 592 cruentam
1234 533 1402 587 maris
1433 532 1669 603 speciem
1693 532 1892 586 etiiciat
1918 531 2111 587 intueni

2238 532 2373 585 ἀλλὰ
2406 533 2740 603 παρομοίαις
2765 534 2979 604 αἵματι,
3007 535 3068 600 ἐξ
3099 532 3174 589 ῶν
3202 539 3315 601 τοῖς
3344 538 3547 611 ὁρῶσιν
3578 541 3815 612 ὕφαιμον

555 633 699 686 tibus
728 631 841 685 haec
874 630 1108 684 aﬂectio.
1144 626 1208 680 Et
1230 628 1357 681 hinc
1388 626 1559 681 Rubri
1596 624 2014 696 appellationem
2041 640 2111 680 exi

2237 627 2679 695 παρασκευάζειν
2716 626 2776 680 τὸ
2800 627 2971 692 πάθος
3000 629 3099 700 τὴν
3125 632 3223 701 τῆς
3253 631 3525 704 θαλάττης
3553 633 3811 706 ἔμφασιν,

555 726 771 780 sistere.
825 722 1044 777 Tertius
1092 721 1221 775 hinc
1279 735 1461 774 sermo
1500 718 1791 789 Argolicus
1831 731 1914 773 est
1944 734 1958 772 :
1991 733 2130 773 ausu

552 820 773 888 quidem
805 834 1057 888 magnus.
1085 818 1178 870 sed
1214 830 1477 886 persuasu
1508 814 1709 869 inanis.
1737 812 1874 867 Nam
1906 813 1999 883 qui
2024 812 2132 868 Cli-

552 913 696 965 niam
757 920 1040 965 Sectantur
1099 908 1383 972 historici,
1437 922 1504 960 ex
1564 915 1848 976 poetarum
1908 907 2127 961 licentia

550 1005 714 1055 etiam
743 1003 846 1072 ipsi
876 1002 1223 1056 securitatam
1261 998 1428 1062 nacti,
1466 998 1752 1067 perhibent
1782 1014 1847 1051 ex
1878 998 2040 1068 Argis
2075 997 2127 1050 in

550 1092 887 1162 Aithiopiani
934 1093 1087 1162 (qua:
1115 1090 1407 1160 Cepheniie
1458 1099 1586 1143 tunc
1635 1089 1871 1143 habebat
1904 1089 2125 1158 nomen)

550 1184 807 1239 l'erscuin
842 1185 908 1237 ad
935 1185 1095 1237 tiliam
1120 1182 1323 1251 Cephei
1353 1182 1689 1236 liberandam
1724 1182 2046 1250 profectum,
2074 1189 2127 1233 et

549 1278 673 1331 inde
692 1278 758 1331 ad
788 1277 985 1331 Persas
1018 1285 1442 1344 transgressum,
1466 1290 1665 1328 nomen
1694 1274 1796 1328 hoc
1826 1289 1855 1327 a
1888 1274 2124 1327 ﬁliorum

546 1371 805 1439 quopiam
842 1384 965 1424 cum
1000 1366 1183 1422 Persis
1209 1367 1647 1422 communicasse
1686 1383 1698 1419 :
1737 1377 1792 1419 et
1836 1376 2124 1434 procreato

544 1462 777 1533 Erythra
827 1461 958 1523 ﬁlio,
990 1476 1188 1513 nomen
1233 1459 1302 1513 ab
1352 1459 1456 1513 hoc
1500 1458 1641 1512 mari
1680 1457 1964 1512 indidisse.
1998 1456 2123 1511 Haec

543 1556 773 1625 protrita
820 1561 873 1606 et
906 1552 1149 1621 vulgaris
1188 1561 1272 1605 est
1303 1550 1629 1621 Argivorum
1671 1550 1737 1603 de
1764 1548 1952 1603 Rubro
1986 1548 2123 1603 mari

540 1647 745 1700 fabula.
798 1645 1040 1711 Quarta,
1098 1653 1152 1697 et
1207 1658 1335 1697 vero
1390 1658 1499 1696 non
1545 1642 1617 1695 ita
1660 1643 1922 1697 aberrans
1980 1640 2121 1696 ratio

540 1742 727 1810 (quam
775 1746 969 1793 auctor
1016 1753 1079 1791 ex
1118 1735 1280 1791 Persa
1318 1735 1557 1805 quodam
1590 1734 1738 1787 Boxo
1775 1749 1833 1787 se
1861 1730 2119 1787 didicisse

2234 717 2491 770 κάκεῖθεν
2539 717 2802 789 Ἐρυθρὰν
2826 720 3320 790 κατονομάζεσθαι.
3355 724 3548 794 Τρίτος
3576 726 3634 779 δέ
3665 727 3812 780 ἐστιν

2234 806 2261 857 ό
2303 805 2615 876 Ἀργολικὸς
2643 807 2684 837 ¹¹
2742 807 2923 875 λόγος,
2956 809 3016 872 ὃς
3051 812 3167 863 ἐστι
3197 811 3375 882 (φησὶ)
3400 816 3465 885 τῇ
3500 814 3601 885 μὲν
3638 817 3809 889 τόλμῃ

2236 897 2434 966 μέγας,
2463 902 2528 969 τῇ
2556 898 2600 950 δ’
2642 899 2936 968 ἀποδείξει]
2960 900 3002 932 ¹³
3038 902 3309 966 κενός.¹υί
3349 904 3459 975 γάρ
3491 906 3625 978 περὶ
3645 907 3810 961 Κλει-

2232 989 2352 1041 νίαν
2404 991 2665 1060 ἱστορικοί
2708 1008 2893 1059 φασιν,
2950 994 3059 1046 ἀπὸ
3084 994 3184 1063 τῆς
3228 997 3521 1067 ποιητικῆς
3565 997 3808 1064 ἐξουσίας

2230 1082 2324 1134 καὶ
2357 1083 2508 1135 αὐτοὶ
2538 1082 2723 1137 ἄδειαν
2744 1084 3023 1149 λαϐόντες,
3059 1086 3116 1153 ἐξ
3144 1089 3380 1159 ’Ἄργους
3418 1091 3496 1153 είς
3522 1092 3809 1146 Αἰθιοπίαν

2232 1173 2499 1243 (ἐκαλεῖτο
2522 1174 2578 1227 δὲ
2606 1175 2726 1227 τότε
2760 1176 3041 1247 Κηφηνία)
3076 1180 3498 1249 παραγεγονότα
3529 1183 3621 1235 ἐπὶ
3652 1182 3807 1238 λύσει

2229 1265 2330 1333 τῆς
2389 1266 2625 1334 Κηφέως
2666 1265 2936 1337 θυγατρδς
2969 1270 3061 1322 τὸν
3111 1271 3348 1341 Περσέα,
3393 1274 3603 1327 ἐκεῖθεν
3642 1274 3700 1327 δέ
3730 1278 3807 1341 εἰς

2228 1360 2442 1428 Πέρσας
2489 1360 2830 1430 μεταστάντα
2863 1361 2926 1425 ⁸⁸,
2974 1364 3211 1433 Πέρσαις
3249 1365 3346 1435 μὲν
3376 1366 3483 1418 ἀπό
3520 1384 3665 1431 τινος
3701 1370 3809 1422 τῶν

2227 1454 2466 1522 ἐγγόνων
2488 1456 2585 1524 τῆς
2615 1455 2863 1525 κλήσεως
2926 1456 3243 1527 μεταδοῦναι
3264 1499 3279 1523 ,
3306 1458 3572 1531 Ἐρύθραν
3595 1459 3653 1512 δὲ
3683 1478 3809 1529 γεν-

2225 1547 2389 1617 νῆσαι
2424 1548 2559 1613 υἱὸν,
2585 1549 2682 1602 καὶ
2713 1549 2774 1613 ἐξ
2798 1548 3008 1603 ἐκείνου
3042 1552 3107 1620 τῇ
3137 1550 3382 1623 Θαλάσσῃ
3414 1553 3455 1583 ’⁸
3485 1552 3585 1623 τὴν
3608 1552 3807 1622 κλῆσιν

2224 1640 2550 1709 παρασχεῖν.
2586 1639 2840 1703 Τοιοῦτος
2878 1640 2977 1710 μὲν
3019 1641 3113 1694 καὶ
3145 1643 3173 1695 ό
3210 1641 3524 1712 Ἀργολικὸς
3553 1643 3686 1712 περὶ
3704 1644 3807 1714 τῆς

2238 1731 2505 1801 Ἐρυθρᾶς
2536 1730 2810 1804 θαλάσσης
2854 1733 3192 1803 σχεδιασμός.
3240 1735 3509 1805 Τέταρτος
3535 1735 3592 1788 δέ
3630 1736 3675 1768 ³⁸
3708 1737 3805 1790 καὶ

538 1829 797 1896 afﬁrmat,
837 1838 892 1884 et
936 1829 1123 1899 lingua
1169 1836 1223 1882 et
1263 1838 1444 1881 mente
1472 1826 1692 1881 Grzncos
1720 1825 1985 1891 imitante,
2027 1825 2111 1893 qui

2224 1823 2433 1894 ἀληθής
2460 1827 2608 1897 ἐστιν
2630 1866 2644 1889 ,
2679 1823 2738 1878 ὃν
2767 1825 2930 1889 αὐτὸς
2963 1826 3004 1859 ¹τ
3038 1826 3324 1897 μεμάθηκε
3351 1828 3503 1897 παρὰ
3540 1829 3755 1898 Πέρσου
3785 1846 3799 1861 ·

539 1921 727 1975 relicta
763 1920 943 1989 patria
974 1918 1206 1974 Athenis
1248 1919 1413 1972 vitam
1445 1918 1636 1987 egerit)
1688 1932 1754 1971 ex
1805 1917 2119 1972 narratione

537 2012 720 2067 Persae
746 2013 861 2067 haec
892 2023 973 2068 est
1001 2031 1013 2066 :
1050 2010 1313 2082 Erythras
1339 2009 1558 2079 quidem
1588 2007 1907 2078 fuitgencre
1932 2010 2115 2074 Persa,

539 2106 686 2160 tilius
740 2104 983 2176 Myoziei,
1022 2106 1114 2175 qui
1174 2104 1342 2158 animi
1397 2104 1685 2174 praesentia
1739 2112 1793 2157 et
1845 2102 1895 2155 vi
1952 2116 2117 2171 Opum

534 2196 857 2266 praeclaram
902 2195 1008 2249 sibi
1071 2194 1535 2249 existimationem
1594 2193 1953 2263 comparavit.
2008 2191 2117 2246 Do-

535 2303 771 2358 musque
796 2288 915 2357 ejus
950 2302 1059 2341 non
1088 2287 1332 2357 procula
1366 2286 1523 2351 mari,
1552 2297 1745 2341 contra
1782 2287 1990 2340 insulas
2026 2287 2119 2339 de-

533 2392 711 2437 sertas
746 2382 878 2453 (non
912 2381 1135 2450 quidem
1170 2382 1273 2435 hac
1305 2390 1647 2451 tempestate,
1697 2380 1788 2434 sed
1830 2378 2115 2448 qua'Medi

534 2474 822 2545 imperium
857 2474 1148 2538 tenebant,
1185 2475 1407 2543 quando
1434 2476 1597 2528 etiam
1629 2472 1893 2543 Erythras
1922 2487 2115 2551 nosce-

532 2565 757 2634 batur).
813 2564 1085 2634 Tempore
1148 2574 1329 2618 autem
1394 2565 1627 2618 hiberno
1667 2564 1733 2617 ad
1776 2561 2114 2632 Pasargadas

532 2656 948 2725 commigrabat,
985 2664 1041 2709 et
1080 2654 1182 2710 sub
1206 2663 1387 2708 ortum
1418 2656 1563 2708 veris
1591 2654 1658 2708 ad
1695 2669 1806 2707 rem
1842 2670 1996 2709 suam
2029 2653 2114 2707 fa-

535 2747 803 2801 miliarem
829 2746 1060 2806 redibat,
1109 2754 1221 2800 tum
1250 2746 1409 2799 aliam
1442 2747 1513 2801 ob
1550 2747 1840 2800 utilitatem
1866 2788 1880 2811 ,
1911 2757 2024 2800 tum
2055 2755 2113 2800 ut

531 2840 772 2911 aliquam
823 2840 946 2894 vitae
992 2855 1106 2894 suae
1159 2838 1491 2908 voluptatem
1537 2839 1643 2893 hac
1681 2839 2112 2893 commutatione

531 2932 860 3003 indulgeret.
884 2932 1048 3001 Atqui
1072 2945 1198 2984 cum
1237 2930 1291 2983 in
1325 2940 1571 2984 armenta
1604 2931 1725 3001 ejus
1755 2932 1942 2987 leones
1969 2933 2113 2985 irru-

528 3025 715 3095 ptione
755 3024 919 3089 facta,
948 3024 1238 3078 nonnullas
1265 3039 1531 3093 equarum
1574 3025 1868 3095 agrestium
1910 3026 2112 3080 interc-

528 3116 777 3180 missent,
816 3116 1038 3184 reliquie
1069 3115 1249 3169 adhuc
1295 3114 1620 3177 incolumes,
1659 3116 2107 3171 consternatione

2221 1914 2385 1979 Βόξος
2432 1915 2477 1967 δ’
2501 1910 2568 1982 ἦν
2618 1916 2794 1987 τούτῳ
2832 1916 3023 1988 ὄνομα,
3060 1919 3223 1989 φησιν
3247 1934 3260 1949 ⁶
3298 1919 3357 1972 ὃν
3405 1919 3499 1972 καὶ
3532 1918 3665 1991 [718
3708 1920 3802 1995 IL]

2220 2004 2493 2075 ἐλληνίσαι
2522 2006 2773 2073 γλῶσσαν
2815 2008 2857 2040 ¹⁸
2888 2010 2981 2061 καὶ
3009 2010 3257 2080 γνώμην,
3281 2011 3374 2064 καὶ⁵
3394 2013 3515 2073 ταῖς
3542 2010 3801 2081 Ἀθήναις

2217 2097 2443 2150 λιπόντα
2465 2100 2562 2169 τὴν
2597 2102 2834 2169 πατρίδα
2856 2102 3143 2171 ἐμϐιῶναι.
3169 2104 3362 2172 Ἔλεγε
3392 2104 3448 2157 δὲ
3475 2104 3503 2156 ὁ
3531 2102 3631 2158 τοῦ
3661 2103 3802 2176 Πέρ-

2218 2209 2312 2244 σου
2378 2191 2535 2260 λόγος
2584 2192 2782 2249 ταῦτα.
2832 2195 3043 2249 Γίνεταί
3081 2214 3167 2259 τις
3212 2196 3333 2249 κατ’
3379 2197 3677 2266 εὐτολμίαν
3707 2199 3797 2255 καὶ

2218 2282 2447 2336 πλοῦτον
2478 2284 2781 2354 εὐδοκιμῶν
2817 2286 3083 2356 Ἐρύθρας
3116 2288 3308 2357 ὄνομα,
3340 2288 3497 2356 γένος
3530 2289 3633 2358 μὲν
3665 2290 3799 2360 Πέρ-

2216 2389 2338 2443 σης,
2380 2374 2495 2437 υίὸς
2529 2375 2586 2428 δὲ
2614 2376 2910 2443 Μυοζαίου,
2945 2377 3212 2431 κατοικῶν
3244 2379 3301 2432 δὲ
3329 2379 3604 2451 θαλάττης
3634 2382 3673 2413 ³⁸
3700 2383 3797 2447 μὲν

2213 2467 2274 2519 οὐ
2308 2466 2515 2538 πόρρω,
2545 2469 2889 2522 κατεναντίον
2916 2470 2973 2523 δὲ
3007 2471 3186 2541 νήσων
3211 2472 3437 2543 ἐρήμων
3462 2473 3639 2527 οὐσῶν
3661 2476 3706 2507 ὀ
3731 2477 3794 2529 οὐ

2214 2554 2330 2621 νῦν,
2357 2556 2469 2609 ἀλλ’
2498 2558 2590 2609 ἐπὶ
2618 2558 2719 2626 τῆς
2748 2559 2949 2629 Μήδων
2979 2562 3272 2631 ἡγεμονίας
3304 2578 3317 2593 ·
3350 2563 3471 2616 τότε
3501 2564 3610 2634 γάρ
3640 2564 3735 2617 καὶ
3766 2566 3795 2618 ὁ

2226 2648 2491 2717 Ἐρύθρας
2538 2650 2888 2720 ἐγνωρίςετο,
2918 2652 2978 2716 ὃς
3017 2652 3112 2705 τοῦ
3163 2653 3263 2724 μὲν
3289 2654 3559 2726 χειμῶνος
3597 2658 3656 2709 ἐν
3685 2658 3796 2711 Πα-

2213 2742 2512 2811 σαργάδαις
2552 2745 2791 2796 ἐποιεῖτο
2828 2745 2928 2812 τήν
2967 2747 3202 2816 οἴκησιν,
3240 2746 3401 2818 ἔαρος
3436 2747 3495 2800 δὲ
3542 2749 3795 2819 μετέϐαι-

2211 2851 2299 2885 νεν
2330 2834 2420 2886 ἐπὶ
2452 2834 2549 2904 τήν
2594 2835 2729 2889 ἰδίαν
2758 2839 2948 2907 κτῆσιν
2976 2838 3078 2906 τῆς
3101 2855 3157 2890 τε
3188 2838 3355 2910 ἄλλης
3385 2839 3547 2892 ἕνεκα
3576 2838 3788 2910 χρείας,

2210 2926 2306 2979 καὶ
2330 2926 2490 2997 χάριν
2536 2928 2657 2981 τινὰ
2703 2928 2780 2999 τῷ
2825 2927 2924 2999 βίῳ
2947 2930 3033 2983 διὰ
3070 2930 3171 2999 τῆς
3198 2931 3454 3001 τοιαύτης
3480 2932 3790 3002 μεταϐολῆς

2209 3017 2519 3088 ἀπονέμων.
2555 3018 2762 3072 Τούτου
2801 3021 3086 3092 φορϐάδων
3117 3022 3289 3094 ἀγέλῃ
3335 3023 3539 3093 μείζονι
3574 3024 3789 3086 λέοντες

2211 3109 2607 3179 ἐπορούσαντές
2627 3128 2779 3175 τινας
2808 3113 2908 3183 μὲν
2942 3114 3121 3168 αὐτῶν
3148 3116 3495 3169 ἀπέκτειναν·
3523 3118 3579 3170 αί
3605 3117 3663 3170 δέ
3693 3135 3793 3170 πε-

525 3223 593 3260 ex
636 3222 692 3259 re
726 3207 867 3271 visa,
899 3221 995 3261 ceu
1026 3215 1196 3260 (nstro
1226 3204 1511 3275 perculsae,
1542 3206 1608 3259 ad
1638 3222 1789 3259 mare
1819 3222 1981 3261 cursu
2010 3207 2107 3261 ab-

2216 3200 2546 3270 ριοωθεῖσαι,
2595 3202 2672 3275 τῷ
2712 3206 2819 3257 δέει
2875 3206 2974 3276 τῆς
3017 3206 3193 3277 ὅψεως
3225 3204 3451 3280 ζοῖστρον
3502 3208 3786 3272 λαϐοῦσαι,

526 3308 705 3368 repto,
734 3314 934 3368 magno
968 3299 1020 3351 in
1058 3314 1232 3367 aquas
1262 3299 1465 3368 impetu
1507 3303 1677 3369 (aura
1727 3308 1838 3353 tum
1890 3299 2028 3355 forte
2076 3316 2107 3355 a

527 3390 695 3442 terris
738 3388 975 3457 alllabat)
1014 3389 1401 3458 prolabuntur.
1454 3389 1702 3457 Cumque
1726 3389 1883 3443 initio
1915 3398 2108 3459 praeter

524 3479 683 3533 littus
732 3490 1031 3543 natassent,
1086 3493 1287 3548 pavore
1327 3495 1432 3533 non
1465 3480 1788 3546 desistente,
1817 3496 1845 3534 a
1890 3481 2107 3538 ﬂatibus

525 3571 785 3640 abreptae,
818 3570 1109 3624 diﬂicultcr
1135 3572 1202 3626 ad
1233 3572 1425 3626 insulae
1450 3573 1694 3627 adversae
1722 3572 1920 3645 4421)
1950 3590 2105 3629 oram

524 3670 912 3727 emerserunt,
958 3677 1211 3731 unusque
1243 3677 1309 3716 ex
1353 3665 1737 3730 armentariis,
1784 3667 2105 3724 adolescens

526 3755 758 3808 audacia
792 3756 1139 3824 praecellens,
1170 3757 1299 3809 dum
1322 3756 1458 3810 alias
1494 3757 1655 3810 aliam
1684 3774 1838 3813 armo
1861 3773 2102 3829 prensat,

526 3860 631 3898 una
667 3848 988 3901 transmisit.
1020 3846 1281 3917 Erythras
1308 3849 1497 3918 igitur,
1524 3864 1695 3919 equas
1729 3866 1837 3906 non
1868 3854 2103 3923 amplius

524 3938 674 3991 visas
706 3938 1063 4006 investigans,
1094 3939 1305 4007 primus
1331 3939 1618 3994 hominum
1638 3941 1758 4011 ejus
1781 3942 1888 3998 loci
1929 3954 2102 4000 ratem

523 4030 816 4093 construit,
853 4030 1227 4098 magnitudine
1257 4033 1473 4100 quidem
1502 4034 1860 4101 mediocrem,
1889 4037 1984 4091 sed
2014 4052 2104 4091 ro-

527 4124 657 4176 bore
678 4123 1093 4177 validissimam.
1140 4122 1348 4193 anue,
1385 4126 1533 4180 venti
1568 4127 1794 4182 secundi
1846 4130 1901 4183 e't
1947 4145 2101 4184 com-

525 4216 674 4267 modi
710 4226 953 4267 tenorem
997 4219 1283 4276 nactus.in
1306 4216 1503 4271 fretum
1526 4218 1898 4284 descendit,et
1921 4221 2102 4275 subito

525 4302 670 4354 venti
724 4317 827 4369 ope
874 4312 1192 4370 provectus,
1256 4306 1456 4375 reperit
1501 4322 1671 4377 equas
1724 4318 1779 4363 et
1823 4321 2099 4380 pastorem

527 4393 712 4448 simul.
754 4394 950 4447 Insulae
974 4403 1153 4450 autem
1191 4398 1553 4454 admiratione
1583 4409 1799 4469 captus,
1825 4411 1880 4457 et
1910 4404 2099 4458 urbem

524 4484 579 4537 in
617 4496 775 4554 portu
805 4491 1160 4543 aecommode
1183 4489 1449 4556 fundavit,
1474 4501 1527 4546 et
1552 4506 1618 4547 ex
1652 4494 1895 4561 opposita
1924 4496 2100 4550 conti-

2211 3293 2305 3345 ἐπὶ
2338 3293 2434 3365 τήν
2464 3294 2735 3350 θάλατταν
2758 3298 3069 3368 ἠλαύνοντο,
3100 3301 3194 3354 καὶ
3225 3296 3313 3371 (ἦν
3340 3302 3449 3373 γὰρ
3478 3302 3624 3374 αὖρα
3649 3305 3793 3357 κατὰ

2206 3385 2379 3458 τύχην
2401 3388 2687 3457 ἀπόγαιος)
2709 3391 3029 3459 εὐμεγέθεις
3053 3393 3390 3462 ἐμπεσοῦσαι
3413 3397 3525 3457 τοῖς
3554 3394 3794 3466 ῥείθροις

2211 3480 2350 3546 μετὰ
2404 3480 2683 3549 πτοήσεως
2713 3481 2781 3532 τά
2821 3481 2923 3551 μὲν
2975 3483 3169 3554 πρῶτα
3197 3484 3348 3554 παρὰ
3386 3485 3486 3555 τὴν
3521 3485 3628 3555 γῆν
3661 3487 3793 3556 ἐνή-

2207 3586 2381 3638 χοντο,
2423 3570 2516 3622 τοῦ
2564 3571 2620 3622 δὲ
2663 3571 2917 3640 δείματος
2945 3574 3004 3625 οὐ
3050 3575 3308 3644 λήγοντος
3339 3574 3793 3648 ἐξεκυμάνθησαν

2206 3660 2300 3710 καὶ
2334 3659 2488 3727 μόλις
2517 3659 2610 3711 ἐπὶ
2650 3660 2839 3740 τὸ-τῆς
2866 3663 3093 3732 ἀντικρὺ
3123 3665 3285 3734 νήσου
3316 3668 3489 3736 πέρας
3522 3667 3789 3740 διεσώθη-

2207 3766 2324 3811 σαν,
2367 3749 2485 3813 ἑνὸς
2507 3750 2615 3802 τῶν
2646 3736 2884 3805 αἰπόλων
2912 3754 3126 3806 νεανίου
3166 3757 3261 3809 καὶ
3300 3757 3475 3829 τόλμῃ
3503 3736 3788 3831 διαφέρον·

2202 3856 2294 3902 τος
2322 3841 2858 3912 συμπεραιωθέντος,
2909 3843 3096 3897 ἄλλοτε
3132 3844 3298 3919 ἄλλης
3324 3848 3433 3899 τῶν
3470 3848 3640 3919 ὤμων
3668 3853 3788 3904 άντ-

2204 3932 2482 4001 εχομένου.
2545 3932 2601 3986 Ὀ
2623 3933 2715 3987 οὖν
2743 3934 3011 4005 Ἐρύθρας
3031 3938 3209 4008 ζητῶν
3231 3941 3328 4003 τὰς
3359 3941 3420 3993 οὐ
3450 3944 3781 4011 φαινομένας

2203 4027 2475 4099 φορϐάδας
2531 4028 2751 4099 πρῶτος
2806 4030 2914 4082 τῶν
2964 4032 3146 4086 ἐκεῖσε
3216 4033 3434 4103 σχεδίαν
3486 4035 3727 4106 ἐπήξατο
3760 4072 3775 4098 ,

2205 4119 2425 4189 μεγέθει
2484 4120 2586 4191 μὲν
2656 4121 2970 4192 σύμμετρον
3006 4163 3020 4189 ,
3074 4126 3140 4194 τῇ
3195 4124 3424 4193 δυνάμει
3478 4125 3535 4178 δέ
3602 4124 3779 4192 στερί-

2202 4228 2309 4280 φην
2338 4212 2418 4244 η*
2441 4250 2457 4275 ,
2488 4212 2585 4266 καὶ
2626 4211 2807 4266 λαϐὼν
2854 4216 3042 4268 στάσιν
3098 4214 3283 4285 οὐρίου
3321 4216 3419 4269 καὶ
3464 4216 3776 4286 συμμέτρου

2201 4302 2513 4374 πνεύματος
2549 4305 2761 4375 ἀφῆκεν
2789 4306 2872 4369 είς
2916 4307 3007 4359 τὸν
3038 4307 3206 4376 πόρον
3235 4323 3249 4338 ο
3281 4308 3420 4378 ταχύ
3450 4308 3508 4361 δὲ
3551 4307 3646 4360 τοῦ
3680 4306 3777 4359 κύ-

2205 4412 2373 4465 ματος
2427 4397 2587 4450 αὐτὺν
2643 4398 2992 4469 προώσαντος
3045 4394 3172 4470 εὗρε
3233 4400 3330 4469 μὲν
3377 4402 3510 4464 τοὺς
3560 4400 3776 4463 ἵππους,

2201 4481 2327 4557 εὗρε
2359 4488 2414 4541 δὲ
2447 4489 2538 4542 τὸν
2564 4491 2754 4560 νομέα.
2801 4490 3103 4561 Θαυμάσας
3124 4491 3180 4543 δὲ
3215 4491 3311 4562 τὴν
3341 4492 3510 4561 νῆσον
3552 4492 3644 4543 καὶ
3684 4489 3779 4541 πό-

523 4587 685 4632 nente
715 4578 789 4631 rei
824 4578 1138 4634 domesticae
1174 4582 1355 4651 inopia
1394 4584 1705 4638 laborantes
1729 4586 1858 4639 illuc
1884 4586 2096 4641 habita-

2212 4581 2377 4650 λισμα
2410 4583 2503 4633 ἐπὶ
2534 4580 2752 4651 λιμένος
2783 4583 3039 4654 εὐκαίρου
3107 4583 3383 4654 ἱδρύσατο,
3433 4584 3527 4636 καὶ
3576 4584 3639 4633 ἐκ
3676 4579 3777 4646 τῆς

524 4680 636 4725 tum
666 4674 968 4727 transtulit.
1006 4675 1187 4745 Atque
1223 4678 1348 4730 inde
1388 4680 1549 4731 etiam
1602 4680 1811 4735 insulas
1848 4694 2097 4747 caeteras,

522 4764 825 4819 cultoribus
861 4782 1081 4830 vacuas,
1124 4768 1491 4823 habitatorum
1535 4772 1842 4841 frequentia
1889 4775 1956 4829 ad
1997 4776 2101 4830 hu-

523 4856 805 4910 manitatis
856 4859 1060 4911 cultum
1120 4859 1383 4913 traduxit.
1439 4859 1675 4917 Tantum
1721 4865 1891 4935 igitur
1916 4867 2101 4936 gloria:

522 4964 586 5000 ex
623 4950 788 5003 rebus
826 4952 1013 5019 gestis,
1065 4951 1207 5021 apud
1260 4952 1453 5022 vulgus
1502 4954 1610 5008 sibi
1642 4960 2009 5025 comparavit,
2041 4970 2103 5015 ut

525 5054 678 5094 mare
712 5040 880 5107 illud,
917 5044 1295 5113 magnitudine
1324 5044 1620 5111 inﬁnitum,
1659 5061 1850 5105 omnes
1895 5052 1961 5105 ad
1997 5068 2100 5106 no-

523 5138 691 5183 stram
729 5148 900 5201 usque
928 5144 1141 5187 :etatem
1163 5134 1502 5204 Erythrzeum
1529 5138 1819 5205 appellent.
1848 5138 2099 5199 Nominis

524 5221 690 5289 igitur
720 5227 955 5278 rationes
989 5227 1257 5279 distincta:
1297 5227 1367 5279 ita
1400 5241 1459 5280 se
1492 5227 1712 5283 habent.
1762 5229 1897 5284 Nam
1940 5233 2101 5303 longe

525 5315 668 5367 aliud
701 5324 803 5381 est,
854 5316 901 5371 si
937 5316 1188 5387 Erythrae
1220 5332 1371 5371 mare
1402 5318 1608 5373 dixeris
1633 5359 1648 5385 ,
1687 5336 1849 5390 quam
1882 5323 1926 5377 si
1963 5323 2098 5396 Ery-

524 5406 704 5459 tliruni
748 5409 913 5477 (quod
958 5408 1133 5461 Latini
1166 5407 1412 5463 Rubrum
1468 5411 1730 5481 vertunt).
1782 5410 1896 5468 Hoc
1947 5418 2091 5468 enim

2197 4675 2495 4743 ἀντιπέραν
2527 4675 2655 4736 τοὺς
2693 4674 3033 4745 ἀποροῦντας
3058 4674 3176 4746 βίου
3222 4674 3570 4746 μετενεγκὼν
3592 4672 3771 4725 ἐπόλι-

2198 4785 2310 4831 σεν,
2341 4767 2551 4820 ἐκεῖθέν
2580 4785 2640 4820 τε
2668 4769 2763 4821 καὶ
2791 4768 2890 4832 τὰς
2917 4769 3080 4833 ἄλλας
3108 4771 3305 4839 νήσους
3342 4772 3583 4841 ἐρήμους
3609 4766 3772 4828 οὔσας

2195 4858 2498 4929 ἀνθρώπων
2541 4860 2818 4929 οἰκήσεσιν
2874 4861 3191 4931 ἐξημέρωσε
3220 4876 3237 4892 ⁶
3290 4864 3388 4916 καὶ
3443 4856 3769 4931 τηλικαύτην

2196 4953 2355 5017 δόξαν
2387 4955 2450 5007 ἐκ
2474 4955 2582 5007 τῶν
2614 4955 2963 5025 πραχθέντων
3008 4956 3222 5019 πολλοῖς
3269 4956 3605 5026 ἐνεποίησεν,
3630 4951 3768 5003 ὥστε

2198 5048 2297 5117 τὴν
2319 5048 2495 5099 ἐκεῖσε
2526 5046 2816 5112 θάλατταν,
2848 5047 3011 5100 οὖσαν
3034 5048 3264 5119 ἄπειρον
3290 5047 3512 5119 μεγέθει
3546 5046 3610 5109 ²¹,
3636 5042 3741 5095 πάν
3758 5068 3769 5075 -

2195 5156 2293 5203 τας
2326 5139 2405 5193 ἔτι
2436 5140 2530 5192 καὶ
2560 5140 2682 5193 καθ’
2714 5142 2861 5212 ἡμᾶς
2888 5139 3245 5211 ἐπονομάζειν
3260 5138 3540 5214 Ἐρυθρὰν.
3568 5136 3645 5187 Τὰ
3668 5133 3766 5203 μὲν

2194 5232 2286 5285 οὐν
2319 5234 2466 5286 αῐτια
2506 5234 2607 5303 τῆς
2658 5233 2902 5304 κλήσεως
2930 5233 3122 5305 ἔχοντα
3156 5233 3415 5303 διαφορὰν
3447 5232 3467 5297 (
3490 5230 3630 5298 μέγα
3657 5226 3765 5295 γὰρ

2194 5326 2255 5376 τὸ
2285 5324 2661 5395 παραλλάττον
2681 5325 2919 5397 Ἐρύθρα
2948 5327 3218 5380 θάλατταν
3245 5325 3421 5377 εἰπεῖν
3442 5320 3473 5390 ἢ
3498 5319 3765 5371 θάλατταν

2209 5416 2495 5487 Ἐρυθράν⁹
2540 5416 2602 5469 τὸ
2638 5417 2736 5487 μὲν
2769 5419 2877 5489 γὰρ
2903 5418 2993 5471 τὸν
3030 5420 3073 5451 ³³
3108 5415 3467 5488 κυριεύσαντα
3510 5407 3766 5481 σημαίνει

1817 5526 2049 5582 νΑΙζΙΛΞ
2110 5529 2521 5586 LECTIONES.

589 5640 635 5667 ”
670 5636 1024 5705 ἀργοὶ-ογικὸς
1051 5638 1118 5693 Α.
1229 5638 1272 5669 ¹³
1295 5638 1339 5691 δ⁴
1371 5638 1505 5693 ἁποδ

520 5722 620 5777 “rt-,1
651 5724 709 5770 ς.
790 5708 831 5739 ¹⁶
861 5709 938 5761 δέ.
1039 5709 1080 5741 ¹⁷
1109 5709 1269 5771 αὐτὸς
1304 5727 1414 5761 om.
1448 5710 1505 5763 ll.

519 5764 773 5833 incutiam
805 5779 964 5834 habet
990 5781 1056 5834 A.
1155 5782 1196 5810 ²¹
1230 5764 1433 5851 μεγέθη
1468 5798 1527 5843 ς.

1610 5709 1656 5740 ¹⁶¹⁷
1680 5709 1923 5777 γλῶτταᾶ
1962 5729 2021 5775 ς.

1229 5638 1272 5669 ¹³
1295 5638 1339 5691 δ⁴
1371 5636 1665 5710 ἀποδείξει]
1705 5639 1759 5691 δέ
1800 5639 1923 5712 δόξῃ
1950 5642 2017 5694 Α.
2096 5640 2139 5671 ¹¹⁵
2171 5644 2512 5710 μεταστάντα
2542 5645 2584 5697 Α
2616 5664 2631 5700 :
2666 5645 2801 5714 μετὰ
2830 5644 3003 5698 ταῦτα
3039 5663 3098 5710 ς.
3132 5645 3368 5715 ἐκγόνων
3394 5642 3455 5696 Β.
3532 5641 3574 5672 ’⁸
3608 5638 3765 5693 θαλά-

1229 5728 1269 5769 ›ς
1304 5727 1414 5761 om.
1448 5710 1505 5763 ll.
1610 5711 1651 5740 ¹⁶¹
1680 5709 1923 5769 γλῶτται
1962 5729 2021 5769 ς.
2134 5712 2176 5743 ¹⁹
2225 5712 2492 5765 θάλατταν
2532 5732 2592 5769 ς’.
2668 5717 2715 5748 ³ο
2753 5716 2927 5768 οὐσῶν
2966 5734 3107 5769 corr.
3141 5720 3207 5769 A.
3282 5716 3351 5745 ’θ’
3384 5730 3481 5769 pro
3511 5713 3762 5769 στερίφην

1631 5727 1651 5740 η
1680 5728 1923 5777 γλῶτται
1962 5729 2021 5775 ς.
2135 5727 2176 5743 ’τ’
2225 5727 2492 5765 υαΛατταν
2532 5732 2592 5778 ς’.
2668 5727 2715 5748 ιν
2753 5727 2927 5768 οὐσῶν
2966 5734 3107 5770 corr.
3141 5727 3207 5771 A.
3283 5727 3351 5745 ’ν’
3384 5730 3481 5783 pro
3511 5727 3777 5781 crapttmv,

1626 5781 1669 5811 ¹²
1696 5782 1785 5833 τὸν
1827 5783 1949 5836 add.
2007 5785 2071 5837 Α.
2121 5782 2223 5851 τῆς
2283 5782 2552 5854 Θαλάττης
2613 5787 2676 5853 Α,
2719 5788 2815 5857 τῆς
2861 5787 3136 5859 θαλάσσης
3170 5789 3207 5839 Β
3240 5805 3253 5842 :
3283 5787 3381 5857 τὴν
3408 5784 3669 5838 θάλατταν
3700 5795 3762 5842 ςο
