4152 6422
337 392 407 456 13
1461 392 1529 454 Β]
1545 392 1914 451 BLlO’I‘HEC

2027 414 2096 426 --
2126 389 2288 450 COD.
2320 390 2475 449 CCL.
3536 397 3599 461 Μ

330 513 438 580 τῆς
496 509 766 581 θαλάττης
827 509 1029 581 ἄνδρα,
1078 509 1139 560 τὸ
1172 506 1229 560 δὲ
1261 505 1361 576 τὴν
1408 507 1726 578 mpod-rma
1770 504 1920 574 δηλοί

2025 502 2341 559 rubedinem
2379 519 2553 572 aquze,
2583 503 2711 556 illud
2756 504 2930 559 virum
2966 508 3099 561 mari
3136 509 3387 579 potitum,
3426 514 3600 582 signi-

328 608 436 676 τῆς
500 605 763 675 ῥηθείσης
826 602 1060 672 φύσεως)
1117 604 1177 654 έν
1203 600 1435 663 τούτοις.
1475 598 1731 701 Ἐστιδὲ,
1760 597 1921 701 φησι,

334 696 505 770 115ἳὸ
533 695 629 768 8.]
675 696 737 749 τὸ
794 697 893 767 μὲν
949 695 1057 749 ἀπὸ
1109 694 1205 748 τοῦ
1249 694 1543 765 χρώματος
1582 693 1682 763 τὴν
1723 691 1922 759 κλῆσιν

332 788 751 852 κττασκευάζον
801 787 997 856 ψεῦδος
1055 787 1139 855 (οὐ
1191 785 1301 855 γὰρ
1335 784 1484 838 ἔστιν
1519 782 1748 851 ἐρυθρὰ)
1790 783 1851 834 τὸ
1876 782 1923 832 δ’

333 880 443 933 ἀπὸ
476 879 572 934 τοῦ
599 877 1063 941 δυναστεύσαντος
1091 876 1138 907 ⁸³
1165 874 1393 946 ἀληθὲς,
1426 874 1502 937 ὼς
1529 877 1557 927 ὁ
1589 874 1807 942 Πέρσης
1836 870 1926 922 λό-

332 988 433 1039 γος
457 970 827 1024 ἐπιστώσατο.

404 1064 531 1117 Ὀτι
559 1064 683 1117 οὐδὲ
707 1064 817 1118 ἀπό
844 1081 991 1128 τινος
1016 1063 1124 1117 τῶν
1156 1061 1252 1118 τοῦ
1288 1061 1543 1133 Περτέως
1591 1059 1833 1128 ἐγγόνων
1870 1056 1919 1089 ⁵⁸

331 1154 476 1221 ἀξιοῖ
499 1148 680 1221 οὗτος,
723 1156 902 1210 καίτοι
935 1156 1148 1210 πολλῶν
1196 1155 1463 1223 λεγόντων
1504 1154 1573 1215 ’⁵,
1605 1152 1705 1222 τὴν
1729 1149 1921 1219 κλῆσιν

328 1251 459 1313 τοὺς
535 1249 756 1321 Πέρσας
808 1248 1233 1321 κληρώσασθαι·
1303 1247 1436 1319 μηδὲ
1509 1244 1621 1315 γὰρ
1676 1243 1922 1305 ἐκείνους

337 1345 476 1411 σφᾶς
507 1343 707 1407 αύτοὺς
759 1344 977 1413 Πέρσας
1012 1342 1394 1413 παροξυτόνως
1432 1339 1740 1409 ὀνομάζειν,
1783 1334 1920 1389 ἀλλὰ

338 1435 577 1504 Περσᾶς,
604 1435 698 1488 ἐπὶ
726 1434 913 1498 τέλους
937 1436 1036 1505 τῆς
1066 1434 1494 1505 περισπωμένης
1521 1431 1816 1501 τιθεμένης
1842 1428 1914 1482 ’⁸.

335 1548 477 1618 Περὶ
521 1548 881 1619 παραδόξων
936 1547 1111 1615 ζώων,
1145 1548 1245 1601 καὶ
1279 1547 1486 1601 ἄλλων
1522 1542 1901 1614 πραγμάτων.

2024 597 2169 654 ﬁcat.
2209 599 2409 654 Verum
2457 601 2787 672 etymologia
2817 618 2845 655 a
2886 603 3069 659 colore
3120 604 3253 661 falsa
3304 619 3406 663 est.
3456 611 3605 668 Mare

2020 690 2166 743 enim
2202 692 2352 745 rubri
2403 690 2604 746 coloris
2639 709 2743 746 non
2782 701 2886 747 cst.
2921 694 2966 748 A
3014 697 3261 767 principe
3287 716 3468 756 autem
3509 704 3601 758 de-

2024 784 2213 849 ducta,
2248 801 2373 840 vera
2403 797 2506 851 est,
2542 798 2599 841 ut
2633 788 2880 842 narratio
2920 790 3133 847 Persica
3159 796 3316 849 Iidem
3347 795 3495 852 facit.

2101 1050 2233 1105 CAP.
2272 1052 2363 1108 III.
2398 1054 2692 1111 Persarum
2730 1064 3071 1136 etymologia.
3100 1098 3166 1108 -—
3201 1071 3472 1129 Caeterum
3504 1093 3605 1133 nec

2027 1154 2055 1194 a
2089 1143 2217 1197 liliis
2267 1154 2361 1198 aut
2395 1148 2685 1216 nepotibus
2716 1150 2899 1208 Persei
2939 1173 3139 1212 nomen
3179 1162 3383 1218 referre
3414 1165 3608 1223 Persas

2025 1236 2193 1304 (quod
2216 1246 2397 1292 tamen
2422 1241 2730 1309 complures
2755 1246 2844 1301 alii
2877 1250 3225 1323 conlirmant)
3254 1265 3444 1311 auctor
3472 1275 3608 1314 con-

2026 1329 2216 1384 tendit.
2252 1329 2363 1385 Nec
2402 1332 2525 1388 illos
2557 1334 2777 1399 Persas.
2814 1352 3042 1397 accentu
3072 1345 3126 1398 in
3153 1350 3477 1418 penultima,
3510 1356 3605 1410 sed

2023 1420 2241 1487 Persas,
2283 1424 2472 1480 ultima
2507 1428 2856 1488 circnmﬂexa
2897 1450 2955 1489 se
2984 1440 3279 1508 appellare,
3308 1444 3461 1500 dicit.

2354 1538 2432 1595 De
2459 1544 2597 1597 raris
2625 1548 3006 1617 animantibus,
3038 1564 3089 1607 et
3119 1554 3263 1611 aliis.

407 1689 532 1741 Ὅτι
563 1686 645 1741 τὰ-
663 1686 807 1740 κατὰ
838 1685 928 1739 τὸν
958 1684 1175 1755 Περσέα
1204 1684 1287 1747 εἰς
1307 1682 1504 1752 ψεῦδος
1531 1682 1625 1734 καὶ
1649 1680 1717 1733 δι’
1744 1678 1919 1773 ἄλλων

2093 1677 2219 1734 CAP.
2256 1679 2345 1735 IV.
2376 1680 2615 1739 Fabulas
2644 1687 2708 1741 de
2757 1689 2949 1747 Perseo
2982 1699 3166 1752 multis
3191 1705 3444 1773 exemplis
3488 1725 3611 1763 con-

338 1779 550 1833 πολλῶν
579 1779 819 1845 ἀπάγειν
852 1776 1196 1841 σπουδάζων,
1229 1774 1560 1846 προστίθησι
1603 1771 1917 1826 καὶταῦτα.

340 1872 483 1942 Πλὴν
510 1872 559 1924 εἰ
597 1870 697 1941 μὲν
726 1871 772 1903 ⁸⁷
816 1868 1097 1940 τραγικῶς
1124 1871 1153 1922 ὁ
1181 1867 1426 1938 Περσεὺς
1457 1866 1818 1936 ἐστράτευται
1860 1862 1922 1917 τὸ

337 1966 464 2035 [719
493 1963 587 2035 [1.]
623 1962 916 2033 πρόσωπον
957 1959 1314 2031 περιθέμενος
1351 1958 1446 2012 καὶ
1479 1958 1580 2029 τὴν
1610 1957 1793 2027 ἅρπην
1823 1955 1919 2009 λα-

340 2057 469 2118 ίὼν,
504 2055 758 2127 καὶπερὶ
785 2053 898 2106 τῶν
944 2052 1072 2123 ἑξῆς
1106 2050 1409 2123 ἐπιτρέψας
1437 2048 1484 2083 ³⁸
1527 2049 1923 2151 ὑποκριτῇήκαὶ

341 2150 485 2219 χορῷ
527 2146 843 2201 διαλύεσθαι
894 2148 990 2200 καλ⁵
1026 2145 1095 2199 τὰ
1119 2146 1216 2213 τῆς
1265 2144 1576 2247 ἀντιλογξας
1611 2144 1689 2206 εἰς
1725 2141 1918 2247 μῦθον,

343 2242 415 2304 ὡς
457 2242 505 2293 οἱ
542 2239 731 2293 πολλοὶ
782 2238 1297 2309 συγκεχωρήκασιν.
1346 2237 1769 2307 Ἐπιδράμωμεν
1811 2237 1922 2289 τῶν

349 2333 595 2386 τοιούτων
614 2331 684 2385 τὰ
713 2331 986 2399 κεφάλαια
1010 2331 1098 2383 διὰ
1129 2330 1395 2401 βραχέων.
1423 2330 1738 2411 Κένταυρον
1762 2346 1922 2398 γεγο-

354 2425 521 2487 νέναι,
562 2424 856 2493 Γηρυόνην,
901 2423 1205 2487 Κύκλωπα,
1241 2422 1490 2493 Χρύσην,
1534 2423 1772 2493 Κίρκην,
1807 2425 1923 2476 Καε-

350 2515 519 2585 λυψὼ,
566 2515 952 2584 Μινώταυρον,
993 2514 1259 2574 Σκύλλαν,
1316 2515 1613 2585 Χίμαιραν,
1644 2516 1919 2583 Πήγασον,

342 2606 770 2677 Λαιστρυγόνας,
790 2608 965 2677 Κέρϐε
977 2625 1089 2677 ρον,
1112 2606 1355 2660 Γλαῦκον
1376 2606 1682 2673 θαλάττιον,
1701 2606 1924 2660 Ἀτλαν-

339 2717 423 2764 τα,
457 2699 685 2770 Πρωτέα
712 2738 728 2762 ,
759 2698 970 2770 Νηρέα,
999 2699 1290 2771 Νηρεϊδας,
1325 2699 1452 2763 τοὺς
1483 2699 1677 2762 παῖδας
1717 2701 1843 2762 τοὺς
1876 2702 1921 2733 ’θ

350 2793 619 2857 Ἀλωέως,
670 2791 1049 2862 ὲννεοργυίους
1098 2791 1198 2862 μὲν
1250 2791 1585 2862 αὐξηθέντας
1617 2793 1810 2862 μῆκος,
1838 2792 1924 2846 ἐν·

336 2886 638 2953 νεαπήχεις
687 2883 733 2936 δ’
785 2880 965 2953 εὖρος.
1028 2885 1150 2935 Ἔτι
1192 2883 1251 2936 δὲ
1298 2885 1455 2951 γένος
1505 2882 1604 2954 μὲν
1650 2884 1922 2954 ἀναφῦναι

337 2978 461 3028 καθ’
479 2976 725 3030 Ἡσίοδον
754 2976 972 3047 πρῶτον
999 2976 1098 3046 μὲν
1123 2976 1382 3046 χρυσοῦν,
1411 2976 1604 3029 ἔπειτα
1624 2977 1920 3048 ἀργυροῦν,

336 3067 453 3121 εἶτα
486 3068 745 3139 χαλκοῦν.
796 3068 963 3121 Πάλιν
1002 3068 1201 3131 ἵππους
1234 3069 1333 3138 μὲν
1362 3067 1614 3137 γενέσθαι
1652 3073 1780 3140 περὶ
1813 3070 1922 3123 τῶν

337 3162 644 3231 μελλόντων
667 3160 1065 3224 συλλαλοῦντας
1090 3161 1358 3231 Ἀχιλλεῖ,
1392 3162 1606 3229 Σφίγγα
1644 3161 1699 3215 δὲ
1734 3164 1851 3225 τοῖς
1878 3162 1923 3193 ⁸⁰

334 3254 443 3307 τῶν
473 3252 731 3323 Θηϐαιων
771 3253 961 3306 παισὶν
982 3254 1212 3321 αἴνιγμα
1253 3253 1684 3325 προϐάλλουσαν,
1732 3255 1924 3325 Σειρῆ-

336 3363 434 3406 νας
504 3345 551 3399 δ’
619 3345 707 3398 ἐπ’
787 3345 994 3417 ὀλέθρῳ
1063 3347 1174 3398 τῶν
1243 3346 1612 3416 ἀκροωμένων
1668 3346 1921 3417 ᾀδούσας,

334 3439 546 3509 Νιόϐην
568 3440 627 3494 δὲ
653 3439 748 3493 καὶ
769 3438 1108 3509 Πολυδέκτην
1126 3439 1215 3493 διὰ
1246 3440 1411 3509 φόδον
1433 3438 1919 3509 ἀπολιθουμένους.

336 3534 465 3586 Ἐπὶ
516 3533 574 3587 δὲ
625 3532 835 3597 τούτοις
930 3535 1057 3596 τοὺς
1147 3532 1395 3586 Ὀδυσσεῖ
1469 3532 1923 3602 συμπλεύσαντας

334 3629 401 3681 ἐκ
454 3626 558 3699 μὲν
620 3626 924 3698 ἀνθρώπων
989 3628 1069 3691 εἰς
1134 3626 1254 3693 σῦς,
1311 3629 1376 3680 ὲκ
1434 3625 1579 3679 συῶν
1621 3626 1678 3679 δὲ
1717 3626 1797 3688 εις
1825 3628 1924 3678 ἀν-

335 3721 576 3793 θρώπων
639 3720 942 3793 μεταδῆναι
983 3720 1243 3775 διάθεσιν.
1275 3720 1397 3773 Ἔτι
1446 3718 1720 3774 Τάνταλον
1758 3720 1924 3790 τιμᾶ·

336 3816 467 3869 σθαι
509 3814 613 3886 μὲν
657 3814 746 3868 διὰ
790 3814 1185 3885 σωφροσύνην,
1245 3813 1527 3867 συνέστιον
1574 3814 1704 3867 ὅντα
1757 3814 1920 3881 θεοῖς,

334 3905 705 3977 τιμωρεῖσθαι
765 3906 822 3959 δὲ
872 3906 941 3959 δι’
988 3905 1312 3969 ἀκολασίαν,
1364 3907 1423 3958 ὲν
1450 3905 1571 3977 ἀέρι
1598 3906 1918 3977 φερόμενον.

350 3999 608 4069 Ἑτέρους
650 3999 732 4060 εἰς
769 3998 931 4070 ᾍδου
972 3998 1404 4061 καταϐαίνοντας
1435 3999 1523 4051 διὰ
1565 3998 1916 4070 προαίρεσιν,

335 4092 467 4155 τοὺς
499 4092 597 4161 μὲν
624 4091 774 4153 ὅπως
809 4090 950 4160 ὑπὲρ
994 4091 1101 4142 τῶν
1137 4088 1356 4153 ζώντων
1383 4093 1495 4155 τοῖς
1525 4094 1742 4162 νεκροῖς
1778 4092 1920 4163 μάν-

334 4199 456 4236 τεσι
483 4184 802 4254 χρήσαιντο,
838 4184 967 4247 τοὺς
994 4183 1052 4235 δὲ
1083 4181 1171 4236 ἵνα
1191 4181 1288 4253 τὴν
1312 4184 1663 4253 Περσεφόνην
1693 4186 1768 4249 ὡς
1793 4186 1923 4257 ἐρη-

339 4292 442 4342 μον
490 4274 845 4344 ὑπάρχουσαν
891 4273 984 4344 βίᾳ
1033 4273 1409 4343 νυμφεύσωσι.
1445 4274 1557 4327 Καὶ
1602 4274 1796 4345 κῴδιον
1828 4276 1922 4329 ἐπὶ

336 4366 617 4436 προϐάτου
653 4366 903 4433 γενέσθαι
950 4365 1349 4436 χρυσόμαλλον,
1378 4367 1584 4436 μηλέας
1618 4370 1677 4420 έν
1727 4371 1794 4438 τῇ
1826 4370 1920 4421 Λι-
1945 4389 1999 4449 D

338 4461 444 4529 δύη
475 4458 779 4527 πεφυκέναι
827 4460 970 4529 μῆλα
1007 4458 1278 4529 φερούσας
1304 4461 1503 4529 χρυσᾶ,
1538 4460 1699 4529 σῶμα
1736 4460 1912 4530 ἔμψυ-

336 4566 431 4619 χον
462 4548 639 4601 πάντα
670 4547 760 4599 τὸν
792 4546 903 4616 βίον
938 4547 1317 4617 διακαρτερεῖν
1375 4546 1675 4615 ἄγρυπνον,
1720 4545 1915 4616 βορέαν

336 4640 432 4692 καὶ
473 4640 625 4693 νότον
672 4641 810 4710 μετά
846 4638 952 4690 τῶν
980 4637 1157 4692 ἄλλων
1199 4638 1419 4709 ἀνέμων
1451 4640 1508 4690 ὲν
1541 4636 1694 4707 ἁσκῴ
1729 4638 1917 4704 πνίγε-

337 4730 463 4782 σθαι
532 4730 1083 4799 συγκεκλεισμένους.
1163 4729 1307 4800 Πρὸς
1352 4728 1561 4792 τούτοις
1625 4729 1917 4797 Πασιφάην

339 4824 441 4891 μὲν
471 4822 678 4893 ταύρῳ,
697 4819 860 4894 Τυρὼ
890 4821 946 4874 δὲ
971 4822 1203 4892 ποταμῷ
1231 4821 1552 4892 μίγνυσθαι,
1593 4822 1730 4894 πρὸς
1757 4822 1910 4875 οὐδὲν

332 4915 494 4981 γένος
523 4913 621 4980 τὴν
642 4914 804 4983 εὐνὴν
833 4912 1066 4983 ἐχούσας
1098 4914 1396 4982 ἀλλόφυλον
1427 4930 1441 4944 ⁸
1468 4914 1560 4967 καὶ
1604 4914 1915 4985 Φιλομήλαν

336 5007 440 5074 μὲν
482 5005 704 5074 ἀηδόνος
746 5006 1034 5072 ἐξαλλάξαι
1082 5007 1316 5078 μορφὴν,
1359 5007 1544 5077 Τηρέα
1585 5007 1642 5061 δὲ
1690 5007 1913 5074 ἔποπος,

347 5094 590 5165 Ἑκάϐην
637 5096 694 5148 δὲ
732 5098 814 5160 εἰς
855 5100 1015 5161 κυνὸς
1040 5099 1293 5169 οἰκουροῦ
1325 5100 1703 5170 καταστρέψαι
1728 5100 1909 5169 φύσιν.

344 5189 475 5242 Ἐπὶ
499 5188 708 5253 τούτοις
737 5192 835 5260 τὴν
872 5189 958 5243 Ἰὼ
997 5193 1279 5259 γεγονέναι
1321 5193 1423 5262 μὲν
1464 5193 1710 5263 ποταμοῦ
1743 5192 1913 5261 θυγα-

329 5280 491 5349 τέρα,
522 5280 839 5353 ταυροκέρῳ
866 5280 922 5333 δὲ
949 5285 1131 5353 μορφῇ
1154 5284 1197 5314 ³¹
1226 5282 1514 5353 διαπτῆναι
1544 5283 1661 5354 βοὸς
1684 5282 1912 5354 οἰστρώ-

407 5406 435 5434 ι
460 5394 583 5451 Lib.
612 5412 650 5452 ιι
684 5398 922 5470 Ἔργων.
1010 5397 1037 5437 ι)
1068 5397 1186 5453 Cic.
1221 5396 1433 5452 Tuscul.
1461 5415 1533 5452 Iv.

2026 1771 2290 1827 similibus
2341 1777 2608 1833 absurdus
2651 1797 2763 1837 esse
2799 1784 3151 1845 demonstrat.
3187 1822 3259 1832 —
3302 1797 3438 1853 Dum
3480 1817 3608 1857 vero

2026 1868 2396 1923 narrationem
2426 1870 2492 1924 de
2508 1870 2710 1930 Perseo
2725 1891 2821 1945 per
2852 1882 3021 1935 multa
3057 1900 3277 1956 quoque
3294 1890 3400 1944 alia
3420 1908 3609 1948 exem-

2025 1955 2110 2023 pla
2130 1960 2194 2009 ad
2221 1959 2567 2017 mendacium
2586 1967 2918 2039 restringere
2938 1975 3139 2041 studet,
3162 1977 3420 2052 adjungit
3441 1985 3604 2041 etiam

2025 2047 2137 2103 illa.
2168 2050 2336 2120 Atqui
2379 2053 2424 2107 si
2471 2059 2682 2127 tragico
2718 2060 2792 2115 ita
2828 2078 2982 2120 more
3028 2047 3262 2127 Perseus
3303 2047 3607 2145 espeditio-

2030 2154 2150 2193 nem
2190 2143 2337 2208 fecit,
2364 2145 2513 2203 larva
2549 2150 2797 2219 indutus,
2822 2165 2876 2210 ct
2902 2174 3031 2214 ense
3050 2161 3254 2221 falcato
3276 2143 3603 2237 instructus,

2022 2243 2078 2286 et
2118 2249 2241 2302 qua:
2292 2249 2600 2308 sequuntur
2630 2244 2887 2304 histrioni
2939 2263 2994 2308 et
3044 2256 3215 2313 choro
3253 2264 3605 2335 transigenda

2022 2328 2396 2393 committens,
2431 2335 2596 2390 etiam
2625 2340 2752 2408 alia,
2778 2345 2979 2412 quibus
3004 2348 3134 2405 huic
3164 2354 3358 2413 fabulae
3387 2370 3605 2417 contra-

2024 2417 2132 2472 dici
2171 2432 2371 2490 potest,
2403 2426 2640 2486 absurda
2675 2433 2871 2504 (prout
2902 2442 3048 2513 vulgi
3089 2462 3312 2503 assensu
3347 2468 3605 2527 compro-

2023 2508 2149 2565 bata
2180 2515 2327 2585 sunt)
2356 2520 2561 2576 notatis
2588 2526 2752 2579 modo
2777 2508 3071 2598 capitibus,
3099 2553 3262 2604 quam
3285 2508 3608 2605 brevissime

2022 2614 2186 2669 percu
2197 2620 2426 2662 rrcmus.
2446 2610 2778 2671 Centaurum
2798 2621 3051 2681 videlicet
3068 2626 3260 2697 fuisse,
3278 2634 3602 2709 Geryonem,

2023 2692 2333 2764 Cyclopem,
2366 2699 2631 2773 Chrysen,
2666 2707 2883 2779 Circen,
2917 2714 3178 2789 Calypso,
3211 2692 3604 2797 Minotaurum:

2027 2784 2286 2857 Scyllam,
2318 2789 2671 2861 Chimazram,
2702 2801 2965 2873 Pegasum
2987 2849 3001 2874 ,
3017 2784 3439 2887 viaestrygonas,
3472 2784 3605 2881 (Ser:

2024 2875 2241 2948 herum,
2275 2882 2540 2941 Glaucum
2576 2892 2872 2962 marinum,
2900 2899 3197 2974 Atlantem,
3238 2909 3453 2977 Protea.
3496 2917 3605 2972 Nc-

2029 2971 2247 3036 reirles,
2304 2976 2460 3032 Aloei
2494 2980 2673 3050 ﬁlios,
2732 2989 2827 3053 qui
2879 2992 2946 3046 ad
2987 2994 3020 3049 9
3052 2971 3362 3069 orgyiarum
3406 2971 3606 3082 “3a

2026 3061 2421 3135 longitudinem
2469 3082 2522 3126 et
2553 3076 2585 3129 9
2615 3078 2926 3138 cubitorum
2964 3087 3307 3151 latitudinem
3344 3061 3605 3161 axz-ev;-

2024 3168 2172 3212 runt.
2219 3160 2357 3217 Tum
2380 3205 2394 3229 ,
2436 3166 2670 3226 Hesiodo
2699 3185 2923 3234 auctore
2956 3193 2982 3221 ι
3008 3224 3023 3248 ,
3104 3202 3276 3255 genus
3331 3197 3606 3255 exstitisse

2023 3253 2203 3319 primo
2232 3270 2482 3321 aureum,
2509 3262 2704 3319 deinde
2731 3279 3069 3337 argenteum,
3092 3253 3352 3345 posthaec
3370 3301 3604 3347 aeneum.

2025 3341 2240 3401 Rursus
2271 3362 2445 3418 equos
2475 3350 2661 3420 fuisse,
2706 3361 2799 3429 qui
2850 3363 2918 3419 de
2958 3364 3159 3425 futuris
3188 3375 3447 3434 collocuti
3497 3385 3610 3440 sint

2025 3452 2149 3492 cum
2190 3441 2405 3497 Achille
2432 3462 2444 3497 :
2471 3456 2524 3500 ct
2556 3447 2874 3522 Sphingem,
2905 3474 3025 3526 quae
3056 3460 3442 3527 Thebanorum
3474 3480 3605 3545 pubi

2025 3531 2259 3600 aenigma
2292 3541 2640 3605 proposuerit
2673 3561 2685 3596 :
2713 3555 2765 3599 et
2797 3545 3042 3616 Sirenes,
3067 3571 3190 3625 quia
3211 3562 3279 3616 ad
3308 3531 3604 3634 perniciem

2026 3622 2339 3679 auditorum
2376 3631 2751 3701 cantillarint;
2808 3637 3037 3698 Nioben]
3076 3622 3243 3704 etiam
3277 3622 3331 3708 et
3377 3622 3608 3730 Polvde;

2024 3722 2170 3777 cten,
2206 3715 2259 3769 in
2291 3732 2424 3773 saxa
2457 3736 2521 3774 ex
2552 3739 2749 3791 pavore
2780 3745 3096 3792 conversos.
3123 3715 3502 3815 Navigationis
3527 3754 3610 3805 in-

2025 3820 2189 3875 super
2212 3810 2439 3865 romites
2478 3812 2716 3885 Ulyssis,
2752 3835 2819 3876 ex
2863 3823 3179 3888 hominibus
3216 3810 3519 3908 in'porcos,
3554 3857 3609 3900 ιιι

2025 3913 2057 3951 θ
2107 3901 2286 3968 porcis
2330 3905 2384 3959 in
2416 3907 2718 3966 humanum
2770 3931 2966 3975 rursus
3018 3922 3262 3981 habitum
3296 3934 3601 3991 transiisse.

2025 3987 2158 4043 Item
2190 3991 2482 4051 Tantalum
2511 4012 2734 4072 propter
2763 4012 2965 4066 mentis
2994 4012 3361 4086 integritatem
3398 4022 3606 4081 honore

2026 4083 2188 4149 allici,
2219 4102 2420 4144 mensa:
2447 4092 2674 4149 dearum
2705 4099 3011 4168 admotum,
3039 4118 3093 4162 et
3114 4083 3344 4180 propter
3365 4114 3603 4187 ﬂagitio~

2026 4190 2141 4229 sam
2175 4178 2453 4237 libidinem
2504 4184 2559 4239 in
2596 4204 2724 4244 aera
2760 4193 3038 4252 sublatum
3085 4178 3266 4269 plecti.
3296 4178 3601 4268 Nonriullos

2026 4271 2192 4324 etiam
2223 4272 2347 4329 data
2376 4289 2541 4345 Opera
2575 4281 2931 4342 descendisse
2960 4291 3029 4344 ad
3064 4290 3333 4360 Plutonis.
3386 4310 3500 4357 tum
3546 4318 3605 4358 ut

2028 4370 2179 4417 vates
2211 4376 2456 4423 mortuos
2488 4371 2555 4424 de
2588 4375 2724 4430 vivis
2748 4380 3119 4451 consulerent,
3147 4394 3259 4441 tum
3293 4398 3351 4444 ut
3374 4391 3603 4449 Proser-

2028 4453 2231 4522 pinam,
2269 4476 2365 4513 ceu
2413 4463 2749 4531 solitariam,
2782 4471 2831 4523 vi
2874 4488 3131 4543 sponsam
3188 4481 3291 4535 sibi
3337 4483 3601 4543 facerent.

2025 4546 2092 4600 Et
2132 4550 2303 4604 vellus
2335 4568 2517 4609 aureae
2540 4556 2677 4612 lanae
2704 4563 2756 4614 in
2786 4577 2887 4618 ove
2916 4569 3212 4638 exstitisse,
3243 4575 3526 4643 malosque
3551 4581 3603 4634 in

2027 4638 2213 4697 Africa
2247 4647 2419 4708 nasci,
2458 4665 2580 4717 quae
2612 4670 2774 4709 aurea
2820 4659 2962 4714 mala
2997 4664 3322 4731 producant.
3374 4672 3607 4727 Anima»

2027 4738 2141 4785 tum
2174 4749 2374 4805 corpus
2401 4754 2497 4807 per
2514 4756 2732 4798 omnem
2754 4752 2919 4801 vitam
2946 4751 3196 4809 insomne
3214 4762 3604 4825 permansisse.

2029 4821 2261 4880 Boream
2292 4839 2346 4882 et
2370 4833 2627 4888 Austrum
2654 4852 2779 4892 cum
2802 4844 3014 4897 caeteris
3050 4848 3227 4902 ventis
3259 4849 3313 4903 in
3348 4861 3467 4907 utre
3494 4862 3607 4907 tan-

2028 4926 2258 4972 tumnon
2306 4921 2601 4990 praelocare
2631 4927 2893 4987 inclusos.
2926 4935 3076 4990 Adde
3109 4935 3421 5011 Pasiphaen
3477 4960 3605 4999 cum

2026 5006 2206 5065 Tauro
2230 5053 2244 5076 ,
2286 5023 2339 5067 ct
2385 5014 2529 5086 Tyro
2562 5034 2684 5074 cum
2722 5023 2888 5078 ﬂuvio
2921 5042 3035 5081 rem
3069 5029 3269 5085 habere
3298 5052 3311 5087 :
3345 5049 3469 5089 cum
3521 5047 3603 5090 ta-

2023 5115 2147 5155 men
2171 5104 2235 5157 ad
2257 5106 2464 5161 nullum
2488 5108 2717 5166 diversa:
2740 5126 2950 5170 naturae
2980 5134 3153 5187 genus
3176 5123 3373 5178 lectum
3400 5126 3602 5181 ineant.

2028 5189 2092 5244 Et
2119 5191 2476 5259 Philomelam
2513 5198 2567 5252 in
2600 5201 2867 5269 luscinia’,
2922 5205 3152 5263 Tereum
3188 5212 3243 5265 in
3277 5230 3505 5285 "pupae,
3553 5228 3609 5272 et

2022 5282 2276 5342 llecuben
2313 5290 2339 5328 ι)
2375 5291 2428 5344 in
2456 5295 2604 5348 canis
2637 5296 2922 5353 domestici
2974 5311 3227 5361 naturam
3270 5323 3389 5363 esse
3426 5320 3608 5363 muta-

1617 5557 1853 5612 VAMAE
1927 5558 2220 5615 LECTION
2228 5561 2330 5618 ES.

434 5691 481 5722 ’³
513 5690 928 5759 δυναστεύοντος
988 5694 1049 5749 Β.
1080 5696 1108 5748 ὁ
1159 5696 1283 5750 add.
1320 5699 1385 5751 A.

1484 5697 1529 5727 ’⁷⁵
1564 5696 1805 5782 ἐκγόνων
1855 5698 1915 5752 Β.
1994 5701 2039 5785 ξδ
2061 5700 2271 5753 πολλῶν
2303 5703 2479 5788 ἄλλων
2513 5706 2633 5775 λεγ.
2669 5726 2729 5773 ς·.
2792 5712 2852 5788 Δ¹⁶
2887 5712 3103 5788 titulum
3151 5724 3272 5788 post
3305 5716 3605 5788 τιθεμένης

338 5760 465 5814 addi
491 5763 731 5827 solitum,
766 5768 893 5835 περὶ
918 5764 1243 5848 παραδόξων
1462 5769 1560 5848 καὶ
1577 5760 2290 5848 ἄλλωνμπραγμάτων,οηι.
2324 5773 2406 5848 Β,Δ
2432 5775 2483 5848 in
2534 5760 2643 5847 In'g.
2677 5760 2829 5848 ponit
2870 5787 2931 5836 A.

3043 5782 3249 5862 "pb/1
3277 5782 3462 5843 malint
3497 5782 3600 5862 μή.
3627 5810 3633 5814 ’

334 5832 382 5863 ³⁸
411 5833 709 5906 ἐπιτρέψας
740 5832 848 5906 mg.
882 5854 895 5889 :
923 5832 1259 5909 ἐπιστρέψας
1289 5837 1437 5893 libri.
1516 5839 1560 5870 ²⁹
1596 5840 1721 5901 τοὺς
1743 5842 1785 5894 Λ
1814 5832 1953 5893 τ’τοῦ
1983 5856 2046 5904 ς’.
2121 5843 2165 5876 ⁸ο
2194 5846 2303 5908 τοῖς
2343 5832 2467 5901 add.
2499 5848 2564 5902 A.
2590 5832 2699 5882 "7':
2978 5872 3064 5926 pr.
3095 5832 3167 5910 Ar.
