4036 6318
422 363 490 428 15
1580 361 1847 424 ΡΠΟΤΙῙ
1885 361 2013 423 PA']

2117 361 2396 423 ARCHE
2422 365 2531 426 cr.
3633 363 3698 430 16

420 485 611 534 tatam.
677 473 734 527 lo
818 479 1075 541 praeterea
1158 470 1326 526 filiam
1387 470 1567 526 amnis
1631 470 1846 536 fuisse,
1912 467 2005 523 sed

2117 485 2213 541 σης
2241 472 2302 525 τὸ
2332 471 2592 527 Ποντικὸν
2619 472 2857 542 πέλαγος
2890 489 2904 503 ·
2935 473 3030 544 ἀφ’
3066 491 3137 546 ης
3171 475 3265 530 καὶ
3288 476 3384 530 τὸν
3424 475 3702 550 Βόσπορον

422 574 650 622 cornuta
739 564 896 619 bovis
977 562 1188 628 forma,
1267 578 1393 618 cum
1464 562 1606 619 asilo
1684 563 2002 634 agitaretur,

421 658 710 714 Ponticum
752 670 907 712 mare
961 656 1382 722 transcurrisse,
1457 655 1603 712 unde
1660 663 1717 711 et
1755 654 2008 726 Bospho-

422 769 520 808 rns
550 765 750 806 nomen
780 748 1074 820 acceperit.
1109 749 1176 805 Et
1196 749 1454 804 Cameum
1487 747 1796 819 Lapitham,
1825 748 2006 818 primo

422 845 711 917 virginem,
757 845 902 898 circa
943 843 1247 914 pubertatis
1285 857 1459 896 annos
1485 856 1554 896 ex
1593 839 1832 896 femineo
1871 856 2006 896 sexu

423 943 480 994 in
527 939 742 993 virilem
804 937 1234 1006 transmigrasse
1263 953 1276 989 :
1310 943 1474 1003 atque
1522 933 1589 989 ad
1638 941 2004 1004 postremum,

424 1049 549 1089 cum
585 1047 616 1087 a
644 1031 927 1086 centauris
955 1029 1197 1084 abietum
1228 1028 1455 1082 incussu
1487 1026 1893 1091 verberaretur,
1931 1028 2010 1078 vi-

424 1141 550 1180 vum
585 1135 640 1180 et
672 1133 917 1179 erectum
951 1122 1192 1178 subiisse
1240 1130 1464 1176 terram.
1503 1120 1570 1175 Et
1603 1119 1807 1174 Ledam
1833 1159 1849 1185 ,
1890 1120 2010 1188 ejus

423 1235 546 1288 qua:
578 1218 632 1272 in
663 1216 927 1271 feminam
972 1215 1122 1269 cadit
1144 1213 1542 1284 procreationis
1578 1211 1723 1276 loco,
1759 1212 2008 1265 nativum

422 1311 702 1382 peperisse
728 1323 892 1364 ovum
931 1325 946 1361 :
983 1306 1125 1361 unde
1154 1305 1330 1360 forma
1373 1306 1462 1360 illa
1495 1312 1575 1360 tot
1606 1303 1805 1374 pugnis
1843 1316 2012 1373 expe-

422 1407 546 1469 tita,
578 1403 806 1466 Helena,
837 1401 1090 1471 inquam,
1121 1398 1408 1454 eﬁ‘ormata
1438 1399 1529 1452 sit.
1583 1395 1794 1452 Hellem
1843 1396 2010 1450 etiam

423 1507 478 1552 et
507 1496 772 1551 Phrixum
807 1493 998 1549 arietis
1025 1493 1258 1566 pedibus
1301 1491 1573 1558 volantes,
1600 1489 1854 1546 confecto
1884 1504 2011 1543 cur-

423 1607 512 1652 su,
564 1603 716 1643 mare
749 1585 882 1640 illud
916 1584 984 1640 ad
1023 1593 1318 1654 utrumque
1349 1583 1500 1638 littus
1533 1597 1748 1652 usque,
1802 1581 2014 1636 llelles-

423 1688 648 1749 pontum
677 1677 745 1731 de
761 1693 819 1731 se
838 1677 1187 1730 nominasse.‘
1206 1672 1348 1739 Quid
1372 1671 1518 1742 quod
1549 1670 1813 1727 llereules
1842 1671 2009 1726 etiam

423 1783 576 1826 vasta
608 1773 806 1834 maria,
834 1769 925 1823 ubi
953 1767 1210 1822 maxima:
1241 1769 1500 1821 oriuntur
1535 1774 1913 1835 tempestates,
1953 1763 2008 1818 in

423 1864 528 1918 olla
553 1877 812 1917 emensus
837 1861 908 1915 sit
933 1879 945 1914 :
976 1874 1031 1914 et
1055 1859 1302 1913 Africam
1326 1858 1585 1912 sementis
1616 1867 1670 1912 et
1699 1873 1854 1927 aqua:
1881 1856 2010 1909 via:-

425 1972 534 2025 que
562 1961 840 2024 expertem
873 1952 1026 2008 solus
1044 1951 1348 2021 peragi-urit
1375 1969 1388 2004 :
1428 1951 1574 2004 etab
1596 1950 1816 2004 Atlante
1848 1959 2012 2002 tanta:

425 2047 821 2118 magnitudinis
879 2054 936 2100 et
996 2044 1282 2115 gravitatis
1351 2044 1621 2097 mundum
1675 2043 1729 2096 in
1767 2058 1827 2097 se
1858 2057 2012 2096 rece-

427 2142 569 2213 perit
599 2158 612 2194 :
638 2155 748 2195 non
771 2139 918 2210 quod
945 2137 1264 2192 mandatum
1294 2136 1536 2199 haberet,
1574 2136 1670 2192 sed
1708 2145 1920 2191 tantum
1953 2145 2015 2190 ut

426 2235 657 2306 gratiam
681 2232 880 2288 iniret?
909 2230 1218 2300 Quidquod
1253 2228 1450 2302 4431)
1490 2226 1711 2298 Orphei,
1743 2229 2011 2283 citharam

429 2327 722 2397 pulsantis,
758 2324 990 2392 vestigia
1015 2331 1236 2376 montes
1256 2331 1311 2375 et
1340 2319 1576 2390 scopuli,
1601 2335 1791 2374 amore
1812 2331 1866 2374 et
1897 2330 2014 2376 stu-

426 2422 521 2476 dio
543 2420 766 2476 musica:
796 2417 992 2473 sectati
1017 2418 1041 2470 ?
1083 2415 1149 2470 Et
1176 2430 1370 2470 carnes
1397 2414 1561 2468 boum
1587 2415 1721 2468 solis
1751 2414 1891 2468 inter
1925 2431 2014 2470 as-

425 2514 660 2569 sandum
682 2525 876 2566 vocem
918 2508 1204 2563 hominum
1239 2506 1537 2562 intellectui
1571 2507 1788 2560 obviam
1828 2507 2014 2562 edide-

426 2604 580 2660 rint?
629 2601 696 2660 Et
745 2602 896 2672 quod
940 2601 1053 2654 vita
1106 2597 1374 2663 defuncti,
1433 2611 1532 2666 per
1561 2596 1759 2662 otium,
1821 2611 2012 2652 omnes

428 2695 647 2766 generis
676 2705 964 2749 sermones
996 2705 1121 2746 cum
1157 2689 1351 2759 Ulysse
1400 2690 1649 2752 credant,
1690 2705 1754 2746 ex
1786 2689 2008 2745 informi

426 2785 623 2841 umbra
650 2783 928 2853 proprium
953 2769 1116 2836 faciei
1143 2781 1542 2851 agnoscentes?
1566 2781 1784 2851 Aliique
1813 2781 2010 2836 horum

428 2880 639 2944 bibant,
665 2892 792 2931 cum
814 2889 915 2930 nec
939 2874 1096 2928 alvus
1127 2889 1228 2928 nec
1266 2873 1392 2944 gula
1429 2883 1596 2928 restet
1624 2891 1637 2928 :
1668 2873 1760 2927 alii
1801 2873 2010 2928 ferrum

428 2971 815 3032 extimescant,
850 2963 1222 3020 vulneratioui
1265 2974 1446 3019 tamen
1482 2980 1592 3020 non
1645 2966 1885 3036 amplius
1912 2967 2012 3021 ob-

429 3058 618 3115 noxii?
665 3056 925 3112 Nonnulli
963 3071 1158 3110 saxum
1209 3056 1468 3118 volvunt,
1505 3071 1742 3126 quorum
1779 3074 2011 3127 corpora

424 3158 540 3227 jam
563 3156 697 3211 olim.
715 3152 1158 3223 conflagrarunt?
1175 3152 1358 3221 Aliqui
1389 3152 1553 3206 etiam
1575 3155 1666 3224 jus
1688 3154 1876 3208 dicant
1901 3171 2010 3210 eze—
2041 3184 2085 3243 ο

431 3250 603 3312 teris,
639 3247 733 3300 ubi
780 3255 963 3299 tamen
996 3244 1134 3298 nihil
1189 3244 1518 3314 iniuriarum
1569 3254 1655 3300 est
1699 3247 2011 3317 reliquum?

429 3339 571 3406 Quid
609 3339 828 3393 tandem
872 3337 1019 3406 quod
1068 3351 1262 3391 eorum
1301 3337 1396 3407 qui
1445 3353 1551 3391 non
1588 3339 1825 3408 amplius
1859 3348 2012 3404 sunt,

429 3433 728 3487 simulacra
770 3431 822 3483 in
851 3429 1044 3500 cymba
1081 3429 1383 3498 trajiciunt,
1441 3428 1720 3484 Charonte
1752 3432 2014 3486 nauelero

426 3535 480 3580 et
521 3524 908 3593 gubernatore,
941 3529 1002 3575 ut
1030 3535 1104 3574 ne
1135 3520 1410 3576 submersi
1443 3521 1626 3577 denuo
1660 3522 1874 3580 funeris
1904 3525 2017 3580 cla-

431 3617 577 3671 tione
596 3629 736 3684 opus
770 3613 1048 3668 habeant?
1096 3610 1165 3666 Et
1195 3614 1340 3682 quod
1375 3615 1613 3671 Alcestis
1641 3657 1657 3682 ,
1689 3627 1743 3670 et
1773 3616 2013 3674 Protesi-

427 3708 566 3773 laus,
598 3715 651 3761 et
681 3703 921 3758 Glaucus
943 3745 959 3769 ,
1010 3711 1143 3773 post
1172 3703 1296 3758 vitae
1331 3706 1492 3759 liuent
1527 3710 1798 3776 surgant?
1831 3705 2013 3778 Siqui-

425 3801 548 3856 dem
606 3801 755 3855 illaut
807 3800 1075 3855 Hercules
1105 3798 1355 3863 reducit,
1412 3799 1577 3852 istum
1632 3800 1820 3854 uxoris
1859 3816 2015 3854 amor

425 3892 780 3957 exstimulat,
823 3893 972 3946 hunc
1028 3901 1183 3946 vates
1225 3906 1335 3945 una
1389 3890 1642 3945 defessus
1677 3893 1906 3946 excitat.
1948 3890 2014 3946 Et

425 3987 574 4058 quod
610 3983 953 4054 Amphiarai,
991 3983 1100 4036 vita
1143 3982 1330 4036 adhuc
1365 3982 1598 4052 integra,
1651 3998 1855 4054 corpus
1904 3999 2012 4040 una

425 4095 551 4136 eum
572 4079 731 4150 equis
757 4085 812 4132 et
844 4091 1015 4131 curru
1048 4077 1214 4130 tellus
1246 4075 1571 4130 absorbent?
1603 4073 1666 4129 Et
1692 4075 1840 4146 quod
1877 4078 2013 4131 deu-

426 4173 573 4226 tibus
621 4187 652 4225 e
691 4167 886 4224 Cadmi
934 4169 1177 4222 dracone
1229 4167 1602 4223 disseminatis
1648 4170 1748 4222 viri
1791 4170 2012 4234 armati,

425 4267 678 4333 interque
695 4277 754 4316 se
781 4263 1181 4331 depugnantes,
1209 4260 1581 4314 enascantur?
1613 4259 1679 4313 Et
1722 4261 1866 4330 quod
1910 4260 2016 4316 Ta-

425 4362 529 4426 los,
570 4358 772 4413 Minois
805 4367 1018 4424 custos,
1059 4365 1140 4411 ter
1169 4370 1280 4410 uno
1311 4354 1560 4425 quolibet
1580 4355 1668 4409 die
1692 4363 1860 4409 totam
1906 4356 2016 4410 cir-

424 4453 795 4510 cumambulet
827 4450 1071 4514 Cretam,
1118 4459 1227 4504 tam
1259 4449 1418 4519 longe
1457 4447 1674 4518 lateque
1704 4457 2008 4517 patentem,

2106 563 2391 636 είληφέναι
2427 564 2528 635 τὴν
2557 564 2775 636 κλῆσιν.
2818 567 2940 620 Ἔτι
2981 566 3193 621 Καινέα
3222 569 3316 622 τὸν
3355 570 3610 642 Λαπίδην
3639 572 3704 626 τὸ

2109 657 2212 729 μὲν
2249 657 2346 711 ἀπ’
2414 657 2592 728 ἀρχῆς
2668 658 2924 728 γενέσθαι
2972 658 3253 733 παρθένον
3287 663 3385 715 καὶ
3439 663 3699 730 γυναῖκα,

2106 749 2389 821 ἡϐήσαντα
2414 749 2472 802 δὲ
2493 751 2576 813 είς
2603 749 2774 822 ἄνδρα
2800 751 3160 822 μεταστῆναι,
3190 751 3252 805 τὺ
3283 752 3328 805 δ’
3361 752 3598 808 ὕστατον
3619 757 3701 820 είς

2106 843 2206 915 τὴν
2238 843 2342 914 γῆν
2363 842 2470 897 ὑπὸ
2496 843 2608 896 τῶν
2636 843 2970 914 Κενταύρων
2991 844 3312 911 καταδῦναι,
3333 847 3455 909 ταῖς
3481 846 3701 911 ἐλάταις

2107 934 2466 1003 τυπτόμενον,
2507 934 2669 1006 ὀρθόν
2694 951 2752 988 τε
2792 934 2888 988 καὶ
2941 931 3141 998 ζῶντα.
3184 935 3297 988 Καὶ
3355 935 3542 1006 Λήδαν
3597 937 3700 1006 μὲν

2107 1026 2229 1080 ἀντὶ
2255 1027 2355 1095 τῆς
2381 1023 2727 1096 καθηκούσης
2769 1026 2992 1094 γυναικὶ
3023 1023 3343 1088 τεκνώσεως
3380 1025 3489 1080 diei-3
3519 1031 3700 1082 τεκεῖν

2107 1117 2292 1184 φύσιν,
2316 1120 2375 1182 ἐς
2399 1111 2461 1173 οὗ
2483 1118 2544 1171 τὸ
2571 1118 2952 1189 περιμάχητον
2978 1113 3138 1184 εἶδος,
3171 1117 3504 1190 τὴνἚλένην
3532 1120 3696 1189 λέγω,

2107 1209 2430 1280 τυπωθῆναι
2457 1227 2473 1242 ο
2495 1210 2592 1282 τὴν
2616 1211 2674 1264 δὲ
2709 1210 2909 1280 Ἕλλην
2945 1209 3040 1265 καὶ
3070 1210 3266 1281 Φρίξον
3289 1212 3380 1264 ἐπὶ
3403 1197 3562 1283 κριοῦΔ
3583 1215 3700 1275 τοῖς

2111 1302 2240 1355 ποσὶ
2305 1303 2639 1374 πετομένους
2686 1303 2768 1369 ³⁸,
2843 1303 2937 1356 τὸν
3013 1304 3182 1374 πόρον
3260 1305 3696 1368 κατανύσαντας,

2118 1394 2281 1467 [1528
2319 1395 2413 1468 8.]
2453 1399 2553 1467 τὴν
2593 1396 2680 1464 ἐφ’
2720 1396 2956 1468 ἑκάτερα
2984 1396 3258 1450 θάλατταν
3306 1395 3699 1468 Ἑλλήσποντον

2112 1489 2209 1558 ἀφ’
2239 1488 2449 1542 ἑαυτῶν
2477 1489 2524 1520 ³³
2545 1487 3009 1559 προσαγορεῦσαι.
3024 1487 3184 1541 Τὺνδ
3218 1487 3277 1541 Ἦ
3288 1488 3492 1560 ρακλέα
3514 1489 3609 1542 καὶ
3628 1488 3698 1541 τά

2114 1584 2328 1652 πελάγη
2383 1583 2505 1652 μὲν,
2538 1576 2600 1634 οὗ
2638 1583 2888 1651 μέγιστοι
2930 1579 3226 1650 χειμῶνες,
3257 1582 3313 1633 ὲν
3342 1579 3534 1650 λέϐητι
3580 1581 3701 1634 δια·

2116 1675 2290 1740 πλεῖν,
2317 1674 2445 1747 [τεο
2471 1673 2562 1747 Η.]
2593 1674 2692 1746 τὴν
2723 1674 2779 1726 δὲ
2814 1672 3024 1744 Λιϐύην
3046 1672 3287 1745 ἄσπορον
3307 1673 3538 1744 ἄνυδρον
3563 1673 3701 1726 ἀπό-

2120 1786 2308 1841 ρευτον
2355 1768 2713 1839 ὑπάρχουσαν
2764 1768 2926 1836 μόνον
2975 1765 3350 1837 διεξέρχεσθαι
3399 1767 3465 1831 ”,
3516 1763 3596 1837 τῷ
3642 1765 3698 1819 δὲ

2123 1861 2378 1915 Ἀτλαντι
2411 1861 2503 1913 τὸν
2547 1859 2866 1932 τηλικοῦτον
2888 1859 3232 1925 διαδέξασθαι
3265 1861 3490 1928 κόσμον,
3527 1861 3701 1933 πρόσ-

2119 1969 2306 2023 ταγμα
2375 1952 2420 1984 ”
2457 1952 2557 2023 μὲν
2598 1953 2699 2006 οὐκ
2726 1951 2939 2023 ἔχοντα,
2973 1953 3132 2024 χάριν
3173 1953 3228 2006 δὲ
3256 1953 3558 2022 τιθέμενον.
3591 1953 3702 2006 Καὶ

2119 2045 2197 2119 τῷ
2237 2047 2335 2115 μὲν
2377 2045 2568 2116 Ὀρφεῖ
2603 2045 2940 2114 κιθαρίζοντι
2982 2046 3071 2098 διά
3101 2046 3461 2115 φιλομουσίαν
3500 2045 3570 2098 τα
3594 2045 3700 2114 ὅρη

2120 2136 2334 2199 καὶτὰς
2366 2136 2574 2206 πέτρας
2615 2134 2949 2200 ἀκολουθεῖν,
2998 2137 3137 2207 κρέα
3175 2136 3232 2190 δὲ
3277 2136 3568 2207 ὀπτώμενα
3591 2135 3702 2188 τῶν

2133 2226 2317 2281 Ἡλίου
2348 2226 2488 2296 βοῶν
2525 2227 2711 2296 φωνὴν
2739 2227 3026 2296 προΐεσθαι
3055 2229 3166 2290 τοῖς
3191 2228 3503 2299 ἀνθρώποις
3548 2244 3705 2280 συνε-

2117 2313 2238 2383 τήν.
2270 2311 2390 2366 Τῶν
2417 2313 2473 2366 δὲ
2506 2313 2924 2384 μετηλλαχότων
2955 2315 3048 2368 τὸν
3081 2315 3195 2385 βίον
3227 2316 3320 2368 ἐπὶ
3352 2318 3546 2387 σχολῆς
3565 2317 3701 2385 πρὸς

2130 2405 2396 2460 Ὀδυσσέα
2439 2403 2817 2476 διεξέρχεσθαι
2853 2409 3174 2476 παντοδαπῇ
3209 2409 3256 2440 ³⁸
3291 2409 3609 2480 ἀδολεσχίαν
3635 2411 3703 2464 ὲκ

2117 2499 2218 2569 τῆς
2242 2499 2492 2572 ἀμόρφου
2534 2499 2692 2562 σκιᾶς
2723 2499 2784 2552 τὸ
2822 2499 2922 2570 τῆς
2950 2500 3125 2570 ὄψεως
3157 2501 3528 2570 γινώσκοντας
3555 2503 3704 2556 ίδίω-

2122 2608 2222 2661 μα,
2254 2593 2346 2644 καὶ
2370 2592 2496 2654 τοὺς
2553 2591 2651 2661 μὲν
2689 2590 2868 2646 αὐτῶν
2894 2593 3004 2646 ἀπὸ
3038 2593 3134 2646 τοῦ
3167 2595 3344 2647 πίνειν
3377 2594 3437 2646 ού
3468 2595 3698 2660 κοιλίας,

2117 2683 2180 2736 οὐ
2210 2683 2474 2754 βράγχους
2511 2683 2756 2755 ἔχοντας,
2799 2686 3020 2756 ἐτέρους
3048 2686 3104 2738 δὲ
3127 2686 3410 2757 φοϐεῖσθαι
3438 2687 3531 2740 τὸν
3555 2687 3703 2759 σίδη-

2121 2792 2214 2848 ρον
2242 2776 2426 2830 οὐκέτι
2461 2777 2502 2809 δ’
2545 2779 2882 2848 δυναμένους
2901 2780 3198 2850 τρωθῆναι,
3231 2781 3387 2845 τινάς
3415 2781 3472 2834 δὲ
3501 2782 3702 2850 πέτρον
3803 2799 3810 2806 ‘

2118 2867 2325 2921 κυλίειν
2347 2870 2457 2922 τῶν
2482 2871 2750 2939 σωμάτων
2777 2871 2947 2925 πάλαι
2965 2874 3488 2942 κατακεκαυμένων,
3508 2874 3702 2938 ἄλλους

2118 2960 2178 3014 δὲ
2227 2960 2472 3024 δικάζειν
2513 2962 2724 3033 ἑτέροις
2756 2962 3079 3033 τεθνηκόσιν
3123 2965 3462 3036 ἀδικήματος
3486 2967 3706 3031 οὐδενὸς

2121 3051 2463 3122 ὑπάρχοντος
2490 3069 2506 3084 ·
2554 3054 2616 3106 τὺ
2645 3054 2690 3107 δ’
2725 3054 2974 3124 ἔσχατον,
3014 3054 3126 3110 τῶν
3159 3057 3344 3109 οὐκέτι
3371 3057 3540 3110 ὄντων
3575 3060 3704 3122 τοὺς

2118 3144 2323 3208 τύπους
2353 3148 2409 3199 ἐν
2450 3147 2711 3217 πορθμίδι
2752 3149 3020 3213 διαπλεῖν,
3053 3149 3277 3219 ἔχοντας
3300 3151 3535 3220 Χάρωνα
3569 3150 3725 3203 ναύ-¹

2119 3237 2322 3307 κληρον
2367 3239 2463 3291 καὶ
2497 3239 2959 3311 κυδερνήτην,ἴνα
2990 3239 3064 3311 μὴ
3090 3242 3570 3311 καταστραφέντες
3609 3245 3704 3297 ἐκ·

2118 3330 2296 3398 φορᾶς
2322 3328 2646 3383 ὲπιδέωνται
2673 3330 2856 3385 πάλιν.
2885 3332 2997 3384 Καὶ
3024 3331 3124 3401 τὴν
3160 3331 3258 3401 μὲν
3285 3331 3582 3402 Ἄλκηστιν
3608 3335 3704 3387 καὶ

2118 3423 2504 3493 Πρωτεσίλαον
2571 3424 2668 3477 καὶ
2724 3423 2967 3476 Γλαῦκον
3018 3424 3480 3495 τετελευτηκότας
3542 3425 3707 3481 πάλιν

2116 3516 2438 3585 ἀναστῆναι,
2469 3515 2570 3585 τὴν
2599 3516 2700 3586 μὲν
2728 3517 2818 3584 ὑφ’
2855 3516 3192 3586 Ἡρακλέους
3218 3517 3546 3588 ἀναχθεῖσαν
3569 3561 3583 3584 ,
3614 3519 3717 3585 τὸν,

2117 3607 2174 3660 δὲ
2210 3607 2296 3662 διὰ
2335 3609 2425 3662 τδν
2473 3612 2575 3680 τῆς
2615 3610 2874 3677 γυναικὸς
2908 3611 2953 3642 ³⁸
3002 3610 3206 3679 ἔρωτα,
3253 3611 3345 3663 τὸν
3375 3611 3432 3664 δὲ
3466 3613 3574 3666 ὑπὸ
3608 3613 3704 3668 τοῦ

2120 3703 2369 3768 μάντεως
2401 3699 2492 3752 τοῦ
2522 3701 3062 3769 συγκατορυχθέντος
3093 3719 3108 3732 ·
3137 3701 3235 3754 τοῦ
3262 3702 3318 3754 δὲ
3363 3699 3703 3775 Ἀμφιαράου

2117 3787 2319 3853 ζῶντος
2347 3790 2409 3842 τὸ
2436 3789 2597 3860 σῶμα
2641 3792 3041 3858 καταδέξασθαι
3081 3794 3220 3864 μετὰ
3260 3794 3370 3848 τῶν
3399 3797 3584 3850 ἵππων
3609 3801 3705 3850 καὶ

2116 3880 2209 3934 τοῦ
2248 3882 2442 3951 δίφρου
2481 3882 2580 3952 τὴν
2612 3882 2738 3951 γῆν.
2770 3883 2890 3935 Ἔτι
2921 3884 3101 3938 τοίνυν
3133 3887 3352 3949 ὀδόντας
3383 3889 3447 3940 ἐκ
3479 3889 3703 3959 Κάδμου

2121 3974 2402 4046 σπαρῆναι
2428 3973 2747 4044 δράκοντος,
2771 3977 2836 4028 ἐκ
2857 3975 2914 4028 δὲ
2939 3977 3147 4031 τούτων
3171 3979 3391 4043 ὁπλίτας
3425 3983 3704 4036 ἀνατεῖλαι

2120 4067 2462 4137 μαχομένους
2518 4066 2790 4138 ἀλλήλοις.
2849 4068 2952 4120 Τὸν
3009 4069 3067 4123 δὲ
3122 4068 3312 4124 Τάλων
3355 4073 3448 4126 τὸν
3487 4074 3704 4142 φύλακα

2114 4159 2210 4213 τοῦ
2239 4161 2282 4190 ³³
2312 4161 2465 4212 Μίνω
2486 4162 2608 4231 τρὶς
2637 4159 2740 4229 μὲν
2760 4163 2820 4213 ἐν
2843 4163 3028 4234 ἡμέρᾳ
3051 4166 3232 4217 πᾶσαν
3258 4169 3575 4236 περιπολεῖν
3603 4168 3704 4238 τὴν

2117 4251 2362 4322 Κρήτην,
2397 4252 2739 4323 τηλικαύτην·
2765 4249 2956 4318 οὖσαν,
3006 4255 3105 4324 τὴν
3139 4256 3194 4308 δὲ
3225 4257 3369 4327 ζωὴν
3405 4258 3566 4326 μόνον
3595 4260 3704 4312 τῶν

2118 4341 2377 4413 ἐμψύχων
2428 4342 2620 4396 τοῦτον
2667 4346 2724 4396 ὲν
2763 4344 2843 4410 τῷ
2895 4345 3088 4415 σφυρῷ
3109 4347 3435 4417 κεκτῆσθαι.
3467 4350 3573 4401 Καὶ
3607 4349 3704 4402 τοῦ

2117 4436 2272 4489 Μίνω
2303 4438 2358 4490 δὲ
2397 4437 2679 4508 ἀμήχανον
2710 4433 2851 4492 εἶναι
2894 4437 3208 4508 παραλῦσαι
3235 4442 3327 4493 τὸν
3371 4441 3507 4511 βίον,
3543 4443 3592 4494 εἰ
3626 4444 3700 4513 μή

425 4550 686 4618 solusque
725 4545 1094 4600 animatorum
1123 4543 1178 4597 in
1215 4542 1328 4596 talo
1375 4542 1540 4595 vitam
1574 4541 1897 4611 possideat?
1948 4543 2011 4597 Et

2117 4546 2200 4592 τις
2227 4531 2377 4600 αὐτῷ
2407 4531 2527 4594 ζέον
2563 4529 2707 4600 ὕδωρ
2735 4531 3025 4601 καταχέαι.
3058 4533 3203 4602 Πρὸς
3227 4533 3440 4598 τούτοις
3468 4535 3570 4588 ὑπὸ
3605 4539 3705 4605 μὲν

423 4641 570 4712 quod
603 4638 768 4694 Minoi
799 4638 911 4691 vita
935 4635 1186 4704 abrumpi
1223 4643 1484 4702 nequeat,
1512 4633 1615 4688 nisi
1643 4635 1770 4703 quis
1794 4633 2010 4689 ferven-

425 4745 533 4790 tem
562 4734 611 4787 ei
648 4745 847 4802 aquam
871 4727 1159 4784 aﬂ‘undat?
1188 4727 1269 4781 Ad
1305 4727 1420 4780 haec
1453 4727 1598 4796 quod
1641 4728 2012 4783 incantatione

425 4831 625 4886 Medea:
666 4829 992 4883 immutatus
1023 4839 1189 4880 senex
1222 4823 1415 4877 hircus
1451 4822 1516 4876 ad
1541 4823 1883 4892 juventutem
1921 4839 2010 4878 re-

427 4924 609 4987 dierit,
637 4931 689 4976 et
723 4937 750 4974 a
784 4918 1102 4972 Peliadibus
1133 4916 1382 4971 incoctus
1409 4916 1478 4970 sit
1514 4923 1668 4985 pater
1693 4954 1707 4979 ,
1757 4925 1818 4971 ut
1867 4915 2013 4985 reju-

427 5011 777 5071 venesceret?
806 5011 870 5064 Et
893 5009 1041 5081 quod
1069 5019 1182 5063 tres
1204 5023 1344 5062 anus
1362 5005 1662 5061 Phorcides
1681 5008 1846 5062 unius
1868 5009 2008 5062 oculi

428 5125 528 5165 usu
563 5109 730 5161 vitam
761 5107 1003 5174 exigant,
1034 5099 1430 5157 indissolubilis
1454 5100 1594 5153 inter
1617 5115 1676 5153 se
1701 5098 1825 5153 ﬁdei
1855 5115 2010 5154 com-

426 5211 701 5256 nuitantes
738 5201 913 5253 vicem
934 5197 960 5248 ’ί
1006 5197 1142 5248 Item
1191 5192 1339 5266 quod
1371 5191 1618 5246 Arcadiae
1667 5191 1909 5246 cultores
1957 5201 2012 5245 et

427 5295 643 5356 Atticm,
673 5291 961 5359 terrigena:
988 5287 1102 5342 sint
1135 5293 1190 5340 et
1246 5292 1438 5354 prater
1468 5291 1722 5337 naturam
1762 5281 1916 5336 orti?
1945 5281 2012 5335 Et

427 5389 574 5458 quod
616 5392 850 5439 "iactata
898 5380 955 5437 in
986 5378 1184 5434 Aulide
1215 5377 1397 5434 vivam
1434 5391 1493 5432 se
1524 5375 1834 5430 exhibuerit
1863 5376 2008 5445 apud

2115 4622 2216 4692 τῆς
2261 4623 2504 4693 Μηδείας
2558 4624 2788 4695 γέροντα
2831 4625 2988 4696 κριὸν
3037 4626 3272 4694 ἐπῳδαῖς
3327 4629 3705 4696 μεταπεσόντα

2117 4716 2236 4770 νέον
2260 4716 2518 4784 γενέσθαι
2555 4717 2738 4780 πάλιν,
2770 4717 2876 4770 ὑπὸ
2903 4717 2958 4770 δὲ
2988 4717 3099 4771 τῶν
3138 4718 3418 4771 Πελιάδων
3465 4719 3706 4790 καθεψηο

2117 4809 2279 4882 θῆναι
2310 4810 2401 4863 τὸν
2429 4811 2644 4881 πατέρα
2687 4809 2912 4878 Πελίαν,
2952 4810 3039 4864 ἵνα
3067 4811 3291 4882 γένηται
3328 4813 3466 4874 νέος.
3505 4813 3616 4876 Τάς
3649 4813 3706 4865 δὲ

2116 4903 2382 4976 Φορκίδας
2411 4905 2562 4974 τρεῖς
2608 4904 2708 4974 μὲν
2742 4902 2910 4968 θύσας
2942 4904 3160 4974 γραίας,
3210 4905 3290 4956 ένὶ
3323 4905 3380 4958 δὲ
3415 4906 3706 4976 χρωμένας

2117 4996 2404 5067 ὀφθαλμῷ,
2441 4995 2717 5064 διεξάγειν
2741 4996 2834 5049 τὸν
2865 4995 2978 5066 βίον
3005 4994 3200 5048 ἄλυτον
3231 4997 3362 5066 παρ’
3386 4994 3431 5026 ⁸ο
3460 4996 3705 5064 ἀλλήλων

2118 5091 2260 5146 κατὰ
2312 5090 2479 5160 μέρος
2531 5087 2905 5160 ἀμειϐομένας
2936 5088 3140 5142 πίστιν.
3197 5087 3318 5141 Ἔτι
3367 5089 3420 5141 δὲ
3450 5091 3578 5150 τοὺς
3603 5090 3704 5159 τῆν

2132 5184 2424 5256 ’Δρκαδίαν
2454 5183 2739 5246 οἰκοῦντας
2793 5183 2888 5234 καὶ
2921 5180 3022 5252 τὴν
3063 5181 3314 5250 Ἀττικὴν
3353 5182 3604 5248 γηγενεῖς
3643 5197 3703 5233 τε

2119 5275 2260 5332 εἶναι
2282 5277 2378 5330 καὶ
2402 5275 2553 5345 παρὰ
2583 5275 2747 5344 φύσιν
2770 5275 3076 5343 γεγονέναι.
3108 5272 3218 5324 Καὶ
3243 5273 3343 5341 τὴν
3384 5272 3480 5338 μὲν
3511 5272 3569 5323 έν
3600 5272 3707 5324 Λύ-

2120 5369 2223 5423 λίδι
2273 5371 2576 5437 σφαγεῖσαν
2611 5369 2672 5422 ὲν
2721 5367 2957 5440 Ταύροις
2984 5365 3330 5436 ἀναφανῆναι
3362 5363 3566 5429 ζῶσαν,
3605 5367 3706 5436 τὴν

1681 5509 1916 5566 VARI/1E
1951 5508 2357 5567 LEUTIONES.

497 5639 544 5672 ³²
575 5654 666 5693 an.
701 5634 1049 5708 πετομένουῖ
1099 5704 1110 5708 _
1148 5632 1316 5708 “jp’
1351 5631 1562 5685 ἑαυτῶν
1585 5630 2050 5708 ’ἐλλήσποντονᾳΒε

1131 5721 1159 5756 ν
1191 5704 1254 5764 Β,
1273 5696 1352 5757 ’ὲκ
1383 5734 1454 5746 --
1476 5696 1843 5771 γινώσκοντας
1873 5732 1943 5740 -—
1965 5702 2013 5754 ἀι

2117 5699 2225 5771 τοῦ]
2258 5696 2597 5771 γινώσκοντα
2636 5727 2704 5771 -ς-
2726 5697 2959 5771 αἵματος
2987 5696 3366 5771 llemsterhns.

1386 5773 1431 5806 ³⁸
1462 5770 1555 5829 τὸν
1591 5775 1686 5845 τῆς
1711 5770 1792 5843 γ.]
1825 5772 1922 5842 τῆς
1971 5788 2025 5840 γ.
2064 5772 2153 5826 τὸν
2179 5770 2246 5825 Α.

429 5711 568 5782 μένα
595 5710 659 5762 Α.
736 5709 780 5740 ³⁸
811 5704 1128 5782 παντοδαπῇ

429 5775 481 5852 ί».
531 5783 632 5835 407
665 5799 717 5834 a.
817 5780 861 5852 ’τ
897 5775 1106 5852 οὐκέτι]
1133 5776 1193 5828 οὐ
1228 5775 1284 5829 u.

429 5850 473 5884 ‘°
503 5853 698 5906 ἄλυτον
732 5851 859 5921 παρ’
891 5865 1000 5904 om.
1030 5850 1093 5900 A.

2145 5629 2191 5660 “
2221 5627 2536 5698 διέρχεσθαι
2573 5643 2634 5691 ς’.
2744 5627 2789 5698 3?
2818 5627 3149 5698 πρόσταγμα
3185 5626 3306 5696 μὲν]
3365 5641 3708 5698 προστεταγ-

2353 5711 2597 5751 ωσκοντα
2636 5727 2704 5737 ——
2726 5713 2959 5764 αιματος
2987 5711 3366 5750 nemsternus.
3401 5711 3632 5750 LIIClan.
3668 5711 3704 5756 ι,

2353 5770 2397 5802 ³⁸
2425 5769 2603 5823 τάλων
2637 5768 2726 5822 τὸν
2771 5766 2989 5838 φύλακα
3032 5766 3220 5831 τοῦΛ
3274 5785 3287 5822 :
3337 5766 3599 5820 ίταλωςὸν
3644 5781 3705 5828 ς.
