4152 6418
360 352 434 417 17
1490 360 2015 422 BIBLIOTIIECA.
2041 387 2109 396 -
2146 360 2308 421 COD.
2347 361 2501 421 CCL.
3555 356 3621 420 18

352 470 404 522 δ’
430 471 489 522 ὲν
515 468 907 540 Πελοποννήσῳ
928 471 1453 527 καταποντισθεῖσαν
1488 473 1595 526 ὑπὸ
1620 473 1715 527 τοῦ
1739 472 1945 545 πατρὸς

2052 471 2295 528 Tauros?
2326 472 2392 527 Et
2429 471 2577 543 quod
2617 470 2670 525 in
2705 470 3081 539 Peloponneso
3132 469 3270 524 mari
3306 470 3554 527 demersa
3586 490 3615 527 a

368 563 648 633 Ἀκρισίου
674 566 739 634 τῇ
770 564 1014 639 παραλίᾳ
1041 568 1105 635 τῇ
1134 567 1404 637 Σεριφίων
1436 567 1646 637 ἀϐλαϐῆ
1678 566 1818 636 μετὰ
1844 564 1939 618 τοῦ

2052 574 2197 636 patre
2226 565 2430 629 Arisio,
2465 562 2843 634 Seriphiorum
2875 563 3149 617 littoribus
3190 563 3480 619 incolumis
3511 581 3618 619 una

356 654 599 726 βρέφους
632 660 987 726 προσπεσεῖν.
1018 658 1121 710 Τὸν
1147 659 1194 711 δ’
1242 658 1349 711 ὑπὸ
1368 656 1647 713 Μενελάου
1674 661 1816 711 κατὰ
1846 657 1942 729 τὴν

2052 675 2166 714 cum
2210 657 2415 712 infante
2444 656 2756 727 appulerit?
2796 655 2862 708 Et
2896 656 3040 725 quod
3086 670 3115 708 a
3151 652 3396 708 Menelao
3422 656 3476 709 in
3508 656 3621 709 sin-

359 748 703 818 μονοιιαχίαν
747 749 852 821 ῆδη
900 749 1273 822 χειρούμενον,
1308 749 1568 820 ἐξαίφνης
1597 750 1940 819 ἁρπαγέντα,

2052 750 2218 819 gulari
2250 750 2553 805 certamine
2580 748 2692 819 jam
2742 750 3041 812 subactus,
3080 758 3205 817 post
3244 748 3615 818 arreptionem

354 842 419 894 ὲν
444 839 527 911 τῷ
555 838 787 910 θαλάμῳ
830 840 1083 907 γενέσθαι
1116 840 1253 912 πρὸς
1288 840 1577 894 συνουσίαν
1604 841 1823 910 ἕτοιμον
1854 839 1944 892 6v-

2052 842 2307 906 subitam,
2331 850 2578 896 versetur
2605 841 2661 896 in
2691 840 2955 904 thalamo,
2984 842 3050 895 ad
3085 841 3429 910 complexum
3463 852 3624 910 para-

351 949 449 997 τα,
488 932 600 984 τῶν
627 930 817 984 δεινῶν
843 931 1099 987 ἁπάντων
1128 932 1572 1003 ἐπιλελησμένον.
1601 932 1708 985 Τοῦ
1736 932 1793 984 δὲ
1823 931 1943 985 δου-

2052 942 2155 1000 tus,
2176 945 2232 989 et
2254 937 2436 992 omnis
2456 936 2669 991 adversi
2697 950 2861 990 casus
2876 933 3076 1008 “ﬁt:
3106 936 3349 991 oblitus?
3382 934 3449 988 Et
3474 934 3624 1004 quod

354 1023 511 1094 ρείου
532 1022 594 1076 τὸ
636 1022 799 1087 κύτος
822 1024 922 1077 οὐκ
959 1024 1047 1093 ἐφ’
1081 1024 1277 1078 ἁλώσει
1306 1025 1662 1095 συμπαγῆναι
1706 1024 1940 1089 πόλεως,

2052 1030 2207 1100 lignei
2243 1030 2371 1099 equi
2421 1030 2824 1100 receptaculum
2877 1044 2987 1083 non
3045 1028 3112 1083 ad
3164 1028 3620 1099 expugnationem

360 1113 487 1165 ἀλλ’
518 1114 615 1166 ἐπὶ
668 1114 932 1187 προδοσίᾳ
971 1115 1083 1168 τῶν
1116 1116 1249 1186 περὶ
1276 1115 1388 1170 ’τὸν
1416 1116 1678 1169 Ὀδυσσέα
1727 1117 1818 1169 καὶ
1850 1115 1942 1168 τὸν

2052 1123 2197 1177 urbis
2232 1123 2306 1179 sit
2335 1133 2701 1193 compactum,
2730 1122 2825 1178 sed
2847 1120 2918 1176 ob
2937 1120 3297 1191 proditionem
3325 1121 3534 1192 Ulyssis
3571 1130 3627 1175 et

353 1204 742 1275 Νεοπτόλεμον
775 1222 792 1238 ο
844 1206 1105 1275 τοιαύτην
1153 1208 1183 1259 ό
1242 1207 1448 1278 τρόπος
1508 1208 1820 1279 ὑπογράφει
1841 1208 1942 1278 τὴν

2052 1214 2410 1287 Neoptolemi,
2462 1212 2882 1285 sociorumque?
2936 1214 3070 1270 Vide
3121 1214 3300 1284 qualis
3326 1214 3431 1268 hoc
3459 1213 3624 1267 modo

355 1295 617 1361 εὐήθειαν
720 1294 816 1349 καὶ
892 1294 989 1349 τοῦ
1088 1296 1599 1360 κατασκευάσαντος
1694 1296 1941 1366 τεχνίτου

2052 1309 2281 1365 stultitia
2313 1308 2659 1379 depingatur,
2672 1318 2726 1362 et
2743 1308 2971 1363 artificis
2993 1307 3085 1377 qui
3105 1322 3304 1378 equum
3328 1306 3623 1371 exstruxit,

356 1388 456 1440 καὶ
508 1388 620 1441 τῶν
671 1389 958 1459 ἐμϐάντων
993 1389 1037 1420 ⁵⁸
1070 1389 1340 1460 ἀριστέων
1394 1390 1490 1443 καὶ
1518 1389 1627 1443 τῶν
1681 1389 1945 1454 ὑποδεξα-

2052 1409 2101 1457 et
2129 1414 2442 1472 procerum,
2472 1402 2567 1472 qui
2596 1401 2743 1456 hunc
2794 1400 3058 1465 inierunt,
3091 1410 3147 1455 et
3174 1400 3375 1455 civium
3395 1440 3411 1465 ,
3443 1399 3539 1470 qui
3569 1399 3622 1453 in

360 1481 545 1549 μένων
595 1482 677 1544 είς
756 1481 860 1551 τὴν
917 1481 1056 1535 ίδίαν
1129 1481 1307 1535 πόλιν.
1361 1483 1487 1535 Ἐπὶ
1540 1480 1753 1546 τούτοις
1779 1523 1796 1549 ,
1859 1483 1944 1536 ὅτι

2052 1494 2323 1566 propriam
2355 1495 2546 1549 urbem
2577 1493 2829 1549 eumdem
2861 1493 3257 1561 susceperunt!
3316 1491 3468 1546 Adde
3513 1491 3622 1555 his,

355 1572 453 1624 τδν
501 1571 825 1643 τηλικοῦτον
871 1575 1101 1644 οὐρανὸν
1133 1574 1272 1644 μετὰ
1297 1574 1408 1628 τῶν
1450 1576 1511 1627 ὲν
1548 1572 1699 1643 αὐτῷ
1731 1573 1944 1643 διατρι-

2052 1586 2195 1658 quod
2226 1586 2425 1641 cmlum
2449 1596 2560 1641 tam
2588 1593 2832 1650 vastum,
2866 1585 2973 1640 diis
2994 1585 3047 1638 in
3071 1581 3625 1641 eocommorantibus

358 1665 569 1719 ϐόντων
596 1665 736 1719 θεῶν
768 1669 883 1730 τοῖς
916 1667 1069 1730 ἰδίοις
1100 1668 1128 1720 ό
1162 1668 1365 1732 Ἀτλας
1392 1667 1565 1738 ὤμοις
1601 1667 1944 1739 ὑπειληφὼς,

2052 1678 2168 1734 suis
2195 1678 2351 1733 Atlas
2382 1677 2630 1731 humeris
2657 1677 2964 1747 exceperit,
3009 1685 3064 1731 et
3094 1674 3411 1730 Atlandides
3440 1682 3623 1728 tamen

356 1758 512 1825 ὅμως
531 1759 631 1821 τὰς
650 1758 818 1811 καλου
827 1757 995 1830 μένας
1011 1759 1357 1821 ’Δτλαντίδας
1388 1761 1843 1831 έτεκνοποιήσατο
1862 1760 1907 1793 ⁸³
1928 1776 1943 1790 ⁶

2052 1770 2331 1842 genuerit,
2378 1770 2525 1841 quod
2570 1769 2686 1825 fieri
2718 1770 2871 1825 nullo
2898 1776 3077 1840 potest
3117 1767 3303 1822 modo.
3344 1765 3500 1833 Quod
3534 1780 3628 1819 or-

363 1851 487 1924 [721
532 1851 626 1923 Η.]
650 1853 787 1923 ὅπερ
846 1853 1150 1924 ἀμήχανον.
1183 1854 1307 1906 Ὅτι
1354 1852 1453 1925 τὴν
1491 1854 1712 1908 ἃπασαν
1761 1856 1946 1908 οἰκου-

2052 1837 2174 1920 hem
2210 1837 2672 1919 totum'0ceanus
2697 1837 3024 1918 circumluat
3053 1870 3107 1915 et
3138 1860 3377 1925 ambiat,
3435 1870 3624 1914 custo-

368 1945 536 2015 μένην
581 1944 824 2008 ὠκεανὸς
893 1946 1217 2017 περικυκλοῖ
1264 1946 1519 2018 φρουρῶν
1559 1947 1656 2001 καὶ
1709 1948 1948 2019 συνέχων

2052 1956 2209 2012 diens
2224 1972 2349 2012 eum
2369 1955 2610 2012 ﬂuxibus
2635 1956 2751 2011 suis
2779 1966 2834 2011 et
2858 1954 3170 2017 continens,
3196 1953 3354 2023 cujus
3384 1960 3628 2007 extrema

366 2038 479 2099 τοῖς
502 2036 698 2090 ἑαυτοῦ
735 2036 1006 2108 ῥεύμασιν
1025 2055 1040 2069 °
1067 2037 1233 2111 [1529
1273 2038 1366 2112 3.]
1396 2033 1457 2094 οὗ
1484 2041 1639 2111 φησὶξ
1664 2039 1839 2111 πέραν
1864 2042 1947 2095 oi-

2052 2049 2334 2119 Gorgoues
2363 2047 2608 2104 accolere
2636 2048 2907 2103 Hesiodus
2933 2047 3100 2101 canit.
3131 2044 3197 2099 Et
3219 2044 3364 2115 quod
3396 2045 3625 2098 heroum

370 2132 485 2183 κεῖν
516 2130 614 2193 τὰς
652 2130 927 2201 Γοργόνας
966 2132 1230 2195 Ἡσίοδος.
1258 2133 1383 2186 Ὀτι
1409 2132 1520 2186 τῶν
1561 2133 1761 2205 ἡρώων
1802 2133 1950 2198 τινὲς

2052 2141 2299 2195 nonnulli
2352 2156 2646 2209 corporum
2694 2141 3170 2201 incolumitatem,
3223 2147 3375 2193 extra
3435 2152 3627 2193 omnes

373 2218 553 2288 ἀπαθῆ
582 2220 681 2288 τὴν
711 2220 979 2289 διαμονὴν
1014 2221 1125 2274 τῶν
1154 2222 1423 2293 σωμάτων
1452 2223 1496 2255 ⁸³
1525 2224 1947 2294 διαφυλάττουσι

2052 2232 2406 2299 adjectiones,
2438 2242 2783 2297 conservant,
2847 2233 2903 2289 in
2934 2232 3219 2287 beatorum
3270 2229 3466 2284 insulis
3508 2246 3521 2282 :
3561 2228 3629 2283 de

381 2314 547 2364 πάντα
577 2313 668 2365 τὸν
696 2314 890 2384 χρόνον
915 2316 973 2368 ἐν
1000 2317 1120 2379 ταῖς
1148 2315 1415 2387 μακάρων
1436 2318 1643 2387 νήσοις,
1678 2317 1745 2380 ἅς
1773 2318 1950 2382 οὐδεὶς

2052 2324 2251 2394 quibus
2276 2333 2454 2380 tamen
2485 2340 2647 2381 nemo
2666 2325 2799 2381 certi
2825 2324 3030 2395 aliquid
3061 2323 3339 2378 memoria:
3368 2321 3629 2392 prodidit.

388 2410 577 2479 κυρίως
617 2406 897 2480 ἱστόρηκε.
940 2411 1054 2464 Καὶ
1097 2409 1274 2464 ταῦτα
1302 2410 1401 2481 μὲν
1434 2411 1514 2474 είς
1542 2410 1749 2481 ἄπορον
1781 2429 1946 2465 κατα-

2052 2416 2179 2475 Haec
2228 2420 2395 2490 igitur
2426 2434 2550 2475 cum
2602 2420 2658 2474 in
2706 2419 2902 2474 dubias
2947 2427 3002 2474 et
3043 2418 3328 2489 perplexas
3376 2416 3631 2470 desinant

388 2501 671 2571 στρέφοντα
712 2502 873 2569 δόξαν
927 2503 1152 2566 πολλαῖς
1192 2503 1291 2556 καὶ
1343 2502 1451 2555 τῶν
1478 2503 1754 2569 γυναικῶν
1798 2502 1951 2558 εὔλο-

2052 2511 2361 2583 opiniones,
2396 2512 2582 2566 multis
2613 2512 2780 2566 etiam
2805 2526 2835 2565 e
2857 2526 2991 2565 sexu
3019 2508 3276 2564 muliebri
3314 2508 3485 2562 risum
3518 2521 3629 2560 non

376 2609 465 2659 γον
494 2592 539 2623 ⁸⁵
580 2595 917 2663 παραδίδωσι
967 2596 1276 2667 χλευασμόν
1307 2598 1375 2652 ⁸⁸.
1440 2598 1563 2652 Τῶν
1597 2598 1646 2650 δ’
1706 2594 1776 2651 αὖ
1808 2598 1949 2652 θεῶν

2052 2603 2465 2674 improbabilem
2521 2602 2766 2659 tradunt.
2839 2602 3108 2658 Caeterum
3168 2600 3235 2655 de
3292 2600 3399 2655 diis
3454 2613 3629 2667 nugas

374 2683 487 2747 πῶς
536 2686 967 2761 παραδεξιὶψεθα
996 2689 1044 2721 ⁸⁸
1092 2690 1184 2744 τὸν
1231 2690 1329 2760 μὲν
1367 2691 1425 2743 ἐν
1472 2690 1632 2762 μηρῷ
1670 2692 1951 2762 καταρρα-

370 2775 535 2843 φέντα
572 2778 868 2848 τραφῆναι.
905 2778 1003 2849 τὴν
1036 2780 1091 2834 δὲ
1119 2784 1183 2851 τῇ
1217 2780 1312 2834 τοῦ
1351 2782 1473 2845 Διὸς
1520 2782 1728 2853 κεφαλῇ
1770 2780 1949 2854 κοιλίᾳ

369 2865 700 2934 χρήσασθαι,
761 2866 856 2920 τὸν
904 2868 961 2921 δὲ
1013 2868 1142 2922 ἄνευ
1186 2869 1281 2923 τοῦ
1331 2870 1535 2940 πατρδς
1590 2870 1948 2940 τελειωθῆναι

368 2957 534 3025 (λέγω
591 2957 657 3029 δὴ
706 2958 797 3011 τδν
843 2959 1196 3031 Ἥφαιστον),
1240 2961 1333 3014 τὸν
1382 2960 1441 3014 δὲ
1501 2961 1689 3014 Ἥλιον
1734 2961 1823 3014 διὰ
1852 2962 1949 3026 τὰς

377 3047 615 3118 Ἀτρέως
643 3049 723 3113 είς
751 3048 996 3119 Θυέστην
1042 3051 1272 3123 πράξεις
1303 3053 1403 3122 τὴν
1438 3052 1536 3121 μὲν
1570 3052 1722 3105 δύσιν
1753 3054 1945 3105 ἀνατο-

2049 2694 2331 2766 quomodo
2361 2692 2740 2763 accipiamus?
2792 2692 2946 2759 Quod
3009 2691 3261 2746 videlicet
3298 2688 3518 2759 quidam
3551 2686 3631 2741 fe-

2048 2783 2192 2840 mori
2232 2785 2449 2838 insutus
2483 2783 2548 2837 ad
2580 2782 2954 2837 maturitatem
2984 2779 3293 2851 pervenerit
3326 2797 3340 2833 :
3377 2778 3630 2848 quaadam

2047 2875 2203 2931 Jovis
2234 2876 2411 2944 capite
2434 2888 2534 2945 pro
2574 2874 2800 2928 matrice
2834 2873 2905 2928 sit
2952 2872 3092 2927 usa?
3151 2872 3217 2925 Et
3241 2869 3462 2940 quidem
3510 2870 3632 2923 sine

2047 2976 2202 3038 patre
2217 2965 2545 3037 (Vulcanum
2572 2966 2717 3035 dico)
2735 2965 2805 3021 sit
2831 2963 3145 3034 perfectus?
3169 2962 3324 3029 Quod
3356 2961 3474 3024 Sol,
3503 2974 3630 3030 pro-

2048 3070 2171 3131 pter
2198 3057 2462 3113 nefariam
2490 3058 2639 3113 Atrei
2687 3057 2744 3111 in
2790 3055 3081 3128 Thyestem
3136 3055 3509 3125 impietatem,
3564 3069 3631 3110 ex

362 3140 464 3209 λὴν
485 3142 730 3211 ποιῆσαι,
754 3142 856 3214 τὴν
880 3142 938 3197 δὲ
966 3142 1234 3214 ἀνατολὴν
1256 3142 1429 3198 δύσιν.
1467 3145 1611 3216 Πρὸς
1644 3144 1701 3196 δὲ
1738 3143 1949 3210 τούτοις

2052 3167 2251 3208 occasu
2283 3159 2491 3216 ortum,
2531 3161 2587 3205 et
2618 3165 2683 3205 ex
2714 3158 2841 3205 ortu
2871 3163 3129 3204 occasum
3160 3145 3393 3203 fecerit?
3438 3156 3634 3216 prator

375 3231 694 3286 Ἀπόλλωνα
741 3233 841 3303 μὲν
886 3234 981 3288 καὶ
1020 3235 1330 3289 Ποσειδῶνα
1358 3237 1415 3288 ὲν
1458 3236 1628 3307 Τροίᾳ
1653 3236 1950 3306 θητεύσαν-

361 3343 465 3388 τας
514 3327 763 3380 ἐνιαυτὸν
790 3327 1103 3399 οἰκοδομίας
1149 3328 1588 3399 ἀποστερηθῆναι
1638 3329 1829 3398 μισθὸν
1856 3329 1951 3382 καὶ

362 3417 715 3489 βουτροφίας,
740 3422 862 3484 ταῖς
903 3420 1238 3483 δεινοτάταις
1265 3420 1371 3473 ὑπὸ
1398 3422 1770 3491 Λαομέδοντος
1794 3439 1956 3493 περι-

361 3514 639 3577 πεσόντας
667 3515 939 3579 ἀπειλαῖς,
981 3516 1235 3569 Διόνυσον
1276 3515 1333 3568 δὲ
1382 3515 1487 3569 ὑπὸ
1519 3516 1839 3584 Λυκούργου
1863 3516 1951 3571 διὰ

359 3608 537 3674 φόϐον
560 3609 603 3639 ⁵⁷
625 3609 1060 3678 καταδιωχθέντα
1090 3611 1171 3673 εἰς
1204 3609 1306 3680 τὴν
1341 3608 1612 3662 θάλατταν
1636 3609 1769 3680 πρὸς
1797 3608 1952 3661 Θέτιν

358 3702 728 3768 καταφυγεῖν.
781 3698 923 3767 Πρὸς
978 3699 1037 3752 δὲ
1092 3699 1307 3763 τούτοις
1359 3700 1499 3772 ἐρινί
1527 3700 1667 3768 ὑπὲρ
1723 3699 1951 3765 κάλλους

359 3792 711 3861 καταστῆναι
772 3792 920 3855 θεαῖς
972 3786 1143 3857 ⁸⁸,ὧν
1203 3793 1411 3865 ἑκάστη
1467 3794 1565 3863 μὲν
1604 3794 1830 3858 ἐδέκαζε
1859 3794 1952 3847 τὸν

359 3884 563 3954 κριτὴν
584 3886 694 3947 τοῖς
715 3883 845 3955 παρ’
873 3886 1037 3954 ἑαυτῇ
1058 3883 1271 3956 δώροις,
1298 3886 1386 3939 ἵνα
1408 3885 1610 3958 παρίδῃ
1640 3886 1700 3938 τὸ
1721 3886 1952 3953 δ’καιον,

361 3980 599 4052 οὐδεμιᾷ
649 3981 705 4034 δὲ
734 3980 1141 4053 παρηκολούθει
1186 3980 1250 4033 τὸ
1273 3981 1724 4051 συμπεσούμενον
1757 3980 1821 4034 ὲκ
1852 3982 1951 4051 τῆς

360 4072 604 4142 κρίσεως
630 4072 801 4136 τέλος.
835 4073 956 4125 Ἔτι
979 4072 1040 4125 τὸ
1089 4075 1189 4143 μὲν
1240 4071 1471 4144 Ἀθηνᾶς
1500 4072 1727 4142 μέγεθος
1757 4075 1838 4136 εἰς
1862 4089 1953 4142 χες

358 4164 571 4227 λιδόνος
593 4164 1006 4235 συγκαταϐῆναι
1044 4165 1090 4198 ⁶⁹
1123 4164 1309 4233 ϐγκον,
1337 4166 1399 4217 τὸ
1431 4164 1487 4218 δὲ
1514 4164 1608 4219 τοῦ
1639 4165 1757 4228 Διὸς
1791 4163 1954 4230 ἀξίω-

364 4274 449 4326 μα
502 4257 584 4320 είς
613 4256 816 4311 κύκνου
860 4256 1264 4327 κατασταλῆναι
1307 4257 1484 4323 τάξιν,
1520 4256 1581 4309 τὸ
1616 4255 1671 4310 δὲ
1709 4256 1810 4326 τῆς
1842 4258 1951 4326 Δή-

366 4360 581 4419 μητρος
626 4348 672 4379 ⁸ο
707 4346 903 4411 κάλλος
950 4349 1030 4411 είς
1058 4348 1159 4418 τὴν
1203 4347 1495 4418 αἰσχίστην
1550 4347 1951 4419 μετασταθῆναι

360 4438 627 4493 διάθεσιν.
660 4438 763 4492 Τὸν
815 4440 874 4493 δὲ
913 4440 1278 4510 νομιζόμενον
1312 4439 1574 4509 μέγιστον
1611 4438 1709 4493 Δία
1728 4438 1951 4492 ἐπιϐου-

2056 3260 2123 3301 ea
2175 3245 2319 3315 quod
2348 3244 2543 3314 Apollo
2570 3255 2623 3299 et
2649 3241 2933 3314 Neptunus
2956 3285 2971 3309 ,
3006 3242 3186 3296 locata
3228 3241 3373 3311 apud
3408 3239 3631 3311 Trojam

2054 3336 2398 3391 mercenaria
2425 3350 2590 3405 Opera
2633 3350 2728 3404 per
2761 3350 2963 3388 annum
2991 3372 3008 3398 ,
3064 3342 3428 3403 prmterquam
3481 3332 3633 3402 quod

2053 3426 2434 3482 adiﬁcationis
2458 3435 2511 3480 et
2548 3424 2835 3479 ministerii
2868 3424 3156 3493 pastoralis
3194 3423 3444 3479 mercede
3477 3422 3631 3478 frau-

2061 3519 2350 3585 darentur,
2382 3519 2745 3574 atrocissimis
2782 3516 3172 3572 Laomedontis
3218 3516 3385 3571 minis
3434 3515 3635 3585 objecti

2054 3610 2205 3666 sint?
2236 3612 2301 3664 Et
2320 3610 2469 3680 quod
2492 3608 2737 3665 Bacchus
2763 3626 2793 3663 a
2824 3608 3072 3680 Lycurgo
3098 3607 3523 3679 perterrefactus
3546 3608 3633 3663 fu-

2054 3708 2321 3769 gatusque
2348 3700 2405 3753 in
2435 3713 2608 3761 mare,
2640 3697 2906 3754 Thetidos
2934 3713 3095 3769 opem
3143 3699 3487 3767 implorarit?
3516 3697 3636 3754 Huc

2061 3791 2315 3855 accedit,
2344 3789 2489 3861 quod
2522 3790 2614 3844 lite
2645 3789 2717 3844 de
2760 3789 2949 3844 forma)
2999 3790 3270 3860 elegantia
3328 3790 3470 3844 inter
3502 3792 3635 3845 deas

2054 3891 2198 3946 orta,
2226 3894 2571 3951 unaquaeque
2602 3881 2923 3935 muneribus
2954 3879 3071 3935 suis
3110 3879 3349 3948 judicem
3382 3894 3637 3933 corrum-

2052 3988 2183 4044 pere
2207 3973 2467 4039 studeat,
2506 3980 2562 4027 et
2590 3973 2801 4027 nullam
2853 3983 3033 4029 tamen
3080 3973 3274 4027 harum
3309 3982 3637 4043 assequatur

2052 4067 2180 4122 finis
2207 4082 2275 4121 ex
2309 4067 2415 4120 hoc
2438 4065 2649 4135 judicio
2681 4075 3001 4121 eventurus.
3048 4064 3185 4129 lmo,
3211 4066 3510 4121 Minervam
3554 4064 3635 4120 fa-

2052 4160 2330 4222 bulantur,
2370 4169 2571 4227 quanta
2602 4166 2806 4228 quanta
2833 4166 2950 4224 est,
2979 4157 3033 4211 in
3058 4157 3370 4213 hirundinis
3402 4171 3636 4227 corpus-

2053 4252 2236 4306 culum
2278 4267 2337 4305 se
2375 4251 2653 4306 abdidisse
2680 4290 2696 4316 ,
2730 4260 2785 4305 et
2812 4249 3152 4323 majestatem
3188 4248 3340 4306 Jovis
3390 4264 3421 4305 a
3468 4251 3634 4322 cygni

2052 4343 2229 4398 forma
2258 4343 2423 4398 veluti
2460 4344 2514 4397 in
2545 4343 2794 4399 ordinem
2824 4344 3122 4406 redactam,
3160 4353 3218 4398 et
3242 4344 3466 4400 Cereris
3506 4346 3629 4415 pul-

2052 4435 2418 4491 chritudinem
2450 4434 2507 4488 in
2534 4433 2911 4505 turpissimum
2946 4434 3233 4489 transiisse
3263 4436 3527 4488 habitum.
3567 4436 3637 4490 Et

360 4530 631 4599 λευθῆναι
670 4530 771 4601 μὲν
802 4530 907 4583 ὑπὸ
934 4530 1029 4583 τοῦ
1087 4528 1526 4598 ἀναγκαιοτάτου
1559 4528 1658 4598 τῆς
1690 4528 1949 4596 γυναικὸς

2055 4527 2269 4592 Jovem,
2309 4527 2404 4597 qui
2435 4541 2534 4595 pro
2563 4526 2805 4580 maximo
2836 4525 3089 4591 habetur,
3121 4541 3152 4580 a
3180 4527 3417 4581 maxime
3448 4542 3635 4582 neces-

362 4622 625 4691 ὰδελφοῦ,
654 4621 893 4694 σωθῆναι
921 4622 979 4676 δὲ
1005 4621 1111 4675 ύπδ
1137 4621 1247 4675 τῶν
1270 4620 1557 4692 ἐχθίστων,
1587 4620 1731 4689 λέγω
1757 4619 1821 4690 δὴ
1840 4620 1951 4673 τῶν

2052 4619 2222 4683 sario,
2247 4616 2437 4672 uxoris
2470 4631 2751 4688 germano,
2777 4616 3007 4672 insidias
3031 4625 3339 4687 expertum,
3366 4626 3422 4671 et
3449 4633 3634 4672 serva-

363 4715 616 4768 Τιτὰνων
645 4731 659 4745 ·
706 4714 801 4778 οὒς
836 4715 1142 4779 ἀναϐάντας
1192 4716 1257 4768 ὲκ
1302 4715 1410 4767 τῶν
1441 4713 1662 4784 δεσμῶν
1703 4715 1799 4767 καὶ
1846 4712 1943 4766 τοῦ

2052 4717 2169 4763 tum
2217 4722 2344 4762 esse
2373 4722 2407 4761 a
2462 4707 2701 4761 maxime
2739 4706 2933 4761 invisis
2960 4747 2975 4771 ,
3027 4706 3338 4773 Titanibus,
3371 4708 3634 4777 inquam;

364 4806 599 4870 σκότους
660 4807 756 4860 καὶ
801 4808 904 4877 τῆς
958 4809 1137 4860 ἐκεῖσε
1192 4805 1462 4876 φυλακῆς,
1494 4806 1590 4859 ἐπὶ
1630 4805 1729 4877 τὴν
1758 4807 1951 4877 χρείαν

2052 4803 2145 4873 qui
2172 4802 2377 4869 egressi
2415 4817 2446 4857 c
2475 4800 2709 4857 vinculis
2734 4811 2790 4855 et
2819 4800 3095 4865 tenebris,
3147 4809 3204 4854 et
3236 4814 3358 4870 qua!
3400 4800 3512 4856 illic
3551 4812 3638 4856 est

362 4896 710 4967 παρέσχοντο
769 4897 1105 4967 φοϐήσαντες
1146 4897 1273 4959 τοὺς
1311 4895 1442 4964 περὶ
1485 4895 1577 4948 τὸν
1622 4896 1950 4959 Ποσειδῶνα,

363 4987 676 5059 καταϐῆναι
734 4988 898 5041 πάλιν
940 4986 1204 5049 ἑκουσίως
1258 4988 1338 5048 είς
1376 4985 1469 5038 τὸν
1523 4985 1815 5055 Ἀχέροντα
1858 4985 1953 5040 καὶ

362 5083 459 5137 τὸν
486 5082 648 5154 ᾍδου
677 5084 721 5113 ⁸¹
768 5084 951 5137 τόπον.
991 5083 1112 5135 Ἔτι
1155 5083 1254 5150 τὴν
1284 5081 1381 5151 μὲν
1404 5079 1724 5149 Ἀφροδίτην
1755 5096 1953 5149 τιτρω-

370 5177 645 5245 σκομένην
695 5175 801 5227 ὑπὸ
826 5175 1026 5243 θνητῆς
1062 5173 1343 5243 δυνάμεως
1368 5213 1384 5238 ,
1443 5171 1534 5223 τὸν
1557 5172 1603 5222 δ’
1638 5172 1811 5241 ’Ἄρην
1834 5172 1954 5224 δεσ-

369 5267 645 5337 μούμενον
670 5266 760 5320 ὑπ’
795 5268 954 5320 Ὤτου
980 5268 1073 5319 καὶ
1112 5264 1423 5332 Ἐφιάλτου,
1464 5262 1556 5314 τὸν
1579 5260 1636 5313 δὲ
1685 5260 1853 5332 ’ᾼδην
1882 5262 1950 5327 δ’,

367 5365 429 5415 ἐν
459 5353 507 5430 ᾧ
534 5360 683 5430 τόπῳ
728 5359 827 5431 τὴν
880 5358 1155 5430 βασιλείαν
1214 5352 1380 5425 εἶχεν,
1430 5355 1607 5407 ἐκεῖσε
1646 5353 1737 5423 ὑφ’
1772 5354 1950 5424 Ἥρα-

2049 4895 2333 4960 custodia,
2368 4904 2657 4964 postquam
2712 4893 2768 4948 in
2824 4894 3008 4964 fugam
3058 4893 3308 4960 conjecto
3352 4892 3629 4962 Neptuno,

2056 5002 2281 5058 operam
2313 4988 2391 5042 illi
2420 4997 2731 5054 navassent,
2771 4998 2966 5056 sponte
2994 4987 3057 5039 ad
3105 4985 3303 5059 5w
3348 4988 3633 5041 Acheron-

2055 5089 2167 5135 tem
2207 5089 2262 5135 et
2304 5078 2549 5134 Plutonis
2578 5094 2804 5150 regnum
2830 5079 3011 5133 denuo
3035 5093 3094 5133 se
3128 5078 3453 5148 receperint.
3488 5076 3630 5134 Tum

2054 5169 2319 5226 Venerem
2351 5172 2569 5225 mortali
2591 5186 2751 5225 manu
2780 5171 3022 5225 sauciam
3055 5187 3070 5225 :
3101 5178 3156 5226 et
3185 5170 3410 5226 Martem
3439 5172 3509 5226 ab
3533 5170 3637 5226 Oto

2052 5272 2108 5319 et
2142 5264 2392 5334 prialte
2424 5264 2658 5319 vinculis
2681 5265 3062 5327 constrictum,
3094 5276 3148 5318 et
3180 5264 3354 5320 Ditem
3387 5265 3442 5318 in
3466 5280 3635 5334 regno

2053 5370 2179 5423 suo,
2202 5355 2269 5411 ab
2286 5354 2518 5411 Hercule
2544 5354 2758 5426 sagittis
2775 5355 2969 5420 ictum,
2992 5354 3049 5409 in
3078 5356 3349 5412 maximos
3371 5355 3635 5412 incidisse

1642 5535 1878 5591 VARUE
1917 5534 2325 5593 LECTIONES.

478 5659 522 5691 “
555 5658 807 5730 ἑμϐατῶν
841 5658 901 5712 Β.
995 5659 1040 5689 δ’
1067 5658 1530 5730 ἐπαιδοποιήσατο
1559 5656 1621 5709 Β.

1721 5654 1767 5685 ⁸³
1786 5654 1890 5756 τὴν
1917 5652 2178 5756 διαμονὴν
2240 5655 2356 5756 τίἱένι
2405 5652 2697 5756 σωμάτωνῖ]
2722 5654 2816 5756 τέιιἶ
2852 5654 3088 5755 σώματίὲ⁵

367 5730 419 5762 ⁸⁸
447 5724 735 5801 χλευασμῷ
769 5732 828 5785 Β.
905 5731 949 5761 ⁵⁸
974 5724 1422 5801 παραδεξαίμεθα
1448 5745 1509 5801 ςε
1526 5724 1911 5801 καταραφέ-ντα
1930 5727 1975 5779 Α
2004 5724 2460 5801 καταραφθέντα
2492 5724 2566 5790 ⁷ς.
2642 5727 2659 5755 ⁵

3295 5655 3343 5688 ⁵⁸
3402 5655 3631 5726 εὐλόγῳ.

2715 5725 2880 5792 φόϐου
2905 5741 2965 5789 ς’.
3044 5725 3088 5755 ⁸⁸
3121 5725 3259 5789 θεοῖς
3284 5728 3348 5783 Λ.
3423 5728 3467 5759 ⁸⁸
3494 5745 3560 5782 συ
3578 5725 3631 5771 r-

377 5794 719 5857 καταϐαίνειν
749 5804 813 5856 A.
886 5803 931 5835 ⁸ο
968 5794 1248 5872 δημήτρας
1267 5794 1332 5853 Α.
1407 5800 1449 5831 ⁵³
1486 5796 1611 5868 ᾅδου
1655 5796 1692 5849 Β
1720 5816 1730 5850 ;
1763 5795 1861 5869 ᾄδῃ
1896 5813 1955 5860 ς.
1997 5797 2043 5853 Α
2079 5794 2279 5851 utrum
2302 5797 2519 5864 habent,
2555 5812 2662 5851 non
2699 5797 2885 5867 liquet.
2962 5798 3007 5828 ⁵⁸
3040 5794 3163 5866 αῖδη
3187 5797 3249 5850 Α.
