4036 6318
455 298 520 363 19
1606 318 1867 380 PliOTII
1908 322 2024 381 ΡΑἿ

2127 323 2416 383 [sacrm
2445 326 2553 386 cr.
3494 416 3501 425 _
3635 331 3708 393 eo

452 415 731 469 cruciatus
773 435 785 470 :
818 426 871 473 et
900 418 1201 476 Vulcanum
1228 439 1256 477 a
1291 428 1575 483 cacumine
1605 433 1731 486 caeli
1756 433 2024 502 dejectum

2134 436 2323 500 κλέους
2363 438 2684 504 τοξευθέντα
2738 439 2857 501 ταῖς
2896 437 3182 508 μεγίσταις
3242 416 3501 512 ἁλγηδόσί
3554 457 3713 512 περι-

454 505 509 558 in
534 504 822 571 Lemnum,
853 528 961 566 non
990 514 1197 584 absque
1212 504 1447 575 laesione
1476 523 1719 592 corporis
1756 533 1811 580 et
1841 524 2030 582 dolore

449 608 744 657 extremo:
787 611 843 657 et
871 602 1140 661 Iunonem
1182 625 1211 663 a
1247 607 1380 666 Jove
1432 627 1752 682 suspensam
1792 617 2029 689 alligatis

453 694 673 760 utrique
702 697 824 765 pedi
864 698 1157 755 incudibus
1185 704 1462 760 maximis.
1498 706 1826 763 Summatim
1847 752 1863 774 ,
1896 712 2028 768 deos

449 784 715 842 adulteria
734 790 1093 856 committere,
1118 791 1348 849 fulmine
1377 794 1551 863 feriri,
1585 797 1854 868 loripedes
1882 816 2024 869 esse,

449 876 615 934 furtis
653 896 994 951 assuescere,
1052 887 1122 941 ab
1177 887 1493 943 hominibus
1520 890 1723 946 virtute
1752 895 2024 964 superari,

453 972 757 1034 procaciter
790 976 1114 1044 conviciari,
1147 978 1377 1048 injurias
1404 989 1643 1050 patrare,
1698 994 1901 1040 sortem
1933 986 2028 1042 de-

449 1064 687 1135 plOrare,
711 1075 765 1121 et
802 1070 1017 1124 tandem
1050 1072 1253 1127 nullius
1276 1071 1579 1131 affectionis
1595 1076 1868 1133 immunes
1885 1093 2027 1144 esse,

451 1172 483 1208 a
537 1172 646 1226 qua
710 1174 813 1213 nos
879 1162 1180 1230 perturbati
1213 1164 1437 1219 deorum
1466 1182 1624 1237 Opem
1681 1168 2027 1226 invocamus.

448 1247 631 1314 Quare
661 1251 755 1319 qui
790 1252 904 1305 haec
940 1252 1249 1309 fabularum
1285 1265 1536 1326 portenta
1567 1260 1881 1317 hominibus
1906 1278 2031 1318 cre-

447 1340 622 1394 denda
655 1351 1004 1410 pr0ponunt,
1064 1352 1171 1397 tam
1223 1347 1412 1415 procul
1464 1364 1495 1403 a
1539 1351 1773 1407 veritate
1808 1354 2026 1420 remoti,

451 1447 581 1485 num
621 1442 780 1501 putas
801 1433 1096 1502 magistros
1121 1434 1225 1490 fide
1253 1436 1446 1507 dignos
1473 1439 1597 1496 aliis
1618 1440 1879 1499 docendis
1906 1459 2029 1500 esse

446 1522 820 1590 judicandos?
873 1525 1009 1579 Dum
1066 1537 1145 1582 tot
1206 1540 1263 1584 et
1325 1530 1524 1586 talibus
1597 1532 2029 1604 Agatharchidcs

449 1616 715 1685 exemplis
746 1620 1109 1673 narrationem
1142 1619 1210 1677 de
1227 1621 1427 1677 Perseo
1455 1624 1522 1678 ad
1553 1622 1767 1680 fabulas
1802 1626 2027 1697 relegat,

452 1725 551 1761 nec
586 1711 721 1764 mari
760 1710 947 1767 Rubro
999 1728 1031 1768 a
1090 1714 1201 1769 ﬁlio
1252 1715 1438 1772 Persei
1500 1733 1700 1774 nomen
1739 1720 2028 1778 obvenisse

446 1801 632 1854 tradit.

521 1888 645 1945 Car.
693 1890 758 1945 V.
800 1890 1134 1946 Fabularum
1180 1895 1304 1964 finis
1335 1897 1633 1956 delectatio.
1668 1930 1739 1941 -—
1771 1900 1909 1956 Hinc
1940 1917 2030 1957 se-

448 1982 629 2052 ipsum
678 1983 733 2037 in
764 1998 928 2037 causa
969 1986 1072 2039 sibi
1103 2001 1224 2041 esse
1248 1998 1307 2041 ut
1345 1990 1727 2061 redarguatur,
1773 1995 2029 2061 ostendit,

449 2084 736 2143 prapterea
768 2074 911 2143 quod
955 2074 1024 2128 ad
1075 2077 1273 2130 seriam
1323 2094 1511 2133 rerum
1562 2091 1837 2148 gestarum
1915 2092 2029 2138 tra-

449 2168 766 2233 ctationem,
800 2160 1173 2223 fabulatorum
1202 2170 1477 2226 licentiam
1506 2174 1772 2230 traducat.
1802 2174 1937 2229 Nam
1959 2177 2029 2232 ab

449 2261 554 2315 hac
602 2259 650 2315 si
688 2261 814 2329 quis
864 2259 1145 2316 refellendi
1189 2264 1430 2319 studium
1480 2266 1750 2332 detrahat,
1816 2269 2025 2323 nullam

448 2352 747 2408 relicturus
778 2364 862 2408 εει
896 2355 1179 2408 materiam
1212 2356 1487 2422 viliorem,
1520 2359 1733 2413 sublata
1764 2359 2026 2415 nimirum

444 2441 573 2494 fide.
606 2438 783 2506 Quam
817 2441 964 2495 enim
1002 2443 1073 2497 ob
1103 2457 1327 2497 causam
1365 2459 1472 2499 non
1495 2445 1696 2500 damno
1728 2445 2024 2503 Homerum

445 2533 666 2603 (inquit)
718 2534 860 2602 quod
904 2533 1059 2588 Jovis
1108 2546 1163 2589 et
1186 2536 1424 2605 Neptuni
1467 2538 1757 2594 dissidium
1801 2543 2024 2607 asserit,

445 2640 573 2680 cum
611 2626 729 2681 ﬁeri
765 2643 874 2681 non
908 2628 1107 2698 possit,
1140 2639 1196 2683 ut
1242 2630 1408 2684 homo
1449 2632 1697 2686 mortalis
1739 2632 1897 2687 fidem
1926 2634 2029 2689 hac

442 2718 500 2773 in
550 2726 707 2789 parte
772 2729 1023 2786 astruat;
1064 2735 1165 2775 nec
1218 2721 1508 2777 Hesiodum
1547 2723 1817 2793 vitupero,
1863 2725 2025 2781 deum

450 2812 857 2878 generationem
919 2826 1197 2882 exponere
1260 2828 1488 2881 ausum;
1543 2830 1645 2870 nec
1704 2815 2022 2889 Eschylum

448 2903 697 2971 increpo,
730 2904 874 2972 quod
908 2902 961 2956 in
986 2903 1263 2973 plerisque
1278 2904 1562 2972 mentitur,
1595 2916 1649 2960 et
1678 2909 1869 2976 multa,
1900 2926 2025 2980 qua).

442 2993 669 3047 concedi
720 3009 999 3063 nunquam
1050 3007 1299 3064 possunt,
1340 2997 1393 3050 in
1432 2998 1641 3055 litteras
1675 3001 1883 3070 refert;
1923 3020 2024 3061 nec

2132 529 2321 581 πεσεῖν
2346 544 2361 558 ο
2397 528 2488 580 τὸν
2526 528 2582 581 δὲ
2634 529 2960 599 Ἥφαιστον,
2991 528 3099 582 ἀπὸ
3124 528 3220 583 τοῦ
3246 530 3390 584 κατὰ
3414 531 3507 586 τὸν
3543 532 3714 602 ούρα-

2132 622 2221 674 νὸν
2258 619 2640 691 ἀπορριφὲντα
2672 619 2861 691 ὕψους,
2896 622 2976 685 εἰς
3022 620 3243 691 Λῆμνον
3271 622 3553 694 ἐνεχθῆναι
3593 626 3711 677 δια-

2131 713 2384 783 κείμενον
2429 712 2672 783 ἐσχάτως
2705 718 2722 735 ⁶
2760 713 2858 782 τῆς
2887 713 2932 766 δ’
2965 714 3146 783 Ἥρας
3173 714 3278 768 ὑπὸ
3304 716 3398 769 τοῦ
3430 717 3554 780 Διὸς
3582 736 3683 787 κρε

2135 800 2384 872 μαμένης
2407 801 2453 832 ⁸³
2515 802 2579 853 ὲκ
2627 800 2736 854 τῶν
2769 801 2945 854 ποδῶν
2995 801 3282 870 ἐκδεθῆναι
3332 803 3712 873 παμμεγέθεις

2130 891 2401 961 ἄκμονας.
2450 890 2697 945 Καθόλου
2746 892 2802 945 δὲ
2847 892 3003 954 θεοὺς
3032 891 3079 924 ⁸⁸
3106 891 3479 962 μοιχεύοντας,
3506 910 3711 964 κεραυ-

2132 984 2446 1053 νουμένους,
2494 984 2850 1048 κυλλόποδας,
2894 983 3150 1037 κλέπτειν
3203 984 3568 1054 εἰθισμένους,
3620 988 3711 1040 ἀν-

2132 1073 2367 1145 θρώπων
2417 1073 2881 1146 ἀσθενεστέρους,
2946 1075 3255 1147 προχείρως
3311 1074 3710 1146 λοιδοροῦντας,

2088 1190 2089 1193 η
2131 1167 2473 1231 ἀδικοῦντας,
2500 1167 3030 1239 μεμψιμοιροῦντας,
3067 1168 3240 1239 πέρας
3268 1167 3486 1232 οὐθενὸς
3515 1168 3560 1199 ⁵⁸
3604 1170 3711 1220 πά-

2132 1261 2259 1323 θους
2280 1260 2437 1324 ἐκτὸς
2459 1260 2827 1325 καθεστῶτας,
2854 1258 2943 1328 ὑφ’
2965 1253 3039 1314 ὧν
3060 1262 3218 1331 ἡμεῖς
3242 1258 3398 1330 ὀχλού
3408 1276 3560 1330 μενοι
3582 1260 3709 1319 τοὺς

2132 1351 2290 1417 θεοὺς
2321 1353 2746 1423 ὲπικαλούμεθα,
2791 1354 2853 1406 Οί
2877 1349 2970 1407 οὖν
2998 1353 3066 1407 τὰ
3100 1353 3324 1407 τοιαῦτα
3350 1354 3709 1424 τερατευόμε-

2130 1462 2235 1511 νοι,
2262 1445 2453 1518 πόρρω
2493 1446 2593 1512 τῆς
2634 1445 2895 1517 ἀληθείας
2931 1447 3230 1517 ἱστάμενοι,
3280 1446 3381 1499 οὐκ
3401 1444 3709 1513 ἂν“έτέροι;

2129 1536 2334 1608 ταύτην
2361 1538 2698 1608 εἰσηγεῖσθαι
2732 1538 2969 1609 κριθεῖεν
3001 1539 3066 1593 ἂν
3090 1538 3375 1604 ἀξιόλογοι.
3409 1538 3507 1590 Διά
3530 1538 3706 1590 τοιού-

2129 1644 2240 1681 των
2268 1627 2363 1680 καὶ
2393 1628 2662 1682 τοσούτων
2698 1627 3099 1699 ’Δγαθαρχίδης
3126 1629 3192 1681 τὰ
3223 1628 3354 1699 περ)⁸
3380 1627 3470 1680 τὸν
3497 1622 3710 1697 Περσέα

2131 1720 2211 1782 είς
2234 1720 2453 1790 ὁμοίους
2484 1721 2712 1789 ἀπάγων
2735 1722 2782 1753 ⁵⁸
2817 1720 3041 1790 μύθους,
3066 1720 3187 1773 οὐδὲ
3218 1719 3315 1791 τὴν
3346 1720 3618 1791 Ἐρυθρὰν
3646 1721 3711 1773 ὲκ

2131 1811 2228 1865 τοῦ
2266 1813 2455 1875 παιδὸς
2479 1813 2647 1867 αὑτοῦ
2674 1813 2940 1884 κληθῆναι
2962 1813 3194 1867 δίδωσιν.

2207 1905 2331 1958 Ὀτι
2357 1905 2543 1969 αὐτὸς,
2572 1906 2757 1977 φησὶν,
2790 1904 2967 1976 ἐαυτῷ
3005 1905 3176 1967 αἴτιος
3205 1904 3531 1957 καθίσταται
3557 1902 3710 1971 ἐλέγ-

2132 2014 2242 2067 χων
2268 1998 2295 2049 ὁ
2323 1996 2422 2066 τὴν
2454 1997 2563 2050 τῶν
2596 1996 2908 2067 μυθοποιῶν
2933 1997 3182 2062 ἐξουσίαν
3210 1997 3289 2059 είς
3316 1994 3709 2066 πραγματικὴν

2132 2087 2267 2161 [722
2318 2088 2412 2161 ΙΙ.]
2455 2092 2707 2160 μετάγων
2730 2092 2773 2123 ⁸⁷
2803 2091 3094 2162 ἐνάργειαν
3117 2090 3163 2122 ⁸⁸
3196 2106 3210 2121 ’
3246 2084 3314 2160 ἧς
3338 2089 3402 2143 ἄν
3425 2106 3507 2151 τις
3533 2086 3707 2158 ἀφέλῃ

2130 2184 2223 2237 τὸν
2324 2184 2542 2255 ἔλεγχον
2575 2224 2590 2249 ,
2665 2186 2817 2240 οὐδὲν
2920 2186 3299 2257 εὐτελέστερον
3396 2184 3708 2254 καταλείψει

2131 2279 2286 2344 γένος
2340 2278 2439 2348 τῆς
2502 2279 2737 2343 πίστεως
2795 2280 3061 2351 ἠρμένης.
3106 2279 3262 2333 Ἐπεὶ
3326 2279 3412 2333 διὰ
3447 2280 3567 2331 τίνα
3624 2281 3710 2331 αί-

2129 2370 2250 2424 τίαν
2274 2372 2523 2443 Ὅμηρον
2550 2373 2652 2425 οὐκ
2675 2371 2905 2437 εὐθύνω,
2936 2371 3058 2435 Διὸς
3084 2375 3177 2426 καὶ
3208 2372 3539 2434 Ποσειδῶνος
3562 2371 3707 2441 φρά-

2130 2462 2292 2527 ζοντα
2315 2464 2579 2535 διαφορὰν
2595 2464 2759 2535 [1352
2790 2463 2909 2536 [1.],
2938 2464 3195 2519 ἀδύνατον
3231 2462 3501 2533 ἀνθρώπῳ
3524 2464 3709 2516 πίστιν

2131 2554 2488 2627 παραδοῦναι·
2519 2556 2627 2610 οὐδ’
2642 2556 2870 2627 Ἡσιόδῳ
2900 2557 3191 2627 μέμφομαι
3214 2554 3408 2625 δηλοῦν
3433 2556 3707 2625 τολμῶντι

2130 2644 2269 2699 θεῶν
2299 2647 2514 2715 γένεσιν
2533 2664 2548 2678 ο
2574 2648 2683 2702 οὐδ’
2712 2648 2979 2718 Αἰσχύλον
3032 2648 3354 2718 ἐπιπλήττω
3385 2646 3597 2709 πολλοῖς
3625 2647 3708 2700 δι-

2128 2737 2462 2810 εψευσμένον
2507 2740 2792 2794 καὶπολλὰ
2819 2741 3203 2811 συγγράφοντα
3235 2740 3343 2792 τῶν
3385 2740 3709 2809 ἁσυγχωρή-

2126 2845 2272 2881 των⁶
2318 2829 2428 2882 οὐδ’
2468 2830 2763 2901 Εὐριπίδου
2818 2830 3109 2903 κατηγορῶ
3163 2830 3241 2901 τῷ
3296 2830 3394 2901 μὲν
3430 2830 3707 2902 Ἀρχελάῳ

2127 2920 2567 2993 περιτεθεικότος
2606 2922 2706 2985 τὰς
2741 2922 2993 2993 Τημένου
3034 2923 3282 2994 πράξεις,
3312 2922 3402 2975 τὸν
3430 2921 3486 2975 δὲ
3515 2923 3704 2992 Τειρε-

2129 3012 2250 3065 σίαν
2276 3011 2577 3081 βεϐιωκότα
2603 3015 3031 3084 παρεισάγοντος
3055 3014 3214 3067 πέντε
3233 3014 3433 3082 γενεῶν
3457 3013 3616 3066 πλέον
3632 3014 3701 3068 ⁸⁸.

442 3084 763 3154 Euripidem
796 3101 1015 3152 accuso,
1039 3090 1184 3156 quod
1220 3088 1491 3144 Archelao
1517 3092 1707 3147 tribuit
1739 3111 1827 3151 res
1859 3112 1887 3150 a
1916 3096 2023 3151 Tc—

2127 3104 2250 3158 ούδὲ
2287 3105 2413 3168 τοὺς
2446 3104 2638 3169 ἄλλους
2691 3108 2771 3169 είς
2810 3106 3127 3177 ἐπιτίμησιν
3168 3108 3284 3175 ἄγω
3313 3107 3624 3168 διασκευαῖς
3649 3108 3708 3158 ὲν

440 3193 610 3232 meno
662 3189 868 3248 geSIas,
926 3190 981 3235 et
1039 3181 1312 3237 Tiresiam
1357 3183 1411 3238 in
1466 3186 1684 3241 theatro
1728 3190 2020 3261 plusquam

2129 3202 2239 3262 τοῖς
2263 3198 2501 3270 δράμασι
2525 3199 2833 3269 χρωμένους
2849 3199 3162 3265 άδυνάτοις;
3192 3200 3314 3252 ’Ότι
3341 3201 3447 3262 πᾶς
3477 3198 3707 3270 ποιητὴς

444 3270 691 3339 quinque
740 3279 929 3325 anates
980 3272 1087 3327 vita
1128 3274 1473 3344 complexum
1528 3277 1866 3349 introducit;
1921 3300 2023 3339 nec

2128 3289 2488 3361 ψυχαγωγίας
2520 3289 2553 3360 ἦ
2583 3288 2842 3360 ἀληθείας
2871 3291 2988 3344 ἐστὶ
3014 3292 3332 3361 ποχαστὴς.

443 3364 569 3418 aliis
616 3365 751 3419 vitio
786 3374 958 3429 verto,
994 3367 1138 3436 quod
1169 3378 1431 3438 apparatu
1505 3370 1561 3424 in
1632 3371 1941 3430 fabularum
1987 3382 2208 3437 actione
2262 3392 2490 3438 utuntur
2541 3383 2743 3437 virium
2811 3383 3109 3438 excedente
3173 3382 3543 3438 humanarum
3588 3400 3707 3440 mo-

442 3459 618 3515 dum?
647 3458 787 3526 Quia
809 3461 990 3515 omnis
1028 3472 1183 3531 poeta
1229 3464 1403 3533 magis
1444 3465 1741 3536 voluptatis
1787 3484 2016 3539 scopum
2057 3490 2223 3546 quam
2257 3478 2501 3535 veritatis
2528 3479 2632 3535 sibi
2662 3479 3004 3548 propositum
3033 3478 3216 3532 habet.

514 3549 643 3605 CAP.
688 3550 775 3605 Vl.
803 3550 934 3616 Qua:
967 3562 1107 3619 terra
1143 3554 1443 3622 elephantos
1473 3560 1756 3627 producat.
1792 3593 1861 3602 —
1896 3562 2020 3619 Ele-

338 3661 346 3676 ν
446 3644 701 3713 phantos,
753 3644 948 3699 scribit
997 3655 1211 3709 auctor,
1252 3647 1515 3704 Indorum
1560 3662 1703 3708 terra
1734 3655 1926 3720 nutrit,
1970 3666 2023 3711 et

450 3735 795 3808 ίΕιΙιὶορυιῐι,
853 3754 976 3808 quae
1013 3738 1401 3797 Thebanorum
1456 3744 1592 3801 fines
1634 3748 1874 3820 attingit,
1920 3766 2022 3807 nec

444 3846 553 3886 non
587 3831 773 3902 Libya.

511 3922 645 3979 CAP.
676 3922 789 3978 VII.
820 3923 1044 3996 ngypti
1068 3924 1285 3980 limites.
1314 3953 1371 3965 --
1397 3925 1645 3991 Quatuor
1673 3928 1798 3985 inde
1835 3934 2023 4002 perbi-

444 4016 537 4070 bet
598 4016 869 4071 limitibus
937 4017 1236 4088 ngyptum
1283 4033 1408 4074 esse
1464 4019 1729 4075 inclusam
1778 4041 1792 4077 :
1846 4040 1878 4079 a
1934 4042 2022 4083 se-

444 4106 775 4176 ptentrione,
814 4108 1035 4179 pelago:
1071 4111 1139 4163 ab
1181 4118 1302 4164 ortu
1330 4121 1384 4166 et
1420 4126 1645 4179 occasu,
1672 4114 1936 4173 desertis:
1969 4128 2022 4174 et

443 4216 473 4252 ει
506 4199 755 4265 meridie,
789 4201 1044 4271 gentibus
1068 4199 1411 4272 Ethiopum.

535 4291 806 4346 Austerus
875 4291 965 4346 hic
1012 4307 1194 4348 sermo
1233 4294 1335 4364 (l),
1404 4296 1499 4352 sed
1566 4300 1845 4357 salutaris.
1903 4301 2019 4359 Os-

2203 3572 2324 3625 Ὀτι
2377 3572 2469 3625 καὶ
2499 3572 2595 3642 τὴν
2649 3571 2876 3642 Ἰνδικὴν
2922 3572 3108 3641 χώραν
3152 3569 3451 3638 ἐλέφαντας
3487 3567 3708 3638 τρέφειν

2127 3664 2282 3734 φησὶ,
2313 3666 2405 3717 καὶ
2432 3665 2530 3735 τὴν
2548 3662 2855 3730 Αἰθιοπίαν,
2890 3664 2923 3734 ἢ
2947 3665 3056 3725 τοῖς
3086 3662 3339 3733 Θηϐαίων
3362 3660 3529 3732 ὁρίοις
3561 3658 3708 3713 ὲστίν

2127 3756 2345 3827 ὅμορος,
2370 3755 2466 3808 καὶ
2490 3755 2555 3827 δὴ
2586 3757 2679 3810 καὶ
2714 3756 2814 3827 τὴν
2845 3753 3075 3826 Λιῦύην.

2198 3936 2320 3988 Ὅτι
2349 3933 2608 4003 τέτταρες
2638 3934 2684 3965 ⁸ο
2710 3932 2864 3987 τόποι
2900 3931 3001 4004 τὴν
3042 3930 3319 3999 Αἴγυπτον
3347 3927 3706 3999 περιειλήφα-

2127 4043 2232 4093 σιν,
2272 4025 2380 4079 ἀπὸ
2422 4025 2520 4096 μὲν
2560 4025 2660 4095 τῆς
2686 4025 2889 4095 ἄρκτου
2921 4023 2982 4076 τὸ
3036 4022 3290 4091 πέλαγος,
3321 4021 3415 4074 ἀπ’
3442 4018 3709 4088 ἀνατολῆς

2122 4116 2180 4170 δὲ
2230 4116 2326 4169 καὶ
2374 4115 2577 4178 δύσεως
2621 4114 2883 4187 ὲρημίαι,
2942 4112 3049 4167 ἀπὸ
3084 4111 3143 4166 δὲ
3207 4110 3308 4180 τῆς
3361 4108 3709 4181 μεσημϐρίας

2123 4211 2402 4275 Αἰθίοπες.

2198 4307 2481 4379 Αύστηρδς
2510 4309 2537 4361 ὁ
2580 4306 2759 4375 λόγος,
2802 4304 2939 4359 ἀλλά
2981 4304 3273 4375 σωτήριος.
3307 4298 3574 4371 Δηλοῦται
3600 4297 3710 4367 γὰρ

444 4383 687 4438 tenditur
727 4384 874 4438 enim
924 4400 1033 4439 non
1077 4383 1276 4457 “Sa
1328 4388 1636 4454 maestitia}.
1675 4393 1771 4447 sed
1827 4405 2017 4450 custo-

2127 4401 2185 4455 οὐ
2222 4372 2420 4471 λύπης,
2455 4398 2590 4454 ἀλλά
2624 4372 2873 4467 φυλακῆς
2921 4372 3144 4461 ἕνεκεν,
3165 4396 3259 4448 καὶ
3285 4392 3382 4464 τὴν
3412 4391 3606 4462 ἡδονὴν
3646 4392 3709 4442 ὲκ

442 4476 548 4531 diae
597 4476 811 4546 gratia;
877 4486 931 4531 et
981 4492 1047 4531 ex
1105 4480 1355 4534 oratione
1414 4482 1753 4551 voluptatem
1820 4499 2015 4543 sustu-

444 4568 526 4632 lit,
556 4583 624 4623 ne
646 4582 713 4623 ex
741 4568 905 4625 rebus
930 4569 1162 4639 gratiam
1195 4570 1372 4642 adepti
1398 4589 1495 4644 pro
1518 4574 1683 4632 bouis
1715 4578 1857 4633 mala
1889 4596 2020 4636 con-

445 4675 744 4730 sequamur
797 4661 919 4716 :vel
958 4676 1053 4730 per
1100 4659 1294 4717 Jovem
1343 4666 1428 4720 vel
1474 4667 1629 4735 deos,
1693 4680 1749 4725 et
1796 4687 1907 4727 non
1960 4674 2017 4729 in

444 4751 625 4807 medio
646 4752 825 4822 posita
858 4754 1107 4823 quaedam
1136 4756 1501 4816 remittamus.

516 4844 716 4901 Privati
772 4862 901 4901 vero
942 4848 1163 4904 divitias
1216 4849 1379 4922 longe
1432 4854 1839 4926 profundiores,
1900 4861 2017 4918 sine

444 4938 664 5006 negotio
691 4947 775 4993 est
812 4939 1027 4997 difﬁcile
1050 4957 1294 4999 servare.
1331 4944 1415 5000 Tu
1447 4961 1575 5003 vero
1605 4948 1803 5005 horum
1848 4964 1905 5008 et
1938 4955 2017 5009 si-

447 5028 659 5086 milium
707 5030 977 5087 bonorum
1023 5034 1394 5092 haereditatem
1438 5042 1702 5112 consequi
1750 5052 1804 5099 te
1852 5059 2016 5115 posse

2125 4492 2235 4547 τῶν
2264 4492 2439 4561 λόγων
2466 4488 2660 4563 ἦρκεν,
2708 4492 2857 4553 ὅπως
2888 4492 2987 4559 τῆς
3015 4490 3078 4541 ὲκ
3105 4486 3214 4539 τῶν
3236 4484 3585 4555 πραγμάτων
3606 4481 3708 4551 χά·-

2125 4603 2273 4658 ριτος
2304 4585 2673 4647 ἀπολαύοντες
2717 4583 2989 4654 μηδέποτε
3036 4581 3159 4632 ἀντὶ
3212 4578 3307 4631 τοῦ
3342 4576 3613 4647 βελτίονος
3647 4573 3708 4625 τὸ

2122 4680 2304 4751 χεῖρον
2331 4677 2635 4749 αἱρώμεθα,
2667 4675 2700 4747 ἢ
2748 4676 2883 4745 πρὸς
2926 4672 3069 4737 Διὸς,
3100 4672 3194 4725 καὶ
3236 4669 3398 4734 θεῶν,
3433 4668 3521 4721 ἴνα
3570 4665 3708 4737 μηδὲ

2120 4774 2230 4828 τῶν
2262 4775 2320 4826 ὲν
2353 4772 2503 4842 μέσῳ
2534 4772 2807 4840 κειμένων
2840 4768 2956 4823 ἔνια
2981 4765 3290 4837 παρίωμεν,

2211 4866 2441 4920 Ἰδιώτου
2471 4864 2570 4936 μὲν
2591 4865 2778 4933 οὐσίαν
2804 4862 2986 4934 μικρῷ
3010 4860 3311 4932 βαθυτέραν
3338 4847 3707 4928 ἀπραγμόνως

2122 4957 2358 5029 χαλεπὸν
2377 4957 2421 4989 θί
2452 4955 2752 5010 διασῶσαι·
2782 4955 2846 5007 σὺ
2876 4954 2933 5007 δὲ
2961 4952 3231 5006 τοσούτων
3260 4951 3355 5005 καὶ
3374 4948 3707 5020 τηλικούτων

2123 5048 2492 5120 κληρονομίαν
2526 5046 2747 5117 ἀγαθῶν
2780 5045 3031 5111 καθέξειν
3080 5043 3251 5115 χωρὶς
3290 5042 3531 5113 ἀγωνίας
3555 5037 3708 5093 ἑλπί-

1705 5196 1942 5254 νΑιιιίΕ
1989 5200 2399 5262 LECTIONES.

550 5331 601 5402 3?
653 5332 1009 5402 κρεμαμένης
1043 5334 1082 5387 Β
1131 5344 1187 5390 et
1237 5351 1383 5391 corr.
1441 5339 1483 5389 A

445 5469 489 5502 ιο
513 5470 773 5541 τέσσαρες
805 5489 867 5536 ς,
946 5469 988 5505 οἱ
1018 5469 1152 5545 ἀπρ,
1184 5479 1300 5527 εστὶ
1324 5469 1557 5544 χαλεπὸν
1581 5469 1642 5543 ςί.

550 5342 598 5361 σο
653 5342 1009 5402 κρεμαμένης
1044 5342 1082 5387 Β
1131 5344 1187 5390 et
1237 5351 1383 5391 corr.
1441 5342 1483 5389 A
1539 5355 1551 5391 :
1608 5342 2007 5414 κρημναμένης
2035 5362 2096 5407 ς.
2191 5344 2240 5377 ⁸⁵
2293 5344 2449 5405 θεοὺς
2510 5360 2621 5397 mn.
2660 5345 2725 5397 A.

443 5399 845 5504 35.31335;
894 5403 1666 5504 ⁸⁷.ιιὶτέ1ωγ.ἒξ,ἐξέίέξιὲγ.ε·
1744 5411 1789 5443 ⁵⁸
1812 5414 2091 5484 ὲνιέεηίειοιν
2122 5432 2181 5479 ςο
2218 5415 2376 5468 οὐθὲν
2407 5414 2496 5468 ΑΒ
2529 5435 2543 5470 =
2586 5414 2737 5469 οὐδὲν
2773 5432 2833 5480 ς·

2840 5345 2886 5376 ⁸⁸
2929 5342 3141 5402 οὐδενὸς
3205 5340 3265 5394 Β.
3397 5340 3441 5370 ⁵⁸
3472 5334 3704 5403 ἀπάγων

2191 5344 2240 5377 8⁵
2293 5344 2449 5383 ﬁmi.-

2293 5344 2449 5405 θεοὺς
2510 5360 2621 5397 mn.
2660 5345 2725 5397 A.
2840 5345 2886 5376 ⁵⁸
2929 5344 3141 5402 οὐδενὸς
3206 5344 3265 5394 Β.
3397 5344 3441 5370 ⁵⁸
3472 5344 3701 5403 ἀπάγων

2293 5415 2376 5468 θεν
2407 5414 2496 5468 AB
2529 5435 2543 5470 :
2586 5414 2737 5469 οὐδὲν
2773 5432 2833 5479 ς.
2928 5415 2974 5448 ⁵9
3009 5413 3167 5468 πλεον
3198 5411 3357 5465 πέντε
3410 5406 3611 5479 γενεῶν
3642 5405 3701 5459 Β.

1957 5598 2191 5656 ΝΟΤΔΕ.

529 5724 608 5795 (1)
650 5722 751 5781 ilic
778 5735 945 5783 multa
982 5728 1177 5785 omissa
1204 5741 1329 5789 sunt
1366 5731 1431 5790 ab
1463 5732 1753 5807 interprete
1784 5748 1834 5794 ct
1860 5738 1913 5796 in
1948 5742 2135 5798 Graeca
2166 5744 2294 5799 edit.
2326 5744 2491 5799 Henr.
2524 5742 2715 5813 Steph.
