4152 6420
352 534 400 604 ᾧ
433 530 776 601 κτησαμένῳ
805 529 1175 599 διαφυλάττει,
1201 525 1376 579 ταῦτα
1401 524 1459 578 δέ
1501 527 1528 578 6
1566 523 1785 594 σίδηρος
1819 523 1924 591 ἀφ-

317 628 571 696 αιρεῖται
611 624 721 677 τῶν
749 623 1177 693 ἀσθενεστέρων.
1653 625 1656 632 λ

398 723 531 775 Ὀτι
555 720 744 790 φησιν,
787 720 883 773 Ἐκ
905 715 1097 771 πολλοῦ
1117 717 1310 787 χρόνου
1333 711 1727 786 προειληφότες
1759 708 1924 779 ἐσμὲν

319 814 406 867 ὅτι
434 813 542 876 τὰς
571 813 687 866 τῶν
722 811 998 865 δυναστῶν
1027 809 1209 879 φιλίας
1267 807 1295 858 6
1329 806 1521 877 καιρὸς
1562 802 1925 875 σφραγίζεται

323 906 420 962 καὶ
451 904 598 968 λύει,
635 907 730 959 καλ⁸
759 905 860 975 τὴν
890 903 990 974 σὴν
1018 902 1277 973 ἀσχολίαν
1315 900 1460 971 ἄλλῳ
1491 899 1712 953 δίδωσιν
1751 899 1924 966 ἀφορ-

323 999 460 1071 μὴν,
496 997 681 1064 αὔξων
732 997 830 1051 καὶ
859 995 1060 1066 φθίνων
1103 994 1174 1047 τὰ
1210 994 1514 1065 πράγματα
1559 990 1620 1055 ἐξ
1655 989 1923 1059 ἀλλήλων.

337 1095 399 1150 ’0
444 1095 558 1167 μὲν
599 1091 678 1166 τῷ
727 1093 869 1160 λόγῳ
913 1089 1156 1160 συνεχῶς
1194 1088 1578 1160 χαριζόμενος,
1613 1083 1675 1137 τὸ
1716 1084 1779 1137 ἐκ
1814 1081 1926 1135 τῶν

326 1190 517 1260 ἔργων
544 1185 770 1241 δυνατὸν
801 1185 905 1238 ύπε
916 1182 1170 1253 ρὸαίνων,
1194 1180 1366 1234 πολλὰ
1396 1176 1744 1248 διαψεύδεται
1763 1188 1778 1205 '
1815 1177 1842 1227 6
1869 1173 1928 1226 δὲ

328 1280 782 1353 προσλαμϐάνων
805 1278 849 1310 ⁸⁸
893 1278 1021 1340 τοὺς
1066 1273 1234 1328 αὑτοῦ
1273 1273 1460 1342 φίλους
1506 1269 1700 1340 βουλῆς
1739 1283 1932 1322 κοινωο

326 1376 459 1437 νοῦς
520 1375 577 1426 ἐν
642 1373 857 1441 καιροῖς
903 1367 1246 1440 τηλικούτοις
1299 1365 1361 1418 ού
1411 1361 1507 1416 τοῦ
1537 1362 1581 1395 ⁸³
1615 1362 1717 1430 τὴν
1753 1358 1930 1431 ὁρμὴν

331 1467 649 1529 ἐπώσοντος
674 1466 866 1518 δεῖται.
897 1464 996 1526 Τίς
1027 1462 1138 1532 γὰρ
1166 1459 1340 1523 οὕτως
1371 1456 1619 1520 ἄϐουλος,
1648 1453 1710 1516 ὃς
1743 1453 1805 1505 τὸ
1849 1452 1934 1505 δο-

332 1557 471 1614 κοῦν
502 1557 653 1626 αύτῷ
691 1556 824 1627 παρ’
856 1555 1046 1626 ἐτέρου
1081 1552 1328 1623 βούλεται
1361 1549 1574 1620 μαθεῖν,
1615 1545 1712 1600 καὶ
1758 1545 1933 1598 ποιεῖν

335 1654 428 1707 τὸν
457 1651 769 1721 σύμϐουλον
795 1649 901 1703 τῶν
931 1647 1323 1719 ἀπορουμένων
1350 1645 1648 1714 συνήγορον
1683 1643 1781 1710 τῆς
1813 1641 1934 1692 ἐπι-

339 1745 580 1816 θυμίας;
637 1745 686 1797 εἰ
741 1743 852 1812 γὰρ
899 1743 926 1796 6
973 1741 1166 1812 κύριος
1216 1738 1325 1792 τῶν
1381 1736 1653 1792 τοσούτων
1711 1729 1932 1798 ἀγαθῶν

342 1841 611 1912 κρείττων
641 1837 760 1891 ἐστὶ
791 1837 892 1906 τῆς
936 1834 1235 1904 ἐπιθυμίας
1274 1831 1374 1901 τῆς
1419 1827 1529 1882 τῶν
1572 1824 1931 1896 βιαζομένων,

351 1929 661 2001 μακαρίσαι
712 1926 812 1996 μὲν
859 1925 968 1996 ἔχω
1005 1923 1100 1977 τοῦ
1129 1920 1303 1977 ταῦτα
1335 1917 1676 1990 κεκτημένου
1723 1913 1824 1985 τὴν
1849 1912 1937 1978 ἐξ·

351 2022 558 2083 ουσίαν,
615 2017 916 2087 ἀφελέσθαι
971 2015 1028 2069 δέ
1071 2018 1186 2077 τοῖς
1229 2013 1415 2074 ὅπλοις
1464 2010 1794 2081 βιασάμενος
1843 2005 1941 2068 τὰς

355 2114 615 2185 χορηγίας
645 2113 707 2166 ού
743 2109 1002 2178 δύναμαι.
1039 2107 1105 2160 Τί
1151 2104 1244 2160 οὖν
1287 2104 1572 2174 ἀμήχανον
1615 2098 1813 2172 πρᾶξιν
1861 2098 1941 2159 εἰς

360 2207 518 2277 κενὴν
564 2203 899 2273 ἐπαγγελίαν
928 2202 974 2234 ⁸⁸
1013 2199 1194 2269 ἄγειν,
1227 2197 1323 2252 καλ⁸
1344 2195 1443 2260 τὰς
1471 2193 1699 2265 ἀδήλους
1724 2189 1944 2252 ἐλπίδας

368 2301 470 2353 τῶν
521 2296 804 2369 προδήλων
863 2292 1127 2348 κινδύνων
1175 2290 1336 2343 πλέον
1380 2284 1760 2349 εύλαϐεῖσθαι;
1791 2281 1945 2336 Ἀλλά

381 2391 797 2459 καταπλήξονται
829 2389 956 2450 τοὺς
985 2385 1257 2454 ’Έλληνας
1290 2382 1340 2435 οἱ
1369 2380 1646 2442 Αἰθίοπες.
1680 2377 1836 2440 Τίνι;
1876 2376 1943 2444 τῇ

383 2483 609 2558 [72511.]
627 2482 860 2554 μελανία
882 2479 975 2533 καὶ
996 2481 1063 2550 τῇ
1092 2475 1418 2546 παραλλαγῇ
1443 2472 1544 2542 τῆς
1577 2470 1810 2542 μορφῆς.
1834 2466 1947 2538 υύχ

375 2576 682 2648 ὑπερϐαίνει
709 2573 810 2644 τὴν
835 2570 930 2624 τοῦ
953 2569 1144 2632 παιδὸς
1169 2565 1388 2638 ἠλικίαν
1416 2564 1544 2635 παρ’
1567 2563 1698 2632 ἡμῖν
1722 2562 1750 2613 6
1773 2556 1950 2612 τοιοῢο

371 2689 450 2734 τος
482 2669 667 2740 φόϐος.
713 2668 802 2720 Ἐν
847 2666 904 2718 δὲ
944 2667 1059 2727 τοῖς
1090 2661 1347 2732 πολέμοις
1381 2660 1477 2712 καὶ
1503 2658 1631 2720 ,ταῖς
1654 2655 1698 2686 ⁸⁸
1737 2651 1950 2722 μείζοσι

371 2764 650 2832 διαφοραῖς
703 2761 806 2813 ούκ
861 2757 982 2825 ὕψει
1040 2753 1136 2808 καὶ
1183 2750 1458 2824 χρώματι,
1507 2749 1681 2817 τόλμῃ
1744 2744 1801 2797 δὲ
1855 2743 1953 2797 καὶ⁵

373 2829 674 2927 στρατηγίᾳ
718 2851 789 2904 τὰ
829 2850 1133 2920 πράγματα
1175 2845 1441 2915 κρίνεται.
1486 2838 1630 2909 Ἐγὼ
1676 2839 1720 2893 δ’
1757 2838 1850 2906 ἀφ’
1885 2829 1954 2908 ἧς

369 2950 584 3021 ἡμέρας
622 2949 656 3017 ἡ
695 2945 832 3015 τύχη
858 2960 926 3014 με
958 2941 1292 3010 κατέστησεν
1318 2937 1612 3008 ἐπίτροπον
1642 2930 1736 2986 τοῦ
1766 2929 1956 3000 σώμα-

369 3062 458 3107 τος
489 3042 588 3095 τοῦ
614 3039 732 3099 σοῦ,
770 3037 892 3091 νέου
922 3032 1201 3095 παντελῶς
1226 3030 1399 3094 ὄντος,
1425 3029 1522 3082 καὶ
1554 3028 1655 3096 τῆς
1694 3027 1823 3098 ὅλης
1863 3023 1960 3094 βα-

372 3136 600 3197 σιλείας,
633 3131 728 3185 ἀπ’
770 3129 986 3194 ἐκείνης
1018 3123 1180 3187 εὐθὺς
1213 3121 1388 3192 μέγαν
1417 3116 1640 3190 ἐμαυτῷ
1667 3117 1828 3169 πόνον
1856 3115 1960 3166 ἐπ-

371 3227 566 3282 έϐαλον
592 3225 659 3278 ⁸⁸.
691 3222 829 3275 Τίνα
857 3218 1073 3283 τοῦτον;
1112 3217 1222 3276 τοῖς
1267 3211 1405 3283 πρὸς
1438 3210 1633 3280 ἡδονὴν
1679 3205 1958 3278 ὁμιλοῦσιν

371 3315 754 3373 ἐναντιοῦσθαι
807 3312 901 3365 καὶ
943 3307 1338 3380 δυσχεραίνειν,
1387 3302 1482 3356 σοῦ
1529 3299 1749 3373 πρῶτον
1793 3295 1959 3352 αὐτοῦ

373 3408 839 3484 περιαιρούμενος
882 3403 941 3457 ού
987 3402 1086 3472 τὴν
1128 3397 1375 3463 ἐξουσίαν
1420 3394 1557 3448 ἀλλὰ
1585 3392 1684 3463 τὴν
1714 3390 1960 3459 ἄγνοιαν,

373 3508 467 3559 ἵνα
506 3503 618 3556 τῶν
669 3498 938 3553 τοσούτων
985 3491 1204 3563 ἀγαθῶν
1244 3487 1459 3560 φρονῶν
1506 3483 1846 3555 ἀπολαύσῃς,
1886 3480 1963 3550 μὴ

373 3594 787 3668 διαμαρτάνων.
820 3587 991 3642 Τοῦτο
1032 3585 1142 3655 γὰρ
1174 3583 1398 3655 ἐζήτουν
1439 3577 1644 3648 πατρὸς
1687 3575 1824 3644 έχων
1870 3569 1964 3624 εὕ-

378 3666 532 3744 νοιαν
557 3666 774 3758 χρόνου
819 3678 1239 3751 στοχαζομένην,
1295 3674 1356 3726 ού
1407 3671 1640 3733 κόλακος
1684 3666 1966 3738 εἰρωνείαν

378 3782 561 3854 καιρῷ
580 3757 1226 3851 ίπροσομιλοῦσανέμῦὃὸ
1247 3765 1341 3838 IL}
1361 3760 1646 3834 Οἶδα-γὰρ,
1665 3757 1968 3831 πρεσϐύτε-

294 3923 298 3926 .
386 3845 571 3947 pag-div
603 3845 697 3925 καὶ
719 3845 930 3920 πολλῶν
952 3863 1215 3932 ἔμπειρος
1247 3853 1485 3926 γεγονὼς
1510 3845 1970 3921 πραγμάτων,διά

381 3970 508 4028 τοὺς
536 3961 806 4017 θωπεύειν
828 3953 1089 4024 ἐπιϐεϐλη
1099 3952 1290 4022 μένους
1311 3949 1436 4009 τοὺς
1459 3947 1516 3998 ἐν
1537 3945 1654 4004 ταῖς
1674 3941 1970 4010 ὑπεροχαῖς

385 4059 483 4112 καὶ
521 4056 624 4117 τὰς
654 4051 916 4123 μεγίστας
953 4043 1231 4116 βασιλείας
1261 4038 1429 4109 ἄρδην
1459 4032 1832 4106 ἀνῃρημένας,
1871 4029 1971 4099 τὴν

386 4121 734 4216 Κασάνδρου,
779 4141 880 4211 τὴν
926 4134 1268 4204 Λυσιμάχου,
1301 4130 1397 4199 τὴν
1436 4125 1786 4195 Ἀλεξάνδρου
1821 4121 1974 4191 τηλι-

387 4241 598 4309 καύτην
623 4233 810 4298 οὖσαν,
839 4232 937 4304 τὴν
974 4228 1197 4299 Μήδων,
1229 4224 1326 4293 τὴν
1352 4221 1560 4291 Σύρων,
1590 4217 1688 4289 τὴν
1725 4213 1973 4286 Περσῶν,

389 4335 532 4388 ὥστε
555 4307 697 4402 μηδέ
723 4327 947 4397 σπέρμα
978 4316 1402 4384 καταλελεῖφθαι
1431 4313 1475 4345 ⁸⁷
1501 4311 1597 4364 τοῦ
1627 4311 1838 4378 γένους.
1861 4307 1978 4361 Οὐκ

391 4398 641 4493 ἀλόγωςλ
679 4421 802 4474 νέου
853 4420 963 4486 γάρ
1001 4413 1173 4467 πολλὰ
1217 4411 1315 4480 μὲν
1370 4404 1692 4475 ἀγνοοῦντος
1743 4401 1832 4454 διὰ
1878 4398 1977 4468 τὴν

393 4518 636 4590 ἡλικίαν,
671 4509 1062 4580 εύλογουμένου
1099 4505 1156 4557 δέ
1191 4502 1284 4556 ἐπὶ
1319 4501 1430 4562 τοῖς
1461 4495 1857 4566 ἁμαρτήμασιν
1883 4491 1975 4544 ού-

391 4582 483 4664 δέν
541 4604 953 4678 σφαλερώτερον
1009 4596 1130 4651 ούδέ
1185 4590 1674 4656 ἐπικινδυνότερον.
1736 4583 1794 4637 Ὀ
1847 4582 1979 4651 γοῦν

405 4664 782 4770 Ἀλέξανδρος,
817 4664 1086 4766 ἀήττητος
1112 4687 1186 4742 ὢν
1215 4688 1274 4740 ἐν
1333 4686 1447 4746 τοῖς
1508 4680 1716 4739 ὅπλοις,
1773 4673 2165 4733 ἀσθενέστατος
2224 4664 2293 4740 ἦν
2353 4667 2410 4718 ἐν

362 319 382 383 ι
1454 313 1952 376 BIBLIOTHECA

2050 335 2088 345 -·
2115 309 2278 371 COD.
2324 308 2477 367 CCL.
3525 295 3597 359 εἳ

357 458 481 506 εις;
519 435 820 494 καὶταῦτα
851 435 1138 506 γινώσκων
1169 434 1249 488 ὅτι
1287 433 1516 486 κάκεῖνα
1549 432 1648 501 μὲν
1688 431 1717 482 6
1757 430 1952 500 νόμος,

2050 427 2145 480 ,ine
2205 425 2508 480 certamine
2557 417 2834 474 conﬁdis?
2893 413 3195 485 praesertim
3243 427 3369 468 cum
3433 407 3583 464 scias

2029 520 2174 590 quod
2210 519 2293 574 lex
2327 513 2627 587 possidenti
2664 512 2753 566 illa
2793 521 3102 571 conservet,
3135 508 3248 561 haec
3270 507 3478 559 ferrum
3502 516 3602 554 au-

2029 613 2130 668 fert
2159 612 2226 665 de
2257 607 2724 665 imbecillioribus.

2102 705 2326 767 Sumus,
2357 701 2553 771 inquit,
2590 699 2762 754 multo
2818 707 3062 764 tempore
3092 691 3146 745 in
3183 690 3284 744 hac
3311 683 3604 746 sententia,

2033 811 2226 864 regum
2257 791 2528 848 amicitias
2560 789 2628 843 ab
2662 785 2952 840 occasione
3001 777 3312 836 confirmari
3361 783 3414 827 et
3444 771 3604 834 solvi,

2035 894 2088 938 et
2112 895 2258 937 tuam
2290 879 2707 948 occupationem
2749 871 2902 927 alteri
2932 870 3063 923 dare
3094 872 3504 935 argumentum,
3538 874 3606 911 ex

2037 973 2163 1026 aliis
2196 985 2285 1024 res
2339 945 2589 1036 augendo
2627 973 2683 1018 et
2721 957 3038 1015 minuendo.
3093 953 3193 1008 Hic
3215 949 3378 1004 verbo
3432 945 3608 1002 conti-

2032 1073 2227 1118 nenter
2271 1059 2628 1132 gratilieatus,
2669 1067 2850 1109 rerum
2892 1057 3170 1120 gestarum
3225 1042 3403 1112 ,lidem
3445 1052 3606 1092 exce-

2031 1159 2191 1219 dens,
2227 1153 2364 1208 falsa
2412 1157 2836 1206 commemorat:
2870 1143 2959 1197 ille
2986 1138 3181 1196 amicis
3211 1137 3264 1190 in
3295 1136 3608 1190 societatem

2032 1249 2249 1305 consilii
2275 1245 2539 1302 adhibitis
2568 1253 2811 1310 tempore
2831 1231 3169 1307 ejuscemodi
3203 1243 3383 1298 neque
3409 1239 3611 1294 urgen-

2034 1344 2104 1398 tis
2158 1343 2419 1411 impetum
2451 1337 2636 1406 exigit.
2669 1333 2804 1400 Quis
2855 1329 3000 1384 enim
3051 1326 3187 1380 adeo
3236 1334 3434 1390 expers
3481 1331 3616 1372 c0n-

2035 1435 2168 1498 silii,
2213 1433 2306 1504 qui
2359 1433 2427 1485 ab
2474 1429 2645 1484 altero
2701 1425 2832 1494 quid
2865 1422 2970 1476 sibi
3005 1420 3251 1472 videatur
3282 1422 3615 1482 cognoscere

2033 1529 2184 1588 velit,
2215 1503 2340 1580 etin
2367 1523 2550 1578 dubiis
2590 1518 2826 1576 consilio
2875 1514 2952 1568 ιιιὶ
2977 1509 3246 1582 explentis
3276 1503 3612 1560 desiderium

2037 1617 2250 1688 ipsius?
2276 1615 2333 1669 Si
2366 1615 2510 1668 enim
2543 1610 2802 1666 dominus
2838 1607 3132 1665 bonorum,
3161 1614 3272 1654 non
3302 1591 3617 1652 succumbit

2037 1707 2320 1779 cupiditati
2350 1721 2541 1761 eorum
2577 1702 2670 1773 qui
2709 1712 2932 1771 cogunt.
2978 1697 3203 1750 Beatum
3239 1689 3475 1762 prmdico
3503 1688 3620 1740 inec

1962 1783 2007 1840 Β
2041 1802 2435 1872 possidentem,
2463 1796 2652 1851 tollere
2674 1803 2856 1848 autem
2887 1805 2993 1844 non
3012 1800 3236 1858 possum
3269 1781 3439 1837 armis
3462 1793 3622 1833 coac-

2043 1905 2153 1958 tus,
2185 1900 2462 1962 sumptus.
2495 1887 2635 1954 Quid
2664 1887 2830 1955 igitur
2865 1883 3097 1938 arduum
3135 1865 3406 1933 actionem
3435 1874 3489 1926 in
3525 1887 3622 1924 va-

2041 2003 2172 2042 num
2207 1998 2486 2040 rumorem
2517 1980 2809 2042 adducere,
2841 1988 3078 2044 spesque
3105 1972 3298 2024 inanes
3326 1964 3621 2020 reveritum

2042 2082 2215 2137 fuisse
2261 2093 2372 2148 pra:
2403 2074 2616 2131 caeteris
2647 2069 2942 2144 periculis?
2975 2065 3082 2121 Sed
3132 2061 3441 2134 percellunt
3471 2057 3623 2113 Grac-

2045 2188 2142 2228 cos
2177 2170 2489 2239 jEthiopes.
2534 2166 2711 2233 Quare
2734 2165 2757 2217 ?
2785 2161 3064 2232 nigredine
3083 2166 3136 2213 et
3161 2155 3352 2211 formae
3371 2149 3623 2206 diﬂ'eren-

2047 2267 2143 2321 tia.
2194 2263 2313 2318 Non
2350 2261 2567 2318 excedit
2596 2259 2858 2328 puerilem
2891 2264 3105 2310 aetatem
3135 2251 3224 2305 hic
3254 2256 3436 2302 metus
3483 2243 3624 2314 apud

2045 2368 2288 2414 nostros.
2322 2356 2380 2410 ln
2419 2354 2577 2410 bellis
2618 2365 2750 2405 vero
2783 2344 3282 2419 grandioribusque
3307 2335 3620 2393 contentio-

2047 2450 2232 2514 nibus,
2291 2462 2398 2502 non
2463 2445 2601 2499 facie
2651 2453 2746 2496 aut
2797 2441 3001 2503 colore,
3040 2436 3134 2489 sed
3178 2429 3427 2491 audacia,
3475 2437 3531 2482 et
3572 2443 3631 2481 re

2052 2538 2272 2594 militari
2297 2552 2385 2592 res
2412 2535 2802 2606 dijudicantur.
2843 2529 2976 2598 Ego
3001 2541 3132 2580 vero
3167 2541 3197 2578 a
3228 2538 3338 2594 quo
3362 2521 3450 2576 die
3471 2534 3632 2574 cons-

2053 2631 2246 2686 titutus
2275 2644 2396 2684 sum
2429 2635 2578 2682 tutor
2622 2622 2873 2692 corporis
2908 2622 3010 2683 tui,
3034 2632 3158 2670 cum
3187 2613 3407 2686 juvenis
3439 2611 3630 2664 admo-

2051 2727 2182 2781 dum
2216 2737 2391 2788 esses,
2419 2720 2699 2788 totiusque
2741 2714 2916 2783 regni,
2968 2709 3156 2764 abillo
3199 2708 3383 2762 statim
3427 2704 3480 2758 in
3515 2717 3632 2756 ma-

2051 2832 2218 2890 gnum
2274 2830 2362 2870 me
2411 2813 2652 2867 laborem
2690 2806 2925 2877 conieci.
2953 2799 3298 2871 Quemnam?
3337 2798 3411 2852 lis
3438 2795 3530 2865 qui
3579 2793 3632 2847 in

2053 2913 2331 2981 voluptate
2356 2915 2648 2962 versantur
2676 2915 2982 2972 repugnare
3005 2907 3168 2967 atque
3204 2889 3498 2963 indignari,
3530 2901 3637 2941 non

2057 3007 2350 3062 facultates
2379 3001 2474 3056 tibi
2516 3000 2754 3068 primum
2781 2990 3107 3053 auferendo,
3157 2985 3251 3043 sed
3283 2981 3638 3053 imperitiam,

1987 3129 2032 3188 ε
2065 3111 2125 3155 ιιι
2159 3098 2326 3154 tantis
2359 3094 2516 3150 bonis
2547 3091 2787 3163 prudens
2836 3086 3063 3148 fruaris,
3096 3096 3204 3136 non
3244 3090 3496 3149 peccans.
3528 3073 3642 3128 Hoc

2063 3193 2208 3247 enim
2242 3186 2580 3260 quaerebam,
2607 3181 2782 3254 patris
2814 3188 3008 3234 nactus
3035 3170 3473 3231 benevolentiam
3503 3175 3646 3220 tem-

2061 3299 2191 3355 pore
2216 3280 2583 3338 conciliatam,
2617 3290 2726 3330 non
2753 3269 3085 3327 adulationis
3107 3265 3420 3321 irrisionem
3449 3274 3646 3331 oppor-

2070 3377 2302 3432 tunitate
2327 3381 2623 3429 assuetam.
2658 3367 2793 3422 Novi
2823 3367 2967 3420 enim
3007 3373 3065 3417 ut
3091 3359 3287 3433 45.56
3322 3366 3449 3411 natu
3483 3370 3646 3424 gran-

2065 3473 2209 3534 dior,
2238 3468 2649 3533 multarumque
2673 3474 2852 3516 rerum
2877 3453 3271 3527 experientiam
3293 3458 3646 3508 consecutus,

2069 3581 2165 3634 per
2209 3558 2638 3616 assentationem
2685 3569 2806 3618 eos,
2841 3551 2937 3620 qui
2989 3546 3320 3602 excellerent
3363 3541 3648 3610 dignitate,

2068 3633 2344 3726 regnaque
2377 3650 2541 3706 simul
2571 3645 2821 3700 funditus
2850 3642 3026 3697 deleta
3051 3634 3368 3694 Cassandri.
3398 3633 3651 3702 Lysima-

2069 3748 2182 3810 clti,
2238 3753 2292 3801 et
2346 3739 2663 3805 Alexandri,
2711 3744 2860 3791 tanta
2905 3749 3030 3788 cum
3068 3729 3296 3792 fuerint,
3346 3723 3651 3783 Medorum,

2072 3838 2358 3910 Syrorum,
2395 3841 2451 3886 et
2489 3829 2780 3885 Persarum
2833 3843 2848 3880 :
2894 3832 2955 3878 ut
2982 3812 3163 3890 neque
3193 3814 3410 3888 generis
3444 3811 3653 3867 semina

2074 3929 2421 4001 reliquerint,
2454 3939 2563 3979 non
2613 3921 2733 3977 sine
2767 3931 2957 3974 causa.
2986 3913 3202 3969 Juvene
3233 3909 3378 3963 enim
3409 3920 3504 3975 per
3524 3911 3656 3958 aeta-

2078 4033 2184 4078 tem
2212 4034 2395 4076 rerum
2424 4013 2704 4086 imperito,
2731 4009 2931 4068 celebri
2963 4021 3094 4061 vero
3128 4005 3182 4058 in
3211 3997 3475 4073 peccatis,
3518 3993 3657 4050 nihil

2077 4128 2257 4184 neque
2301 4109 2608 4182 promptius
2652 4103 2720 4159 ad
2769 4103 3005 4171 lapsum,
3051 4109 3228 4164 neque
3269 4085 3656 4161 periculosius.

2077 4181 2386 4262 Alexander
2418 4201 2582 4270 igitur
2619 4193 2791 4250 armis
2823 4189 3080 4251 Invictus,
3120 4185 3174 4239 in
3208 4181 3332 4236 vita:
3360 4183 3660 4234 consuetu-

2080 4300 2209 4354 dine
2259 4295 2365 4350 fuit
2410 4289 2723 4346 inﬁrmior:
2783 4281 3101 4338 laudatione
3147 4274 3293 4330 enim
3327 4278 3522 4340 captus
3553 4275 3660 4330 est,

2083 4391 2498 4464 appellatusque
2531 4380 2767 4450 Jupiter,
2801 4391 2908 4430 non
2949 4388 3009 4428 se
3048 4364 3398 4425 subsannari.
3437 4363 3532 4418 sed
3563 4359 3662 4414 ho-

2009 4472 2053 4526 D
2086 4483 2268 4541 norari
2312 4474 2690 4536 existimabat.
2734 4467 3005 4538 Expetitis
3052 4463 3121 4518 iis
3163 4475 3285 4531 qua:
3316 4456 3435 4512 lieri
3467 4451 3667 4522 nequi-

2087 4583 2298 4637 verant,
2333 4577 2542 4624 naturae
2570 4563 2670 4618 fuit
2704 4562 2934 4617 oblitus.

2454 4662 2576 4722 ταῖς
2627 4655 2906 4724 ὁμιλίαιςο
2963 4649 3217 4720 ἡλίσκετο
3247 4644 3358 4714 γὰρ
3404 4639 3510 4694 ὑπὸ
3553 4637 3670 4692 τῶν

427 4730 782 4770 ,πλεῖαι-θυέων,
817 4730 1084 4766 usqu-Iw,
1112 4730 1183 4742 νυ.
1215 4730 1270 4740 -.
1344 4730 1444 4746 --Ἰ
1513 4730 1574 4734 -_.
1675 4730 1715 4739 τ,
2147 4730 2160 4733 _
2248 4730 2260 4740 '

397 4797 658 4860 ἐπαίνων,
690 4793 786 4846 καὶ
815 4791 951 4852 Ζεὺς
982 4784 1316 4853 καλούμενος
1355 4779 1418 4831 ού
1465 4770 1824 4847 χλευάζεσθαι
1871 4765 2120 4840 ἐνόμιζεν
2187 4760 2326 4817 ἀλλά
2397 4755 2684 4827 τιμᾶσθαι,
2716 4749 2825 4803 τῶν
2866 4745 2964 4816 μὲν
2999 4739 3283 4796 ἀδυνάτων
3356 4730 3663 4803 ἐπιθυμῶν,

395 4891 498 4960 τῆς
525 4889 581 4941 δέ
608 4885 823 4956 φύσεως
856 4874 1300 4948 ἐπιλελησμένος.

474 4952 647 5038 Ὅταν
686 4981 715 5033 6
754 4974 1084 5048 δημαγωγὸς
1131 4969 1245 5029 τοῖς
1282 4961 1496 5024 πολλοῖς
1532 4956 1873 5024 διαλέγηται,
1910 4952 1985 5023 μὴ

397 5081 504 5151 τὴν
530 5075 622 5130 τοῦ
649 5073 801 5145 φίλου
836 5068 990 5134 τάξιν
1019 5059 1468 5131 ὑποστησάμενος
1497 5051 1633 5106 ἀλλὰ
1655 5051 1754 5119 τὴν
1781 5046 1876 5099 τοῦ
1900 5043 1991 5098 x6-

402 5125 674 5237 ἦέωξξιί
699 5164 806 5218 τῶν
839 5125 1014 5232 ὃχλων
1065 5125 1229 5227 ὁρμὴ⁷
1263 5125 1565 5221 βεϐαιωτὴν
1607 5140 1851 5195 λαϐοῦσα
1891 5137 1952 5204 τῆ

2091 5125 2494 5188 consiliarium,

2159 4941 2389 5011 Quando
2422 4947 2608 4993 orator
2644 4945 2766 4987 cum
2799 4925 3001 4998 populo
3042 4919 3322 4983 disseruit,
3355 4930 3465 4970 non
3505 4912 3671 4968 amici

2089 5037 2185 5094 sed
2214 5029 2519 5088 adulatoris
2547 5035 2836 5097 personam
2866 5016 3171 5074 sustinens,
3225 5007 3396 5079 plebis
3431 5003 3671 5074 impetus

2550 5119 2645 5190 qui
2690 5117 2744 5170 in
2775 5118 3001 5185 peccato
3047 5105 3405 5161 conﬁrmaret
3452 5105 3671 5161 nactus,

405 5194 594 5233 Λακοςν
628 5194 662 5237 η
709 5194 806 5218 δων
839 5194 1010 5232 "LM"
1066 5194 1210 5227 “rr't
1265 5194 1554 5221 I'""'""l'
1649 5194 1654 5195 ν
1949 5194 1952 5204 .

405 5259 685 5334 ἁμαρτίας
732 5257 824 5309 τὸν
871 5248 1172 5321 σύμόουλον
1210 5238 1475 5312 ἀνέτρεψε
1517 5235 1619 5306 τὴν
1659 5231 1836 5286 πόλιν.
1880 5227 1952 5281 Ἐκ

2091 5225 2282 5280 urbem
2309 5215 2526 5274 evertit.
2578 5209 2832 5266 Imminet
2863 5203 3009 5260 enim
3037 5194 3386 5254 adversarius
3431 5204 3542 5244 non
3581 5203 3673 5242 reo

2098 5330 2108 5334 -
2195 5326 2248 5334 μ-
2276 5331 2303 5334 .-
2369 5310 2457 5334 ,ιι
2494 5315 2542 5334 ..ι
2575 5306 2638 5334 ιιι-
2704 5301 2967 5334 mlum-mn:
2998 5309 3139 5334 nunc
3172 5288 3376 5334 invidia
3410 5282 3515 5334 insi
3554 5280 3673 5334 adi-

409 5356 646 5425 σὴκπτει
675 5348 782 5418 γάρ
813 5347 842 5400 ὁ
880 5344 1070 5414 μῶμος
1095 5339 1155 5391 ού
1189 5333 1331 5389 κατὰ
1361 5332 1470 5385 τῶν
1510 5325 1778 5382 ὑπαιτίων
1811 5320 1992 5392 μόνον,

409 5411 549 5500 ἀλλὰ
576 5411 783 5504 καινοῖς
818 5411 892 5492 ἂν.
922 5437 950 5489 6
975 5411 1174 5504 φθόνος
1206 5425 1357 5498 αὐτῷ
1405 5423 1503 5496 τὴν
1534 5419 1721 5491 ἔφοδον
1768 5411 1992 5485 προοδο-

2094 5326 2332 5377 tantum.
2365 5310 2460 5366 sed
2492 5315 2547 5362 et
2575 5306 2661 5367 iis,
2703 5301 2967 5356 adversus
2998 5309 3139 5364 quos
3172 5288 3377 5344 invidia
3410 5282 3515 5353 ipsi
3554 5280 3674 5336 adi-

2096 5416 2215 5460 tum
2283 5396 2591 5457 adornavit.
2641 5391 2738 5447 Vel
2797 5393 3086 5444 accusator
3133 5378 3280 5435 enim
3332 5372 3505 5430 vincit
3563 5384 3673 5424 non

1682 5567 1917 5628 VARIA‘J
1960 5558 2374 5621 LECTIONES.

548 5740 594 5772 θ’
648 5730 1048 5807 προλαμϐάνων
1095 5727 1170 5807 Α.
1295 5724 1340 5754 ⁸⁸
1395 5722 1453 5776 οὖ
1510 5715 1628 5788 τοῦ]
1651 5710 1815 5769 αὐτοῦ
1877 5713 1939 5764 Α.

421 5816 463 5845 ‘7
507 5797 794 5881 σπέρματα
825 5797 1254 5868 καταλειφθῆναι
1289 5812 1344 5858 ς.

2036 5707 2081 5739 ⁸³
2131 5695 2472 5769 ἀπαγγελίαν
2493 5691 2558 5748 Α.

2661 5690 2705 5721 ⁸⁵
2737 5689 2857 5750 ταῖς
2906 5697 3022 5738 om.
3051 5682 3116 5734 A.
3219 5676 3263 5709 ⁸⁸
3289 5666 3587 5726 ἐπέϐαλλον
3615 5681 3686 5731 ς.
