4152 6476
271 375 349 439 25
1407 378 1939 443 BIBLIOTHECA.
1960 405 2032 417 -
2063 381 2225 445 COD.
2273 386 2433 449 CGL.
3486 395 3561 459 26

275 484 602 558 αργεεας’³.
656 482 788 542 Εἶτα
833 490 1017 557 ὅμοιον
1067 488 1198 559 περὶ
1238 488 1492 560 Θηϐαιων
1550 488 1705 560 φησὶ,
1770 488 1882 543 Τὸν

1993 490 2264 553 Thebanis
2302 497 2370 552 ad
2417 497 2672 554 eumdem
2726 500 2949 556 modum
2996 501 3269 573 loquitur:
3334 506 3568 565 Maxime

276 583 390 650 τὰρ
403 578 666 650 μέγιστα
687 581 1056 649 φωνήσαντα
1082 582 1272 634 τόπον
1305 579 1547 650 ἄφωνον
1566 580 1605 648 ἠ
1636 596 1871 650 συμφο-

269 670 351 739 ρὰ
379 670 699 738 πεποίηκε.
731 670 901 724 Πάλιν
932 672 1019 724 ἐπ’
1043 670 1358 736 Ὀλυνθίων,
1388 671 1490 726 Ἐκ
1503 670 1876 741 μυριάνδρου

280 763 520 829 πόλεως
568 760 858 830 ἐξῆλθον,
914 762 1303 833 ἐπιστραφεὶς
1347 762 1399 819 δ’
1451 761 1645 818 οὐκέτ’
1690 763 1877 820 εἶδον.

1980 586 2118 639 enim
2147 585 2324 641 locum
2367 588 2715 656 clamantem,
2754 600 2960 646 mutum
2988 594 3271 648 calamitas
3305 598 3565 654 reddidit.

1980 676 2220 732 Rursum
2252 680 2318 735 de
2352 679 2666 751 Olynthiis:
2711 683 2843 738 Veni
2865 701 2933 739 ea:
2950 686 3078 740 urbe
3108 686 3453 756 Myriandro,
3486 708 3571 746 rc-

1977 786 2154 824 uersus
2196 789 2301 826 non
2333 773 2565 845 amplius
2614 775 2761 831 uidi:
2796 780 2999 847 quaeris
3037 780 3340 850 quidnam?
3391 781 3568 852 Ipsum

292 855 545 924 Ἐζὴτεις
568 855 613 886 ⁷⁸
641 855 699 909 δὲ
727 855 818 922 tl;
866 854 926 908 1:6
966 856 1064 927 μὲν
1093 856 1202 926 γὰρ
1238 856 1425 927 ῥηθὲν,
1464 856 1571 911 ὑπὸ
1619 858 1878 929 τοιαύτην

1993 863 2126 918 anim
2170 863 2376 920 dictum
2406 869 2716 938 emphasim
2766 871 3071 940 requirens,
3115 873 3168 927 in
3196 890 3438 929 errorem
3469 893 3571 931 no-

282 944 527 1013 ἔμφασιν
562 944 880 1012 πεπτωκὸς,
913 946 1265 1017 πεπλάνηκεν
1286 947 1446 1018 ἡμῶν
1474 947 1583 1001 άπὸ
1607 948 1701 1001 τοῦ
1738 967 1877 1020 προ-

283 1036 547 1105 κειμένου
608 1038 710 1109 τὴν
774 1038 1023 1110 γνώμην.
1084 1042 1178 1094 Δεῖ
1232 1040 1289 1094 δὲ
1350 1040 1443 1095 τὸν
1502 1040 1879 1113 οἰκτιζόμενον

282 1131 497 1199 ἀφέντα
554 1130 685 1195 τοὺς
738 1131 1092 1203 ἀστεϊσμοὺς,
1132 1131 1194 1186 τὸ
1226 1133 1462 1203 πρᾶγμα
1504 1134 1792 1204 σημαίνειν
1834 1126 1880 1203 ᾧ

282 1224 567 1278 οἱκείωται
612 1224 677 1277 τὸ
729 1224 925 1288 πάθος.
971 1227 1019 1281 el
1073 1226 1256 1297 μέλλοι
1278 1226 1326 1257 ⁷⁷
1369 1225 1445 1298 μὴ
1472 1230 1538 1297 τῇ
1579 1226 1723 1295 λέξει
1764 1228 1883 1282 δια-

284 1318 541 1384 κοσμεῖν,
575 1315 717 1369 ἀλλὰ
743 1315 822 1385 τῷ
853 1317 953 1383 τῆς
978 1318 1263 1390 συμφορᾶς
1286 1317 1447 1389 αἰτίῳ
1473 1318 1880 1392 προσεδρεύειν.

296 1407 437 1464 Ἀλλ’
468 1407 561 1478 ἐφ’
593 1408 785 1479 ἕτερον
803 1408 806 1410 ⁷
828 1408 987 1467 ἰτέον.

351 1498 748 1569 Ἀλέξανδρε,
780 1500 879 1555 καὶ
908 1500 955 1532 ⁷⁸
984 1499 1094 1554 τὸν
1121 1498 1585 1570 Ἐπαμινώνδαν
1607 1500 1882 1571 νόμισον,

289 1589 523 1658 ὁρῶντα
561 1590 635 1644 τὰ
659 1590 927 1658 λείψανα
953 1590 1064 1658 τῆς
1107 1593 1359 1657 πόλεως,
1400 1591 1675 1657 παρόντα
1717 1608 1811 1660 μοι
1837 1590 1883 1622 ⁷³

289 1682 731 1741 συνικετεύειν.
749 1682 886 1754 Αῐτη
896 1700 973 1752 μα
996 1681 1095 1753 μὲν
1117 1682 1480 1753 μειρακιῶδες
1498 1682 1590 1735 καὶ
1604 1681 1886 1753 μεταφορὰ

294 1779 527 1850 σκληρὰ,
580 1779 643 1833 τὸ
692 1780 749 1833 δὲ
802 1780 1131 1853 σκυθρωπὸν
1172 1783 1272 1852 τῆς
1317 1780 1573 1851 πράξεως
1620 1777 1881 1851 ἄρρητον.

1979 965 2151 1009 strum
2190 955 2461 1026 judicium
2515 959 2692 1015 duxit.
2737 960 2897 1017 Decet
2934 963 3077 1017 enim
3117 964 3464 1019 miserantem
3504 967 3574 1022 ab

1982 1048 2247 1104 asteismo
2290 1052 2587 1118 abstinere,
2643 1068 2759 1109 rem
2806 1054 3096 1125 designare
3130 1072 3251 1126 quae
3297 1058 3571 1113 an‘ectionl

1982 1146 2203 1215 propria
2248 1153 2354 1212 est,
2405 1146 2451 1200 si
2504 1146 2745 1201 dictione
2785 1157 3082 1203 ornaturus
3138 1149 3233 1215 sit,
3278 1150 3372 1205 sed
3429 1150 3576 1205 cala-

1984 1236 2196 1293 mitatis
2250 1252 2433 1294 causa:
2473 1237 2801 1293 serviturus.
2846 1236 2952 1319 Sed
3002 1239 3075 1293 ad
3109 1240 3215 1295 alia
3266 1241 3570 1311 proceden-

1986 1327 2141 1383 dum.

2058 1504 2102 1559 0
2136 1504 2457 1575 Alexander,
2498 1506 2924 1577 Epaminondam
2965 1511 3218 1566 existima
3277 1514 3571 1581 conspectis

1987 1598 2132 1653 urbis
2176 1599 2438 1669 reliquiis,
2486 1613 2795 1671 prwsentem
2858 1620 2961 1656 non
2995 1607 3346 1674 comprecari.
3396 1609 3575 1661 Accu-

1990 1692 2129 1747 satio
2156 1692 2377 1761 quidem
2404 1693 2689 1763 juvenilis,
2722 1705 2778 1751 et
2805 1696 3001 1769 “ab
3037 1696 3173 1752 dura
3206 1700 3492 1753 translatio
3522 1709 3578 1754 et

1993 1786 2165 1842 tristis
2189 1786 2425 1841 actionis
2452 1796 2709 1857 aspectus
2736 1788 2845 1845 dici
2876 1804 2984 1842 non
3007 1799 3208 1860 potest.
3243 1791 3402 1845 Aliud
3430 1810 3443 1845 :
3480 1790 3578 1846 Re-

297 1875 458 1929 ’Δλλο
496 1892 512 1907 ·
562 1874 865 1944 Βασιλικῇ
892 1876 1083 1945 μανίᾳ
1114 1874 1245 1948 [725
1300 1874 1370 1947 Η]
1412 1875 1886 1945 προσπταίσασα

1993 1880 2077 1950 gia
2124 1880 2335 1933 insania
2379 1880 2507 1935 urbe
2550 1897 2752 1945 euersa,
2808 1883 3171 1936 miserandum
3206 1885 3373 1953 magis
3418 1901 3575 1954 quam

220 2002 227 2009 ο
296 1968 469 2035 πόλις
506 1966 841 2038 τραγῳδίας
886 1968 1260 2036 ἐλεεινοτέρα
1310 1968 1542 2040 γέγονε.
1590 1967 1735 2038 Πρὸς
1777 1968 1887 2021 πᾶν

303 2061 499 2131 μᾶλλον
532 2062 567 2131 ἢ
599 2062 660 2115 τὸ
695 2060 942 2131 καθῆκον
973 2064 1203 2133 σοφιστῇ
1235 2061 1571 2133 ἡτοιμάσθαι
1611 2061 1883 2132 φαίνεται,

301 2153 420 2206 ὅθεν
451 2154 496 2185 ⁸⁰
529 2154 593 2206 οὔ
625 2152 749 2206 λίαν
796 2152 1027 2207 ἆπτεται
1078 2152 1172 2206 τοῦ
1209 2153 1579 2226 προκειμένου
1600 2169 1614 2183 ·
1651 2151 1888 2223 χαλεπὸν

306 2244 410 2315 γὰρ
435 2238 585 2315 οἶμαι
612 2241 869 2315 χαλεποῖς
892 2242 1213 2313 πράγμασιν
1243 2243 1587 2314 μωκωμένην
1608 2242 1887 2297 διάλεκτον

313 2335 618 2405 implicent.
674 2333 839 2391 Ἀλλο
862 2349 876 2365 ·
917 2335 978 2388 Tl
1019 2333 1119 2389 δεῖ
1156 2334 1360 2403 λέγειν
1401 2333 1751 2397 Ὀλυνθίους
1788 2331 1889 2388 καὶ

326 2431 621 2501 Θηϐαίους,
652 2423 750 2484 οἶα
783 2426 937 2483 κατὰ
975 2427 1193 2492 πόλεις
1222 2425 1636 2491 ἀποθανόντες
1667 2425 1889 2478 πεπόν-

326 2522 512 2582 θασιν;
534 2520 749 2589 Ἕτερον
766 2516 1149 2588 παραπλήσιον
1176 2513 1465 2578 κολακείας
1492 2513 1593 2567 οὐκ
1623 2513 1869 2584 εύσχήμο

318 2628 405 2674 νος
448 2611 537 2665 καὶ
590 2610 851 2681 εὐηθείας
880 2607 1179 2680 ἐχόμενονο
1231 2607 1481 2675 Ὅμοιον
1528 2604 1885 2670 πεποίηκας,

324 2703 691 2772 Ἀλέξανδρε,
720 2701 919 2768 Θήϐας
948 2698 1369 2768 κατασκάψας,
1393 2698 1473 2764 ὼς
1502 2694 1578 2752 ἂν
1594 2696 1646 2751 el
1669 2699 1703 2752 ὁ
1732 2696 1883 2763 Ζεὺς

308 2797 373 2851 ἐκ
410 2797 519 2865 τῆς
556 2798 684 2851 κατ’
712 2795 977 2865 οὐρανὸν
998 2792 1245 2864 μερίδος
1274 2792 1520 2845 ἐκϐάλοι
1555 2790 1672 2858 τὴν
1702 2790 1889 2859 σελήε-

310 2906 436 2955 νην.
469 2888 906 2957 ’Υπολείπομαι
932 2887 1042 2957 γὰρ
1079 2883 1188 2939 τὸν
1216 2884 1396 2952 ἥλιον
1423 2882 1554 2949 ταῖς
1586 2882 1885 2950 Ἀθήναις.

308 2982 416 3035 Δύο
444 2981 554 3050 γὰρ
593 2975 769 3036 αὗται
798 2981 1007 3044 πόλεις
1036 2976 1146 3046 τῆς
1180 2975 1476 3041 Ἑλλάδος
1507 2972 1670 3045 ἦσαν
1695 2976 1887 3044 ὄψεις.

306 3071 400 3126 Διὸ
425 3072 470 3104 ⁸¹
502 3069 761 3139 καὶπερὶ
791 3070 906 3137 τῆς
943 3069 1149 3137 ἐτέρας
1178 3066 1409 3139 ἀγωνιῶ
1434 3068 1552 3121 νῦν
1569 3068 1635 3120 ⁸³.
1681 3067 1742 3120 '0
1773 3066 1891 3137 μὲν

1991 1973 2253 2043 tragwdia
2295 1974 2658 2051 spectaculum
2709 1974 2892 2029 dedit:
2945 1976 3011 2029 ad
3070 1976 3304 2045 quodvis
3370 1978 3575 2045 potius,

1988 2079 2154 2134 quam
2186 2064 2426 2121 rhetoris
2475 2080 2681 2120 munus
2728 2074 2915 2136 aptum
2956 2066 3192 2133 videtur,
3242 2068 3382 2121 nihil
3421 2068 3579 2122 valde

1988 2157 2054 2211 ad
2090 2173 2204 2211 rem
2236 2157 2516 2227 pertinens
2546 2158 2785 2230 attingit.
2822 2158 3047 2215 Dillicile
3084 2160 3230 2215 enim
3263 2169 3397 2229 puto
3427 2158 3573 2214 ditii-

1989 2249 2209 2304 cillimis
2238 2249 2403 2305 rebus
2441 2249 2735 2305 ridiculum
2769 2250 3186 2307 accommodare
3242 2266 3572 2306 sermonem.

1992 2340 2197 2395 Aliud:
2248 2340 2391 2407 Quid
2457 2342 2649 2396 attinet
2708 2358 3122 2397 commemorare
3189 2342 3471 2415 Olynthios
3526 2353 3579 2397 et

1994 2429 2290 2495 Thebanos.
2321 2448 2440 2503 qua:
2460 2448 2553 2501 per
2577 2434 2823 2504 singulas
2850 2434 3004 2488 urbes
3029 2436 3313 2489 morientes
3343 2436 3577 2505 perpessi

1990 2532 2109 2574 sunt
2133 2522 2339 2575 ?Aliud
2367 2524 2547 2578 simile
2569 2523 2906 2578 adulationis
2934 2539 3044 2579 non
3067 2526 3333 2594 pulchrae,
3364 2538 3417 2580 et
3444 2526 3578 2580 sim-

1988 2614 2284 2685 plicitatem
2323 2614 2531 2669 habens
2564 2633 2577 2668 :
2606 2612 2792 2669 Simile
2830 2616 2981 2686 quid,
3014 2615 3339 2682 Alexander,
3369 2618 3569 2686 fecisti,

1995 2704 2199 2760 Thebas
2255 2723 2377 2760 cum
2416 2708 2695 2773 diruisses,
2724 2725 2788 2762 ac
2816 2709 2865 2762 si
2908 2708 3125 2778 Jupiter
3159 2724 3225 2764 ea:
3253 2711 3437 2780 aliqua
3461 2712 3577 2766 omni

1989 2807 2141 2868 parte
2170 2798 2353 2852 lunam
2408 2800 2736 2857 sustulisset.
2773 2800 3037 2871 Relinque
3067 2803 3209 2856 enim
3239 2803 3455 2858 Athenis
3489 2822 3577 2858 so-

1994 2890 2093 2944 lem
2117 2904 2137 2943 :
2175 2890 2297 2945 dum
2332 2891 2472 2945 enim
2498 2891 2580 2945 hat
2618 2893 2858 2949 civitates
2904 2892 3126 2949 Gracia:
3155 2904 3276 2948 sunt
3310 2895 3482 2960 ocelli,
3529 2902 3579 2950 et

1992 2978 2098 3032 duo
2126 2979 2190 3031 de
2228 2978 2397 3033 altera
2432 2979 2733 3035 certabant.
2787 2981 2939 3036 Alter
2963 2983 3104 3037 enim
3144 2984 3351 3039 evulsus
3394 2984 3581 3038 oculus

1992 3083 2090 3134 est,
2127 3071 2341 3126 Thebae.
2378 3070 2509 3126 Mihi
2539 3073 2760 3143 quidem
2800 3074 2980 3143 jocari
3031 3076 3275 3144 sephista
3316 3076 3467 3132 hisee
3496 3077 3580 3131 vi-

304 3164 411 3235 γὰρ
451 3161 540 3231 εἷς
576 3163 778 3219 αὐτῶν
819 3164 1132 3232 ὀφθαλμὸς
1178 3163 1219 3229 ἠ
1258 3159 1378 3214 τῶν
1417 3161 1687 3228 Θηϐαίων
1726 3158 1889 3213 ἐκκέ-

1995 3160 2176 3223 detur,
2222 3174 2330 3213 non
2375 3160 2663 3230 deplorare
2710 3161 2864 3217 urbis
2929 3160 3230 3228 fortunam,
3273 3173 3327 3217 et
3372 3162 3581 3229 videre,

304 3276 514 3313 κοπται
540 3258 590 3291 ⁸³
615 3259 815 3323 πόλις.
861 3257 1016 3327 Ἐμοὶ
1048 3256 1150 3327 μὲν
1183 3250 1276 3308 οὖν
1303 3252 1583 3307 σκώπτειν
1604 3254 1633 3306 6
1662 3254 1709 3285 “
1735 3270 1890 3323 σοφι-

304 3351 432 3421 στὴς
459 3351 608 3404 δοκεῖ
642 3350 732 3405 διὰ
761 3349 992 3413 τούτων,
1020 3350 1122 3403 οὐκ
1150 3346 1513 3418 ὀλοφύρεσθαι
1539 3346 1651 3401 τῶν
1682 3346 1892 3400 πόλεων

302 3442 395 3512 τὴν
426 3443 622 3513 τύχην,
654 3443 751 3496 καὶ
787 3444 1012 3495 σκοπεῖν
1044 3441 1162 3505 πῶς
1191 3440 1258 3495 ἂν
1286 3440 1518 3511 τάχιστα
1558 3439 1892 3509 συγκόψαιτο

302 3535 387 3587 τὸν
426 3534 612 3602 λόγον,
650 3535 711 3587 ού
743 3533 862 3597 πῶς
885 3534 932 3565 ⁸⁸
961 3533 1021 3586 τὸ
1049 3533 1221 3597 πάθος
1258 3532 1365 3585 ὑπὸ
1392 3531 1490 3602 τὴν
1520 3531 1643 3601 ὄψιν
1691 3531 1892 3600 ἀγάγοι

301 3622 384 3675 διὰ
405 3622 510 3692 τῆς
542 3624 857 3693 ἐναργείας.
881 3623 1101 3695 Ἕτερον
1126 3624 1313 3693 ὅμοιον
1339 3638 1354 3655 ο
1390 3624 1462 3677 Al
1492 3621 1561 3675 δὲ
1589 3622 1801 3688 πόλεις
1834 3623 1893 3676 αἱ

301 3719 578 3783 πλησίον
606 3717 855 3770 ἔκλαιον
896 3716 1013 3783 τὴν
1052 3716 1255 3782 πόλιν,
1287 3714 1509 3785 ὁρῶσαι
1537 3714 1654 3783 τὴν
1686 3717 1896 3785 πρότε-

298 3825 413 3875 ρον
442 3802 646 3861 οὖσαν
682 3807 878 3862 οὐκέτ’
908 3805 1126 3863 οὖσαν.
1159 3808 1227 3861 Ετ
1249 3825 1332 3873 τις
1360 3803 1451 3861 οὖν
1493 3811 1606 3871 τοῖς
1634 3808 1894 3878 Θηδαίοις

299 3900 393 3953 καὶ
457 3902 576 3962 τοῖς
625 3899 923 3964 Ὀλυνθίοις
973 3898 1105 3973 παρ’
1156 3898 1325 3972 αὐτὴν
1382 3900 1482 3970 τὴν
1530 3899 1733 3953 ἅλωσιν
1790 3900 1890 3964 τὰς

299 3990 591 4060 περιόδους
614 3990 821 4055 ταύτας
853 3991 1251 4063 συναχθόμενος
1277 3991 1324 4022 ⁸⁸
1349 3990 1523 4059 ἔλεγε,
1550 3990 1799 4045 δοκοῦσιν
1828 3991 1895 4047 ἄν

302 4097 394 4150 μοι
438 4082 673 4150 γελάσαι
712 4084 806 4137 τὸν
846 4084 1137 4155 γράψαντα
1175 4084 1270 4137 καὶ
1306 4084 1510 4155 τρόπον
1546 4086 1670 4138 τινὰ
1715 4084 1896 4139 αὐτῶν

300 4174 601 4229 ὑπολαϐεῖν
653 4175 1006 4246 ἀθλιώτερον.
1056 4175 1252 4229 Ἀλλου
1287 4174 1331 4207 ⁸⁷
1372 4174 1564 4246 γένους
1601 4174 1891 4245 ἁψώμεθα,

298 4266 391 4319 τὸν
418 4269 589 4321 αὑτὸν
619 4266 919 4338 ἡγούμενοι
953 4268 1217 4339 σοφιστήν
1238 4282 1254 4297 '
1299 4266 1510 4321 Δεινὸν
1543 4265 1658 4335 τὴν
1696 4264 1897 4335 χώραν

299 4358 582 4427 ἄσπορον
631 4355 786 4415 εἶναι
845 4361 961 4429 τὴν
1002 4360 1147 4427 τοὺς
1201 4357 1513 4427 σπαρτοὺς
1568 4359 1894 4415 τεκοῦσαν.

313 4450 459 4504 Ἀλλ’
478 4453 581 4523 οὐχ
606 4449 782 4516 οὕτως
811 4454 840 4506 6
861 4451 1231 4523 Δημοσθένης,
1255 4444 1318 4505 οὗ
1349 4451 1448 4523 τὴν
1484 4449 1713 4522 γνώμην
1744 4445 1897 4516 οὗτος

301 4540 399 4594 ἐπὶ
438 4542 506 4595 τὸ
539 4546 720 4615 χεῖρον
749 4543 1020 4613 μετέθηκε
1042 4558 1058 4573 ·
1086 4543 1289 4613 γράφει
1319 4543 1376 4595 δὲ
1399 4543 1571 4596 δεινὸν
1601 4541 1898 4612 μηλόϐοτον

300 4634 567 4699 γενέσθαι
592 4635 692 4706 τὴν
719 4635 992 4706 Ἀττικὴν,
1012 4636 1045 4707 ἢ
1069 4635 1263 4705 πρώτη
1288 4637 1400 4698 τοῖς
1426 4634 1606 4698 ἄλλοις
1633 4634 1898 4706 ἐξήνεγκε

300 4726 396 4778 τὸν
418 4726 633 4796 ἥμερον
654 4727 887 4791 καρπόν.
932 4726 994 4781 ’0
1019 4727 1075 4780 δὲ
1100 4728 1285 4797 φήσας
1301 4725 1473 4780 δεινὸν
1500 4724 1638 4780 εἶναι
1664 4727 1763 4797 τὴν
1794 4729 1900 4798 γῆν

300 4816 553 4887 ἄσπορον
606 4818 861 4887 γενέσθαι
890 4818 937 4851 ⁸⁸
970 4817 1072 4890 τὴν
1108 4820 1240 4881 τοὺς
1290 4819 1568 4888 σπαρτοὺς
1610 4818 1897 4884 τεκοῦσαν,

299 4909 368 4961 ἐκ
392 4908 505 4961 τῶν
534 4910 819 4981 ὀνομάτων
840 4910 941 4982 τὴν
965 4911 1281 4968 ἐναντίωσιν
1314 4911 1561 4981 εἴληφεν,
1596 4912 1697 4965 οὐκ
1721 4913 1785 4965 ἐκ
1804 4911 1899 4965 τοῦ

297 5000 657 5069 πράγματος.
702 5002 797 5055 Διὸ
844 5004 940 5057 καὶ
976 5002 1296 5075 ψυχρότητα
1344 5004 1584 5075 ἐσχάτην
1622 5005 1897 5076 ἐμφαίνει,

302 5092 473 5165 [155⁸1
508 5093 601 5167 R.]
628 5094 819 5169 ὥσπερ
842 5099 938 5153 καὶ
967 5097 1345 5169 Ἑρμησιάνας
1374 5097 1421 5129 ⁸⁹
1450 5099 1480 5150 ὁ
1519 5097 1621 5168 τὴν
1666 5098 1900 5166 Ἀθῆναν

297 5188 668 5258 ἑγκωμιάσας
699 5189 895 5257 οὕτως,
924 5191 1031 5246 Ἐκ
1050 5192 1161 5261 τὰρ
1180 5188 1288 5257 τῆς
1301 5192 1348 5222 ⁹⁰
1377 5191 1483 5245 τοῦ
1500 5190 1635 5258 Διὸς
1661 5208 1904 5261 γεγενηο

294 5280 458 5348 μένη
484 5281 758 5353 κεφαλῆς
781 5286 1021 5350 εἰκότως
1044 5282 1170 5353 ἔχει
1205 5281 1313 5353 τῆς
1353 5281 1739 5352 εὐδαιμονίας
1762 5283 1827 5336 τὸ
1855 5282 1899 5314 ⁸⁸

2000 3252 2278 3321 quomodo
2302 3252 2630 3308 brevissime
2661 3269 2973 3309 sermonem
3005 3254 3331 3311 abscindat:
3365 3266 3422 3310 et
3442 3271 3583 3324 quo—

2000 3343 2165 3397 modo
2192 3343 2295 3399 sub
2333 3353 2615 3414 aspectum
2667 3344 3036 3399 calamitatem
3072 3345 3239 3399 ducat
3281 3344 3584 3415 perspicui-

2002 3444 2112 3489 tate
2141 3434 2435 3490 sermonis.
2461 3435 2624 3491 Aliud
2657 3436 2787 3507 quid
2821 3436 3040 3491 simile:
3081 3435 3248 3490 Urbes
3274 3438 3460 3491 vicina:
3492 3452 3584 3491 ae-

1998 3526 2198 3596 ﬂebant
2227 3526 2432 3593 urbem,
2464 3544 2581 3597 qua.
2622 3529 2770 3597 prior
2811 3528 3279 3596 {uisset,videntes
3316 3531 3436 3598 jam
3477 3547 3585 3584 non

1998 3630 2130 3670 esse.
2182 3615 2241 3671 Si
2289 3617 2414 3686 quis
2465 3616 2631 3686 igitur
2658 3615 2937 3673 Thebanis
3000 3631 3095 3673 aut
3135 3618 3409 3691 Olynthiis
3481 3621 3585 3675 sub

2000 3707 2173 3777 ipsam
2197 3707 2533 3763 eversionem
2575 3708 2888 3779 hujusmodi
2928 3710 3183 3779 periodos
3212 3712 3467 3765 collectas
3499 3728 3586 3765 re-

2000 3801 2250 3867 citasset,
2305 3800 2622 3856 viderentur
2666 3802 2800 3857 mihi
2840 3803 3165 3873 scriptorem
3216 3803 3477 3865 derisuri,
3528 3816 3584 3858 et

2001 3894 2409 3965 quodammodo
2426 3895 2768 3951 miseriorem
2793 3895 2928 3966 ipsis
2950 3896 3263 3951 existimatu
3274 3910 3346 3951 rae
3388 3894 3409 3949 l
3412 3895 3580 3950 uisse.

2000 3988 2164 4044 Aliud
2217 4002 2390 4058 genus
2451 3988 2806 4058 attingemus,
2864 3987 2969 4042 rati
3005 3987 3183 4057 ipsum
3238 3988 3581 4059 s0phistam:

2002 4081 2195 4145 Grave,
2227 4081 2493 4151 regionem
2531 4079 2765 4135 sterilem
2815 4096 2949 4144 esse,
2978 4097 3095 4151 qua:
3142 4090 3290 4136 satos
3339 4081 3576 4134 homines

2001 4176 2202 4247 genuit.
2242 4173 2349 4229 Sed
2387 4188 2497 4228 non
2531 4174 2612 4228 sic
2657 4172 3070 4239 Demosthenes,
3111 4172 3274 4243 cujus
3324 4173 3415 4227 ille
3458 4188 3587 4227 seu-

2005 4268 2232 4322 tentiam
2276 4267 2607 4322 deteriorem
2654 4265 2851 4321 reddit.
2886 4265 3093 4320 Scribit
3123 4266 3270 4321 enim
3345 4266 3585 4320 Atticam

2002 4358 2188 4413 ovium
2236 4355 2350 4411 lieri
2390 4371 2673 4425 pascuam,
2715 4370 2839 4411 esse
2859 4370 3044 4425 grave,
3103 4370 3226 4423 quae
3254 4355 3431 4425 prima
3463 4366 3592 4410 ante

2003 4450 2141 4505 alias
2166 4452 2398 4505 sativum
2430 4448 2683 4519 producit
2716 4446 2979 4503 fructum.
3002 4448 3092 4503 Ille
3115 4464 3249 4503 vero
3275 4449 3404 4504 dum
3451 4449 3591 4506 dixit

1929 4571 1977 4627 ι)
2004 4557 2167 4613 grave
2196 4557 2339 4609 esse,
2364 4552 2566 4597 terram
2597 4539 2945 4596 infecundam
2979 4558 3120 4607 esse,
3154 4556 3277 4611 quae
3314 4550 3462 4597 satos
3485 4542 3589 4597 ho-

2004 4636 2179 4690 mines
2204 4634 2543 4705 produxerit,
2567 4649 2598 4689 e
2629 4636 2811 4690 verbis
2833 4635 3131 4705 pugnantia
3168 4636 3354 4701 sumit,
3389 4651 3497 4690 non
3521 4652 3587 4691 ex

2003 4742 2081 4782 re.
2108 4725 2249 4781 llinc
2286 4733 2341 4781 et
2382 4726 2734 4796 {rigiditatem
2780 4742 3053 4781 summam
3078 4728 3338 4782 ostendit.
3386 4728 3590 4793 Quem-

2002 4818 2297 4873 admodum
2370 4818 2729 4874 Ermesianax
2781 4818 2875 4888 qui
2933 4819 3011 4873 sic
3084 4819 3328 4873 Athenas
3401 4819 3590 4873 lauda-

2002 4914 2081 4967 vit
2128 4929 2143 4967 :
2200 4911 2291 4966 Ea:
2333 4911 2482 4967 Jovis
2530 4915 2669 4969 enim
2702 4914 2875 4983 capita
2926 4924 3211 4987 prognata.
3246 4916 3434 4968 merito
3485 4914 3590 4968 tale

2006 5005 2158 5060 habet
2198 5016 2357 5071 caput
2387 5005 2789 5076 felicitatis/Et
2836 5024 2850 5061 :
2887 5007 3018 5073 Quis
3049 5007 3215 5075 possit
3259 5005 3386 5076 Cyri
3418 5005 3588 5059 dona-

2011 5097 2205 5150 tionem
2239 5096 2448 5167 ἄκυρον
2473 5097 2705 5167 (nomini
2729 5096 2849 5165 ejus
2886 5114 2995 5151 non
3026 5096 3469 5165 respondentem)
3499 5095 3590 5164 fa-

2012 5189 2264 5244 cere?Et
2308 5190 2486 5245 simile
2528 5188 2664 5244 hoc:
2699 5187 2829 5243 Han:
2873 5189 2958 5241 via
2988 5188 3247 5257 quomodo
3290 5187 3433 5240 invia
3482 5196 3582 5249 est,

2009 5280 2096 5333 via
2142 5280 2467 5351 adjacente?
2508 5277 2662 5334 Talia
2697 5279 2883 5334 omnia
2935 5278 3137 5348 (inquit
3169 5274 3586 5349 Agatarchides)

1612 5416 1853 5474 VARIE
1894 5413 2189 5473 LECTION
2201 5414 2307 5472 ES.

381 5558 428 5593 ⁷⁸
453 5558 733 5628 ἐνεργείας
768 5575 882 5627 mg.
930 5561 980 5593 ⁷⁸
1017 5560 1243 5632 ἐζήτουν
1268 5560 1332 5613 A.
1409 5560 1453 5591 ""
1485 5559 1670 5631 μέλλοι
1703 5559 1794 5627 Ap:
1822 5558 2017 5627 μέλλον
2050 5576 2111 5622 ς’.
2188 5558 2235 5590 ⁷⁸
2266 5558 2361 5611 καὶ
2392 5558 2494 5610 add

381 5644 435 5681 εν
462 5628 548 5682 A:
582 5630 750 5683 φάναι
781 5630 933 5683 οὐδὲν
974 5649 1035 5683 ς.
1109 5632 1151 5663 ⁸¹
1184 5630 1265 5683 διὸ
1299 5630 1340 5683 Β
1366 5647 1384 5683 :
1417 5629 1510 5683 δύο
1540 5649 1602 5683 ς.
1694 5630 1739 5659 θ’
1774 5630 1999 5683 ἀγωνιῶ
2028 5629 2123 5683 νῦν
2164 5629 2207 5681 A
2241 5646 2255 5681 :
2292 5627 2498 5683 ἀγωνιιῖ

313 5627 435 5681 ὅθεν
462 5628 509 5682 A
536 5623 556 5681 ε’
582 5623 750 5698 φάναι
781 5623 933 5684 ούδὲν
974 5623 1069 5696 ς(
1103 5623 1151 5663 ἐί
1184 5630 1265 5683 διὸ
1299 5630 1384 5689 B:
1417 5623 1510 5684 δύο
1540 5649 1602 5695 ς’.
1694 5623 1999 5697 θίάγωνιῶ
2028 5629 2123 5683 νῦν
2164 5629 2207 5681 A
2241 5646 2255 5681 :
2292 5627 2540 5695 ἀγωνιῶν
2570 5623 2637 5696 ἦν
2669 5642 2729 5690 ς.

313 5699 358 5800 ε
384 5700 668 5800 3:125-
684 5700 796 5800 ΜΓ
826 5702 887 5800 2:"
916 5699 1385 5800 τῑσίςὲξξιξςηδλ.
1418 5700 2025 5800 ηθζκῖυνξιξθειέέιοξξὲλ
2116 5699 2171 5800 1".
2187 5694 2729 5800 immitius?

386 5768 795 5851 yevéa‘Oat-Pm:
828 5771 891 5825 Β.
940 5765 1216 5851 excipi-ob;
1336 5780 1390 5824 et
1417 5786 1562 5851 corr.
1714 5765 1962 5851 καρποὺς
1987 5788 2075 5851 ςη
2123 5770 2171 5804 ⁸⁹
2211 5765 2586 5841 Ἑρμησιάναξ

307 5627 435 5681 ὅθεν
462 5628 509 5682 A
536 5627 552 5681 ι
582 5630 750 5695 φάναι
781 5630 933 5684 οὐδὲν
974 5649 1035 5695 ς.
1103 5627 1151 5663 ’⁸¹
1184 5630 1265 5683 διὸ
1299 5630 1340 5684 Β
1366 5647 1384 5689 ι
1417 5627 1510 5684 δύο
1540 5649 1602 5695 ς’.

314 5699 357 5772 A
384 5716 396 5727 ·
430 5700 527 5772 κα)
552 5700 579 5772 6
610 5717 668 5763 ς’.
748 5700 796 5732 ⁸⁸
826 5702 887 5772 οὐ
916 5699 1056 5772 πῶς]
1095 5700 1338 5772 ὅπως

582 5630 750 5698 φάναι
781 5630 933 5684 οὐδὲν
974 5649 1035 5696 ς.

319 5839 345 5888 ὁ
380 5854 487 5895 om.
512 5844 579 5894 A.
656 5841 703 5873 ’°
729 5843 829 5914 τῆς
864 5858 975 5900 om.
1008 5839 1072 5898 AL
1148 5844 1191 5875 ⁸⁸
1225 5842 1286 5895 τὸ
1319 5851 1441 5912 post
1467 5844 1560 5897 καὶ
1585 5842 1709 5899 add.
1748 5842 1818 5898 A.

2188 5556 2235 5590 ⁷⁸
2266 5556 2361 5611 καὶ
2392 5554 2518 5611 add.
2554 5554 2622 5610 A.
2697 5555 2741 5588 ⁷⁸
2772 5571 2861 5626 μοι
2890 5552 2974 5607 A:
3015 5553 3088 5625 μὴ
3124 5570 3183 5618 ς.
3262 5553 3307 5586 ⁸ο
3335 5551 3585 5622 φαίνεται

2188 5634 2206 5677 t
2241 5646 2255 5677 :
2292 5627 2540 5677 ἀγωνιῶν
2570 5623 2637 5677 ἦν
2669 5642 2729 5677 ς’.
2826 5625 2872 5656 ⁸³
2908 5625 3313 5677 ὲκκεκάλαπται
3336 5628 3403 5677 Α.
3480 5624 3524 5656 ⁸⁵
3554 5627 3585 5677 6

2116 5649 2123 5675 ν
2164 5629 2207 5681 A
2241 5646 2255 5681 :
2292 5627 2540 5695 ἀγωνιῶν
2570 5625 2637 5696 ἦν
2669 5642 2729 5690 ς.
2777 5625 2783 5626 ⁷
2826 5625 2872 5656 ⁸³
2908 5625 3313 5677 ὲκκεκάλαπται
3336 5628 3403 5679 Α.
3480 5625 3524 5656 ⁸⁵
3554 5627 3586 5678 6

2116 5699 2159 5730 ⁸⁷
2187 5698 2349 5753 ἄλλον
2377 5728 2447 5739 -—
2473 5694 2737 5766 ἁψώμεθα
2768 5694 2808 5747 Β
2837 5736 2851 5760 ,
2890 5694 3007 5749 ἀλλ’
3036 5689 3106 5766 οὗ
3129 5695 3482 5766 --ῌάψόμεθα
3513 5712 3577 5759 ς’.

2642 5714 2737 5749 sua
2768 5714 2808 5747 υ
2837 5736 2851 5760 ,
2890 5714 3001 5749 αλλ’
3045 5714 3106 5748 ου
3129 5727 3174 5735 --
3231 5714 3482 5764 αφομευα
3513 5714 3577 5759 ς.

2599 5714 2909 5840 Γερμησίας
2934 5768 2961 5820 6
2987 5764 3170 5831 νάξιος
3190 5763 3231 5818 Β
3253 5776 3305 5822 et
3338 5781 3482 5821 corr.
3508 5774 3577 5822 Α.
