4152 6420
286 342 375 466 es
1447 371 1974 442 BlBLIUTHECA.
2006 409 2073 418 —
2105 386 2268 449 con.
2304 390 2455 452 CCL.
3510 402 3581 466 30

578 554 587 585 .
612 467 1102 585 esset“,
1163 478 1347 585 eis;
1409 485 1437 537 δ
1499 486 1870 585 ’.οευρυτκίτηί

1992 497 2145 571 lant)
2191 490 2556 573 iuterjacent,
2619 525 2854 579 quarum
2926 513 3228 585 populosus
3283 523 3369 570 est
3416 517 3575 571 ordo-

188 588 195 595 .
288 549 458 649 μσιο
612 558 870 630 τέταρτος
899 564 929 616 ὁ
970 565 1419 641 Ἑρμουπολίτης.
1454 549 1804 649 πέμπτοςηδν

288 644 391 715 μὲν
433 648 695 722 φυλακὴν
734 655 784 706 οἱ
812 655 869 709 δὲ
906 660 1119 729 σχεδίαν
1148 666 1433 721 καλοῦσιν⁹
1470 672 1529 724 ὲν
1560 673 1733 747 ταύτῃ
1776 677 1887 731 τῶν

286 736 502 792 ἄνωθεν
555 749 956 816 καταγομένων
987 758 1408 826 εἰσπράττονται
1446 765 1541 817 καὶ
1582 736 1795 823 τιθέασι
1828 771 1887 825 τὺ

284 828 462 934 τέλος.
497 832 647 934 Teir;
676 837 1079 934 δὲείρημένους
1100 847 1494 921 ὑπερϐάλλοντι
1517 860 1718 923 τόπους
1741 862 1885 934 ἀρχὴ

408 923 689 1027 Θηϐαΐδος
725 933 758 1000 ἡ
791 932 968 1027 λύκων
997 940 1173 1008 πόλις,
1207 937 1328 998 εἶτα
1372 921 1884 1027 Ἀφροδίτης-

283 1013 421 1120 πρὸς
446 1015 758 1120 δὲπούτοις
791 1025 1002 1095 Πανὼν,
1045 1032 1237 1088 ἔπειτα
1273 1013 1491 1107 Θοινὶς,
1513 1013 1883 1120 μετὰ-ταύτην

282 1106 479 1207 ξοπδς,
512 1110 612 1181 ὑφ’
636 1115 705 1186 ἢν
726 1120 848 1183 Διὸς
870 1122 1042 1190 πόλις,
1074 1128 1141 1197 ἥν
1162 1129 1181 1158 ²
1210 1130 1429 1186 καλοῦσι
1458 1106 1683 1207 μικράν.
1725 1106 1882 1195 Μετά

281 1199 338 1297 δὲ
382 1201 477 1255 τὸν
508 1215 1031 1284 προσηγορευμένον
1064 1219 1395 1294 Τεντυρίτην
1425 1199 1590 1297 νομὸν
1621 1230 1641 1261 ⁸
1684 1232 1879 1285 Ἀπόλ-

282 1293 449 1395 λωνος
504 1300 836 1395 όνομάζεται
900 1310 1075 1377 πόλις,
1125 1310 1194 1386 ἧς
1246 1293 1429 1374 ἐπάνω
1489 1293 1588 1393 μὲν
1640 1327 1874 1395 Κοπτὸς,

285 1385 476 1488 ἔπειτα
515 1391 875 1488 Ἐῌλεφαντίνη
903 1401 946 1467 ⁸,
991 1400 1110 1459 εἶτα
1145 1409 1418 1466 Αἰθιόπων
1463 1385 1637 1487 χώρα,
1671 1385 1877 1488 Κορτία

286 1478 495 1619 πῖρὼτη.
556 1486 641 1538 Τά
685 1490 783 1558 μὲν
838 1492 933 1547 οὖν
977 1496 1086 1552 ἀπὸ
1123 1501 1400 1572 Μέμφεως
1588 1478 1875 1576 Αἰθιοπίας

287 1585 310 1619 ε
340 1586 529 1619 Durat-

287 1585 529 1640 ειρηται.

1992 588 2207 647 Primus
2278 604 2361 649 est
2419 594 3001 670 Heracleopolitarum.
3060 602 3381 668 Secundus,
3429 605 3579 675 lyco-

1992 683 2312 753 politarum.
2346 687 2584 757 Tertius,
2620 691 3123 764 Oxyrincbitarum.
3152 696 3414 762 Quartus,
3445 695 3579 751 Her-

1994 777 2407 845 mopolitarum.
2433 780 2717 851 Quintum,
2753 787 2843 838 alii
2871 784 3165 857 Phylacam
3200 784 3572 855 (custodiam),

1994 867 2087 921 alii
2149 868 2436 927 Scbediam
2495 875 2747 946 (ratem)
2795 879 3101 933 nominant.
3144 880 3202 933 In
3244 880 3345 933 bac
3395 894 3572 932 rerum

1989 972 2119 1025 qum
2143 975 2208 1013 ex
2241 964 2618 1031 superioribus
2657 969 2818 1024 terris
2855 970 3243 1039 importantur,
3276 973 3497 1041 exigunt
3520 981 3576 1026 et

1992 1049 2274 1119 deponunt
2300 1057 2548 1125 vectigal.
2583 1057 2642 1112 Ei
2669 1062 2760 1129 qui
2798 1060 2943 1116 dicta
2990 1063 3106 1117 bace
3143 1064 3261 1117 loca
3294 1072 3529 1132 Esuperat
3555 1102 3571 1127 ,

1988 1144 2320 1214 principium
2352 1148 2665 1207 Thebaidos
2711 1163 2792 1206 est
2824 1155 2956 1209 urbs
2986 1154 3186 1225 Lycum
3214 1197 3228 1221 ,
3259 1156 3311 1209 id
3340 1165 3455 1220 est,
3490 1155 3574 1207 Iu-

1986 1250 2205 1306 porum.
2258 1239 2389 1293 Inde
2428 1241 2532 1295 alia
2576 1244 2707 1299 urbs
2739 1243 3087 1301 Veneris.'Et
3126 1256 3319 1316 praeter
3344 1248 3443 1302 has
3470 1246 3574 1300 Pa-

1984 1344 2116 1384 non.
2154 1330 2292 1384 Exin
2329 1332 2577 1388 Themis.
2623 1334 2688 1389 Et
2721 1349 2843 1404 post
2875 1339 3016 1393 hanc
3066 1338 3283 1408 Bopos:
3329 1341 3432 1394 sub
3463 1354 3568 1407 qua

1978 1421 2117 1476 urbs
2164 1420 2314 1477 Jovis
2335 1465 2350 1489 ,
2389 1437 2754 1496 cognomento
2788 1445 2974 1498 parva.
3006 1432 3047 1484 A
3084 1431 3529 1503 Thentyritarum
3552 1470 3567 1491 ,

1995 1530 2161 1583 quam
2182 1527 2378 1572 vocant
2406 1519 2751 1588 praefectura,
2773 1524 3038 1591 Apollinis
3067 1526 3285 1581 nomine
3308 1526 3438 1579 urbs
3465 1534 3567 1587 est,

1982 1620 2148 1675 supra
2176 1624 2343 1678 quam
2375 1608 2582 1680 Coptos
2622 1624 2675 1667 et
2706 1628 2869 1682 porro
2910 1613 3289 1684 Elepliantiua.
3325 1615 3566 1669 Tandem

286 1668 524 1777 cci-urrit
559 1667 887 1777 ‘Etbiopum
932 1685 1108 1747 terra,
1167 1694 1220 1737 et
1267 1684 1451 1743 Cortia
1497 1690 1694 1761 prima.
1732 1692 1875 1750 Loca
1917 1667 2085 1765 igitur
2132 1717 2160 1754 a
2194 1667 2473 1772 'Memphi-
2509 1704 2574 1759 ad
2634 1667 2970 1774 ᾹΞιΙιίορίοιι]
3008 1667 3278 1777 prmcipua
3312 1709 3399 1763 hic
3439 1721 3569 1763 sunt

287 1769 635 1816 enumerata.

358 1855 480 1950 ’Ὁτι
520 1858 755 1929 πλησίον
803 1864 906 1934 τῆς
960 1868 1225 1944 Ἐρυθρᾶς
1267 1874 1564 1950 θαλάσσης,
1612 1881 1870 1939 καθῗὸνέ

2058 1882 2183 1935 Car.
2224 1882 2289 1936 Χ.
2332 1881 2513 1938 Nilus.
2569 1882 2638 1936 0e
2690 1887 3001 1939 marmoreis
3049 1889 3172 1940 auri
3224 1887 3570 1939 metallis.——-

290 1948 476 2047 βεῖλος
500 1953 707 2019 πολλὰς
737 1958 1015 2028 ἐκτροπὰς
1054 1968 1149 2019 καὶ
1178 1948 1507 2042 παραφοράς
1550 1977 1870 2047 ποιούμενος

1976 1973 2153 2045 Prope
2184 1975 2430 2029 Rubrum
2484 1994 2675 2038 mare,
2728 1980 2980 2047 quamvis
3034 1980 3351 2034 diverticula
3399 1980 3566 2034 multa

293 2042 436 2144 ὅμως
470 2047 650 2100 ἐκεῖσε
679 2050 1051 2144 Δάποκάμπτει
1093 2065 1429 2131 περιφανῶς,
1479 2068 1571 2121 καὶ
1618 2042 1742 2140 [72;]
1779 2071 1870 2144 Η.]

1976 2077 2032 2122 et
2079 2067 2362 2123 anfractus
2411 2068 2575 2123 faciat
2623 2068 2780 2123 Nilus
2816 2109 2830 2132 ,
2891 2070 3177 2139 insigniter
3220 2082 3398 2124 tamen
3439 2071 3566 2124 illuc

296 2140 523 2191 ποιεῖται
562 2140 703 2194 κατά
748 2143 847 2213 τὴν
884 2146 1067 2212 δεξιὰν
1105 2152 1262 2221 ῥύσιν
1312 2156 1420 2210 τῶν
1469 2158 1732 2228 ἀγκώνων

307 2229 537 2299 μεγάλην
580 2231 756 2287 κλίσιν
774 2236 817 2300 ⁸,
862 2237 926 2291 ἔκ
959 2257 1020 2294 τε
1057 2243 1154 2297 τοὺ
1183 2247 1454 2317 πελάγους
1484 2251 1505 2282 ⁸
1550 2253 1749 2319 κόλπος
1794 2229 1875 2322 είς

309 2321 405 2387 τὴν
451 2322 665 2393 ἧπειρον
703 2327 1059 2385 ἀνατείνεται
1096 2336 1286 2400 πολὺς,
1336 2338 1476 2392 ὥστε
1524 2342 1625 2413 τὴν
1666 2346 1872 2413 μεταξὺ

317 2412 587 2508 διάμετρον
606 2417 708 2471 τῶν
739 2419 969 2489 ὑδάτων,
994 2424 1089 2478 τοῦ
1119 2444 1178 2480 τε
1212 2429 1455 2501 ἁλμυροῦ
1488 2412 1587 2487 καὶ
1615 2437 1871 2508 ποτίμου,

318 2506 674 2577 παραπλήσιον
705 2511 867 2581 πηλῷ
890 2514 911 2543 ⁷
940 2515 1121 2587 πολλῷ
1140 2518 1239 2591 τὴν
1263 2523 1526 2593 συστολὴν
1551 2506 1870 2596 λαμϐάνειν.

306 2596 449 2651 Κατά
473 2601 600 2668 γοῦν
626 2603 726 2671 τὴν
750 2606 1052 2679 εἰρημένην
1078 2610 1347 2668 θάλατταν
1371 2617 1599 2687 πλησίον
1620 2622 1736 2675 ἐστι
1751 2640 1873 2678 τινα

300 2689 406 2785 τῶν
447 2694 800 2765 καλουμένων
825 2701 1067 2770 γνησίων
1094 2704 1116 2736 ⁸
1170 2707 1376 2778 πλῆθος
1414 2709 1605 2781 ἔχοντα
1672 2716 1872 2785 μετάλ-

297 2779 415 2848 λων,
440 2789 505 2855 cf}
538 2788 677 2860 χρόᾳ
708 2792 807 2860 μὲν
830 2793 959 2846 ὄντα
989 2796 1110 2850 καθ’
1140 2798 1446 2874 ὑπερϐολὴν
1465 2779 1704 2874 μέλανα,
1733 2826 1874 2879 μαρ-

296 2878 466 2945 μάρου
516 2880 575 2931 ὅὲ
634 2884 893 2938 ποιοῦντα
941 2890 1194 2956 τοιαύτας
1241 2896 1298 2947 ἐν
1335 2897 1566 2962 αὑτοῖς⁹
1611 2878 1873 2970 ἐκφύσεις

292 2964 423 3021 ὥστε
481 2974 593 3025 πᾶν
634 2974 921 3032 λείπεσθαι
968 2981 1028 3034 τὸ
1061 2982 1513 3059 διαμιλλώμενον,
1551 2990 1653 3061 τῆς
1686 2964 1874 3049 λευκόζ

290 3079 446 3131 τητος
472 3069 656 3138 κρίσιν
690 3073 792 3125 οὐκ
815 3074 1047 3144 ἐχούσης
1075 3080 1139 3132 ¹⁰.

355 3158 590 3224 Ὀτιοὺς
609 3161 855 3232 ἔσχατον,
883 3167 1039 3237 φησὶ,
1061 3172 1279 3243 κατέχει
1300 3174 1439 3246 ἀκλή
1451 3193 1515 3246 ρη
1526 3195 1622 3247 μα,
1650 3181 1872 3247 τούτους

285 3248 598 3345 ήᾼτυραννὶς
627 3256 707 3318 είς
733 3256 833 3326 τὴν
864 3258 972 3313 τῶν
995 3266 1393 3335 χρυσωρυχίων
1426 3270 1632 3337 ἀπάγει
1663 3291 1863 3345 πικρο-

283 3342 452 3411 τάτην
480 3345 754 3413 δουλείαν,
791 3352 919 3415 τοὺς
948 3353 1047 3422 μὲν
1074 3354 1191 3426 ἅμα
1225 3361 1440 3427 γυναιξὶ
1470 3364 1565 3416 καὶ
1596 3342 1870 3421 παισὶ-τα-

282 3432 789 3529 λαιπωρουμένους,
832 3445 960 3508 τοὺς
987 3446 1043 3499 δὲ
1078 3450 1175 3502 καὶ
1201 3453 1373 3523 χωρὶς
1396 3454 1506 3508 τῶν
1535 3458 1865 3529 είρημένων.

289 3524 423 3619 Ύπε
434 3529 635 3602 ρὸολὴν
664 3530 757 3587 οὖν
784 3537 965 3591 οὐδενὶ
993 3538 1054 3593 τὸ
1089 3541 1261 3606 πάθος
1290 3524 1678 3619 δυστυχήματι
1700 3568 1869 3606 κατα-

280 3616 460 3672 λιπεῖν
487 3622 942 3698 ὲκτραγῳδήσας,
966 3632 1061 3684 τὸν
1082 3634 1288 3703 τρόπον
1322 3638 1363 3668 ¹¹
1395 3616 1734 3709 ἀπαγγέλλει
1767 3648 1867 3714 τῆς

279 3714 404 3781 περὶ
428 3714 491 3767 τὺ
514 3718 741 3785 χρυσίον
768 3721 1057 3790 ὲργασίας.
1090 3727 1211 3780 Τῶν
1234 3728 1399 3800 ὀρῶν,
1429 3734 1618 3803 φησὶν,
1643 3737 1703 3789 ἐν
1733 3732 1814 3801 οἷς
1839 3739 1868 3791 ὁ

278 3806 482 3873 χρυσὸς
540 3809 878 3879 εὑρίσκεται,
926 3816 995 3869 τὰ
1053 3818 1157 3887 μὲν
1208 3821 1463 3893 ἀπότομα
1514 3826 1610 3879 καὶ
1668 3829 1866 3894 τελέως

278 3896 525 3992 σκληρὰν
554 3900 747 3971 ἔχοντα
783 3907 945 3974 φύσιν
990 3912 1373 3985 ὲκπρήσαντες
1406 3917 1508 3991 ὓλῃ
1556 3924 1650 3974 καὶ
1689 3923 1867 3992 χαῦνα

273 3988 350 4058 τῷ
380 3993 519 4062 πυρὶ
545 3997 874 4066 ποιήσαντες
905 4003 968 4065 ¹²,
992 4004 1165 4069 οὑτως
1199 4008 1383 4072 αὑτοῖς
1404 4012 1744 4080 προσάγουσι
1767 4018 1864 4086 τὴν

274 4085 498 4153 πεῖραν,
538 4086 609 4140 τὰ
651 4089 695 4141 δ’
730 4094 989 4162 ἀνειμένα
1018 4100 1083 4168 τῇ
1125 4099 1304 4172 πέτρᾳ
1337 4104 1542 4175 σιδήρῳ
1583 4107 1865 4181 λατομικῷ

278 4178 727 4271 κερματίζονται,
766 4186 1106 4258 Καθηγεῖται
1139 4191 1197 4245 δὲ
1249 4194 1359 4247 τῶν
1397 4196 1577 4250 ἄλλων
1611 4178 1863 4271 τεχνίτης

275 4270 303 4322 ὁ
338 4270 379 4302 ¹³
409 4271 504 4325 τὸν
526 4274 670 4327 λίθον
697 4276 941 4348 διαιρῶν.
968 4283 1138 4337 Ὅταν
1164 4286 1219 4339 δὲ
1247 4280 1402 4352 οὗτος
1430 4293 1543 4354 τοῖς
1567 4270 1865 4363 μεταλλεύ-

277 4378 334 4414 σι
365 4362 410 4393 ³⁸
438 4364 540 4428 τὰς
560 4366 711 4432 ὁδοὺς
734 4370 1008 4445 ὑποδείξῃ,
1033 4375 1094 4428 τὸ
1115 4379 1224 4430 πᾶν
1248 4378 1408 4450 ἔργον
1430 4362 1862 4455 καταμερίζεται

272 4454 343 4546 τῇ
387 4455 498 4546 τών
546 4457 888 4528 ἀτυχούντων
941 4465 1159 4539 ἀνάγκῃ
1200 4469 1390 4524 τοῦτον
1424 4474 1517 4526 τὸν
1544 4454 1768 4546 τρόπον.
1798 4480 1863 4532 Οἱ

275 4544 380 4613 μὲν
406 4545 672 4617 εὔρωστοι
707 4553 749 4585 ³⁵
800 4554 894 4608 καὶ
935 4557 1045 4610 νέοι
1081 4560 1269 4613 τυπίσι
1310 4563 1559 4633 σιδηραῖς
1583 4544 1860 4623 κόπτουσι

269 4636 374 4735 την
411 4639 597 4735 χώραν
639 4644 738 4715 τὴν
775 4649 1246 4722 μαρμαρίζουσαν,
1283 4655 1343 4707 οὑ
1381 4658 1541 4729 τέχνη
1580 4661 1679 4732 τὴν
1720 4662 1861 4735 πλη-

272 4728 401 4823 γὴν,
431 4732 571 4787 ἀλλά
596 4735 689 4807 βίᾳ
723 4739 785 4805 ⁸⁸,
820 4740 915 4793 καὶ
946 4742 1203 4810 τέμνουσι
1235 4746 1325 4799 διὰ
1355 4751 1455 4817 τῆς
1488 4728 1697 4823 πέτρας
1731 4728 1865 4807 ὑπο-

270 4822 478 4892 νόμους
519 4826 772 4894 πλείονας
814 4833 917 4887 οὑκ
958 4835 1136 4899 εὑθεῖς
1170 4839 1232 4902 ³⁷,
1264 4839 1455 4893 ἄλλοτε
1482 4843 1581 4913 μὲν
1608 4844 1723 4898 ἀνω
1763 4847 1863 4915 τῆς

270 4916 581 4986 χρυσίτιδος
620 4921 991 4995 ἀπονευούσης
1033 4925 1205 4992 λίθου,
1254 4932 1386 4984 ποτὲ
1425 4931 1483 4985 δὲ
1541 4936 1857 5008 κατωτέρω,

270 5008 440 5061 πάλιν
475 5009 531 5062 δὲ
563 5012 642 5075 είς
671 5013 770 5083 τὴν
799 5015 1079 5089 εὐώνυμον
1120 5021 1315 5087 κλίσιν,
1352 5025 1522 5080 ἐνίοτε
1555 5027 1612 5081 δὲ
1638 5029 1860 5086 σκολιὰν

268 5102 367 5154 καὶ
386 5102 824 5176 διεστραμμένην
850 5109 894 5140 ¹⁸
929 5112 1021 5163 καὶ
1051 5113 1439 5185 παραπλησίαν
1464 5122 1586 5183 ταῖς
1617 5120 1725 5175 τῶν
1744 5122 1861 5176 δέν-

266 5192 417 5259 δρων
444 5194 643 5263 ῥίζαις.
686 5194 841 5253 Οὗτοι
879 5202 979 5271 μὲν
1011 5203 1107 5257 οὖν
1137 5205 1363 5277 λύχνους
1397 5212 1860 5285 προσδεδεμένους

266 5287 384 5348 τοῖς
406 5286 683 5357 μετώποις
706 5290 921 5363 ἔχοντες
938 5294 1286 5368 λατομούσιν,
1310 5302 1729 5370 ἀκολουθοῦντες
1747 5303 1858 5362 οἷον

1979 2160 2249 2221 (lc-flectit,
2281 2170 2331 2213 et
2362 2161 2427 2214 ad
2453 2162 2737 2215 dexterum
2768 2162 3007 2231 riparum
3048 2173 3279 2216 tractum
3313 2179 3565 2234 magnam

1978 2253 2125 2308 illam
2178 2254 2598 2308 declinationem
2649 2254 2854 2315 cllicit,
2907 2256 3265 2325 prolixusque
3305 2272 3335 2310 e
3377 2258 3565 2327 pelago

1977 2347 2031 2400 in
2050 2347 2417 2402 continentem
2436 2348 2591 2402 sinus
2610 2347 2972 2417 protenditur,
3001 2349 3073 2402 ita
3097 2357 3153 2402 ut
3174 2365 3295 2418 quae
3314 2350 3364 2403 in
3386 2352 3565 2404 medio

1976 2445 2060 2493 est
2100 2454 2367 2509 aquarum
2433 2439 2589 2493 salsae
2637 2451 2691 2493 et
2738 2440 3027 2508 potabilis,
3059 2440 3356 2505 diametcr,
3393 2442 3567 2497 instar

1976 2531 2090 2585 limi
2116 2532 2320 2601 copiosi
2354 2530 2407 2584 in
2440 2539 2651 2585 arctum
2678 2540 2925 2602 c0gatur.
2946 2533 3024 2586 Ad
3052 2548 3201 2586 mare
3226 2533 3391 2601 igitur
3419 2536 3524 2588 boc
3543 2575 3559 2599 ,

1975 2623 2029 2676 in
2050 2624 2352 2692 propinquo
2376 2632 2504 2677 sunt
2529 2624 2667 2681 loca.
2688 2625 2778 2676 ubi
2798 2624 3013 2676 nmtalla
3046 2623 3191 2693 (qua:
3208 2624 3438 2693 genuina
3460 2625 3559 2695 [aL

1978 2712 2165 2784 aurea]
2189 2715 2468 2784 vocitant)
2500 2714 2705 2768 aﬂ‘atim
2742 2716 3094 2785 proveniunt,
3132 2717 3315 2771 colore
3340 2718 3561 2787 quidem

1976 2822 2139 2877 supra
2168 2807 2391 2863 modum
2422 2808 2602 2878 nigro,
2634 2808 2727 2862 sed
2758 2825 2880 2878 quae
2912 2809 3018 2864 tale
3050 2809 3192 2863 intra
3226 2826 3283 2864 se
3320 2825 3563 2865 marmor

1975 2901 2322 2970 producunt,
2361 2910 2420 2954 ut
2456 2901 2589 2954 nibil
2626 2902 2699 2955 sit
2737 2902 2881 2970 quod
2916 2918 3039 2955 cum
3085 2919 3151 2957 eo
3183 2914 3391 2969 certet,
3428 2905 3559 2959 dum

1976 2990 2182 3046 candor
2213 2991 2419 3045 nullam
2455 2990 2695 3045 admittit
2730 2993 3221 3061 comparationem.

2043 3187 2176 3241 CAP.
2218 3186 2313 3240 XI.
2378 3185 2450 3239 De
2496 3201 2789 3255 pauperum
2832 3186 3111 3255 afﬂictione
3184 3187 3238 3240 iu
3275 3188 3558 3257 ergasmlis

1975 3281 2401 3349 aurifodinarum
2427 3321 2442 3340 ,
2492 3279 2656 3349 deque
2700 3280 2854 3333 modo
2901 3297 3093 3333 aurum
3123 3281 3456 3348 conﬁciendi.
3488 3311 3560 3320 —

1974 3372 2258 3426 Extremos
2293 3371 2405 3425 illic
2435 3381 2490 3424 et
2522 3371 2747 3439 abjectaa
2781 3371 2947 3425 sortis
2975 3372 3224 3425 homines
3254 3372 3305 3424 in
3347 3370 3559 3425 aurife-

1973 3464 2228 3518 dinarum
2275 3462 2595 3518 servitutem
2648 3464 3060 3518 acerbissimam
3101 3464 3343 3534 tyrannis
3389 3465 3561 3519 abdu-

1973 3555 2084 3609 cit:
2125 3569 2356 3624 quornm
2394 3553 2486 3608 alii
2522 3571 2648 3609 cum
2680 3557 2945 3610 uxoribus
2965 3566 3018 3610 et
3044 3557 3249 3619 liberis,
3276 3557 3364 3610 alii
3391 3557 3557 3612 etiam

1971 3647 2180 3714 absque
2211 3646 2349 3713 illis,
2386 3661 2660 3701 aerumnas
2714 3648 2985 3701 tolerant:
3027 3664 3165 3716 quas
3198 3663 3321 3702 cum
3352 3649 3558 3717 tragice

1970 3738 2319 3808 exaggeravit
2351 3748 2570 3804 auctor,
2598 3739 2746 3809 quod
2776 3740 2842 3793 ad
2874 3755 3151 3794 summam
3181 3741 3554 3795 calamitatem

1972 3833 2113 3886 nihil
2186 3832 2382 3899 reliqui
2449 3832 2553 3886 sibi
2609 3831 2845 3896 faciant,
2898 3832 3124 3889 modum
3164 3834 3389 3904 exponit
3445 3851 3557 3905 quo

1969 3939 2160 3978 aurum
2194 3924 2325 3978 illud
2357 3924 2659 3979 elaborent.
2712 3925 2976 3980 Montium
3030 3927 3280 3991 illorum,
3324 3926 3416 3981 ubi
3454 3944 3554 3982 au-

1967 4035 2086 4071 rum
2134 4020 2440 4088 reperitur,
2494 4034 2616 4089 qme
2684 4029 2953 4090 praerUpta
3015 4030 3144 4075 sunt
3195 4030 3250 4074 et
3300 4036 3553 4089 asperam

1966 4110 2189 4164 omnino
2238 4122 2490 4165 naturam
2520 4113 2719 4166 habent
2766 4111 2992 4183 Λάδα,
3034 4113 3196 4181 lignis
3222 4113 3551 4169 incendunt:

1966 4219 2203 4274 cumque
2232 4205 2342 4275 igni
2375 4206 2532 4261 laxos
2577 4214 2632 4260 et
2671 4208 2865 4261 molles
2896 4208 3143 4260 fecerunt
3164 4248 3177 4267 .
3208 4208 3553 4274 experimen-

1967 4306 2082 4350 tum
2135 4297 2242 4351 illis
2279 4298 2501 4353 demum
2554 4298 2873 4353 admovent.
2930 4296 3068 4353 Tum
3122 4316 3242 4369 quae
3299 4301 3348 4353 in
3400 4313 3549 4369 petra

1966 4390 2209 4444 emollita
2262 4400 2393 4445 sunt
2444 4389 2589 4445 ferro
2624 4392 2881 4445 latomico
2932 4392 2987 4445 in
3056 4390 3230 4446 frusta
3273 4392 3549 4448 scindunt.

1964 4479 2282 4550 Praeestque
2337 4481 2462 4536 aliis
2523 4480 2757 4545 artifex,
2793 4482 2885 4550 qui
2928 4482 3162 4550 lapidem
3201 4483 3411 4537 dividit.
3444 4483 3550 4550 Qui

1968 4584 2258 4643 postquam
2299 4574 2418 4628 vias
2448 4574 2652 4627 metalli
2690 4575 3105 4645 indagatoribus
3146 4578 3422 4642 ostendit,
3464 4588 3549 4632 too

1969 4678 2080 4721 tum
2103 4682 2245 4737 opus
2267 4667 2605 4723 misellorum
2640 4670 2958 4724 necessitati
2990 4670 3264 4740 dispertit.
3292 4672 3373 4725 Ad
3400 4672 3548 4727 hunc

1968 4762 2190 4823 modum
2224 4762 2422 4817 robore
2469 4772 2523 4817 et
2568 4773 2725 4818 aetate
2761 4764 2996 4834 integri,
3044 4765 3255 4819 malleis
3298 4782 3362 4819 ex
3398 4764 3546 4821 ferro

1966 4854 2242 4910 incisoriis
2282 4855 2464 4910 locum
2513 4871 2787 4910 marmore
2830 4858 3114 4927 gravidum
3161 4857 3543 4929 perfringunt,

1964 4946 2218 5015 ictusque
2274 4961 2384 5001 non
2436 4958 2555 5003 arte
2602 4948 2695 5003 sed
2731 4949 2941 5003 viribus
2989 4949 3447 5013 adminisnratur,
3491 4962 3545 5006 et

1963 5038 2146 5108 plures
2189 5053 2286 5108 per
2334 5054 2523 5109 rupem
2581 5040 2869 5096 cuniculos
2912 5052 3118 5113 agunt,
3165 5057 3273 5095 non
3319 5041 3540 5110 quidem

1963 5139 2142 5185 rectos
2177 5148 2191 5185 :
2228 5146 2355 5185 nam
2390 5131 2717 5202 quandoque
2747 5150 2989 5197 sursum,
3023 5133 3354 5203 quandoque
3379 5133 3543 5188 deor-

1965 5234 2086 5274 sum
2111 5261 2127 5286 ,
2164 5234 2311 5275 nunc
2340 5220 2407 5274 ad
2438 5222 2585 5277 latus
2619 5222 2901 5279 sinistrum
2924 5265 2936 5286 ,
2986 5240 3133 5279 nunc
3166 5225 3219 5279 in
3255 5225 3539 5295 obliquum

1963 5321 2018 5366 ct
2043 5320 2413 5367 transversum
2438 5354 2454 5379 ,
2483 5313 2707 5382 perinde
2736 5324 2795 5370 ut
2827 5316 3085 5371 arborum
3115 5316 3327 5372 radices
3348 5357 3365 5384 ,
3399 5316 3539 5388 lapis

1548 5439 1783 5497 nam
1822 5442 2231 5504 LECTIONES.
2780 5522 2785 5527 ,

379 5539 493 5639 331?
515 5542 604 5639 ἔξ
630 5543 695 5639 ﬁli
717 5544 813 5639 καὶ
841 5550 1191 5639 €13,369?"
1223 5570 1283 5616 ς·
1360 5553 1601 5639 ⁸,επειτα
1630 5557 1685 5639 δὲ
1711 5558 1889 5639 ,έλεφχ
1909 5561 1968 5613 Βι
2045 5562 2067 5594 ⁸
2093 5561 2272 5639 Wes“
2296 5564 2545 5639 μεγάλην
2572 5582 2633 5639 ς·
2704 5565 2731 5639 _"
2768 5565 2862 5620 τοῦ
2895 5568 3133 5639 μεγάλου
3168 5568 3441 5638 πελάγους
3469 5587 3530 5636 ς.

267 5606 478 5694 tam
652 5606 716 5694 ἰξτ
791 5606 1160 5694 ὛγησίωνᾺ
1232 5606 1559 5694 suam};

268 5678 362 5768 ⁸³
385 5678 503 5736 om.
528 5685 603 5768 IA.
684 5685 726 5716 ³⁸
756 5678 1139 5768 μεταλλεύουσι
1310 5696 1356 5768 ξδ
1383 5678 1681 5768 εὑρρδωστοι

265 5753 393 5808 mile
427 5754 677 5810 verbum.
758 5753 833 5790 ’³⁷
875 5759 1051 5824 εὑϐεῐς
1084 5764 1124 5815 Α
1159 5780 1173 5818 :
1209 5763 1369 5828 εὐθὺς
1404 5753 1464 5830 gl.

1659 5630 1680 5659 9
1708 5630 1782 5661 ἐκ.
1792 5632 1917 5661 ιιι-ητι-

1706 5630 1917 5692 ἑαυτοῖς
1948 5649 2005 5696 ς.
2112 5634 2153 5663 ¹⁰
2190 5630 2418 5703 ἑξούσης
2445 5630 2511 5699 ςξ
2583 5637 2624 5667 ⁸⁸
2656 5635 2819 5691 τόπον
2843 5630 2906 5703 ςξ
2977 5630 3024 5671 ’¹²
3050 5641 3162 5710 ὲμπ

1707 5698 1765 5752 Β.
1869 5702 1911 5733 ³³
1940 5711 2059 5780 post
2086 5701 2178 5780 βίφ
2203 5706 2353 5780 deest
2380 5705 2784 5780 καταφέροντες
2806 5716 2882 5780 (ρ.
2922 5706 2989 5764 Β.
3025 5711 3162 5766 1555

1570 5770 1611 5800 ιδ
1640 5770 2107 5847 διεστραμμένην]
2154 5770 2560 5848 διερρηγμένην
2599 5770 2670 5832 Ἀ.

2190 5634 2418 5703 ἑξούσης
2445 5653 2505 5699 ς.
2583 5637 2624 5667 ⁸⁸
2656 5635 2819 5691 τόπον
2843 5634 2906 5703 ςξ
2978 5634 3024 5671 V“
3050 5634 3435 5765 ὲμπρῃσαντες

2112 5720 2178 5765 ἐᾷ
2203 5706 2353 5758 deest
2380 5705 2784 5765 καταφέροντες
2806 5716 2882 5765 (n.
2922 5706 2989 5764 Β.
3025 5711 3183 5765 1555.
3248 5711 3303 5765 9i
3339 5714 3421 5765 vel
3451 5728 3528 5765 ει-

3166 5752 3183 5780 θ

3248 5711 3303 5783 9}
3339 5714 3421 5767 vel
3451 5713 3529 5767 si-
