4036 6318
479 325 545 389 31
1641 328 1911 390 ΡΗΟΤΙῘ
1936 328 2062 388 PA'I

2164 326 2451 388 ‘ARCHE
2477 327 2587 389 (ΣΡ.
3678 320 3751 384 32

481 456 621 497 auro
648 455 936 512 praegnans
965 441 1230 513 devergit.
1264 442 1346 498 llli
1375 443 1542 514 igitur
1572 444 1787 515 lychnis
1809 442 1877 497 ad
1908 440 2062 497 fron-

2164 441 2322 511 φλεϐὶ
2348 441 2429 511 τῷ
2455 437 2859 503 λευκανθίζοντι
2878 455 2892 471 ο
2927 436 3022 491 καὶ
3064 432 3347 504 πολλαχῶς
3388 449 3748 504 κατασχημα-

483 541 566 585 tes
594 531 832 600 alligatis
854 529 1090 599 lapidem
1123 531 1362 598 (cedunt,
1391 532 1625 587 candore
1646 531 1789 600 ejus,
1813 538 1871 584 ut
1896 546 2057 594 vena,

478 624 723 678 deducti.
768 623 833 677 Et
872 624 966 679 ubi
1016 620 1183 679 variis
1232 624 1411 678 modis
1456 624 1630 693 posita
1678 622 1787 677 illis
1827 638 2058 693 corpora

479 715 881 778 efformarunt,
927 716 981 769 in
1022 727 1220 770 terram
1272 714 1575 784 fragmenta
1621 714 1917 783 dejiciunt.
1953 730 2059 768 non

480 821 580 873 pro
607 807 691 861 sui
722 807 938 860 roboris
988 807 1218 871 habitu,
1266 807 1358 860 sed
1404 807 1471 860 ad
1518 806 1737 861 oculum
1779 806 2060 875 praefecti,

480 898 573 965 qui
604 898 827 952 verbera
850 898 918 951 ab
946 898 1318 967 increpatione
1346 912 1454 950 non
1487 898 1745 966 sejungit.
1776 896 1936 951 Pueri
1964 912 2062 950 au-

481 996 588 1040 tem
617 986 963 1055 impuberes,
1010 988 1064 1041 in
1099 986 1388 1040 cuniculos
1425 986 1493 1040 ab
1530 986 1637 1041 illis
1663 986 1896 1041 ell‘ossos
1924 986 2062 1040 irre-

481 1087 695 1147 ptantes
714 1117 730 1140 ,
758 1078 918 1133 etiam
952 1078 1191 1147 lapillos,
1216 1075 1283 1129 de
1309 1077 1574 1146 projectis
1599 1078 1773 1131 multo
1801 1077 2061 1131 collectus

481 1169 688 1233 labore,
720 1170 863 1225 intra
892 1171 1094 1223 ostium
1126 1169 1435 1237 deportant.
1465 1168 1547 1224 Ab
1570 1170 1655 1223 his
1684 1184 1850 1238 porro
1876 1184 2058 1233 senes,

478 1269 534 1314 et
564 1259 849 1314 hominum
896 1261 1260 1314 invalidorum
1289 1262 1447 1316 turba
1476 1300 1491 1322 ,
1534 1261 1775 1330 lapidem
1822 1260 2063 1316 transfe—

478 1360 641 1415 runt,
682 1360 737 1407 et
765 1354 1086 1407 translatum
1112 1353 1513 1422 inspectoribus
1549 1354 1566 1415 (
1587 1353 1683 1422 qui
1710 1357 1925 1423 epnptei
1967 1369 2064 1409 vo-

479 1445 696 1510 cantur)
714 1444 992 1498 exhibent.
1026 1442 1162 1499 Nam
1184 1445 1279 1516 qui
1305 1455 1432 1501 sunt
1458 1446 1597 1500 intra
1632 1448 1852 1515 triginta
1887 1462 2062 1501 anuos

478 1545 532 1589 et
553 1536 751 1590 robore
763 1538 1103 1606 spectabiles,
1122 1538 1397 1595 mortariis
1412 1554 1441 1594 e
1455 1554 1589 1593 saxo
1603 1539 1865 1607 acceptis,
1885 1540 2062 1609 pistil-

476 1627 533 1679 lo
571 1627 733 1681 enixe
784 1630 1047 1699 subigunt
1090 1639 1146 1685 et
1189 1630 1457 1700 pinsunt,
1506 1639 1566 1684 ut
1602 1630 1903 1685 maximum
1938 1632 2063 1686 inde

477 1718 772 1774 frustulum
823 1737 931 1775 non
976 1724 1201 1777 excedat
1246 1738 1458 1778 ervum.
1503 1722 1643 1776 Tum
1689 1729 1880 1777 eadem
1929 1723 2061 1778 liora

2164 534 2414 593 τίσαντες
2445 533 2555 586 τῶν
2593 532 2863 603 σωμάτων
2894 529 2997 591 τὰς
3027 528 3223 593 Θέσεις,
3255 526 3653 581 καταϐάλλουσι
3681 526 3749 579 τά

2164 625 2493 696 θραύσματα
2520 625 2564 656 ¹⁹
2598 625 2678 687 εἰς
2713 622 2929 690 ἔδαφος,
2964 620 3028 672 ού
3061 620 3199 687 πρὸς
3230 618 3330 688 τὴν
3362 618 3500 671 ἰδίαν
3544 617 3659 681 ἕξιν
3690 632 3750 668 τε

2166 718 2261 770 καὶ
2284 715 2533 785 δύναμιν,
2566 713 2702 768 ἀλλὰ
2732 712 2867 782 πρὸς
2889 710 3166 781 ὀφθαλμὸν
3190 709 3505 773 ἐπιστάτου,
3534 709 3751 776 πληγῆς

2162 807 2263 877 τὴν
2297 807 2613 876 ἐπιτίμησιν
2659 804 2914 858 οὐδέποτε
2953 802 3298 874 χωρίζοντος.
3340 801 3406 853 Οἱ
3446 800 3505 853 δὲ
3558 799 3751 868 ἄνηϐοι

2168 900 2357 963 παῖδες
2396 901 2476 959 εἰς
2520 900 2648 962 τοὺς
2686 898 2793 951 ὑπὸ
2837 895 3041 951 τούτων
3074 894 3404 965 ὀρυχθέντας
3447 892 3753 959 ὑπονόμους

2169 990 2528 1058 εἰσδυόμενοι,
2556 991 2648 1043 καὶ
2678 990 2776 1058 τὴν
2799 988 2998 1058 χάλικα
3043 986 3152 1039 τῶν
3184 983 3524 1056 ριπτομένων
3555 984 3753 1036 ἐπιπό-

2169 1098 2277 1144 νως
2305 1083 2351 1114 ’⁸
2395 1081 2765 1148 συλλέγοντες,
2809 1078 2967 1142 ἐκτὸς
3006 1077 3112 1130 τῶν
3159 1076 3396 1146 στομίων
3442 1075 3750 1147 κομίζουσι.

2169 1172 2329 1240 Παρὰ
2352 1172 2408 1225 δὲ
2442 1173 2647 1225 τούτων
2675 1172 2727 1224 οἶ
2756 1188 2817 1224 τε
2847 1171 3212 1241 πρεσϐύτεροι
3245 1168 3341 1222 καὶ
3369 1167 3480 1221 τῶν
3502 1166 3753 1220 ἀσθενῶν

2169 1266 2219 1318 οἱ
2260 1265 2445 1319 πολλοὶ
2486 1266 2578 1318 τὸν
2614 1265 2761 1318 λίθον
2799 1266 3201 1334 μεταφέρουσιο
3237 1262 3664 1332 μετακομίζουσι
3693 1260 3751 1313 δὲ

2167 1351 2313 1411 οὗτοι
2343 1360 2456 1419 τοῖς
2492 1356 2849 1424 καλουμένοις
2897 1355 3300 1409 ὲπωπεῦσιν¹¹.
3348 1355 3507 1427 [1⁸541
3541 1353 3634 1425 1L]
3686 1355 3750 1406 Οί

2169 1450 2279 1519 γὰρ
2308 1448 2457 1512 ἐντὸς
2488 1448 2598 1500 τῶν
2616 1448 2909 1518 τριάκοντα
2934 1446 3070 1501 ὲτῶν
3101 1448 3196 1500 καὶ
3219 1448 3331 1509 τοῖς
3360 1446 3525 1499 εἴδεσι
3554 1462 3754 1515 καρτεο-

2172 1541 2267 1612 pol;
2317 1540 2517 1610 ὅλμους
2561 1540 2796 1603 λιθίνους
2854 1539 3251 1611 παρειληφότες
3309 1538 3499 1609 ὑπέρῳ
3546 1537 3752 1609 σιδηρῷ

2168 1634 2487 1687 πτίσσουσιν
2520 1632 2888 1703 ἐπιστρεφῶς,
2917 1632 3013 1685 καὶ
3045 1633 3370 1701 ποιήσαντες
3400 1631 3460 1682 τὸ
3497 1629 3752 1699 μέγιστον

2170 1726 2374 1797 τρύφος
2419 1725 2596 1795 ὀρόϐῳ
2635 1723 3018 1792 παραπλήσιον
3066 1722 3203 1792 πρὸς
3245 1721 3344 1794 τὴν
3384 1721 3554 1792 αὐτὴν
3600 1720 3752 1793 ὤραν

475 1810 852 1865 admetiuntur
881 1810 1024 1866 aliis.
1063 1810 1243 1866 Labor
1275 1812 1363 1866 hic
1407 1821 1491 1868 est
1530 1811 1858 1867 feminarum
1886 1854 1902 1880 ,
1943 1829 2062 1884 qua:

2165 1814 2571 1886 ἀπομετροῦσιν
2621 1812 2850 1884 ἑτέροις.
2886 1808 3053 1875 Οὗτος
3095 1812 3154 1866 δέ
3194 1814 3344 1865 ἐστιν
3382 1814 3410 1865 ὁ
3446 1812 3607 1873 πόνος
3641 1811 3751 1863 τῶν

477 1910 589 1949 una
623 1912 748 1951 cum
782 1897 997 1952 maritis
1042 1908 1137 1953 aut
1180 1899 1501 1969 parentibus
1538 1901 1591 1954 in
1619 1902 1895 1971 ergastula
1929 1912 2062 1958 sunt

477 1987 745 2043 abductae.
775 1988 968 2045 Plures
999 1992 1144 2045 enim
1175 1994 1366 2047 ordine
1402 1993 1557 2047 uiola:
1593 1994 1872 2064 agitantur
1895 2036 1910 2061 ,
1942 1996 2065 2065 qui-

476 2075 582 2132 bus
634 2079 838 2148 pistum
893 2080 1046 2143 illum
1104 2081 1335 2151 lapidem
1389 2083 1732 2153 subjiciunt,
1783 2094 1838 2141 et
1898 2094 2067 2141 terna:

476 2169 738 2240 utrinque
763 2172 832 2226 ad
864 2188 1033 2227 unum
1069 2176 1416 2231 contusionis
1450 2178 1617 2231 ictum
1649 2185 1892 2233 astantes
1915 2219 1929 2244 ,
1959 2188 2063 2231 tam

477 2259 625 2316 ﬁndo
672 2264 993 2333 succinctu,
1046 2276 1109 2320 ut
1154 2268 1267 2321 sola
1296 2269 1548 2337 corporis
1586 2270 1836 2338 pudenda
1872 2280 2065 2324 conte-

475 2366 642 2422 gam,
690 2356 945 2411 molendo
1008 2358 1334 2413 incumbunt
1386 2369 1441 2414 et
1481 2376 1549 2415 eo
1594 2377 1769 2432 usque
1816 2364 2062 2421 molunt.

477 2446 605 2499 dum
640 2448 839 2501 tradita
874 2449 1008 2518 ipsis
1054 2466 1311 2505 mensura
1352 2452 1678 2525 similaginis
1730 2457 1796 2510 ad
1842 2458 2063 2512 modum

474 2538 689 2593 redacta
723 2538 907 2594 fuerit.
943 2540 1039 2597 llis
1073 2542 1236 2613 igitur
1269 2544 1580 2609 uuiversis,«'
1610 2549 1703 2616 qui
1726 2563 1845 2602 eam
1887 2549 2065 2604 fortu-

474 2647 560 2685 na:
586 2643 786 2686 sortem
819 2634 1088 2699 tolerant,
1121 2651 1269 2690 mors
1296 2637 1403 2691 vita
1429 2648 1513 2692 est
1546 2641 1859 2709 Optabilior.
1905 2641 1946 2694 A
1980 2642 2063 2696 fe-

475 2725 659 2778 mineo
688 2741 821 2780 sexu
864 2727 1141 2796 pulverem
1180 2729 1252 2783 ita
1294 2730 1582 2784 subactum
1622 2732 1901 2799 excipiunt
1926 2734 2018 2787 alii
2045 2774 2061 2798 ,

473 2814 672 2887 44811
722 2832 864 2887 quos
914 2819 1198 2888 selangeos
1254 2820 1559 2875 nominant.
1619 2824 1872 2878 Artiﬁces
1935 2831 2064 2879 sunt

478 2908 556 2962 illi
582 2923 816 2976 quorum
841 2910 893 2963 in
922 2910 1180 2966 facultate
1225 2921 1309 2968 est
1342 2913 1445 2968 hoc
1465 2914 1629 2984 regia:
1651 2916 1901 2971 utilitatis
1926 2930 2062 2986 Opus

478 3000 545 3055 ad
579 3001 737 3055 finem
765 3004 1084 3071 perducere.
1120 3005 1379 3075 Operatio
1408 3007 1481 3060 ita
1509 3022 1568 3061 se
1605 3008 1786 3062 habet.
1824 3008 2063 3063 Marmor

476 3092 553 3147 ita
595 3095 968 3149 commolitum
1008 3097 1061 3149 in
1095 3098 1280 3152 tabula
1324 3097 1647 3165 effundunt,
1691 3099 1797 3153 lata
1840 3102 2058 3170 quidem

475 3195 529 3238 et
555 3184 622 3239 ad
647 3196 848 3239 rectam
880 3188 1181 3242 sectionem
1210 3189 1396 3256 polita,
1421 3206 1544 3259 quae
1568 3200 1746 3264 tamen
1774 3208 1879 3246 non
1911 3207 2059 3248 recto
2087 3162 2133 3226 Ο

476 3275 743 3331 incumbit
770 3277 911 3344 loco,
946 3278 1038 3334 sed
1064 3280 1315 3350 exiguam
1345 3280 1771 3336 declinationem
1806 3282 1985 3337 habet.
2005 3285 2060 3337 In

475 3366 579 3425 hac
621 3372 903 3439 pulverem
927 3412 943 3437 ,
975 3371 1148 3425 atl‘usa
1180 3388 1322 3442 aqua
1356 3414 1370 3441 ,
1406 3373 1659 3429 manibus
1694 3383 1877 3430 terunt
1906 3376 2061 3431 initio

474 3462 667 3517 leviter
712 3462 909 3518 deinde
953 3465 1218 3532 pressius.
1276 3466 1455 3531 Unde,
1484 3465 1723 3534 Opinor,
1776 3470 2059 3524 terrestria

474 3554 787 3619 eliquaulur
817 3564 869 3607 et
900 3554 967 3607 ad
1005 3556 1230 3608 tabulati
1260 3566 1448 3610 nutum
1480 3556 1749 3613 deﬂuunt.
1785 3557 1841 3613 Id
1877 3569 2058 3613 autem

473 3647 621 3715 quod
649 3645 890 3700 validum
917 3656 1075 3703 estet
1104 3648 1310 3718 aliquid
1339 3650 1526 3720 pollet,
1559 3651 1612 3705 in
1645 3652 2062 3722 lignofsubsistit

473 3739 772 3794 immobile.
806 3738 942 3793 Cum
984 3740 1149 3810 igitur
1179 3742 1371 3797 crebro
1412 3742 1572 3813 aquis
1602 3745 1890 3798 materiam
1922 3745 2060 3799 eluit

474 3832 792 3903 selangeus,
816 3833 1061 3903 spongiis
1086 3833 1342 3889 mollibus
1370 3843 1423 3889 et
1449 3835 1631 3889 densis
1655 3851 1898 3889 marmor
1928 3836 2062 3890 levi-

471 3933 558 3981 ter
585 3933 873 3991 attrectat,
917 3936 972 3980 et
999 3925 1289 3995 aliquando
1321 3942 1574 3996 premens
1598 3968 1614 3993 ,
1648 3927 1791 3996 quod
1824 3934 1940 3983 leve
1977 3939 2061 3984 est

471 4027 528 4072 et
558 4018 765 4078 laxum,
797 4017 1113 4089 fungositati
1142 4020 1503 4090 implicatum,
1537 4035 1569 4075 e
1597 4037 1829 4076 caverna
1880 4032 2060 4077 extra-

474 4109 556 4165 bit
582 4122 637 4165 et
668 4111 888 4181 abjicit,
930 4113 1075 4182 quod
1102 4128 1231 4166 vero
1257 4128 1420 4182 grave
1456 4121 1542 4167 est
1566 4124 1635 4181 -‘et
1661 4114 1951 4184 splendet,
2001 4114 2055 4168 in

471 4205 654 4261 tabula
687 4216 954 4260 secretum
992 4205 1278 4275 relinquit,
1311 4206 1439 4276 quia
1470 4214 1697 4276 prepter
1728 4207 2055 4275 gravitatem

472 4308 670 4353 natura
709 4298 849 4351 haud
886 4297 1044 4353 facile
1094 4298 1311 4353 mobilis
1361 4299 1411 4353 ei
1460 4299 1668 4354 subest.
1732 4298 1847 4353 Hoc
1894 4300 2059 4369 igitur

474 4393 639 4448 modo
678 4393 963 4463 selangeus
1022 4404 1309 4462 postquam
1343 4393 1465 4448 auri
1500 4404 1746 4448 ramenta
1785 4409 2058 4464 expurga-

473 4485 553 4539 vit
578 4523 595 4550 ,
628 4485 947 4541 coctoribus
978 4486 1339 4541 transmittit:
1384 4487 1478 4557 qui
1508 4487 1672 4542 simul
1700 4502 1766 4541 ac
1803 4496 2053 4542 coactum
2090 4513 2131 4568 Β

474 4576 606 4632 illud
644 4578 713 4631 ad
762 4594 1075 4633 mensuram
1120 4586 1175 4633 et
1223 4579 1417 4633 libram
1450 4588 1821 4650 acceperunt,
1873 4582 1927 4635 in
1964 4596 2060 4635 vas

472 4665 775 4721 immittunt
802 4666 969 4722 ﬁctile
1002 4708 1017 4733 ,
1057 4676 1111 4722 et
1154 4668 1221 4722 ad
1262 4667 1627 4722 multitudinis
1651 4668 2054 4738 proportionem

473 4758 657 4813 bolum
688 4758 893 4828 plumbi
917 4768 972 4813 et
1001 4760 1130 4814 salis
1156 4774 1400 4827 grumos,
1431 4758 1842 4829 pauxillumque
1864 4759 2055 4813 stanni

472 4859 526 4905 et
553 4848 816 4905 furfurem
849 4850 1211 4906 bordeaceum
1240 4851 1567 4906 admiscent.
1615 4849 1754 4905 Hinc
1797 4849 2056 4922 imposito

472 4943 618 5012 quod
644 4943 781 4999 bene
805 4952 953 5013 tegat
970 4943 1248 5011 cperculo,
1274 4950 1328 4999 et
1366 4943 1606 5013 undique
1640 4943 1968 5008 circumlito,
2000 4943 2055 4997 in

472 5034 695 5091 fornace
719 5046 983 5107 coquunt,
1008 5038 1124 5093 dies
1142 5036 1388 5105 quinque
1412 5045 1465 5089 et
1484 5035 1705 5089 totidem
1726 5044 1913 5090 noctes
1935 5035 2054 5091 sine

472 5124 899 5183 intermissione.
943 5128 1204 5197 Sequenti
1238 5128 1496 5196 deinceps
1528 5124 1617 5180 die
1642 5165 1659 5193 ,
1699 5125 1846 5195 justa
1882 5137 2056 5182 mate-

472 5217 569 5274 rite
608 5219 862 5275 ustulatae
900 5219 1312 5292 refrigeratione
1350 5217 1623 5281 adhibita,
1674 5218 1730 5273 in
1766 5217 2051 5273 vasculum

2168 1908 2444 1977 γυναικῶν
2474 1906 2580 1961 τῶν
2603 1908 2682 1970 είς
2706 1905 2805 1969 τὰς
2826 1906 3074 1974 φυλακὰς
3095 1905 3529 1974 συναπηγμένων
3552 1903 3749 1974 ἀνδρά-

2170 2018 2253 2055 σιν
2283 2001 2316 2072 ἥ
2347 1998 2587 2071 γονεῦσι.
2626 1998 2755 2070 [7‘28
2783 1997 2876 2070 H.]
2908 1998 3081 2067 Μύλοι
3114 1998 3221 2069 γάρ
3248 1997 3377 2067 ἑξῆς
3405 1997 3625 2060 πλείους
3659 1998 3753 2065 βε-

2167 2091 2422 2163 ϐήκασιν,
2459 2093 2545 2159 ἐφ’
2571 2089 2665 2154 οὓς
2707 2092 2798 2144 τὸν
2824 2090 3153 2157 ὲπτισμένον
3184 2088 3540 2143 ἐπιϐάλλουσι
3572 2089 3747 2141 λίθον*

2167 2186 2261 2239 καὶ
2290 2184 2641 2255 παραστᾶσαι
2665 2185 2813 2253 τρεῖς
2842 2183 3186 2252 ἑκατέρωθεν
3213 2181 3349 2252 πρὸς
3369 2180 3468 2252 τὴν
3496 2181 3626 2253 μίαν
3650 2180 3751 2233 κώ-

2166 2292 2278 2346 πην
2298 2275 2365 2342 ’³,
2390 2273 2560 2338 οὕτως
2594 2273 2902 2343 ἐζωσμέναι
2942 2273 3367 2343 δυσπροσόπτως
3409 2271 3551 2327 ὥστε
3589 2273 3752 2342 μόνον

2164 2367 2264 2439 τὴν
2316 2367 2580 2437 αἰσχύνην
2628 2364 2722 2418 τοῦ
2775 2366 3028 2435 σώματος
3085 2365 3371 2436 κρύπτειν,
3422 2364 3748 2435 ἀλήθουσιν·

2166 2459 2425 2530 ἀλήθουσι
2465 2460 2523 2512 δὲ
2567 2458 2673 2522 ἕως
2724 2459 2829 2512 ὑπὸ
2872 2459 2962 2511 τὸν
2994 2458 3093 2526 τῆς
3136 2457 3468 2528 σεμιδάλεως
3513 2457 3681 2509 τόπον
3707 2457 3752 2487 ’⁵

2162 2553 2306 2625 ἀχθῇ
2328 2552 2388 2605 τὸ
2417 2552 2722 2623 παραδοθὲν
2751 2550 2968 2619 μέτρον.
3009 2543 3169 2602 Οὗτοι
3197 2550 3395 2613 πάντες
3414 2550 3465 2602 οὶ
3485 2548 3578 2601 τὸν
3600 2552 3754 2619 εἰρη-

2164 2643 2328 2713 μένον
2385 2642 2483 2712 τῆς
2530 2640 2700 2712 τύχης
2751 2639 2950 2709 κλῆρον
3011 2639 3332 2701 ὑπελθόντες
3378 2639 3753 2710 ποθεινότερον

2164 2733 2348 2804 έχουσι
2375 2732 2467 2786 τοῦ
2501 2731 2617 2801 βίου
2659 2732 2751 2785 τὸν
2787 2731 3039 2785 θάνατον.
3070 2731 3231 2801 Παρὰ
3261 2731 3318 2783 δὲ
3359 2730 3453 2784 τοῦ
3491 2731 3680 2801 θήλεος
3704 2732 3752 2765 ’⁵

2162 2827 2354 2897 γένους
2378 2824 2712 2894 διαδέχονται
2749 2823 2850 2893 μὲν
2882 2823 2942 2877 τὸ
2979 2823 3446 2894 κατειργασμένον
3475 2822 3524 2875 oi
3555 2822 3753 2876 καλού-

2163 2933 2317 2988 μενοι
2345 2914 2601 2985 σηλαγείς
2626 2914 2673 2944 ’³
2693 2930 2706 2944 ·
2733 2914 2842 2966 εἰσὶ
2865 2913 2908 2966 δ’
2933 2906 3079 2966 οὗτοι
3110 2916 3347 2982 τεχνῖται
3378 2912 3516 2982 πρὸς
3550 2911 3610 2965 τὸ
3645 2912 3752 2965 πέ-

2168 3026 2266 3079 ρας
2295 3007 2453 3077 ἄγειν
2478 3006 2765 3076 δυνάμενοι
2789 3003 2886 3074 τὴν
2919 3005 3205 3075 βασιλικὴν
3232 3004 3442 3075 χρείαν.
3486 3006 3547 3056 Ἡ
3574 3004 3629 3057 δὲ
3654 3005 3750 3075 έρ-

2163 3101 2332 3171 γασία
2350 3099 2598 3169 τοιαύτη.
2631 3097 3044 3151 Καταϐάλλουσι
3078 3098 3177 3167 τὴν
3207 3097 3585 3167 ἀληλεσμένην
3610 3098 3750 3168 μάρ-

2166 3211 2340 3265 μαρον
2378 3194 2471 3245 ἐπὶ
2522 3191 2735 3253 σανίδος
2765 3189 3029 3252 πλατείας
3066 3189 3167 3259 μὲν
3210 3191 3303 3243 καὶ
3343 3189 3751 3259 κατεξυσμένης

2164 3288 2245 3350 είς
2278 3285 2497 3339 εὐθεῖαν
2526 3283 2721 3354 τομὴν,
2760 3283 2861 3336 ούκ
2896 3284 2954 3335 ὲν
2984 3281 3118 3353 όρθῇ
3148 3281 3205 3334 δὲ
3243 3282 3398 3352 χώρᾳ
3428 3280 3745 3350 βεϐηκυίας,

2161 3378 2300 3434 ἀλλὰ
2352 3377 2557 3449 μικρὰν
2607 3375 2839 3446 ἐχούσης
2879 3374 3172 3430 ἐπίκλισιν.
3212 3369 3345 3427 Εἶτα
3382 3373 3750 3443 καταχέοντες

2164 3473 2309 3544 ὓδωρ
2356 3470 2608 3541 τρίϐουσι
2654 3472 2777 3531 ταῖς
2822 3468 3002 3539 χερσὶ,
3037 3467 3105 3520 τὰ
3137 3466 3329 3537 πρῶτα
3369 3468 3470 3537 μὲν
3507 3466 3747 3535 κούφως,

2162 3564 2354 3618 ἔπειτα
2376 3565 2420 3595 ’⁷
2462 3556 2661 3632 μᾶλλον
2688 3560 2831 3627 ὅθεν,
2854 3554 3031 3627 οἶμαι,
3062 3560 3123 3611 τὸ
3156 3558 3253 3628 μὲν
3282 3557 3327 3590 ’⁸
3354 3558 3555 3625 γεῶδες
3581 3562 3751 3630 ἔεκτη⁴

2162 3659 2392 3728 κόμενον
2444 3655 2777 3724 συναπορρεῖ
2820 3652 2965 3706 κατὰ
2997 3654 3095 3722 τὴν
3130 3652 3374 3703 ἐπίνοιαν
3403 3651 3497 3704 τοῦ
3534 3650 3754 3705 σανιδώ-

2165 3766 2356 3821 ματος,
2383 3746 2445 3801 τὸ
2469 3747 2513 3800 δ’
2534 3744 2719 3815 ἰσχύον
2742 3746 2786 3777 ¹⁹
2814 3744 2909 3796 καὶ
2936 3743 3159 3797 δυνατὸν
3183 3745 3274 3795 ἐπὶ
3298 3744 3391 3797 τοῦ
3418 3743 3573 3809 ξύλου
3597 3745 3751 3813 μένει

2161 3839 2438 3908 ἀκίνητον.
2473 3835 2741 3898 Πολλάκις
2784 3834 2840 3887 δὲ
2882 3836 2995 3897 τοῖς
3031 3832 3218 3888 ὕδασιν
3249 3836 3563 3900 ἀποπλύνας
3589 3838 3616 3889 ὁ
3652 3854 3753 3890 κα-

2160 3930 2422 4002 λούμενος
2461 3928 2769 4000 σηλαγγεὺς
2811 3927 3224 3997 μεταλαμϐάνει
3267 3928 3536 3996 σπόγγους
3578 3928 3751 3996 μαλα-

2162 4024 2292 4086 κοὺς
2341 4022 2437 4075 καὶ
2488 4022 2749 4083 πυκνοὺς,
2786 4013 2867 4083 οἷς
2899 4018 3281 4090 ἐφαπτόμενος
3321 4020 3420 4089 τῆς
3455 4019 3750 4091 μαρμάρου

2161 4112 2381 4182 κούφως
2432 4110 2528 4165 καὶ⁷
2571 4108 2768 4162 θλίϐων
2813 4112 2907 4163 ἐπὶ
2948 4110 3113 4163 ποσὸν
3146 4110 3204 4163 τὸ
3238 4110 3335 4181 μὲν
3388 4110 3624 4180 ἐλαφρὸν
3657 4114 3754 4166 καὶ

2160 4205 2357 4276 χαῦνον
2388 4200 2792 4274 ὲμπλεκόμενον
2828 4202 2939 4264 τοῖς
2979 4200 3329 4272 ἀραιώμασιν
3372 4201 3480 4254 ἀπὸ
3513 4202 3612 4272 τῆς
3646 4204 3742 4271 σή.

2162 4312 2369 4368 ραγγος
2416 4294 2678 4360 ἀναφέρει
2725 4291 2819 4344 καὶ
2856 4291 3131 4361 ὲκρίπτει,
3162 4292 3223 4345 τὸ
3253 4292 3310 4345 δὲ
3348 4291 3610 4363 ἐμϐριθὲς
3656 4293 3752 4346 καὶ⁸

2164 4386 2378 4442 στίλϐον
2416 4385 2509 4438 ἐπὶ
2532 4384 2629 4455 τῆς
2664 4382 2876 4445 σανίδος
2900 4383 3339 4457 ἀποκεκριμένον
3367 4384 3411 4415 ³⁰
3438 4384 3750 4449 ἀπολείπει,

2160 4480 2478 4550 δυσκινήτου
2512 4477 2601 4531 δια
2627 4477 2690 4530 τὸ
2712 4477 2753 4508 ⁸¹
2783 4476 2950 4548 βάρος
2978 4476 3077 4546 τῆς
3103 4475 3361 4547 τοιαύτης
3388 4476 3604 4545 φύσεως
3628 4476 3754 4529 ὑπο-

2162 4572 2441 4643 κειμένης.
2479 4567 2665 4630 Ούτως
2681 4563 2775 4622 οῦν
2803 4562 2957 4630 οὗτος
2989 4569 3017 4621 ὁ
3040 4566 3349 4638 σηλαγγεὺς
3372 4567 3752 4639 περικαθάρας

2159 4666 2229 4718 τὰ
2272 4664 2541 4735 ψήγματα
2586 4661 2679 4715 τοῦ
2730 4660 2935 4733 χρυσοῦ
2985 4660 3323 4731 παραδίδωσι
3355 4662 3466 4725 τοῖς
3500 4660 3748 4733 ἐψηταῖς.

2159 4761 2222 4814 Οἱ
2252 4759 2309 4812 δὲ
2337 4758 2596 4821 λαϐόντες
2633 4756 2819 4827 μέτρῳ
2841 4773 2900 4809 τε
2930 4755 3027 4809 καὶ
3061 4754 3290 4827 σταθμῷ
3326 4756 3389 4809 τὸ
3412 4746 3752 4828 συνηγμένον

2160 4852 2241 4913 εἰς
2271 4849 2441 4917 ἄγγος
2487 4846 2796 4918 κεραμεοῦν
2839 4846 3114 4911 ἐνέϐαλον,
3164 4847 3258 4901 καὶ
3304 4848 3562 4917 μίξαντες
3608 4849 3750 4901 κατὰ

2160 4941 2321 5010 λόγον
2345 4938 2442 4993 τοῦ
2464 4939 2705 5011 πλήθους
2732 4939 2983 5010 μολίϐδου
3014 4940 3184 5010 βῶλον
3206 4942 3299 4995 καὶ
3321 4941 3574 5012 χόνδρους
3604 4940 3750 4994 ἀλῶν

2163 5035 2256 5089 καὶ
2288 5033 2614 5105 κασσιτέρου
2649 5032 2823 5105 βραχὺ
2850 5033 2945 5087 καὶ
2967 5033 3209 5105 κρίθινον
3241 5034 3485 5105 πίτυρον,
3514 5036 3749 5089 κᾶπειτα

2161 5125 2442 5190 ἐπιθέντες
2464 5124 2704 5196 ἐπίθεμα
2726 5125 2909 5189 καλῶς
2932 5127 3280 5197 ἡρμοσμένον
3306 5127 3401 5180 καὶ
3420 5127 3685 5181 πάντοθεν
3703 5127 3749 5159 ³³

2160 5218 2472 5290 χρίσαντες,
2504 5216 2725 5287 ἕψουσιν
2754 5217 2813 5272 ὲν
2841 5217 3056 5290 καμίνῳ
3092 5221 3255 5272 πέντε
3284 5218 3494 5291 ἡμέρας
3520 5219 3614 5272 καὶ
3646 5216 3747 5280 τὰς

1745 5402 1835 5457 VA
1844 5401 1984 5457 [tle
2043 5400 2448 5459 LECTIONES.

581 5573 624 5606 ιν
654 5566 949 5709 θραύματα
993 5578 1078 5629 pr.
1114 5564 1180 5616 Α.

586 5642 793 5696 Αεκοπ
834 5632 1179 5709 ν-Αδυσπρο

476 5661 567 5699 νον
586 5642 631 5696 Α
653 5660 667 5695 :
688 5642 863 5709 κοπὴν
883 5665 950 5675 -
972 5642 1110 5685 δυσπ
1121 5642 1381 5707 ροσώπως
1404 5666 1475 5677 -
1500 5642 1668 5705 μόνην
1694 5652 1756 5699 ς.
1830 5642 1877 5667 ³⁵
1908 5642 1957 5687 ὑπ

477 5716 615 5776 λεως
647 5730 708 5776 ς.
807 5707 853 5741 ³⁸
884 5703 1208 5777 σηλλαγγεῖς
1241 5722 1298 5777 ς’.
1400 5707 1445 5738 ’⁷
1473 5705 1665 5760 ἔπειτα
1713 5705 1767 5759 δὲ
1802 5723 1860 5777 μ.
1897 5722 1957 5770 ς.

481 5785 522 5818 οι
550 5774 610 5838 τά
631 5774 754 5838 αδδ,
792 5780 850 5835 Β.
941 5774 1009 5805 V“
1034 5776 1364 5848 πανταχόθεν
1403 5793 1463 5841 ς.

1280 5565 1329 5598 ¹⁰
1362 5564 1627 5628 ὲπιτόνως
1655 5563 1722 5619 Α.
1754 5564 1799 5595 ²¹
1830 5561 2126 5618 ὲποπεῦσιν
2148 5564 2210 5619 Β.
2289 5564 2335 5595 ’⁸
2357 5562 2553 5635 σιδηρᾷ
2578 5562 2643 5618 Β.
2722 5562 2767 5596 ³³
2793 5561 2989 5631 κώπην
3007 5591 3080 5606 ——
3102 5562 3527 5633 δυσπροσόπτως
3558 5593 3623 5605 —-
3646 5564 3747 5688 31.6-

1280 5652 1381 5688 rrwc
1404 5666 1475 5677 —
1501 5635 1668 5688 μόνην
1694 5652 1756 5688 ς.
1830 5636 1877 5667 ³⁸
1908 5634 2012 5688 ὑπὸ
2042 5664 2113 5676 -
2137 5632 2323 5688 τόπον]
2354 5635 2410 5688 ἐς
2437 5662 2507 5673 -—-
2530 5635 2731 5688 τρόπον
2766 5632 3033 5688 Diodorus
3064 5634 3284 5688 Siculus
3313 5635 3368 5688 5.
3410 5637 3497 5688 15.
3576 5636 3619 5667 ³⁵
3680 5638 3741 5688 ή-

834 5654 863 5690 ν
883 5665 950 5675 -
972 5632 1381 5707 δυσπροσώπως
1404 5666 1475 5677 -
1500 5635 1668 5705 μόνην
1694 5652 1756 5699 ς.
1830 5636 1877 5667 ³⁸
1908 5634 2012 5688 ὑπὸ
2042 5664 2113 5676 —-
2137 5632 2325 5706 τόπον]
2354 5635 2410 5697 ἐς
2437 5632 2507 5673 έ-
2530 5632 2731 5702 τρόπον
2766 5632 3033 5691 Diodorus
3064 5632 3284 5689 Siculus
3313 5635 3368 5697 5,
3410 5637 3497 5689 15.
3576 5636 3619 5667 ⁸³
3646 5632 3741 5703 θή-

834 5707 853 5739 ⁶
884 5703 1208 5777 σηλλαγγείς
1241 5722 1298 5777 ς.
1400 5707 1445 5738 ’⁷
1473 5705 1665 5760 ἔπειτα
1713 5705 1767 5759 δὲ
1802 5723 1860 5777 μ.
1897 5722 1957 5770 ς.
2057 5708 2102 5741 ³⁸
2135 5706 2235 5777 μὲν
2266 5723 2379 5761 om.
2411 5704 2469 5760 Β.
2548 5704 2595 5738 ²⁹
2628 5704 2846 5775 ἰσχυρὸν
2877 5720 2937 5767 ς.
3061 5707 3105 5738 ³ο
3136 5707 3629 5777 ἀποκεκρυμμένον
3672 5707 3736 5759 Α.

3061 5707 3105 5738 ³ο
3136 5707 3629 5777 ἀποκεκρυμμένον
3672 5707 3736 5759 Α.
