4152 6428
257 390 335 452 33
434 426 435 429 η
1398 396 1929 459 BIBLIO'I‘IIECA.
1970 423 2040 434 -
2068 397 2233 459 COD.
2258 396 2416 457 CCL.

3478 394 3551 457 34

260 510 387 572 ι’σας
428 504 660 569 νύκτας,
710 503 867 558 οὑθέν
889 507 935 539 ³³
978 506 1361 575 διαλείποντες.
1405 512 1485 584 Τῇ
1523 512 1570 569 δ’
1618 515 1851 588 ἐχομένῃ

1960 515 2104 569 aliud
2144 514 2473 580 extrahunt,
2513 512 2757 581 nihilque
2800 526 2984 568 rerum
3020 509 3184 567 simul
3224 511 3547 582 injectarum

258 596 593 668 σύμμετρον
636 597 703 667 τῇ
746 599 1123 673 πεπυρωμένῃ
1153 605 1524 672 προσάγοντες
1567 604 1728 673 ψύξιν
1777 609 1858 670 εἰς

254 689 499 757 ἀγγεῖον
528 688 867 758 κατήρασαν,
898 690 1025 744 ἄλλο
1060 693 1159 761 μὲν
1190 692 1299 746 τῶν
1330 695 1857 768 ωνεμὸεδλημένων

256 780 419 834 οὐθὲν
454 780 826 849 εὑρίσκοντες,
857 783 988 837 αὑτὸ
1020 784 1066 816 ³⁸
1099 785 1155 838 δὲ
1194 784 1287 839 τοῦ
1322 788 1548 858 χρυσίου
1583 790 1646 842 τὸ
1680 789 1853 861 χύμα,

258 874 534 945 βραχεῖαν
562 874 786 945 εἰληφὸς
832 877 1104 931 ἀπουσίαν
1146 877 1255 932 ἀπὸ
1292 881 1389 934 τοῦ
1428 881 1739 953 ψήγματος.
1793 884 1859 938 Ἡ

261 968 358 1037 μὲν
389 962 492 1020 οὖν
536 966 677 1037 πρὸς
723 970 836 1031 τοῖς
881 969 1165 1039 μετάλλοις
1199 971 1446 1027 ἀπώλεια
1487 974 1597 1028 τῶν
1642 975 1857 1030 πολλῶν

259 1054 541 1123 σωμάτων
563 1055 703 1125 πρὸς
726 1055 787 1108 τδ
810 1056 976 1127 ῥηθὲν
995 1059 1152 1125 τέλος
1176 1061 1458 1131 κομίζεται
1478 1064 1578 1135 τὴν
1598 1065 1853 1135 διέξοδον,

260 1150 453 1220 σχεδὸν
498 1151 673 1220 αὐτῆς
715 1153 813 1220 τῆς
843 1153 1059 1221 φύσεως
1087 1156 1443 1231 δεικνυούσης
1474 1162 1559 1215 ὃτι
1588 1162 1681 1217 τοῦ
1718 1182 1854 1234 χρυ-

259 1248 377 1300 σίου
411 1249 777 1319 συμσέθηκεν
806 1252 1074 1324 ὑπάρχειν
1112 1256 1208 1310 καὶ
1240 1256 1345 1328 τὴν
1361 1258 1575 1326 γένεσιν
1598 1260 1856 1317 ἐπίπονον

260 1340 351 1392 καὶ
369 1340 474 1411 τὴν
508 1342 761 1413 φυλακὴν
810 1345 1089 1417 σφαλερὰν
1122 1348 1219 1402 καὶ
1256 1348 1355 1420 τὴν
1406 1352 1647 1425 σπουδὴν
1697 1353 1854 1423 μεγί-

262 1446 393 1500 στην
417 1433 519 1485 καὶ
545 1431 650 1504 τὴν
677 1432 875 1503 χρῆσιν
917 1435 1113 1505 ἡδονῆς
1165 1436 1262 1491 καὶ
1311 1437 1488 1508 λύπης
1544 1439 1649 1493 ἀνὰ
1691 1440 1855 1511 μέσον

266 1526 552 1596 κειμένην,
590 1527 693 1599 τήν
732 1545 791 1581 τε
831 1528 1097 1599 ἐργασίαν
1141 1529 1343 1599 τρόπον
1373 1530 1495 1586 τινὰ
1530 1532 1625 1585 τοῦ
1665 1533 1857 1601 γένους

264 1618 660 1688 ἀρχαιοτάτην.
692 1618 935 1689 Εὕρηται
966 1620 1063 1689 μὲν
1088 1618 1198 1689 γὰρ
1226 1620 1333 1673 ὑπὸ
1362 1620 1474 1674 τῶν
1503 1621 1736 1692 πρώτων
1761 1622 1853 1676 τοῦ

266 1712 426 1762 τόπου
454 1708 731 1779 βασιλέων
763 1711 875 1763 τῶν
903 1710 1182 1779 μετάλλων
1214 1711 1247 1781 ἡ
1279 1712 1460 1780 φύσις,
1492 1713 1699 1767 διέλιπε
1721 1714 1766 1746 ³⁸
1796 1712 1855 1767 δὲ

268 1798 571 1869 ἐνεργοῦσά
600 1818 731 1854 ποτε
762 1802 863 1870 μὲν
895 1801 1169 1855 Αἰθιόπων
1205 1800 1332 1874 [729
1353 1802 1448 1875 Η]
1490 1804 1584 1857 ἐπὶ
1621 1806 1720 1875 τὴν
1753 1805 1850 1859 Δί-

269 1906 471 1955 γυπτον
513 1888 761 1960 πλήθους
798 1888 1146 1952 συνελθόντος
1180 1894 1276 1944 καὶ
1324 1892 1499 1946 πολλὰ
1537 1893 1636 1957 τὰς
1669 1895 1853 1960 πόλεις

270 1982 360 2051 ἐτη
387 1984 804 2054 φρουρήσαντος
836 1981 950 2053 (ὑφ’
969 1975 1046 2037 ὧν
1081 1983 1178 2037 καὶ
1198 1985 1243 2017 η
1272 1984 1339 2038 τὰ
1372 1986 1684 2055 Μεμνόνεια
1729 2005 1855 2042 συν-

274 2075 581 2129 τετελέσθαι
629 2078 809 2146 φασὶ),
843 2077 975 2130 ποτὲ
1009 2076 1068 2131 δὲ
1102 2076 1302 2147 Μήδων
1345 2080 1441 2133 καὶ
1474 2080 1702 2150 Περσῶν
1735 2082 1856 2137 ἔπι·

275 2169 681 2237 κρατησάντων.
715 2170 1081 2241 Εὑρίσκονται
1111 2170 1169 2224 δὲ
1206 2173 1287 2228 ἔτι
1332 2172 1427 2227 καὶ
1468 2173 1592 2227 καθ’
1613 2175 1766 2244 ἡμᾶς
1793 2176 1855 2228 ὲν

282 2265 387 2324 τοῖς
428 2262 702 2331 χρυσείοις
755 2265 868 2327 τοῖς
905 2264 1001 2318 ὑπ’
1024 2267 1251 2320 ἐκείνων
1287 2264 1779 2319 κατασκευασθεῖσι
1806 2263 1853 2296 ³⁷

293 2353 445 2423 [13M
465 2352 557 2426 ll]
582 2355 868 2425 λατομίδες
899 2357 1001 2424 μὲν
1022 2358 1242 2429 χαλκαῖ,
1264 2357 1353 2412 διὰ
1387 2357 1448 2411 τὸ
1486 2359 1655 2429 μήπω
1680 2356 1780 2426 τὴν
1805 2355 1849 2387 ³³

294 2442 383 2495 τοῦ
433 2444 640 2513 σιδήρου
695 2446 822 2499 κατ’
873 2448 1079 2502 ἐκεῖνον
1137 2448 1229 2503 τὸν
1278 2448 1470 2519 χρόνον
1520 2446 1852 2519 ἐγνωρίσθαι

287 2536 483 2606 χρείαν,
515 2537 645 2590 ὀστᾶ
668 2537 730 2591 δὲ
764 2539 1071 2610 ἀνθρώπων
1101 2540 1309 2596 ἄπιστα
1341 2541 1421 2613 τῷ
1449 2540 1669 2611 πλήθειν
1698 2555 1851 2591 πτω-

284 2628 457 2695 μάτων
494 2629 657 2701 (ὃπερ
701 2630 851 2693 εἰκὸς
900 2632 1146 2699 γίνεσθαι
1172 2633 1216 2665 ³⁸
1256 2633 1359 2687 οὑκ
1400 2633 1597 2702 ὀλίγων
1644 2632 1703 2685 ἐν
1738 2631 1853 2693 τοῖς

1960 602 2249 657 inveniunt
2274 642 2291 663 ,
2329 612 2523 668 praster
2554 603 2803 656 eamdem
2832 603 2952 657 auri
2999 615 3241 657 massam
3267 602 3380 673 jam
3416 617 3551 659 con-

1957 694 2178 760 ﬂatam,
2227 711 2350 766 qua:
2396 710 2428 750 a
2469 695 2635 750 scobe
2664 694 2892 764 prisﬁna
2931 709 3039 750 non
3074 695 3306 750 multum
3337 694 3544 750 deficit.

1959 788 2086 844 llaec
2128 788 2315 858 itaque
2362 789 2431 843 ad
2489 787 2705 843 fodinas
2741 788 2863 843 illas
2909 803 3205 857 corporum
3244 786 3546 843 multorum

1958 881 2213 949 perditio,
2244 881 2313 936 ad
2341 896 2489 947 eum,
2518 896 2683 952 quem
2704 880 2841 947 dixi,
2868 880 3030 936 linem
3058 880 3265 937 exitum
3287 880 3542 945 sortitur,

1957 973 2075 1044 ipsa
2108 988 2277 1045 prope
2313 984 2516 1030 natura
2560 974 2970 1030 demonstrante
2994 1014 3011 1039 ,
3055 982 3111 1029 et
3136 974 3541 1044 generationem

1957 1064 2075 1119 auri
2108 1064 2462 1129 laboriosam,
2491 1075 2546 1122 et
2588 1066 2897 1121 custodiam
2923 1065 3193 1120 lubricam
3216 1104 3232 1131 ,
3259 1073 3315 1120 et
3340 1063 3545 1119 seduli-

1956 1168 2125 1213 tatem
2154 1159 2451 1213 maximam
2492 1173 2635 1221 esse,
2664 1173 2936 1227 usumque
2967 1158 3022 1212 in
3045 1158 3224 1213 medio
3247 1156 3551 1226 voluptatis,

1955 1261 2012 1308 et
2048 1252 2387 1321 aegritudinis
2421 1251 2745 1306 consistere.
2800 1249 3113 1305 Elaboratio
3154 1258 3333 1305 autem
3377 1250 3544 1319 hujus

1958 1343 2175 1415 generis
2202 1342 2617 1414 quodammodo
2645 1343 3035 1427 antiquissima
3065 1352 3169 1399 est.
3199 1343 3338 1398 Nam
3370 1358 3401 1397 a
3429 1344 3513 1414 pri
3539 1372 3541 1375 -

1957 1435 2064 1490 mis
2090 1434 2192 1490 loci
2221 1435 2439 1504 regibus
2482 1436 2699 1489 inventa
2728 1444 2812 1489 cst
2836 1449 2901 1489 ea
2933 1435 3138 1490 metalli
3174 1444 3388 1491 natura.
3438 1433 3546 1489 De-

1959 1525 2163 1593 siitque
2192 1525 2249 1579 in
2283 1535 2411 1579 actu
2442 1541 2562 1581 esse
2596 1535 2711 1580 tum
2735 1563 2753 1591 ,
2789 1525 3009 1595 quando
3042 1525 3365 1595 Aithiepum
3407 1524 3538 1580 olim

1958 1629 2152 1685 agmen
2187 1613 2481 1685 Egyptum
2512 1615 2853 1681 incursavit,
2896 1623 2951 1670 et
2982 1615 3169 1669 multis
3192 1616 3352 1671 anuis
3376 1614 3539 1669 urbes

1958 1706 2261 1761 custoditas
2299 1707 2567 1776 praesidiis
2612 1707 2728 1762 suis
2784 1706 2993 1769 tenuit,
3036 1722 3067 1761 a
3100 1706 3301 1778 “90
3337 1708 3541 1777 quibus

1957 1799 2119 1852 etiam
2146 1796 2453 1853 Iiemnonia
2475 1814 2596 1854 esse
2614 1798 2848 1869 perfecta
2878 1808 3204 1862 memorant,
3229 1809 3342 1852 tum
3365 1813 3539 1867 quan-

1885 1877 1927 1932 Β
1958 1890 2028 1945 do
2054 1890 2191 1945 Medi
2214 1901 2267 1945 et
2287 1890 2466 1947 Persa
2487 1906 2671 1945 rerum
2700 1892 3067 1961 potiebantur.
3098 1892 3165 1946 Et
3192 1891 3537 1959 reperiuntur

1956 1983 2121 2039 etiam
2156 1992 2485 2053 tempestate
2511 1995 2695 2039 nostra
2728 1985 2785 2039 in
2814 1984 3137 2040 aurifodiuis
3170 1985 3384 2039 illorum
3421 1999 3537 2038 ma-

1958 2075 2196 2130 nufactis
2222 2115 2238 2136 .
2294 2076 2473 2131 mallei
2504 2076 2743 2131 incisorii
2794 2092 2859 2130 ex
2902 2091 3009 2130 aere
3038 2075 3173 2144 (qui
3197 2075 3536 2145 temporibus

1959 2167 2070 2222 illis
2097 2167 2228 2222 ferri
2262 2184 2395 2223 usus
2422 2168 2711 2222 admodum
2737 2168 2967 2238 exiguus
2991 2172 3141 2236 erat)
3189 2176 3244 2221 et
3284 2182 3409 2222 ossa
3439 2167 3543 2221 ho~

1963 2261 2174 2315 minum
2225 2260 2528 2317 incredibili
2562 2262 2907 2316 multitudine
2936 2279 2951 2317 :
3000 2270 3394 2331 proptereaque
3428 2276 3537 2314 non

1955 2354 2113 2422 pauci
2152 2354 2206 2406 in
2240 2353 2513 2407 cuniculis
2544 2354 2650 2408 illis
2683 2354 2829 2408 laxis
2854 2364 2908 2407 et
2938 2352 3238 2407 crustaceis
3289 2354 3379 2419 (ut
3418 2352 3537 2407 ﬁeri

1957 2443 2237 2513 probabile
2253 2448 2358 2511 est)
2380 2445 2847 2514 opprimebantur.
2877 2443 3049 2499 Tanta
3080 2445 3391 2499 fodinarum
3422 2459 3537 2497 uta-

1959 2536 2189 2607 gnitudo
2209 2546 2320 2602 est,
2346 2546 2400 2593 et
2424 2538 2647 2607 obliqua
2681 2538 3047 2608 profunditate
3077 2537 3144 2591 ad
3174 2552 3325 2591 mare
3352 2537 3529 2605 ipsum

1958 2631 2289 2701 pertiugunt.

278 2721 481 2789 χαύνοις
517 2724 615 2778 καί
645 2724 989 2780 πλακώδεσιν
1017 2727 1311 2803 ὑπονόμοις
1328 2729 1643 2800 γενομένων
1663 2728 1735 2792 ⁸⁸,
1800 2724 2105 2795 τηλικαῦτα
2137 2726 2195 2780 δὲ
2238 2726 2564 2797 ὀρυγμάτων
2620 2725 2851 2797 μεγέθη,
2915 2725 3009 2780 καί
3032 2724 3372 2779 δια-τείνοντα
3438 2723 3536 2793 βά-

277 2816 413 2870 θεσιν
434 2817 783 2888 ἐπικαρσίοις
812 2818 901 2871 ἐπ’
924 2820 1097 2888 αὑτὴν
1127 2820 1226 2892 τὴν
1256 2821 1530 2876 Θάλασσαν
1558 2820 1626 2873 δ’.

336 2914 453 2965 Ὅτι
503 2914 665 2984 παρὰ
710 2916 811 2984 τὴν
843 2918 1018 2970 νότιον
1047 2918 1149 2987 τῆς
1191 2916 1475 2987 Αἰγύπτου
1507 2917 1689 2971 κλίσιν
1722 2916 1851 2969 τέσ-

275 3005 405 3075 σαρά
440 3006 566 3058 ἐστι
619 3004 763 3075 φῦλα
810 3008 879 3060 τὰ
911 3008 1164 3077 μέγιστα,
1199 3010 1261 3063 τὸ
1306 3010 1405 3081 μὲν
1434 3012 1551 3073 τοῖς
1589 3011 1851 3078 ποταμοῖς

270 3098 740 3167 παρεζευγμένον,
769 3098 799 3152 δ
831 3100 1047 3171 σπείρει
1083 3102 1333 3173 σήσαμον
1358 3102 1457 3155 καὶ
1494 3101 1752 3175 κέγχρον,
1788 3101 1853 3155 τὸ

268 3189 320 3242 δὲ
345 3191 470 3260 περί
504 3190 611 3254 τὰς
639 3191 837 3261 λίμνας
886 3192 1091 3255 οἰκοῦν,
1131 3195 1163 3247 ὃ
1196 3194 1291 3248 τοῦ
1331 3194 1580 3264 καλάμου
1615 3194 1713 3249 καὶ
1750 3194 1851 3265 τῆς

2022 2909 2154 2965 CAP.
2204 2908 2317 2966 Xll.
2358 2908 2435 2963 De
2476 2909 2615 2962 victu
2672 2909 2989 2976 Etliiopum
3032 2907 3179 2977 infra
3218 2906 3532 2977 Egyptum.

1952 3005 2128 3077 Deque
2151 3016 2299 3076 gente
2320 3022 2438 3072 qua:
2474 3006 2601 3059 solis
2633 3004 2865 3073 piscibus
2900 3006 3163 3057 uescitur:
3192 3014 3239 3056 et
3267 3005 3528 3072 quomodo

1951 3115 2038 3152 eos
2072 3098 2285 3165 capiat,
2325 3098 2482 3166 inque
2532 3096 2703 3149 cibum
2744 3106 2932 3149 vertat.
2972 3125 3045 3135 ——
3085 3095 3164 3148 Ad
3224 3096 3531 3150 Australem

1952 3190 2169 3261 Egypti
2221 3190 2433 3258 plagam
2476 3198 2714 3254 quatuor
2757 3196 2884 3242 sunt
2935 3188 3218 3241 hominum
3281 3189 3532 3243 nationes

268 3279 391 3350 ὕλης
415 3282 663 3337 ἅπτεται
695 3284 793 3354 τῆς
820 3284 1058 3356 ἁπαλῆς,
1085 3286 1148 3339 τὸ
1175 3286 1233 3340 δὲ
1262 3287 1386 3358 εἰκῇ
1420 3285 1795 3357 πλανώμενον,
1820 3286 1849 3339 ὃ

1959 3281 2227 3334 maximae.
2263 3278 2441 3331 Prima
2472 3278 2648 3331 ﬂuviis
2681 3278 2978 3347 adjuncta,
3016 3294 3138 3347 qua:
3177 3293 3451 3333 sesamum
3480 3292 3535 3331 et

268 3374 424 3444 σαρκί
450 3373 563 3427 καὶ
590 3374 826 3442 γάλακτι
860 3377 1226 3448 παραπέμπει
1255 3378 1346 3431 τὸν
1394 3377 1528 3448 βίον,
1580 3379 1644 3431 τὸ
1679 3378 1739 3431 δὲ
1783 3380 1851 3431 ὲκ

1956 3372 2164 3425 milium
2200 3371 2351 3425 serit.
2408 3369 2656 3423 Secunda
2692 3386 2813 3437 qua:
2851 3369 3074 3436 paludes
3112 3370 3310 3424 accolit
3335 3411 3351 3433 ,
3386 3376 3534 3425 cala-

266 3465 354 3532 τῆς
386 3466 675 3536 παραλίας
723 3466 1068 3539 ὁρμώμενον,
1116 3471 1246 3532 τοὺς
1294 3469 1485 3540 ἰχθύας
1500 3470 1549 3501 ⁵³
1590 3469 1849 3541 ἀγρεῦον.

267 3558 427 3611 Τοῦτο
452 3559 523 3612 δὲ
553 3560 619 3612 τὸ
644 3560 802 3628 γένος
848 3560 963 3631 ἔχει
1000 3561 1101 3632 μὲν
1132 3561 1257 3616 οὔτε
1289 3564 1475 3627 πόλεις
1507 3562 1633 3615 οὕτε
1667 3562 1853 3632 χώρας

267 3649 367 3701 οὔτ’
398 3652 581 3721 ἄλλης
626 3653 883 3723 ἐντέχνου
930 3654 1283 3724 κατασκευῆς
1332 3654 1658 3725 ὑπογραφὴν
1695 3655 1851 3709 οὑδε-

270 3740 389 3807 μίαν
406 3741 479 3804 ⁸³,
527 3742 645 3793 ἐστὶ
672 3740 729 3794 δὲ
753 3741 862 3795 τῶν
896 3744 1237 3807 ὑπολοίπων,
1268 3745 1346 3808 ώς
1369 3744 1501 3798 ἔνιοί
1533 3761 1704 3814 φασι,
1754 3742 1852 3814 μέο

267 3850 486 3901 γιστον*
547 3837 659 3890 ἀπὸ
708 3836 818 3910 γὰρ
854 3838 1127 3899 Δὺταίων.
1163 3840 1217 3893 οἳ
1263 3839 1354 3893 τδν
1397 3839 1624 3910 ἔσχατον
1680 3838 1851 3909 μυχὸν

264 3928 640 3993 κατοικοῦσιν,
684 3930 743 3984 ὃν
798 3933 866 4002 τῇ
908 3931 1185 4002 μεγάλῃδδ
1215 3932 1531 4005 συμὸέόηκε
1568 3932 1852 4001 συγκλείε-

268 4018 385 4072 σθαι
430 4019 719 4091 θαλάττῃ,
778 4022 941 4093 μέχρι
967 4025 1065 4094 τῆς
1105 4024 1335 4094 Ἰνδικῆς
1363 4026 1458 4079 καὶ
1507 4024 1847 4095 Κεδρωσίας,

267 4108 343 4162 ἔτι
378 4110 436 4163 δὲ
471 4111 793 4181 Γερμανίας
837 4115 931 4167 καὶ
960 4114 1187 4182 Περσῶν
1227 4116 1321 4169 καὶ
1349 4116 1458 4169 τῶν
1482 4119 1594 4180 τοῖς
1623 4117 1851 4187 εἰρημιὲ⁴

268 4216 372 4262 νοις
395 4201 620 4268 γένεσιν
653 4201 1033 4273 ὑποκειμένων
1066 4206 1271 4274 νήσων,
1314 4206 1635 4276 ἰχθυοφάγοι
1669 4208 1853 4277 πάντῃ

265 4293 582 4347 κατοικοῦσι
602 4294 672 4360 ⁸⁵,
718 4297 918 4364 γυμνοί
973 4297 1074 4366 μὲν
1103 4298 1257 4362 ὄντες
1305 4300 1479 4364 αὑτοί,
1534 4300 1751 4369 γυμνὰς
1790 4300 1849 4354 δὲ

267 4384 479 4454 ἔχοντες
527 4386 631 4450 τὰς
671 4390 938 4456 γυναῖκας
962 4429 978 4453 ,
1036 4391 1226 4461 κοινὴν
1260 4390 1318 4444 δὲ
1355 4392 1565 4447 τέκνων
1607 4393 1846 4461 γένεσιν,

267 4474 341 4527 ἔτι
368 4476 426 4529 δὲ
460 4477 656 4546 ἡδονῆς
693 4478 793 4546 μὲν
825 4480 922 4532 καὶ
969 4481 1132 4534 πόνου
1185 4483 1425 4552 φυσικὴν
1458 4482 1674 4553 ἔχοντες
1702 4484 1847 4552 γνῶ-

268 4583 369 4629 σιν,
399 4569 653 4639 αἰσχρῶν
680 4570 738 4624 δὲ
771 4571 870 4631 κα).
919 4572 1105 4626 καλῶν
1132 4574 1254 4628 οὐδὲ
1281 4574 1380 4645 τὴν
1407 4574 1699 4646 ἐλαχίστην
1729 4577 1846 4629 εἰσ-

1953 3477 2214 3530 mumque
2244 3470 2297 3514 et
2330 3460 2579 3514 silvulam
2614 3462 2939 3513 teneriorem
2970 3460 3166 3527 carpit.
3196 3459 3380 3514 Tertia
3411 3475 3533 3528 quae

1952 3560 2159 3607 temere
2190 3552 2293 3605 huc
2322 3552 2448 3604 illuc
2471 3550 2709 3613 oberrat,
2728 3552 3097 3621 caruibusque
3121 3561 3173 3605 et
3200 3554 3339 3606 lacte
3366 3552 3533 3606 vitam

1952 3646 2206 3701 traducit.
2226 3642 2430 3709 Quarta
2453 3660 2519 3697 ex
2553 3643 2830 3697 littoribus
2862 3645 3030 3699 maris
3050 3660 3269 3713 egressa
3294 3646 3527 3713 piscium

1952 3735 2231 3790 venationi
2263 3733 2360 3787 dat
2388 3750 2632 3802 operam.
2664 3732 2778 3788 lloc
2807 3750 2978 3803 genus
3010 3750 3110 3788 nec
3139 3735 3304 3789 urbes
3334 3736 3534 3801 habet,

1950 3844 2054 3885 nec
2084 3829 2332 3897 regiones
2355 3867 2370 3892 ,
2404 3842 2504 3881 nec
2532 3826 2701 3881 ullum
2733 3836 3026 3896 apparatus
3052 3827 3340 3883 artiﬁciosi
3370 3829 3534 3881 rudi-

1952 3935 2218 3977 mentum.
2265 3921 2362 3975 Est
2393 3920 2532 3974 inter
2560 3930 2752 3975 caetera
2775 3960 2790 3985 ,
2838 3928 2892 3973 ut
2925 3919 3146 3989 quidam
3180 3929 3533 3984 asseverant,

1951 4016 2278 4071 maximum.
2316 4012 2451 4068 Nam
2484 4014 2553 4068 ab
2586 4014 2828 4075 Autaais,
2874 4014 2966 4083 qui
2997 4014 3063 4067 ad
3096 4023 3398 4069 extremum
3439 4030 3533 4070 se-

1952 4123 2196 4173 cessum,
2235 4116 2390 4161 vasto
2416 4106 2688 4161 inclusum
2718 4107 2874 4167 mari,
2906 4106 2975 4160 ad
3006 4106 3213 4160 Indiam
3238 4117 3293 4159 et
3317 4106 3531 4161 Gedro-

1950 4199 2089 4252 siam
2125 4210 2178 4252 et
2208 4197 2573 4261 ,Cermaniam
2608 4208 2630 4234 ο
2689 4206 2742 4251 et
2772 4194 2964 4250 Persas
2990 4236 3005 4260 ,
3048 4196 3363 4265 insulasque
3410 4213 3536 4250 me-

1949 4286 2173 4341 moratis
2211 4287 2466 4356 gentibus
2521 4286 2800 4355 subjectas
2864 4300 3037 4355 usque
3076 4286 3366 4354 habitant,
3411 4288 3531 4343 ich-

1954 4377 2245 4449 thyOpbagi
2288 4377 2571 4449 (homines
2601 4393 2665 4431 ex
2696 4378 2936 4447 piscibus
2962 4378 3289 4449 victitantes)
3329 4380 3537 4450 ubique

1949 4472 2225 4527 domicilia
2252 4488 2351 4526 sua
2380 4472 2583 4526 habent
2610 4489 2623 4524 :
2664 4472 2756 4540 qui
2788 4473 2951 4537 nudo,
2974 4482 3081 4525 tam
3116 4472 3330 4528 femina:
3359 4491 3524 4544 quam

1948 4565 2050 4619 viri
2075 4605 2091 4628 ,
2124 4574 2251 4621 sunt
2276 4578 2534 4635 corpore,
2577 4574 2630 4619 et
2655 4581 3002 4620 communem
3034 4566 3239 4622 sobolis
3271 4582 3525 4636 procrea-

267 4660 560 4729 φερόμενοι
591 4660 827 4717 ἔννοιαν.
882 4664 1106 4729 Τούτοις
1148 4665 1205 4718 δὲ
1237 4665 1306 4719 τὰ
1358 4666 1457 4736 μὲν
1499 4667 1773 4737 ἁγχιϐαθῆ
1790 4668 1836 4699 ⁸⁸

1952 4656 2150 4711 tionem
2182 4657 2402 4712 habent.
2450 4654 2695 4711 Naturali
2720 4658 2941 4727 quidem
2986 4658 3279 4727 voluptatis
3318 4670 3372 4712 et
3408 4676 3523 4711 tuu-

266 4749 420 4803 πάντ⁹
454 4752 576 4805 ἔστί
607 4754 744 4822 πρὸς
769 4754 861 4807 τὸν
896 4753 1012 4823 βίον
1041 4755 1325 4825 ἀλλότρια,
1357 4757 1756 4827 παραπλησίως
1785 4759 1844 4812 δὲ

266 4842 331 4893 τὰ
385 4845 772 4915 παρακείμενα
817 4849 1057 4918 μακραῖς
1097 4849 1257 4920 ᾐόσι·
1312 4848 1485 4918 θήραν
1544 4851 1657 4921 γὰρ
1718 4850 1845 4905 οὔτε

274 4930 456 4999 ἰχθύος
506 4932 625 4987 οἶδε’
677 4934 840 4990 ἄλλου
888 4937 1081 5005 γένους
1127 4939 1494 5010 ὀμοιοπαθοῦς
1547 4941 1845 5013 ἁδροτέραν

273 5020 643 5089 παραδίδωσιν
680 5025 715 5094 ἠ
760 5024 939 5077 τοιάδε
964 5025 1181 5096 χέρσος.
1213 5026 1281 5079 Δί
1306 5027 1363 5081 δὲ
1402 5029 1646 5099 οἰκήσεις
1676 5032 1845 5085 πᾶσιν

269 5107 544 5166 ἐκκεινται
591 5116 705 5178 τοίς
745 5116 1058 5186 εἰρημένοις
1107 5118 1261 5188 παρὰ
1285 5117 1385 5183 τὰς
1414 5122 1631 5191 ῥαχίας,
1664 5122 1721 5175 αἳ
1749 5122 1847 5176 καὶ

271 5203 519 5269 κοιλάδας
552 5205 772 5277 βαθείας
806 5208 990 5278 ἔχουσι
1036 5210 1131 5264 καὶ
1177 5211 1471 5283 φάραγγας
1515 5215 1841 5286 ἀνωμάλους

273 5295 362 5346 καὶ
393 5301 653 5366 πεγνοὺς
669 5299 711 5331 ⁸⁷
739 5300 990 5366 αὐλῶνας
1029 5305 1123 5357 καὶ
1158 5305 1380 5369 σκολιὰς
1414 5308 1708 5379 ἐκτροπάς.
1740 5303 1840 5365 Ὧν

340 5440 364 5469 ⁸
394 5430 556 5490 Forte
610 5435 895 5507 legendum
952 5450 1059 5508 est,
1097 5439 1462 5496 Carmaniam.

1948 4750 2119 4805 Iestia:
2145 4750 2455 4819 cognitione
2485 4767 2499 4803 :
2542 4750 2633 4805 sed
2673 4752 2915 4819 turpium
2946 4760 3001 4805 et
3039 4753 3393 4806 honestorum
3421 4768 3523 4807 nec

1948 4839 2177 4893 minima
2206 4839 2421 4908 praediti
2457 4840 2675 4894 notitia.
2706 4838 2801 4893 llis
2833 4841 2953 4895 loca
2989 4842 3155 4895 maris
3179 4844 3423 4910 proxima
3459 4846 3530 4896 ad

1947 4931 2115 4984 vitam
2148 4930 2562 4985 sustentandam
2598 4940 2798 4985 cuncta
2830 4940 2957 4985 sunt
2998 4931 3199 4987 aliena.
3249 4931 3526 4987 Consimi-

1947 5040 2072 5096 liter
2114 5042 2277 5096 et-iam
2328 5058 2453 5111 qua:
2498 5044 2711 5114 magnis
2772 5044 3047 5100 littoribus
3092 5047 3362 5115 adjacent.
3414 5050 3529 5107 Nec

1951 5135 2101 5188 enim
2135 5135 2301 5204 piscis
2324 5177 2340 5200 ,
2370 5150 2473 5191 nec
2500 5137 2725 5192 alterius
2765 5140 2981 5209 generis
2999 5150 3234 5209 captura:
3257 5143 3523 5209 obnoxii,

1950 5224 2243 5281 continens
2275 5226 2386 5282 illic
2425 5229 2764 5282 venationem
2806 5230 3011 5298 praebet
3041 5232 3374 5291 uberiorem.
3417 5234 3527 5290 Ha-

1948 5315 2189 5372 bitacula
2218 5330 2400 5375 autem
2430 5320 2642 5376 cunctis
2666 5323 2912 5391 exposita
2940 5332 3068 5379 sunt
3094 5326 3161 5380 ad
3193 5330 3521 5398 crepidines,

1568 5536 1803 5595 VARUE
1847 5540 2259 5598 LECTIONES.

342 5637 387 5669 ³³
413 5639 651 5723 οὑδὲνῂς.
689 5643 743 5723 ,³⁸
767 5644 1195 5723 αὑτρ-ᾃληφρς
1222 5648 1285 5701 A:
1321 5648 1788 5723 αὑτοίτέείληφὼς
1818 5673 1881 5720 ς.
1921 5659 1965 5691 ³⁸
1995 5658 2228 5712 διέλειπε
2256 5658 2314 5714 Β.
2357 5658 2403 5690 ⁸⁸
2436 5659 2534 5712 καί
2562 5658 2688 5715 add.
2721 5663 2786 5717 A.
2827 5663 2873 5695 ⁸⁷
2899 5665 3524 5723 ὲν-κατασκευασθεῖσι

278 5721 383 5788 om.
551 5712 595 5745 ³⁸
636 5713 1040 5788 μῄπωίτὴνΑε
1078 5709 1153 5788 μή
1177 5709 1288 5772 που
1325 5737 1386 5783 ς.

445 5722 477 5791 ξ.
551 5722 595 5745 ³⁸
636 5722 931 5795 μηπωμτὴν
953 5722 999 5769 Α
1026 5735 1052 5795 :_
1078 5722 1153 5788 μή
1184 5735 1421 5795 πουᾼςᾏ
1483 5722 1807 5795 ’έ-γίνεσθαι
1833 5728 1876 5779 Α
1906 5745 1919 5780 :
1948 5729 2156 5795 γίνεται
2189 5747 2249 5793 ς.

611 5777 717 5873 Δζξδ
743 5777 1000 5873 οὐδεμίαν
1031 5777 1444 5873 ὑπογραφῄνλΒ.
1519 5777 1653 5873 “Ida
2196 5777 2517 5873 μεγάλω-ᾗ.⁷

282 5858 581 5907 κατοικοῦσι
604 5868 715 5910 om.
743 5858 807 5910 Α.
882 5859 929 5891 ⁸⁸
963 5858 1261 5930 ἀγχιϐαθῆ]
1294 5858 1432 5931 βάθη
1470 5878 1551 5932 pr.
1591 5868 1659 5920 Δ.
1719 5858 2095 5939 ’³⁷’στεγνδὺς1
2125 5858 2342 5934 στένοὺς
2372 5858 2412 5920 Β

2348 5728 2393 5800 5°
2426 5730 2552 5800 libri
2578 5734 2899 5800 γινομένων.

3000 5736 3041 5764 ⁸¹
3079 5733 3352 5789 θάλατταν
3382 5754 3445 5800 ς’.

2972 5804 3025 5877 ff
3044 5805 3420 5877 ὑποκειμένων
3442 5836 3516 5853 υ·

2450 5885 2575 5925 cum
2611 5869 2847 5928 Dicdum
2870 5873 2924 5939 5,
2964 5874 3049 5930 15.
