  <div class='ocr_page' id='page_1' title='image "/cluster/home/n/w/nwhite01/storage/ocr_20150623/104/hvd.32044018872853/025.png"; bbox 0 0 4152 6424; ppageno 0'>
   <div class='ocr_carea' id='block_1_1' title="bbox 558 375 3834 451">
    <p class='ocr_par' dir='ltr' id='par_1_1' title="bbox 558 375 3834 451">
     <span class='ocr_line' id='line_1_1' title="bbox 558 375 3834 451; baseline -0.005 -1"><span class='ocrx_word' id='word_1_1' title='bbox 558 387 630 451; x_wconf 79' lang='lat'><strong>35</strong></span> <span class='ocrx_word' id='word_1_2' title='bbox 1718 382 1982 443; x_wconf 76' lang='lat' dir='ltr'>PHOTII</span> <span class='ocrx_word' id='word_1_3' title='bbox 2023 380 2533 441; x_wconf 76' lang='lat' dir='ltr'><strong>PATRIARCH/E</strong></span> <span class='ocrx_word' id='word_1_4' title='bbox 2573 380 2683 441; x_wconf 89' lang='lat' dir='ltr'><strong>CP.</strong></span> <span class='ocrx_word' id='word_1_5' title='bbox 3763 375 3834 435; x_wconf 72' lang='lat' dir='ltr'><strong>fili</strong></span> 
     </span>
    </p>
   </div>
   <div class='ocr_carea' id='block_1_2' title="bbox 558 489 2151 569">
    <p class='ocr_par' dir='ltr' id='par_1_2' title="bbox 558 496 2151 569">
     <span class='ocr_line' id='line_1_2' title="bbox 558 496 2151 569; baseline -0.004 -14"><span class='ocrx_word' id='word_1_6' title='bbox 558 512 611 555; x_wconf 84' lang='lat' dir='ltr'><strong>et</strong></span> <span class='ocrx_word' id='word_1_7' title='bbox 656 500 918 554; x_wconf 68' lang='lat' dir='ltr'><strong>cavit-.itcs</strong></span> <span class='ocrx_word' id='word_1_8' title='bbox 963 499 1164 554; x_wconf 79' lang='lat' dir='ltr'><strong>habent</strong></span> <span class='ocrx_word' id='word_1_9' title='bbox 1202 497 1547 569; x_wconf 85' lang='lat' dir='ltr'><strong>profundas,</strong></span> <span class='ocrx_word' id='word_1_10' title='bbox 1602 499 1989 566; x_wconf 83' lang='lat' dir='ltr'><strong>convallesque</strong></span> <span class='ocrx_word' id='word_1_11' title='bbox 2019 496 2151 550; x_wconf 84' lang='lat' dir='ltr'><strong>inae-</strong></span> 
     </span>
    </p>
   </div>
   <div class='ocr_carea' id='block_1_3' title="bbox 2258 489 3835 569">
    <p class='ocr_par' dir='ltr' id='par_1_3' title="bbox 2262 489 3835 566">
     <span class='ocr_line' id='line_1_3' title="bbox 2262 489 3835 566; baseline -0.002 -17"><span class='ocrx_word' id='word_1_12' title='bbox 2262 498 2399 566; x_wconf 83' lang='grc' dir='ltr'>πρὸς</span> <span class='ocrx_word' id='word_1_13' title='bbox 2445 496 2546 565; x_wconf 82' lang='grc' dir='ltr'>τὴν</span> <span class='ocrx_word' id='word_1_14' title='bbox 2594 494 2784 565; x_wconf 83' lang='grc' dir='ltr'>χρείαν</span> <span class='ocrx_word' id='word_1_15' title='bbox 2815 491 3192 563; x_wconf 80' lang='grc' dir='ltr'><strong>ὑποκειμένων</strong></span> <span class='ocrx_word' id='word_1_16' title='bbox 3221 489 3460 555; x_wconf 78' lang='grc' dir='ltr'><strong>οἰκείως,</strong></span> <span class='ocrx_word' id='word_1_17' title='bbox 3505 490 3835 562; x_wconf 77' lang='grc' dir='ltr'><strong>ἀναθέμενοι</strong></span> 
     </span>
    </p>
   </div>
   <div class='ocr_carea' id='block_1_4' title="bbox 559 586 2150 663">
    <p class='ocr_par' dir='ltr' id='par_1_4' title="bbox 559 586 2150 663">
     <span class='ocr_line' id='line_1_4' title="bbox 559 586 2150 663; baseline -0.003 -17"><span class='ocrx_word' id='word_1_18' title='bbox 559 595 785 663; x_wconf 86' lang='lat' dir='ltr'><strong>quales,</strong></span> <span class='ocrx_word' id='word_1_19' title='bbox 834 602 887 647; x_wconf 87' lang='lat' dir='ltr'><strong>ct</strong></span> <span class='ocrx_word' id='word_1_20' title='bbox 922 593 1237 661; x_wconf 70' lang='lat' dir='ltr'><strong>angustiora</strong></span> <span class='ocrx_word' id='word_1_21' title='bbox 1277 591 1531 646; x_wconf 65' lang='lat' dir='ltr'><strong>aestuaria</strong></span> <span class='ocrx_word' id='word_1_22' title='bbox 1558 629 1573 654; x_wconf 90' lang='lat'><strong>,</strong></span> <span class='ocrx_word' id='word_1_23' title='bbox 1620 598 1795 659; x_wconf 88' lang='lat' dir='ltr'><strong>atque</strong></span> <span class='ocrx_word' id='word_1_24' title='bbox 1826 586 2150 642; x_wconf 84' lang='lat' dir='ltr'><strong>diverticula</strong></span> 
     </span>
    </p>
   </div>
   <div class='ocr_carea' id='block_1_5' title="bbox 560 684 2154 755">
    <p class='ocr_par' dir='ltr' id='par_1_5' title="bbox 560 684 2154 755">
     <span class='ocr_line' id='line_1_5' title="bbox 560 684 2154 755; baseline -0.003 -16"><span class='ocrx_word' id='word_1_25' title='bbox 560 685 809 755; x_wconf 86' lang='lat' dir='ltr'><strong>obliqua,</strong></span> <span class='ocrx_word' id='word_1_26' title='bbox 840 700 1072 754; x_wconf 89' lang='lat' dir='ltr'><strong>quorum</strong></span> <span class='ocrx_word' id='word_1_27' title='bbox 1103 684 1242 739; x_wconf 89' lang='lat' dir='ltr'><strong>situs</strong></span> <span class='ocrx_word' id='word_1_28' title='bbox 1280 700 1404 738; x_wconf 92' lang='lat' dir='ltr'><strong>cum</strong></span> <span class='ocrx_word' id='word_1_29' title='bbox 1436 684 1502 738; x_wconf 89' lang='lat' dir='ltr'><strong>ad</strong></span> <span class='ocrx_word' id='word_1_30' title='bbox 1541 694 1674 738; x_wconf 82' lang='lat' dir='ltr'><strong>usus</strong></span> <span class='ocrx_word' id='word_1_31' title='bbox 1704 689 1827 751; x_wconf 89' lang='lat' dir='ltr'><strong>apte</strong></span> <span class='ocrx_word' id='word_1_32' title='bbox 1849 688 2154 751; x_wconf 89' lang='lat' dir='ltr'><strong>congruat,</strong></span> 
     </span>
    </p>
   </div>
   <div class='ocr_carea' id='block_1_6' title="bbox 563 770 2153 843">
    <p class='ocr_par' dir='ltr' id='par_1_6' title="bbox 563 770 2153 843">
     <span class='ocr_line' id='line_1_6' title="bbox 563 770 2153 843; baseline -0.004 -13"><span class='ocrx_word' id='word_1_33' title='bbox 563 778 727 831; x_wconf 85' lang='lat' dir='ltr'><strong>rudes</strong></span> <span class='ocrx_word' id='word_1_34' title='bbox 747 776 1000 831; x_wconf 78' lang='lat' dir='ltr'><strong>alicunde</strong></span> <span class='ocrx_word' id='word_1_35' title='bbox 1023 774 1229 843; x_wconf 80' lang='lat' dir='ltr'><strong>lapides</strong></span> <span class='ocrx_word' id='word_1_36' title='bbox 1247 773 1492 827; x_wconf 89' lang='lat' dir='ltr'><strong>sublatos</strong></span> <span class='ocrx_word' id='word_1_37' title='bbox 1519 773 1573 825; x_wconf 92' lang='lat' dir='ltr'><strong>in</strong></span> <span class='ocrx_word' id='word_1_38' title='bbox 1593 773 1819 826; x_wconf 85' lang='lat' dir='ltr'><strong>lacunas</strong></span> <span class='ocrx_word' id='word_1_39' title='bbox 1840 770 2153 825; x_wconf 88' lang='lat' dir='ltr'><strong>demittunt.</strong></span> 
     </span>
    </p>
   </div>
   <div class='ocr_carea' id='block_1_7' title="bbox 563 858 2154 935">
    <p class='ocr_par' dir='ltr' id='par_1_7' title="bbox 563 858 2154 935">
     <span class='ocr_line' id='line_1_7' title="bbox 563 858 2154 935; baseline -0.005 -15"><span class='ocrx_word' id='word_1_40' title='bbox 563 866 792 931; x_wconf 85' lang='lat' dir='ltr'><strong>Quando</strong></span> <span class='ocrx_word' id='word_1_41' title='bbox 828 866 993 935; x_wconf 77' lang='lat' dir='ltr'><strong>igitur</strong></span> <span class='ocrx_word' id='word_1_42' title='bbox 1027 874 1196 918; x_wconf 67' lang='lat' dir='ltr'><strong>mstus</strong></span> <span class='ocrx_word' id='word_1_43' title='bbox 1236 862 1411 932; x_wconf 82' lang='lat' dir='ltr'><strong>pelagi</strong></span> <span class='ocrx_word' id='word_1_44' title='bbox 1456 870 1612 915; x_wconf 67' lang='lat' dir='ltr'><strong>terrae</strong></span> <span class='ocrx_word' id='word_1_45' title='bbox 1659 876 1719 916; x_wconf 90' lang='lat' dir='ltr'><strong>se</strong></span> <span class='ocrx_word' id='word_1_46' title='bbox 1762 860 1925 914; x_wconf 92' lang='lat' dir='ltr'><strong>infert</strong></span> <span class='ocrx_word' id='word_1_47' title='bbox 1970 858 2154 929; x_wconf 66' lang='lat' dir='ltr'><strong>(fquod</strong></span> 
     </span>
    </p>
   </div>
   <div class='ocr_carea' id='block_1_8' title="bbox 564 954 2158 1027">
    <p class='ocr_par' dir='ltr' id='par_1_8' title="bbox 564 954 2158 1027">
     <span class='ocr_line' id='line_1_8' title="bbox 564 954 2158 1027; baseline -0.005 -14"><span class='ocrx_word' id='word_1_48' title='bbox 564 958 651 1013; x_wconf 90' lang='lat' dir='ltr'><strong>his</strong></span> <span class='ocrx_word' id='word_1_49' title='bbox 700 961 758 1012; x_wconf 83' lang='lat' dir='ltr'><strong>fit</strong></span> <span class='ocrx_word' id='word_1_50' title='bbox 801 972 1135 1027; x_wconf 88' lang='lat' dir='ltr'><strong>unoquoque</strong></span> <span class='ocrx_word' id='word_1_51' title='bbox 1179 956 1300 1021; x_wconf 90' lang='lat' dir='ltr'><strong>die,</strong></span> <span class='ocrx_word' id='word_1_52' title='bbox 1342 954 1561 1009; x_wconf 76' lang='lat' dir='ltr'><strong>circiter</strong></span> <span class='ocrx_word' id='word_1_53' title='bbox 1602 954 1794 1007; x_wconf 86' lang='lat' dir='ltr'><strong>horam</strong></span> <span class='ocrx_word' id='word_1_54' title='bbox 1868 967 2068 1006; x_wconf 91' lang='lat' dir='ltr'><strong>nonam</strong></span> <span class='ocrx_word' id='word_1_55' title='bbox 2102 960 2158 1005; x_wconf 91' lang='lat' dir='ltr'><strong>et</strong></span> 
     </span>
    </p>
   </div>
   <div class='ocr_carea' id='block_1_9' title="bbox 564 1035 2154 1120">
    <p class='ocr_par' dir='ltr' id='par_1_9' title="bbox 564 1035 2154 1120">
     <span class='ocr_line' id='line_1_9' title="bbox 564 1035 2154 1120; baseline -0.008 -17"><span class='ocrx_word' id='word_1_56' title='bbox 564 1048 760 1120; x_wconf 66' lang='lat' dir='ltr'><strong>mh</strong></span> <span class='ocrx_word' id='word_1_57' title='bbox 801 1047 1060 1118; x_wconf 91' lang='lat' dir='ltr'><strong>tertiam)</strong></span> <span class='ocrx_word' id='word_1_58' title='bbox 1102 1060 1251 1100; x_wconf 90' lang='lat' dir='ltr'><strong>mare</strong></span> <span class='ocrx_word' id='word_1_59' title='bbox 1297 1052 1468 1097; x_wconf 90' lang='lat' dir='ltr'><strong>totum</strong></span> <span class='ocrx_word' id='word_1_60' title='bbox 1509 1042 1753 1112; x_wconf 86' lang='lat' dir='ltr'><strong>cooperit</strong></span> <span class='ocrx_word' id='word_1_61' title='bbox 1788 1040 2051 1103; x_wconf 87' lang='lat' dir='ltr'><strong>dorsum,</strong></span> <span class='ocrx_word' id='word_1_62' title='bbox 2102 1035 2154 1090; x_wconf 97' lang='lat' dir='ltr'><strong>vi</strong></span> 
     </span>
    </p>
   </div>
   <div class='ocr_carea' id='block_1_10' title="bbox 565 1132 2155 1206">
    <p class='ocr_par' dir='ltr' id='par_1_10' title="bbox 565 1132 2155 1206">
     <span class='ocr_line' id='line_1_10' title="bbox 565 1132 2155 1206; baseline -0.006 -12"><span class='ocrx_word' id='word_1_63' title='bbox 565 1156 750 1194; x_wconf 86' lang='lat' dir='ltr'><strong>secum</strong></span> <span class='ocrx_word' id='word_1_64' title='bbox 783 1140 1081 1201; x_wconf 88' lang='lat' dir='ltr'><strong>adducens,</strong></span> <span class='ocrx_word' id='word_1_65' title='bbox 1112 1154 1180 1192; x_wconf 80' lang='lat' dir='ltr'><strong>ex</strong></span> <span class='ocrx_word' id='word_1_66' title='bbox 1216 1137 1427 1206; x_wconf 86' lang='lat' dir='ltr'><strong>gurgite</strong></span> <span class='ocrx_word' id='word_1_67' title='bbox 1452 1135 1519 1190; x_wconf 79' lang='lat' dir='ltr'><strong>ad</strong></span> <span class='ocrx_word' id='word_1_68' title='bbox 1551 1136 1703 1189; x_wconf 86' lang='lat' dir='ltr'><strong>littus</strong></span> <span class='ocrx_word' id='word_1_69' title='bbox 1726 1177 1740 1201; x_wconf 92' lang='lat'><strong>,</strong></span> <span class='ocrx_word' id='word_1_70' title='bbox 1774 1134 1939 1188; x_wconf 86' lang='lat' dir='ltr'><strong>etiam</strong></span> <span class='ocrx_word' id='word_1_71' title='bbox 1975 1132 2155 1201; x_wconf 85' lang='lat' dir='ltr'><strong>pisces</strong></span> 
     </span>
    </p>
   </div>
   <div class='ocr_carea' id='block_1_11' title="bbox 569 1229 2151 1301">
    <p class='ocr_par' dir='ltr' id='par_1_11' title="bbox 569 1229 2151 1301">
     <span class='ocr_line' id='line_1_11' title="bbox 569 1229 2151 1301; baseline -0.005 -16"><span class='ocrx_word' id='word_1_72' title='bbox 569 1248 677 1285; x_wconf 84' lang='lat' dir='ltr'><strong>non</strong></span> <span class='ocrx_word' id='word_1_73' title='bbox 717 1247 921 1301; x_wconf 82' lang='lat' dir='ltr'><strong>paucos</strong></span> <span class='ocrx_word' id='word_1_74' title='bbox 942 1272 956 1297; x_wconf 96' lang='lat'><strong>,</strong></span> <span class='ocrx_word' id='word_1_75' title='bbox 996 1231 1091 1300; x_wconf 89' lang='lat' dir='ltr'><strong>qui</strong></span> <span class='ocrx_word' id='word_1_76' title='bbox 1132 1232 1186 1285; x_wconf 89' lang='lat' dir='ltr'><strong>in</strong></span> <span class='ocrx_word' id='word_1_77' title='bbox 1218 1231 1491 1283; x_wconf 88' lang='lat' dir='ltr'><strong>maritima</strong></span> <span class='ocrx_word' id='word_1_78' title='bbox 1519 1229 1735 1283; x_wconf 87' lang='lat' dir='ltr'><strong>interim</strong></span> <span class='ocrx_word' id='word_1_79' title='bbox 1763 1243 1860 1282; x_wconf 88' lang='lat' dir='ltr'><strong>ora</strong></span> <span class='ocrx_word' id='word_1_80' title='bbox 1892 1232 2151 1291; x_wconf 88' lang='lat' dir='ltr'><strong>manent,</strong></span> 
     </span>
    </p>
   </div>
   <div class='ocr_carea' id='block_1_12' title="bbox 569 1317 2152 1401">
    <p class='ocr_par' dir='ltr' id='par_1_12' title="bbox 569 1317 2152 1401">
     <span class='ocr_line' id='line_1_12' title="bbox 569 1317 2152 1401; baseline -0.005 -24"><span class='ocrx_word' id='word_1_81' title='bbox 569 1335 755 1393; x_wconf 75' lang='lat' dir='ltr'><strong>pastus</strong></span> <span class='ocrx_word' id='word_1_82' title='bbox 781 1325 952 1393; x_wconf 77' lang='lat' dir='ltr'><strong>gratia</strong></span> <span class='ocrx_word' id='word_1_83' title='bbox 980 1324 1126 1378; x_wconf 86' lang='lat' dir='ltr'><strong>circa</strong></span> <span class='ocrx_word' id='word_1_84' title='bbox 1156 1337 1407 1401; x_wconf 68' lang='lat' dir='ltr'><strong>recessus</strong></span> <span class='ocrx_word' id='word_1_85' title='bbox 1438 1321 1558 1374; x_wconf 87' lang='lat' dir='ltr'><strong>illos</strong></span> <span class='ocrx_word' id='word_1_86' title='bbox 1590 1329 1645 1375; x_wconf 93' lang='lat' dir='ltr'><strong>et</strong></span> <span class='ocrx_word' id='word_1_87' title='bbox 1674 1334 1940 1376; x_wconf 87' lang='lat' dir='ltr'><strong>cavernas</strong></span> <span class='ocrx_word' id='word_1_88' title='bbox 1966 1317 2152 1386; x_wconf 90' lang='lat' dir='ltr'><strong>dispa-</strong></span> 
     </span>
    </p>
   </div>
   <div class='ocr_carea' id='block_1_13' title="bbox 568 1410 2154 1481">
    <p class='ocr_par' dir='ltr' id='par_1_13' title="bbox 568 1410 2154 1481">
     <span class='ocr_line' id='line_1_13' title="bbox 568 1410 2154 1481; baseline -0.006 -11"><span class='ocrx_word' id='word_1_89' title='bbox 568 1417 797 1470; x_wconf 86' lang='lat' dir='ltr'><strong>ciantes.</strong></span> <span class='ocrx_word' id='word_1_90' title='bbox 836 1415 971 1470; x_wconf 87' lang='lat' dir='ltr'><strong>Cum</strong></span> <span class='ocrx_word' id='word_1_91' title='bbox 1010 1430 1140 1468; x_wconf 86' lang='lat' dir='ltr'><strong>vere</strong></span> <span class='ocrx_word' id='word_1_92' title='bbox 1176 1424 1342 1468; x_wconf 65' lang='lat' dir='ltr'><strong>aestus</strong></span> <span class='ocrx_word' id='word_1_93' title='bbox 1378 1414 1547 1468; x_wconf 88' lang='lat' dir='ltr'><strong>maris</strong></span> <span class='ocrx_word' id='word_1_94' title='bbox 1584 1412 1874 1481; x_wconf 81' lang='lat' dir='ltr'><strong>retrofugit</strong></span> <span class='ocrx_word' id='word_1_95' title='bbox 1904 1450 1919 1473; x_wconf 86' lang='lat'><strong>,</strong></span> <span class='ocrx_word' id='word_1_96' title='bbox 1954 1410 2154 1463; x_wconf 85' lang='lat' dir='ltr'><strong>humor</strong></span> 
     </span>
    </p>
   </div>
   <div class='ocr_carea' id='block_1_14' title="bbox 567 1506 2152 1578">
    <p class='ocr_par' dir='ltr' id='par_1_14' title="bbox 567 1506 2152 1578">
     <span class='ocr_line' id='line_1_14' title="bbox 567 1506 2152 1578; baseline -0.004 -17"><span class='ocrx_word' id='word_1_97' title='bbox 567 1507 816 1578; x_wconf 86' lang='lat' dir='ltr'><strong>equidem</strong></span> <span class='ocrx_word' id='word_1_98' title='bbox 844 1522 939 1576; x_wconf 86' lang='lat' dir='ltr'><strong>per</strong></span> <span class='ocrx_word' id='word_1_99' title='bbox 966 1508 1176 1576; x_wconf 89' lang='lat' dir='ltr'><strong>lapides</strong></span> <span class='ocrx_word' id='word_1_100' title='bbox 1211 1517 1266 1562; x_wconf 92' lang='lat' dir='ltr'><strong>et</strong></span> <span class='ocrx_word' id='word_1_101' title='bbox 1303 1508 1481 1563; x_wconf 88' lang='lat' dir='ltr'><strong>fossas</strong></span> <span class='ocrx_word' id='word_1_102' title='bbox 1504 1506 1570 1560; x_wconf 86' lang='lat' dir='ltr'><strong>ad</strong></span> <span class='ocrx_word' id='word_1_103' title='bbox 1600 1506 1893 1559; x_wconf 90' lang='lat' dir='ltr'><strong>humiliora</strong></span> <span class='ocrx_word' id='word_1_104' title='bbox 1936 1512 1990 1557; x_wconf 91' lang='lat' dir='ltr'><strong>et</strong></span> <span class='ocrx_word' id='word_1_105' title='bbox 2030 1517 2152 1555; x_wconf 82' lang='lat' dir='ltr'><strong>ver-</strong></span> 
     </span>
    </p>
   </div>
   <div class='ocr_carea' id='block_1_15' title="bbox 567 1591 2154 1671">
    <p class='ocr_par' dir='ltr' id='par_1_15' title="bbox 567 1591 2154 1671">
     <span class='ocr_line' id='line_1_15' title="bbox 567 1591 2154 1671; baseline -0.006 -16"><span class='ocrx_word' id='word_1_106' title='bbox 567 1602 743 1671; x_wconf 87' lang='lat' dir='ltr'><strong>gentia</strong></span> <span class='ocrx_word' id='word_1_107' title='bbox 786 1601 903 1655; x_wconf 88' lang='lat' dir='ltr'><strong>loca</strong></span> <span class='ocrx_word' id='word_1_108' title='bbox 936 1600 1151 1662; x_wconf 83' lang='lat' dir='ltr'><strong>reﬂuit,</strong></span> <span class='ocrx_word' id='word_1_109' title='bbox 1189 1608 1245 1653; x_wconf 92' lang='lat' dir='ltr'><strong>at</strong></span> <span class='ocrx_word' id='word_1_110' title='bbox 1274 1601 1455 1670; x_wconf 81' lang='lat' dir='ltr'><strong>pisces</strong></span> <span class='ocrx_word' id='word_1_111' title='bbox 1501 1600 1554 1653; x_wconf 91' lang='lat' dir='ltr'><strong>in</strong></span> <span class='ocrx_word' id='word_1_112' title='bbox 1605 1598 1932 1653; x_wconf 88' lang='lat' dir='ltr'><strong>cavitatibus</strong></span> <span class='ocrx_word' id='word_1_113' title='bbox 1980 1591 2154 1648; x_wconf 90' lang='lat' dir='ltr'><strong>relicti</strong></span> 
     </span>
    </p>
   </div>
   <div class='ocr_carea' id='block_1_16' title="bbox 568 1686 2152 1763">
    <p class='ocr_par' dir='ltr' id='par_1_16' title="bbox 568 1686 2152 1763">
     <span class='ocr_line' id='line_1_16' title="bbox 568 1686 2152 1763; baseline -0.004 -18"><span class='ocrx_word' id='word_1_114' title='bbox 568 1704 809 1762; x_wconf 89' lang='lat' dir='ltr'><strong>paratam</strong></span> <span class='ocrx_word' id='word_1_115' title='bbox 860 1692 1273 1763; x_wconf 82' lang='lat' dir='ltr'><strong>iclithyophagis</strong></span> <span class='ocrx_word' id='word_1_116' title='bbox 1323 1692 1669 1746; x_wconf 77' lang='lat' dir='ltr'><strong>venationem</strong></span> <span class='ocrx_word' id='word_1_117' title='bbox 1728 1699 1782 1745; x_wconf 90' lang='lat' dir='ltr'><strong>et</strong></span> <span class='ocrx_word' id='word_1_118' title='bbox 1831 1686 2152 1742; x_wconf 88' lang='lat' dir='ltr'><strong>alimoniam</strong></span> 
     </span>
    </p>
   </div>
   <div class='ocr_carea' id='block_1_17' title="bbox 567 1781 2150 1856">
    <p class='ocr_par' dir='ltr' id='par_1_17' title="bbox 567 1781 2150 1856">
     <span class='ocr_line' id='line_1_17' title="bbox 567 1781 2150 1856; baseline -0.004 -17"><span class='ocrx_word' id='word_1_119' title='bbox 567 1784 867 1841; x_wconf 82' lang='lat' dir='ltr'><strong>sufficiunt.</strong></span> <span class='ocrx_word' id='word_1_120' title='bbox 905 1785 1008 1839; x_wconf 86' lang='lat' dir='ltr'><strong>Alii</strong></span> <span class='ocrx_word' id='word_1_121' title='bbox 1039 1785 1258 1856; x_wconf 88' lang='lat' dir='ltr'><strong>quidem</strong></span> <span class='ocrx_word' id='word_1_122' title='bbox 1294 1786 1497 1855; x_wconf 85' lang='lat' dir='ltr'><strong>pisces,</strong></span> <span class='ocrx_word' id='word_1_123' title='bbox 1525 1792 1584 1839; x_wconf 87' lang='lat' dir='ltr'><strong>ut</strong></span> <span class='ocrx_word' id='word_1_124' title='bbox 1611 1784 1721 1838; x_wconf 78' lang='lat' dir='ltr'><strong>dixi</strong></span> <span class='ocrx_word' id='word_1_125' title='bbox 1749 1824 1765 1850; x_wconf 90' lang='lat'><strong>,</strong></span> <span class='ocrx_word' id='word_1_126' title='bbox 1799 1781 1946 1837; x_wconf 80' lang='lat' dir='ltr'><strong>facili</strong></span> <span class='ocrx_word' id='word_1_127' title='bbox 1972 1789 2150 1835; x_wconf 82' lang='lat' dir='ltr'><strong>certa—</strong></span> 
     </span>
    </p>
   </div>
   <div class='ocr_carea' id='block_1_18' title="bbox 2259 581 3837 658">
    <p class='ocr_par' dir='ltr' id='par_1_18' title="bbox 2259 581 3837 658">
     <span class='ocr_line' id='line_1_18' title="bbox 2259 581 3837 658; baseline -0.003 -17"><span class='ocrx_word' id='word_1_128' title='bbox 2259 588 2495 658; x_wconf 86' lang='grc' dir='ltr'>πέτρους</span> <span class='ocrx_word' id='word_1_129' title='bbox 2541 587 2875 653; x_wconf 83' lang='grc' dir='ltr'>αύτοπαγεῖς</span> <span class='ocrx_word' id='word_1_130' title='bbox 2922 583 3017 636; x_wconf 75' lang='grc' dir='ltr'>ἐπὶ</span> <span class='ocrx_word' id='word_1_131' title='bbox 3065 583 3168 653; x_wconf 79' lang='grc' dir='ltr'><strong>τῆς</strong></span> <span class='ocrx_word' id='word_1_132' title='bbox 3210 581 3420 647; x_wconf 81' lang='grc' dir='ltr'>κοιλίας</span> <span class='ocrx_word' id='word_1_133' title='bbox 3471 583 3635 637; x_wconf 78' lang='grc' dir='ltr'>οἱονεί</span> <span class='ocrx_word' id='word_1_134' title='bbox 3680 601 3837 646; x_wconf 88' lang='grc' dir='ltr'>τινας</span> 
     </span>
    </p>
   </div>
   <div class='ocr_carea' id='block_1_19' title="bbox 2256 674 3834 750">
    <p class='ocr_par' dir='ltr' id='par_1_19' title="bbox 2256 674 3834 750">
     <span class='ocr_line' id='line_1_19' title="bbox 2256 674 3834 750; baseline -0.004 -16"><span class='ocrx_word' id='word_1_135' title='bbox 2256 678 2506 750; x_wconf 87' lang='grc' dir='ltr'>ἀραιούς.</span> <span class='ocrx_word' id='word_1_136' title='bbox 2542 679 2714 731; x_wconf 89' lang='grc' dir='ltr'>Ὅταν</span> <span class='ocrx_word' id='word_1_137' title='bbox 2743 676 2836 730; x_wconf 79' lang='grc' dir='ltr'><strong>οὖν</strong></span> <span class='ocrx_word' id='word_1_138' title='bbox 2880 676 2944 730; x_wconf 89' lang='grc' dir='ltr'><strong>ἐκ</strong></span> <span class='ocrx_word' id='word_1_139' title='bbox 2978 674 3251 744; x_wconf 80' lang='grc' dir='ltr'>πελάγους</span> <span class='ocrx_word' id='word_1_140' title='bbox 3295 675 3329 745; x_wconf 80' lang='grc' dir='ltr'><strong>ἡ</strong></span> <span class='ocrx_word' id='word_1_141' title='bbox 3377 674 3707 747; x_wconf 67' lang='grc' dir='ltr'>πλημμυρὶς</span> <span class='ocrx_word' id='word_1_142' title='bbox 3741 675 3834 727; x_wconf 78' lang='grc' dir='ltr'><strong>ἐπὶ</strong></span> 
     </span>
    </p>
   </div>
   <div class='ocr_carea' id='block_1_20' title="bbox 2256 767 3838 846">
    <p class='ocr_par' dir='ltr' id='par_1_20' title="bbox 2256 767 3838 846">
     <span class='ocr_line' id='line_1_20' title="bbox 2256 767 3838 846; baseline -0.006 -18"><span class='ocrx_word' id='word_1_143' title='bbox 2256 774 2353 846; x_wconf 82' lang='grc' dir='ltr'>τὴν</span> <span class='ocrx_word' id='word_1_144' title='bbox 2381 775 2575 845; x_wconf 86' lang='grc' dir='ltr'>χέρσον</span> <span class='ocrx_word' id='word_1_145' title='bbox 2599 770 2881 843; x_wconf 81' lang='grc' dir='ltr'>φέροιτο(ὃ</span> <span class='ocrx_word' id='word_1_146' title='bbox 2898 773 3038 823; x_wconf 83' lang='grc' dir='ltr'>ποιεῖ</span> <span class='ocrx_word' id='word_1_147' title='bbox 3059 770 3139 833; x_wconf 69' lang='grc' dir='ltr'><strong>δὶς</strong></span> <span class='ocrx_word' id='word_1_148' title='bbox 3165 768 3405 839; x_wconf 76' lang='grc' dir='ltr'>ἑκάστης</span> <span class='ocrx_word' id='word_1_149' title='bbox 3424 769 3662 839; x_wconf 84' lang='grc' dir='ltr'>ἡμέρας,</span> <span class='ocrx_word' id='word_1_150' title='bbox 3697 767 3838 838; x_wconf 85' lang='grc' dir='ltr'>πρὸς</span> 
     </span>
    </p>
   </div>
   <div class='ocr_carea' id='block_1_21' title="bbox 2256 860 3837 938">
    <p class='ocr_par' dir='ltr' id='par_1_21' title="bbox 2256 860 3837 938">
     <span class='ocr_line' id='line_1_21' title="bbox 2256 860 3837 938; baseline -0.006 -17"><span class='ocrx_word' id='word_1_151' title='bbox 2256 866 2407 938; x_wconf 85' lang='grc' dir='ltr'>ῶραν</span> <span class='ocrx_word' id='word_1_152' title='bbox 2436 866 2633 937; x_wconf 81' lang='grc' dir='ltr'>ἐνάτην</span> <span class='ocrx_word' id='word_1_153' title='bbox 2661 882 2720 917; x_wconf 85' lang='grc' dir='ltr'><strong>τε</strong></span> <span class='ocrx_word' id='word_1_154' title='bbox 2743 864 2789 896; x_wconf 73' lang='grc'><strong>⁵⁸</strong></span> <span class='ocrx_word' id='word_1_155' title='bbox 2816 865 2910 917; x_wconf 79' lang='grc' dir='ltr'><strong>καὶ</strong></span> <span class='ocrx_word' id='word_1_156' title='bbox 2932 862 3222 934; x_wconf 79' lang='grc' dir='ltr'>τρίτην),ὴ</span> <span class='ocrx_word' id='word_1_157' title='bbox 3258 860 3357 931; x_wconf 84' lang='grc' dir='ltr'><strong>μὲν</strong></span> <span class='ocrx_word' id='word_1_158' title='bbox 3387 860 3624 914; x_wconf 78' lang='grc' dir='ltr'><strong>Θάλαττα</strong></span> <span class='ocrx_word' id='word_1_159' title='bbox 3653 861 3837 913; x_wconf 82' lang='grc' dir='ltr'>πᾶσαν</span> 
     </span>
    </p>
   </div>
   <div class='ocr_carea' id='block_1_22' title="bbox 2256 951 3834 1032">
    <p class='ocr_par' dir='ltr' id='par_1_22' title="bbox 2256 951 3834 1032">
     <span class='ocr_line' id='line_1_22' title="bbox 2256 951 3834 1032; baseline -0.005 -19"><span class='ocrx_word' id='word_1_160' title='bbox 2256 960 2355 1032; x_wconf 86' lang='grc' dir='ltr'><strong>τὴν</strong></span> <span class='ocrx_word' id='word_1_161' title='bbox 2389 959 2583 1030; x_wconf 81' lang='grc' dir='ltr'>ῥαχίαν</span> <span class='ocrx_word' id='word_1_162' title='bbox 2618 956 3003 1019; x_wconf 84' lang='grc' dir='ltr'>ἐπικαλύπτει,</span> <span class='ocrx_word' id='word_1_163' title='bbox 3054 954 3449 1020; x_wconf 87' lang='grc' dir='ltr'>συναπάγουσα</span> <span class='ocrx_word' id='word_1_164' title='bbox 3499 955 3565 1006; x_wconf 87' lang='grc' dir='ltr'><strong>ἐκ</strong></span> <span class='ocrx_word' id='word_1_165' title='bbox 3595 951 3690 1006; x_wconf 88' lang='grc' dir='ltr'><strong>τοῦ</strong></span> <span class='ocrx_word' id='word_1_166' title='bbox 3732 955 3834 1006; x_wconf 89' lang='grc' dir='ltr'>πό-</span> 
     </span>
    </p>
   </div>
   <div class='ocr_carea' id='block_1_23' title="bbox 2260 1044 3836 1124">
    <p class='ocr_par' dir='ltr' id='par_1_23' title="bbox 2260 1044 3836 1124">
     <span class='ocr_line' id='line_1_23' title="bbox 2260 1044 3836 1124; baseline -0.006 -19"><span class='ocrx_word' id='word_1_167' title='bbox 2260 1070 2354 1124; x_wconf 90' lang='grc' dir='ltr'><strong>ρου</strong></span> <span class='ocrx_word' id='word_1_168' title='bbox 2370 1052 2414 1083; x_wconf 68' lang='grc'><strong>⁸⁸</strong></span> <span class='ocrx_word' id='word_1_169' title='bbox 2446 1052 2583 1122; x_wconf 79' lang='grc' dir='ltr'>πρὸς</span> <span class='ocrx_word' id='word_1_170' title='bbox 2610 1050 2712 1120; x_wconf 81' lang='grc' dir='ltr'>τὴν</span> <span class='ocrx_word' id='word_1_171' title='bbox 2740 1049 2876 1120; x_wconf 75' lang='grc' dir='ltr'>ᾐόνα</span> <span class='ocrx_word' id='word_1_172' title='bbox 2922 1049 3017 1119; x_wconf 79' lang='grc' dir='ltr'><strong>βίᾳ</strong></span> <span class='ocrx_word' id='word_1_173' title='bbox 3062 1047 3158 1100; x_wconf 75' lang='grc' dir='ltr'><strong>καὶ</strong></span> <span class='ocrx_word' id='word_1_174' title='bbox 3186 1047 3293 1098; x_wconf 91' lang='grc' dir='ltr'><strong>τῶν</strong></span> <span class='ocrx_word' id='word_1_175' title='bbox 3328 1044 3528 1115; x_wconf 88' lang='grc' dir='ltr'>ίχθύων</span> <span class='ocrx_word' id='word_1_176' title='bbox 3576 1044 3678 1097; x_wconf 81' lang='grc' dir='ltr'><strong>οὐκ</strong></span> <span class='ocrx_word' id='word_1_177' title='bbox 3721 1044 3836 1097; x_wconf 87' lang='grc' dir='ltr'>όλί-</span> 
     </span>
    </p>
   </div>
   <div class='ocr_carea' id='block_1_24' title="bbox 2256 1137 3835 1213">
    <p class='ocr_par' dir='ltr' id='par_1_24' title="bbox 2256 1137 3835 1213">
     <span class='ocr_line' id='line_1_24' title="bbox 2256 1137 3835 1213; baseline -0.006 -15"><span class='ocrx_word' id='word_1_178' title='bbox 2256 1161 2423 1213; x_wconf 87' lang='grc' dir='ltr'>γους,</span> <span class='ocrx_word' id='word_1_179' title='bbox 2462 1142 2511 1197; x_wconf 80' lang='grc' dir='ltr'>οἳ</span> <span class='ocrx_word' id='word_1_180' title='bbox 2569 1145 2707 1204; x_wconf 85' lang='grc' dir='ltr'>τέως</span> <span class='ocrx_word' id='word_1_181' title='bbox 2760 1141 2859 1212; x_wconf 80' lang='grc' dir='ltr'>μὲν</span> <span class='ocrx_word' id='word_1_182' title='bbox 2888 1142 2948 1193; x_wconf 84' lang='grc' dir='ltr'><strong>ἐν</strong></span> <span class='ocrx_word' id='word_1_183' title='bbox 2972 1143 3037 1210; x_wconf 83' lang='grc' dir='ltr'>τῇ</span> <span class='ocrx_word' id='word_1_184' title='bbox 3071 1137 3316 1209; x_wconf 75' lang='grc' dir='ltr'>παραλίᾳ</span> <span class='ocrx_word' id='word_1_185' title='bbox 3364 1138 3617 1207; x_wconf 84' lang='grc' dir='ltr'>μένουσι,</span> <span class='ocrx_word' id='word_1_186' title='bbox 3662 1137 3835 1206; x_wconf 79' lang='grc' dir='ltr'>νομῆς</span> 
     </span>
    </p>
   </div>
   <div class='ocr_carea' id='block_1_25' title="bbox 2256 1224 3835 1309">
    <p class='ocr_par' dir='ltr' id='par_1_25' title="bbox 2256 1224 3835 1309">
     <span class='ocr_line' id='line_1_25' title="bbox 2256 1224 3835 1309; baseline -0.007 -17"><span class='ocrx_word' id='word_1_187' title='bbox 2256 1238 2420 1309; x_wconf 85' lang='grc' dir='ltr'>χάριν</span> <span class='ocrx_word' id='word_1_188' title='bbox 2452 1236 2800 1305; x_wconf 87' lang='grc' dir='ltr'>πλανώμενοι</span> <span class='ocrx_word' id='word_1_189' title='bbox 2841 1233 2970 1303; x_wconf 79' lang='grc' dir='ltr'>περὶ</span> <span class='ocrx_word' id='word_1_190' title='bbox 3000 1233 3099 1295; x_wconf 75' lang='grc' dir='ltr'>τὰς</span> <span class='ocrx_word' id='word_1_191' title='bbox 3133 1232 3422 1295; x_wconf 83' lang='grc' dir='ltr'><strong>ὑποδύσεις</strong></span> <span class='ocrx_word' id='word_1_192' title='bbox 3442 1247 3456 1263; x_wconf 81' lang='grc' dir='ltr'><strong>ο</strong></span> <span class='ocrx_word' id='word_1_193' title='bbox 3490 1231 3628 1282; x_wconf 78' lang='grc' dir='ltr'>ἐπὰν</span> <span class='ocrx_word' id='word_1_194' title='bbox 3657 1229 3712 1282; x_wconf 87' lang='grc' dir='ltr'><strong>δέ</strong></span> <span class='ocrx_word' id='word_1_195' title='bbox 3737 1224 3835 1282; x_wconf 83' lang='grc' dir='ltr'>αῦ-</span> 
     </span>
    </p>
   </div>
   <div class='ocr_carea' id='block_1_26' title="bbox 2257 1324 3836 1399">
    <p class='ocr_par' dir='ltr' id='par_1_26' title="bbox 2257 1324 3836 1399">
     <span class='ocr_line' id='line_1_26' title="bbox 2257 1324 3836 1399; baseline -0.005 -15"><span class='ocrx_word' id='word_1_196' title='bbox 2257 1331 2339 1393; x_wconf 91' lang='grc' dir='ltr'><strong>θις</strong></span> <span class='ocrx_word' id='word_1_197' title='bbox 2369 1328 2574 1399; x_wconf 80' lang='grc' dir='ltr'>ἀναδύῃ</span> <span class='ocrx_word' id='word_1_198' title='bbox 2605 1329 2666 1380; x_wconf 88' lang='grc' dir='ltr'><strong>τὸ</strong></span> <span class='ocrx_word' id='word_1_199' title='bbox 2695 1327 2795 1397; x_wconf 84' lang='grc' dir='ltr'>τῆς</span> <span class='ocrx_word' id='word_1_200' title='bbox 2825 1325 3156 1397; x_wconf 80' lang='grc' dir='ltr'><strong>ἀμπώτεως,</strong></span> <span class='ocrx_word' id='word_1_201' title='bbox 3186 1324 3248 1377; x_wconf 83' lang='grc' dir='ltr'><strong>τδ</strong></span> <span class='ocrx_word' id='word_1_202' title='bbox 3278 1325 3378 1391; x_wconf 90' lang='grc' dir='ltr'><strong>μέν</strong></span> <span class='ocrx_word' id='word_1_203' title='bbox 3401 1324 3566 1396; x_wconf 78' lang='grc' dir='ltr'>ὑγρὸν</span> <span class='ocrx_word' id='word_1_204' title='bbox 3600 1325 3688 1378; x_wconf 80' lang='grc' dir='ltr'>διὰ</span> <span class='ocrx_word' id='word_1_205' title='bbox 3727 1326 3836 1376; x_wconf 86' lang='grc' dir='ltr'><strong>τῶν</strong></span> 
     </span>
    </p>
   </div>
   <div class='ocr_carea' id='block_1_27' title="bbox 2255 1418 3836 1491">
    <p class='ocr_par' dir='ltr' id='par_1_27' title="bbox 2255 1418 3836 1491">
     <span class='ocr_line' id='line_1_27' title="bbox 2255 1418 3836 1491; baseline -0.006 -14"><span class='ocrx_word' id='word_1_206' title='bbox 2255 1423 2418 1477; x_wconf 83' lang='grc' dir='ltr'>λίθων</span> <span class='ocrx_word' id='word_1_207' title='bbox 2450 1424 2546 1476; x_wconf 74' lang='grc' dir='ltr'><strong>καὶ</strong></span> <span class='ocrx_word' id='word_1_208' title='bbox 2573 1422 2683 1475; x_wconf 87' lang='grc' dir='ltr'><strong>τῶν</strong></span> <span class='ocrx_word' id='word_1_209' title='bbox 2717 1420 3023 1491; x_wconf 81' lang='grc' dir='ltr'>φαράγγων</span> <span class='ocrx_word' id='word_1_210' title='bbox 3087 1420 3323 1490; x_wconf 74' lang='grc' dir='ltr'>ἀπορρεῖ</span> <span class='ocrx_word' id='word_1_211' title='bbox 3373 1420 3451 1478; x_wconf 87' lang='grc' dir='ltr'>εἰς</span> <span class='ocrx_word' id='word_1_212' title='bbox 3480 1418 3570 1471; x_wconf 80' lang='grc' dir='ltr'><strong>τὸν</strong></span> <span class='ocrx_word' id='word_1_213' title='bbox 3596 1418 3836 1485; x_wconf 83' lang='grc' dir='ltr'>ἐπιφερῆ</span> 
     </span>
    </p>
   </div>
   <div class='ocr_carea' id='block_1_28' title="bbox 2256 1506 3838 1581">
    <p class='ocr_par' dir='ltr' id='par_1_28' title="bbox 2256 1506 3838 1581">
     <span class='ocr_line' id='line_1_28' title="bbox 2256 1506 3838 1581; baseline -0.006 -13"><span class='ocrx_word' id='word_1_214' title='bbox 2256 1517 2350 1569; x_wconf 71' lang='grc' dir='ltr'><strong>καὶ</strong></span> <span class='ocrx_word' id='word_1_215' title='bbox 2381 1515 2775 1581; x_wconf 84' lang='grc' dir='ltr'>κατεπείγοντα</span> <span class='ocrx_word' id='word_1_216' title='bbox 2805 1513 2993 1577; x_wconf 86' lang='grc' dir='ltr'>τόπον,</span> <span class='ocrx_word' id='word_1_217' title='bbox 3026 1512 3075 1564; x_wconf 80' lang='lat' dir='ltr'><strong>oi</strong></span> <span class='ocrx_word' id='word_1_218' title='bbox 3128 1511 3171 1563; x_wconf 81' lang='grc' dir='ltr'>δ’</span> <span class='ocrx_word' id='word_1_219' title='bbox 3216 1509 3397 1579; x_wconf 81' lang='grc' dir='ltr'>ἰχθύες</span> <span class='ocrx_word' id='word_1_220' title='bbox 3421 1511 3479 1562; x_wconf 83' lang='grc' dir='ltr'><strong>ἐν</strong></span> <span class='ocrx_word' id='word_1_221' title='bbox 3503 1511 3616 1571; x_wconf 87' lang='grc' dir='ltr'>τοῖς</span> <span class='ocrx_word' id='word_1_222' title='bbox 3641 1506 3838 1561; x_wconf 80' lang='grc' dir='ltr'>κοιλώ-</span> 
     </span>
    </p>
   </div>
   <div class='ocr_carea' id='block_1_29' title="bbox 2260 1599 3839 1677">
    <p class='ocr_par' dir='ltr' id='par_1_29' title="bbox 2260 1599 3839 1677">
     <span class='ocr_line' id='line_1_29' title="bbox 2260 1599 3839 1677; baseline -0.006 -17"><span class='ocrx_word' id='word_1_223' title='bbox 2260 1624 2425 1677; x_wconf 87' lang='grc' dir='ltr'>μασιν</span> <span class='ocrx_word' id='word_1_224' title='bbox 2453 1605 2872 1674; x_wconf 79' lang='grc' dir='ltr'>ὑπολειπόμενοι</span> <span class='ocrx_word' id='word_1_225' title='bbox 2897 1603 3118 1673; x_wconf 74' lang='grc' dir='ltr'>ἕτοιμον</span> <span class='ocrx_word' id='word_1_226' title='bbox 3151 1602 3377 1672; x_wconf 82' lang='grc' dir='ltr'>θήραμα</span> <span class='ocrx_word' id='word_1_227' title='bbox 3414 1600 3508 1653; x_wconf 73' lang='grc' dir='ltr'><strong>καὶ</strong></span> <span class='ocrx_word' id='word_1_228' title='bbox 3541 1601 3719 1671; x_wconf 82' lang='grc' dir='ltr'>τροφὴ</span> <span class='ocrx_word' id='word_1_229' title='bbox 3751 1599 3839 1668; x_wconf 75' lang='grc' dir='ltr'>γίο</span> 
     </span>
    </p>
   </div>
   <div class='ocr_carea' id='block_1_30' title="bbox 2255 1691 3837 1768">
    <p class='ocr_par' dir='ltr' id='par_1_30' title="bbox 2255 1691 3837 1768">
     <span class='ocr_line' id='line_1_30' title="bbox 2255 1691 3837 1768; baseline -0.004 -17"><span class='ocrx_word' id='word_1_230' title='bbox 2255 1699 2502 1753; x_wconf 83' lang='grc' dir='ltr'>νονται⁸⁰</span> <span class='ocrx_word' id='word_1_231' title='bbox 2545 1699 2657 1758; x_wconf 84' lang='grc' dir='ltr'>τοῖς</span> <span class='ocrx_word' id='word_1_232' title='bbox 2693 1695 2823 1768; x_wconf 82' lang='lat'><strong>[7&#39;50</strong></span> <span class='ocrx_word' id='word_1_233' title='bbox 2873 1694 2968 1767; x_wconf 79' lang='lat' dir='ltr'><strong>IL]</strong></span> <span class='ocrx_word' id='word_1_234' title='bbox 3014 1694 3385 1764; x_wconf 80' lang='grc' dir='ltr'>ίχθυοφάγοις.</span> <span class='ocrx_word' id='word_1_235' title='bbox 3428 1691 3571 1745; x_wconf 81' lang='grc' dir='ltr'>Ἀλλ’</span> <span class='ocrx_word' id='word_1_236' title='bbox 3624 1694 3673 1745; x_wconf 92' lang='grc' dir='ltr'><strong>οί</strong></span> <span class='ocrx_word' id='word_1_237' title='bbox 3736 1692 3837 1762; x_wconf 81' lang='grc' dir='ltr'><strong>μὲν</strong></span> 
     </span>
    </p>
   </div>
   <div class='ocr_carea' id='block_1_31' title="bbox 2256 1784 3832 1860">
    <p class='ocr_par' dir='ltr' id='par_1_31' title="bbox 2256 1784 3832 1860">
     <span class='ocr_line' id='line_1_31' title="bbox 2256 1784 3832 1860; baseline -0.006 -14"><span class='ocrx_word' id='word_1_238' title='bbox 2256 1791 2406 1846; x_wconf 84' lang='grc' dir='ltr'>ἄλλοι</span> <span class='ocrx_word' id='word_1_239' title='bbox 2436 1788 2619 1860; x_wconf 88' lang='grc' dir='ltr'>ίχθύες</span> <span class='ocrx_word' id='word_1_240' title='bbox 2647 1790 2744 1859; x_wconf 86' lang='grc' dir='ltr'><strong>(ὡς</strong></span> <span class='ocrx_word' id='word_1_241' title='bbox 2770 1790 2984 1859; x_wconf 76' lang='grc' dir='ltr'>ἔφημεν</span> <span class='ocrx_word' id='word_1_242' title='bbox 3009 1788 3026 1858; x_wconf 86' lang='grc'>)</span> <span class='ocrx_word' id='word_1_243' title='bbox 3059 1787 3302 1849; x_wconf 77' lang='grc' dir='ltr'>εὐπετῶς</span> <span class='ocrx_word' id='word_1_244' title='bbox 3337 1784 3832 1853; x_wconf 76' lang='grc' dir='ltr'>καταγωνίζονται·</span> 
     </span>
    </p>
   </div>
   <div class='ocr_carea' id='block_1_32' title="bbox 568 1850 2151 1951">
    <p class='ocr_par' dir='ltr' id='par_1_32' title="bbox 568 1850 2147 1947">
     <span class='ocr_line' id='line_1_32' title="bbox 568 1850 2147 1947; baseline -0.003 -17"><span class='ocrx_word' id='word_1_245' title='bbox 568 1878 715 1931; x_wconf 90' lang='lat' dir='ltr'><strong>mine</strong></span> <span class='ocrx_word' id='word_1_246' title='bbox 736 1850 1086 1947; x_wconf 71' lang='lat' dir='ltr'><strong>subiguntur.</strong></span> <span class='ocrx_word' id='word_1_247' title='bbox 1118 1878 1188 1931; x_wconf 86' lang='lat' dir='ltr'><strong>At</strong></span> <span class='ocrx_word' id='word_1_248' title='bbox 1222 1850 1347 1932; x_wconf 78' lang='lat' dir='ltr'><strong>cum</strong></span> <span class='ocrx_word' id='word_1_249' title='bbox 1386 1850 1509 1932; x_wconf 86' lang='lat' dir='ltr'><strong>sors</strong></span> <span class='ocrx_word' id='word_1_250' title='bbox 1537 1876 1693 1931; x_wconf 71' lang='lat' dir='ltr'><strong>offert</strong></span> <span class='ocrx_word' id='word_1_251' title='bbox 1725 1891 1889 1930; x_wconf 88' lang='lat' dir='ltr'><strong>canes</strong></span> <span class='ocrx_word' id='word_1_252' title='bbox 1926 1884 1981 1928; x_wconf 90' lang='lat' dir='ltr'><strong>et</strong></span> <span class='ocrx_word' id='word_1_253' title='bbox 2009 1873 2147 1943; x_wconf 93' lang='lat' dir='ltr'><strong>pho-</strong></span> 
     </span>
    </p>
   </div>
   <div class='ocr_carea' id='block_1_33' title="bbox 2258 1850 3837 1951">
    <p class='ocr_par' dir='ltr' id='par_1_33' title="bbox 2258 1874 3837 1951">
     <span class='ocr_line' id='line_1_33' title="bbox 2258 1874 3837 1951; baseline -0.004 -18"><span class='ocrx_word' id='word_1_254' title='bbox 2258 1883 2392 1935; x_wconf 81' lang='grc' dir='ltr'>ἐπὰν</span> <span class='ocrx_word' id='word_1_255' title='bbox 2425 1882 2469 1934; x_wconf 85' lang='grc' dir='ltr'>δ’</span> <span class='ocrx_word' id='word_1_256' title='bbox 2503 1880 2787 1951; x_wconf 80' lang='grc' dir='ltr'>ἐμπέσωσι</span> <span class='ocrx_word' id='word_1_257' title='bbox 2806 1880 2847 1911; x_wconf 81' lang='grc'>⁸¹</span> <span class='ocrx_word' id='word_1_258' title='bbox 2878 1878 3037 1940; x_wconf 84' lang='grc' dir='ltr'>κύνες</span> <span class='ocrx_word' id='word_1_259' title='bbox 3066 1895 3126 1930; x_wconf 92' lang='grc' dir='ltr'><strong>τε</strong></span> <span class='ocrx_word' id='word_1_260' title='bbox 3158 1877 3252 1929; x_wconf 72' lang='grc' dir='ltr'>καὶ</span> <span class='ocrx_word' id='word_1_261' title='bbox 3278 1876 3465 1945; x_wconf 82' lang='grc' dir='ltr'>φῶκαι</span> <span class='ocrx_word' id='word_1_262' title='bbox 3493 1875 3712 1944; x_wconf 73' lang='grc' dir='ltr'>μείζους</span> <span class='ocrx_word' id='word_1_263' title='bbox 3742 1874 3837 1927; x_wconf 77' lang='grc' dir='ltr'><strong>καὶ</strong></span> 
     </span>
    </p>
   </div>
   <div class='ocr_carea' id='block_1_34' title="bbox 568 1966 2150 2039">
    <p class='ocr_par' dir='ltr' id='par_1_34' title="bbox 568 1966 2150 2039">
     <span class='ocr_line' id='line_1_34' title="bbox 568 1966 2150 2039; baseline -0.003 -16"><span class='ocrx_word' id='word_1_264' title='bbox 568 1985 663 2024; x_wconf 90' lang='lat' dir='ltr'><strong>cas</strong></span> <span class='ocrx_word' id='word_1_265' title='bbox 696 1970 933 2038; x_wconf 87' lang='lat' dir='ltr'><strong>majores</strong></span> <span class='ocrx_word' id='word_1_266' title='bbox 966 1980 1020 2023; x_wconf 93' lang='lat' dir='ltr'><strong>et</strong></span> <span class='ocrx_word' id='word_1_267' title='bbox 1050 1970 1296 2039; x_wconf 89' lang='lat' dir='ltr'><strong>scorpios</strong></span> <span class='ocrx_word' id='word_1_268' title='bbox 1328 1984 1709 2038; x_wconf 64' lang='lat' dir='ltr'><strong>muraenasque</strong></span> <span class='ocrx_word' id='word_1_269' title='bbox 1732 2008 1746 2034; x_wconf 94' lang='lat'><strong>,</strong></span> <span class='ocrx_word' id='word_1_270' title='bbox 1795 1976 1851 2021; x_wconf 76' lang='lat' dir='ltr'><strong>et</strong></span> <span class='ocrx_word' id='word_1_271' title='bbox 1893 1966 1945 2021; x_wconf 90' lang='lat' dir='ltr'><strong>id</strong></span> <span class='ocrx_word' id='word_1_272' title='bbox 1979 1980 2150 2036; x_wconf 86' lang='lat' dir='ltr'><strong>genus</strong></span> 
     </span>
    </p>
   </div>
   <div class='ocr_carea' id='block_1_35' title="bbox 568 2058 2154 2131">
    <p class='ocr_par' dir='ltr' id='par_1_35' title="bbox 568 2058 2154 2131">
     <span class='ocr_line' id='line_1_35' title="bbox 568 2058 2154 2131; baseline -0.001 -16"><span class='ocrx_word' id='word_1_273' title='bbox 568 2070 800 2125; x_wconf 91' lang='lat' dir='ltr'><strong>cuncta,</strong></span> <span class='ocrx_word' id='word_1_274' title='bbox 829 2060 1115 2115; x_wconf 82' lang='lat' dir='ltr'><strong>conﬂictus</strong></span> <span class='ocrx_word' id='word_1_275' title='bbox 1153 2064 1241 2127; x_wconf 83' lang='lat' dir='ltr'><strong>fit,</strong></span> <span class='ocrx_word' id='word_1_276' title='bbox 1275 2078 1382 2116; x_wconf 90' lang='lat' dir='ltr'><strong>non</strong></span> <span class='ocrx_word' id='word_1_277' title='bbox 1417 2062 1537 2117; x_wconf 85' lang='lat' dir='ltr'><strong>sine</strong></span> <span class='ocrx_word' id='word_1_278' title='bbox 1572 2060 1835 2131; x_wconf 89' lang='lat' dir='ltr'><strong>periculo.</strong></span> <span class='ocrx_word' id='word_1_279' title='bbox 1871 2058 2154 2129; x_wconf 85' lang='lat' dir='ltr'><strong>Quotquot</strong></span> 
     </span>
    </p>
   </div>
   <div class='ocr_carea' id='block_1_36' title="bbox 569 2155 2154 2224">
    <p class='ocr_par' dir='ltr' id='par_1_36' title="bbox 569 2155 2154 2224">
     <span class='ocr_line' id='line_1_36' title="bbox 569 2155 2154 2224; baseline 0.001 -19"><span class='ocrx_word' id='word_1_280' title='bbox 569 2168 699 2207; x_wconf 90' lang='lat' dir='ltr'><strong>vero</strong></span> <span class='ocrx_word' id='word_1_281' title='bbox 726 2163 1007 2224; x_wconf 89' lang='lat' dir='ltr'><strong>ceperunt,</strong></span> <span class='ocrx_word' id='word_1_282' title='bbox 1043 2155 1096 2208; x_wconf 93' lang='lat' dir='ltr'><strong>in</strong></span> <span class='ocrx_word' id='word_1_283' title='bbox 1132 2155 1371 2210; x_wconf 81' lang='lat' dir='ltr'><strong>fervidas</strong></span> <span class='ocrx_word' id='word_1_284' title='bbox 1399 2156 1465 2209; x_wconf 92' lang='lat' dir='ltr'><strong>ad</strong></span> <span class='ocrx_word' id='word_1_285' title='bbox 1504 2155 1789 2209; x_wconf 87' lang='lat' dir='ltr'><strong>meridiem</strong></span> <span class='ocrx_word' id='word_1_286' title='bbox 1816 2164 1998 2224; x_wconf 89' lang='lat' dir='ltr'><strong>petras</strong></span> <span class='ocrx_word' id='word_1_287' title='bbox 2020 2156 2154 2207; x_wconf 73' lang='lat' dir='ltr'><strong>cori-</strong></span> 
     </span>
    </p>
   </div>
   <div class='ocr_carea' id='block_1_37' title="bbox 564 2246 2150 2319">
    <p class='ocr_par' dir='ltr' id='par_1_37' title="bbox 564 2246 2150 2319">
     <span class='ocr_line' id='line_1_37' title="bbox 564 2246 2150 2319; baseline 0.001 -21"><span class='ocrx_word' id='word_1_288' title='bbox 564 2246 784 2316; x_wconf 77' lang='lat' dir='ltr'><strong>jiriont.</strong></span> <span class='ocrx_word' id='word_1_289' title='bbox 826 2246 934 2303; x_wconf 86' lang='lat' dir='ltr'><strong>Nec</strong></span> <span class='ocrx_word' id='word_1_290' title='bbox 969 2249 1188 2319; x_wconf 88' lang='lat' dir='ltr'><strong>longum</strong></span> <span class='ocrx_word' id='word_1_291' title='bbox 1223 2250 1276 2303; x_wconf 93' lang='lat' dir='ltr'><strong>in</strong></span> <span class='ocrx_word' id='word_1_292' title='bbox 1322 2250 1501 2303; x_wconf 89' lang='lat' dir='ltr'><strong>medio</strong></span> <span class='ocrx_word' id='word_1_293' title='bbox 1531 2259 1767 2318; x_wconf 89' lang='lat' dir='ltr'><strong>tempus,</strong></span> <span class='ocrx_word' id='word_1_294' title='bbox 1799 2263 1922 2302; x_wconf 93' lang='lat' dir='ltr'><strong>cum</strong></span> <span class='ocrx_word' id='word_1_295' title='bbox 1957 2246 2150 2302; x_wconf 91' lang='lat' dir='ltr'><strong>eodem</strong></span> 
     </span>
    </p>
   </div>
   <div class='ocr_carea' id='block_1_38' title="bbox 569 2341 2154 2412">
    <p class='ocr_par' dir='ltr' id='par_1_38' title="bbox 569 2341 2154 2412">
     <span class='ocr_line' id='line_1_38' title="bbox 569 2341 2154 2412; baseline 0 -20"><span class='ocrx_word' id='word_1_296' title='bbox 569 2354 630 2393; x_wconf 88' lang='lat' dir='ltr'><strong>se</strong></span> <span class='ocrx_word' id='word_1_297' title='bbox 661 2341 898 2395; x_wconf 88' lang='lat' dir='ltr'><strong>universi</strong></span> <span class='ocrx_word' id='word_1_298' title='bbox 932 2341 1178 2396; x_wconf 83' lang='lat' dir='ltr'><strong>referunt</strong></span> <span class='ocrx_word' id='word_1_299' title='bbox 1202 2382 1222 2409; x_wconf 93' lang='lat'><strong>,</strong></span> <span class='ocrx_word' id='word_1_300' title='bbox 1261 2352 1315 2396; x_wconf 88' lang='lat' dir='ltr'><strong>et</strong></span> <span class='ocrx_word' id='word_1_301' title='bbox 1337 2350 1449 2396; x_wconf 85' lang='lat' dir='ltr'><strong>tota</strong></span> <span class='ocrx_word' id='word_1_302' title='bbox 1483 2341 1683 2412; x_wconf 87' lang='lat' dir='ltr'><strong>agitata</strong></span> <span class='ocrx_word' id='word_1_303' title='bbox 1717 2341 1890 2403; x_wconf 89' lang='lat' dir='ltr'><strong>mole,</strong></span> <span class='ocrx_word' id='word_1_304' title='bbox 1922 2354 2154 2395; x_wconf 87' lang='lat' dir='ltr'><strong>carnosa</strong></span> 
     </span>
    </p>
   </div>
   <div class='ocr_carea' id='block_1_39' title="bbox 571 2432 2153 2503">
    <p class='ocr_par' dir='ltr' id='par_1_39' title="bbox 571 2432 2153 2503">
     <span class='ocr_line' id='line_1_39' title="bbox 571 2432 2153 2503; baseline 0.003 -22"><span class='ocrx_word' id='word_1_305' title='bbox 571 2437 684 2482; x_wconf 91' lang='lat' dir='ltr'><strong>tum</strong></span> <span class='ocrx_word' id='word_1_306' title='bbox 733 2445 861 2499; x_wconf 83' lang='lat' dir='ltr'><strong>pars</strong></span> <span class='ocrx_word' id='word_1_307' title='bbox 904 2432 1136 2500; x_wconf 81' lang='lat' dir='ltr'><strong>excidit,</strong></span> <span class='ocrx_word' id='word_1_308' title='bbox 1177 2432 1391 2487; x_wconf 81' lang='lat' dir='ltr'><strong>fervore</strong></span> <span class='ocrx_word' id='word_1_309' title='bbox 1427 2449 1590 2503; x_wconf 86' lang='lat' dir='ltr'><strong>quem</strong></span> <span class='ocrx_word' id='word_1_310' title='bbox 1622 2433 1861 2487; x_wconf 83' lang='lat' dir='ltr'><strong>diximus</strong></span> <span class='ocrx_word' id='word_1_311' title='bbox 1887 2432 2153 2486; x_wconf 87' lang='lat' dir='ltr'><strong>emollita.</strong></span> 
     </span>
    </p>
   </div>
   <div class='ocr_carea' id='block_1_40' title="bbox 572 2519 2155 2595">
    <p class='ocr_par' dir='ltr' id='par_1_40' title="bbox 572 2519 2155 2595">
     <span class='ocr_line' id='line_1_40' title="bbox 572 2519 2155 2595; baseline 0.003 -21"><span class='ocrx_word' id='word_1_312' title='bbox 572 2519 798 2590; x_wconf 89' lang='lat' dir='ltr'><strong>Spinam</strong></span> <span class='ocrx_word' id='word_1_313' title='bbox 827 2537 956 2577; x_wconf 89' lang='lat' dir='ltr'><strong>vero</strong></span> <span class='ocrx_word' id='word_1_314' title='bbox 988 2524 1067 2577; x_wconf 94' lang='lat' dir='ltr'><strong>illi</strong></span> <span class='ocrx_word' id='word_1_315' title='bbox 1099 2534 1424 2579; x_wconf 87' lang='lat' dir='ltr'><strong>coacervant</strong></span> <span class='ocrx_word' id='word_1_316' title='bbox 1446 2565 1460 2587; x_wconf 95' lang='lat'><strong>,</strong></span> <span class='ocrx_word' id='word_1_317' title='bbox 1504 2524 1647 2579; x_wconf 81' lang='lat' dir='ltr'><strong>unde</strong></span> <span class='ocrx_word' id='word_1_318' title='bbox 1676 2533 1729 2578; x_wconf 87' lang='lat' dir='ltr'><strong>et</strong></span> <span class='ocrx_word' id='word_1_319' title='bbox 1755 2539 1822 2579; x_wconf 82' lang='lat' dir='ltr'><strong>ex</strong></span> <span class='ocrx_word' id='word_1_320' title='bbox 1855 2524 2155 2595; x_wconf 87' lang='lat' dir='ltr'><strong>longinquo</strong></span> 
     </span>
    </p>
   </div>
   <div class='ocr_carea' id='block_1_41' title="bbox 570 2616 2153 2688">
    <p class='ocr_par' dir='ltr' id='par_1_41' title="bbox 570 2616 2153 2688">
     <span class='ocr_line' id='line_1_41' title="bbox 570 2616 2153 2688; baseline 0.003 -21"><span class='ocrx_word' id='word_1_321' title='bbox 570 2628 739 2670; x_wconf 66' lang='lat' dir='ltr'><strong>vastae</strong></span> <span class='ocrx_word' id='word_1_322' title='bbox 802 2619 1198 2688; x_wconf 86' lang='lat' dir='ltr'><strong>magnitudinis</strong></span> <span class='ocrx_word' id='word_1_323' title='bbox 1263 2620 1452 2673; x_wconf 89' lang='lat' dir='ltr'><strong>tumuli</strong></span> <span class='ocrx_word' id='word_1_324' title='bbox 1518 2618 1953 2688; x_wconf 89' lang='lat' dir='ltr'><strong>conspiciuntur.</strong></span> <span class='ocrx_word' id='word_1_325' title='bbox 2013 2616 2153 2671; x_wconf 85' lang='lat' dir='ltr'><strong>Tum</strong></span> 
     </span>
    </p>
   </div>
   <div class='ocr_carea' id='block_1_42' title="bbox 569 2710 2154 2781">
    <p class='ocr_par' dir='ltr' id='par_1_42' title="bbox 569 2710 2154 2781">
     <span class='ocr_line' id='line_1_42' title="bbox 569 2710 2154 2781; baseline 0 -18"><span class='ocrx_word' id='word_1_326' title='bbox 569 2724 787 2771; x_wconf 82' lang='lat' dir='ltr'><strong>carnes,</strong></span> <span class='ocrx_word' id='word_1_327' title='bbox 812 2712 865 2763; x_wconf 93' lang='lat' dir='ltr'><strong>in</strong></span> <span class='ocrx_word' id='word_1_328' title='bbox 895 2712 1113 2779; x_wconf 90' lang='lat' dir='ltr'><strong>planum</strong></span> <span class='ocrx_word' id='word_1_329' title='bbox 1140 2711 1361 2781; x_wconf 87' lang='lat' dir='ltr'><strong>aliquod</strong></span> <span class='ocrx_word' id='word_1_330' title='bbox 1390 2726 1580 2765; x_wconf 83' lang='lat' dir='ltr'><strong>saxum</strong></span> <span class='ocrx_word' id='word_1_331' title='bbox 1607 2712 1887 2771; x_wconf 82' lang='lat' dir='ltr'><strong>collectas,</strong></span> <span class='ocrx_word' id='word_1_332' title='bbox 1918 2710 1985 2764; x_wconf 88' lang='lat' dir='ltr'><strong>ad</strong></span> <span class='ocrx_word' id='word_1_333' title='bbox 2019 2719 2154 2763; x_wconf 86' lang='lat' dir='ltr'><strong>tem-</strong></span> 
     </span>
    </p>
   </div>
   <div class='ocr_carea' id='block_1_43' title="bbox 570 2800 2153 2872">
    <p class='ocr_par' dir='ltr' id='par_1_43' title="bbox 570 2800 2153 2872">
     <span class='ocr_line' id='line_1_43' title="bbox 570 2800 2153 2872; baseline 0.001 -18"><span class='ocrx_word' id='word_1_334' title='bbox 570 2816 675 2868; x_wconf 86' lang='lat' dir='ltr'><strong>pus</strong></span> <span class='ocrx_word' id='word_1_335' title='bbox 721 2815 829 2854; x_wconf 90' lang='lat' dir='ltr'><strong>non</strong></span> <span class='ocrx_word' id='word_1_336' title='bbox 878 2802 1152 2855; x_wconf 86' lang='lat' dir='ltr'><strong>mediocre</strong></span> <span class='ocrx_word' id='word_1_337' title='bbox 1180 2800 1431 2871; x_wconf 89' lang='lat' dir='ltr'><strong>impense</strong></span> <span class='ocrx_word' id='word_1_338' title='bbox 1460 2802 1705 2864; x_wconf 86' lang='lat' dir='ltr'><strong>calcant,</strong></span> <span class='ocrx_word' id='word_1_339' title='bbox 1747 2802 1910 2856; x_wconf 90' lang='lat' dir='ltr'><strong>etiam</strong></span> <span class='ocrx_word' id='word_1_340' title='bbox 1955 2801 2153 2872; x_wconf 88' lang='lat' dir='ltr'><strong>paliuri</strong></span> 
     </span>
    </p>
   </div>
   <div class='ocr_carea' id='block_1_44' title="bbox 572 2874 2159 2964">
    <p class='ocr_par' dir='ltr' id='par_1_44' title="bbox 572 2874 2159 2964">
     <span class='ocr_line' id='line_1_44' title="bbox 572 2874 2159 2964; baseline 0.001 -18"><span class='ocrx_word' id='word_1_341' title='bbox 572 2892 809 2946; x_wconf 89' lang='lat' dir='ltr'><strong>admisto</strong></span> <span class='ocrx_word' id='word_1_342' title='bbox 832 2894 1060 2947; x_wconf 86' lang='lat' dir='ltr'><strong>semine.</strong></span> <span class='ocrx_word' id='word_1_343' title='bbox 1082 2892 1258 2961; x_wconf 83' lang='lat' dir='ltr'><strong>Hujus</strong></span> <span class='ocrx_word' id='word_1_344' title='bbox 1282 2894 1426 2947; x_wconf 90' lang='lat' dir='ltr'><strong>enim</strong></span> <span class='ocrx_word' id='word_1_345' title='bbox 1454 2909 1551 2947; x_wconf 91' lang='lat' dir='ltr'><strong>ceu</strong></span> <span class='ocrx_word' id='word_1_346' title='bbox 1581 2874 1806 2964; x_wconf 86' lang='lat' dir='ltr'><strong>glutiuis</strong></span> <span class='ocrx_word' id='word_1_347' title='bbox 1834 2894 2159 2949; x_wconf 88' lang='lat' dir='ltr'><strong>admistione</strong></span> 
     </span>
    </p>
   </div>
   <div class='ocr_carea' id='block_1_45' title="bbox 574 2981 2157 3052">
    <p class='ocr_par' dir='ltr' id='par_1_45' title="bbox 574 2981 2157 3052">
     <span class='ocr_line' id='line_1_45' title="bbox 574 2981 2157 3052; baseline 0.003 -18"><span class='ocrx_word' id='word_1_348' title='bbox 574 2982 627 3035; x_wconf 87' lang='lat' dir='ltr'><strong>in</strong></span> <span class='ocrx_word' id='word_1_349' title='bbox 660 2982 889 3036; x_wconf 77' lang='lat' dir='ltr'><strong>solidam</strong></span> <span class='ocrx_word' id='word_1_350' title='bbox 927 2998 1166 3037; x_wconf 88' lang='lat' dir='ltr'><strong>massam</strong></span> <span class='ocrx_word' id='word_1_351' title='bbox 1202 2983 1359 3052; x_wconf 80' lang='lat' dir='ltr'><strong>longe</strong></span> <span class='ocrx_word' id='word_1_352' title='bbox 1403 2983 1572 3051; x_wconf 86' lang='lat' dir='ltr'><strong>magis</strong></span> <span class='ocrx_word' id='word_1_353' title='bbox 1629 2983 1964 3036; x_wconf 89' lang='lat' dir='ltr'><strong>coalescunt.</strong></span> <span class='ocrx_word' id='word_1_354' title='bbox 1991 2981 2157 3038; x_wconf 74' lang='lat' dir='ltr'><strong>Vide-</strong></span> 
     </span>
    </p>
   </div>
   <div class='ocr_carea' id='block_1_46' title="bbox 572 3072 2155 3143">
    <p class='ocr_par' dir='ltr' id='par_1_46' title="bbox 572 3072 2155 3143">
     <span class='ocr_line' id='line_1_46' title="bbox 572 3072 2155 3143; baseline 0.001 -17"><span class='ocrx_word' id='word_1_355' title='bbox 572 3082 663 3127; x_wconf 88' lang='lat' dir='ltr'><strong>tur</strong></span> <span class='ocrx_word' id='word_1_356' title='bbox 693 3081 875 3127; x_wconf 90' lang='lat' dir='ltr'><strong>autem</strong></span> <span class='ocrx_word' id='word_1_357' title='bbox 930 3072 1265 3128; x_wconf 88' lang='lat' dir='ltr'><strong>condimenti</strong></span> <span class='ocrx_word' id='word_1_358' title='bbox 1311 3085 1404 3127; x_wconf 90' lang='lat' dir='ltr'><strong>aut</strong></span> <span class='ocrx_word' id='word_1_359' title='bbox 1444 3074 1629 3127; x_wconf 84' lang='lat' dir='ltr'><strong>infarti</strong></span> <span class='ocrx_word' id='word_1_360' title='bbox 1655 3075 1825 3127; x_wconf 88' lang='lat' dir='ltr'><strong>vicem</strong></span> <span class='ocrx_word' id='word_1_361' title='bbox 1875 3085 2155 3143; x_wconf 60' lang='lat' dir='ltr'><strong>praestare.</strong></span> 
     </span>
    </p>
   </div>
   <div class='ocr_carea' id='block_1_47' title="bbox 2259 1967 3836 2045">
    <p class='ocr_par' dir='ltr' id='par_1_47' title="bbox 2259 1967 3836 2045">
     <span class='ocr_line' id='line_1_47' title="bbox 2259 1967 3836 2045; baseline -0.006 -18"><span class='ocrx_word' id='word_1_362' title='bbox 2259 1973 2516 2045; x_wconf 86' lang='grc' dir='ltr'>σκορπίοι</span> <span class='ocrx_word' id='word_1_363' title='bbox 2564 1969 2920 2042; x_wconf 80' lang='grc' dir='ltr'>σμύραιναί⁸²</span> <span class='ocrx_word' id='word_1_364' title='bbox 2950 1986 3011 2022; x_wconf 88' lang='grc' dir='ltr'><strong>τε</strong></span> <span class='ocrx_word' id='word_1_365' title='bbox 3039 1971 3135 2022; x_wconf 76' lang='grc' dir='ltr'><strong>καὶ</strong></span> <span class='ocrx_word' id='word_1_366' title='bbox 3150 1968 3196 2000; x_wconf 81' lang='grc'><strong>⁸³</strong></span> <span class='ocrx_word' id='word_1_367' title='bbox 3230 1970 3338 2021; x_wconf 75' lang='grc' dir='ltr'>πᾶν</span> <span class='ocrx_word' id='word_1_368' title='bbox 3364 1968 3427 2020; x_wconf 81' lang='grc' dir='ltr'><strong>τὸ</strong></span> <span class='ocrx_word' id='word_1_369' title='bbox 3457 1967 3700 2020; x_wconf 79' lang='grc' dir='ltr'>τοιοῦτον</span> <span class='ocrx_word' id='word_1_370' title='bbox 3740 1967 3836 2033; x_wconf 85' lang='grc' dir='ltr'>γέ-</span> 
     </span>
    </p>
   </div>
   <div class='ocr_carea' id='block_1_48' title="bbox 2258 2058 3837 2136">
    <p class='ocr_par' dir='ltr' id='par_1_48' title="bbox 2258 2058 3837 2136">
     <span class='ocr_line' id='line_1_48' title="bbox 2258 2058 3837 2136; baseline -0.006 -17"><span class='ocrx_word' id='word_1_371' title='bbox 2258 2083 2369 2132; x_wconf 86' lang='grc' dir='ltr'>νος,</span> <span class='ocrx_word' id='word_1_372' title='bbox 2429 2063 2572 2136; x_wconf 86' lang='grc' dir='ltr'><strong>μετά</strong></span> <span class='ocrx_word' id='word_1_373' title='bbox 2621 2062 2884 2117; x_wconf 85' lang='grc' dir='ltr'>κινδύνων</span> <span class='ocrx_word' id='word_1_374' title='bbox 2916 2064 2949 2132; x_wconf 81' lang='grc' dir='ltr'>ἡ</span> <span class='ocrx_word' id='word_1_375' title='bbox 2988 2060 3279 2132; x_wconf 81' lang='grc' dir='ltr'>συμπλοκὴ</span> <span class='ocrx_word' id='word_1_376' title='bbox 3332 2060 3574 2128; x_wconf 75' lang='grc' dir='ltr'>γίνεταιο</span> <span class='ocrx_word' id='word_1_377' title='bbox 3604 2059 3731 2112; x_wconf 84' lang='grc' dir='ltr'>ὅταν</span> <span class='ocrx_word' id='word_1_378' title='bbox 3778 2058 3837 2110; x_wconf 73' lang='grc' dir='ltr'>δὲ</span> 
     </span>
    </p>
   </div>
   <div class='ocr_carea' id='block_1_49' title="bbox 2257 2153 3836 2231">
    <p class='ocr_par' dir='ltr' id='par_1_49' title="bbox 2257 2153 3836 2231">
     <span class='ocr_line' id='line_1_49' title="bbox 2257 2153 3836 2231; baseline -0.004 -19"><span class='ocrx_word' id='word_1_379' title='bbox 2257 2159 2602 2231; x_wconf 87' lang='grc' dir='ltr'>θηρεύσωσιν</span> <span class='ocrx_word' id='word_1_380' title='bbox 2667 2154 3097 2226; x_wconf 86' lang='grc' dir='ltr'>ὁσουσδηποτοῦν</span> <span class='ocrx_word' id='word_1_381' title='bbox 3114 2155 3182 2219; x_wconf 67' lang='grc'>⁸⁸,</span> <span class='ocrx_word' id='word_1_382' title='bbox 3255 2153 3682 2224; x_wconf 84' lang='grc' dir='ltr'>μετενέγκαντες</span> <span class='ocrx_word' id='word_1_383' title='bbox 3742 2153 3836 2206; x_wconf 77' lang='grc' dir='ltr'><strong>ἐπὶ</strong></span> 
     </span>
    </p>
   </div>
   <div class='ocr_carea' id='block_1_50' title="bbox 2253 2244 3833 2321">
    <p class='ocr_par' dir='ltr' id='par_1_50' title="bbox 2253 2244 3833 2321">
     <span class='ocr_line' id='line_1_50' title="bbox 2253 2244 3833 2321; baseline -0.005 -17"><span class='ocrx_word' id='word_1_384' title='bbox 2253 2251 2354 2313; x_wconf 86' lang='grc' dir='ltr'><strong>τὰς</strong></span> <span class='ocrx_word' id='word_1_385' title='bbox 2410 2249 2617 2321; x_wconf 86' lang='grc' dir='ltr'>πέτρας</span> <span class='ocrx_word' id='word_1_386' title='bbox 2684 2248 2785 2311; x_wconf 81' lang='grc' dir='ltr'>τὰς</span> <span class='ocrx_word' id='word_1_387' title='bbox 2836 2247 3157 2317; x_wconf 79' lang='grc' dir='ltr'>κειμένας⁸⁸</span> <span class='ocrx_word' id='word_1_388' title='bbox 3210 2246 3408 2317; x_wconf 75' lang='grc' dir='ltr'>πρὸς⁵⁶</span> <span class='ocrx_word' id='word_1_389' title='bbox 3466 2244 3833 2315; x_wconf 76' lang='grc' dir='ltr'>μεσημϐρίαν,</span> 
     </span>
    </p>
   </div>
   <div class='ocr_carea' id='block_1_51' title="bbox 2253 2335 3836 2411">
    <p class='ocr_par' dir='ltr' id='par_1_51' title="bbox 2253 2335 3836 2411">
     <span class='ocr_line' id='line_1_51' title="bbox 2253 2335 3836 2411; baseline -0.004 -17"><span class='ocrx_word' id='word_1_390' title='bbox 2253 2340 2422 2404; x_wconf 74' lang='grc' dir='ltr'>οὔσας</span> <span class='ocrx_word' id='word_1_391' title='bbox 2470 2340 2771 2411; x_wconf 87' lang='grc' dir='ltr'>διαπύρους</span> <span class='ocrx_word' id='word_1_392' title='bbox 2793 2381 2808 2405; x_wconf 92' lang='grc'><strong>,</strong></span> <span class='ocrx_word' id='word_1_393' title='bbox 2845 2340 3075 2402; x_wconf 87' lang='grc' dir='ltr'>ταύταις</span> <span class='ocrx_word' id='word_1_394' title='bbox 3105 2338 3164 2391; x_wconf 85' lang='grc' dir='ltr'><strong>δέ</strong></span> <span class='ocrx_word' id='word_1_395' title='bbox 3183 2338 3224 2370; x_wconf 80' lang='grc'><strong>⁵⁷</strong></span> <span class='ocrx_word' id='word_1_396' title='bbox 3256 2337 3579 2411; x_wconf 73' lang='grc' dir='ltr'>ἐπέρριψαν.</span> <span class='ocrx_word' id='word_1_397' title='bbox 3629 2335 3836 2408; x_wconf 79' lang='grc' dir='ltr'>Χρόνον</span> 
     </span>
    </p>
   </div>
   <div class='ocr_carea' id='block_1_52' title="bbox 2253 2428 3838 2503">
    <p class='ocr_par' dir='ltr' id='par_1_52' title="bbox 2253 2428 3838 2503">
     <span class='ocr_line' id='line_1_52' title="bbox 2253 2428 3838 2503; baseline -0.004 -16"><span class='ocrx_word' id='word_1_398' title='bbox 2253 2433 2311 2487; x_wconf 86' lang='grc' dir='ltr'>δὲ</span> <span class='ocrx_word' id='word_1_399' title='bbox 2361 2434 2423 2486; x_wconf 89' lang='grc' dir='ltr'><strong>ού</strong></span> <span class='ocrx_word' id='word_1_400' title='bbox 2480 2432 2651 2485; x_wconf 84' lang='grc' dir='ltr'>πολὺν</span> <span class='ocrx_word' id='word_1_401' title='bbox 2700 2432 2964 2494; x_wconf 76' lang='grc' dir='ltr'>ἐάσαντες</span> <span class='ocrx_word' id='word_1_402' title='bbox 3017 2431 3346 2503; x_wconf 78' lang='grc' dir='ltr'>στρέφουσιν</span> <span class='ocrx_word' id='word_1_403' title='bbox 3387 2431 3479 2483; x_wconf 74' lang='grc' dir='ltr'><strong>ἐπὶ</strong></span> <span class='ocrx_word' id='word_1_404' title='bbox 3532 2428 3838 2498; x_wconf 69' lang='grc' dir='ltr'>τούμπαλιν</span> 
     </span>
    </p>
   </div>
   <div class='ocr_carea' id='block_1_53' title="bbox 2256 2522 3838 2595">
    <p class='ocr_par' dir='ltr' id='par_1_53' title="bbox 2256 2522 3838 2595">
     <span class='ocr_line' id='line_1_53' title="bbox 2256 2522 3838 2595; baseline -0.005 -13"><span class='ocrx_word' id='word_1_405' title='bbox 2256 2529 2519 2590; x_wconf 72' lang='grc' dir='ltr'>ἅπαντες.</span> <span class='ocrx_word' id='word_1_406' title='bbox 2552 2522 2667 2579; x_wconf 79' lang='grc' dir='ltr'><strong>Εἶθ’</strong></span> <span class='ocrx_word' id='word_1_407' title='bbox 2693 2527 2820 2579; x_wconf 83' lang='grc' dir='ltr'>ὅταν</span> <span class='ocrx_word' id='word_1_408' title='bbox 2846 2524 3120 2578; x_wconf 80' lang='grc' dir='ltr'>λάὸωνται</span> <span class='ocrx_word' id='word_1_409' title='bbox 3154 2522 3253 2595; x_wconf 79' lang='grc' dir='ltr'>τῆς</span> <span class='ocrx_word' id='word_1_410' title='bbox 3281 2525 3449 2595; x_wconf 88' lang='grc' dir='ltr'>ούρᾶς</span> <span class='ocrx_word' id='word_1_411' title='bbox 3479 2524 3575 2576; x_wconf 85' lang='grc' dir='ltr'><strong>καί</strong></span> <span class='ocrx_word' id='word_1_412' title='bbox 3603 2523 3692 2575; x_wconf 79' lang='grc' dir='ltr'>τὸν</span> <span class='ocrx_word' id='word_1_413' title='bbox 3718 2523 3838 2575; x_wconf 84' lang='grc' dir='ltr'>ὅλον</span> 
     </span>
    </p>
   </div>
   <div class='ocr_carea' id='block_1_54' title="bbox 2256 2615 3837 2687">
    <p class='ocr_par' dir='ltr' id='par_1_54' title="bbox 2256 2615 3837 2687">
     <span class='ocr_line' id='line_1_54' title="bbox 2256 2615 3837 2687; baseline -0.003 -15"><span class='ocrx_word' id='word_1_414' title='bbox 2256 2619 2421 2687; x_wconf 78' lang='grc' dir='ltr'>δγκον</span> <span class='ocrx_word' id='word_1_415' title='bbox 2452 2618 2705 2672; x_wconf 90' lang='grc' dir='ltr'>σείσωσιν</span> <span class='ocrx_word' id='word_1_416' title='bbox 2754 2620 2818 2671; x_wconf 84' lang='grc' dir='ltr'><strong>ἐκ</strong></span> <span class='ocrx_word' id='word_1_417' title='bbox 2847 2618 3073 2687; x_wconf 84' lang='grc' dir='ltr'>ταύτης,</span> <span class='ocrx_word' id='word_1_418' title='bbox 3127 2619 3156 2670; x_wconf 86' lang='grc' dir='ltr'><strong>ό</strong></span> <span class='ocrx_word' id='word_1_419' title='bbox 3213 2617 3312 2687; x_wconf 79' lang='grc' dir='ltr'><strong>μὲν</strong></span> <span class='ocrx_word' id='word_1_420' title='bbox 3344 2616 3633 2687; x_wconf 81' lang='grc' dir='ltr'>σαρκώδης</span> <span class='ocrx_word' id='word_1_421' title='bbox 3670 2615 3837 2677; x_wconf 85' lang='grc' dir='ltr'>τόπος</span> 
     </span>
    </p>
   </div>
   <div class='ocr_carea' id='block_1_55' title="bbox 2258 2708 3840 2781">
    <p class='ocr_par' dir='ltr' id='par_1_55' title="bbox 2258 2708 3840 2781">
     <span class='ocr_line' id='line_1_55' title="bbox 2258 2708 3840 2781; baseline -0.004 -15"><span class='ocrx_word' id='word_1_422' title='bbox 2258 2711 2407 2776; x_wconf 75' lang='grc' dir='ltr'>ἅπας</span> <span class='ocrx_word' id='word_1_423' title='bbox 2436 2712 2691 2766; x_wconf 84' lang='grc' dir='ltr'>ἐκπίπτει</span> <span class='ocrx_word' id='word_1_424' title='bbox 2730 2712 3105 2781; x_wconf 87' lang='grc' dir='ltr'>θρυπτόμενος</span> <span class='ocrx_word' id='word_1_425' title='bbox 3135 2710 3225 2764; x_wconf 83' lang='grc' dir='ltr'>διὰ</span> <span class='ocrx_word' id='word_1_426' title='bbox 3253 2710 3352 2780; x_wconf 83' lang='grc' dir='ltr'><strong>τὴν</strong></span> <span class='ocrx_word' id='word_1_427' title='bbox 3384 2708 3684 2781; x_wconf 74' lang='grc' dir='ltr'>εἰρημένην</span> <span class='ocrx_word' id='word_1_428' title='bbox 3714 2708 3840 2777; x_wconf 86' lang='grc' dir='ltr'>θερ-</span> 
     </span>
    </p>
   </div>
   <div class='ocr_carea' id='block_1_56' title="bbox 2265 2797 3836 2878">
    <p class='ocr_par' dir='ltr' id='par_1_56' title="bbox 2265 2797 3836 2878">
     <span class='ocr_line' id='line_1_56' title="bbox 2265 2797 3836 2878; baseline -0.003 -19"><span class='ocrx_word' id='word_1_429' title='bbox 2265 2806 2487 2878; x_wconf 88' lang='grc' dir='ltr'>μασίαν,</span> <span class='ocrx_word' id='word_1_430' title='bbox 2510 2805 2610 2875; x_wconf 73' lang='grc' dir='ltr'>τὴν</span> <span class='ocrx_word' id='word_1_431' title='bbox 2647 2805 2692 2857; x_wconf 77' lang='grc' dir='ltr'>δ’</span> <span class='ocrx_word' id='word_1_432' title='bbox 2718 2805 2962 2859; x_wconf 82' lang='grc' dir='ltr'>ἄκανθαν</span> <span class='ocrx_word' id='word_1_433' title='bbox 2991 2804 3324 2875; x_wconf 83' lang='grc' dir='ltr'>σωρεύουσιν</span> <span class='ocrx_word' id='word_1_434' title='bbox 3345 2803 3519 2868; x_wconf 77' lang='grc' dir='ltr'>αὐτοὶ,</span> <span class='ocrx_word' id='word_1_435' title='bbox 3552 2804 3644 2871; x_wconf 83' lang='grc' dir='ltr'>ἀφ’</span> <span class='ocrx_word' id='word_1_436' title='bbox 3670 2797 3737 2873; x_wconf 82' lang='grc' dir='ltr'>ἧς</span> <span class='ocrx_word' id='word_1_437' title='bbox 3769 2804 3836 2854; x_wconf 87' lang='grc' dir='ltr'><strong>ἐκ</strong></span> 
     </span>
    </p>
   </div>
   <div class='ocr_carea' id='block_1_57' title="bbox 2260 2893 3840 2966">
    <p class='ocr_par' dir='ltr' id='par_1_57' title="bbox 2260 2893 3840 2966">
     <span class='ocr_line' id='line_1_57' title="bbox 2260 2893 3840 2966; baseline -0.003 -17"><span class='ocrx_word' id='word_1_438' title='bbox 2260 2897 2508 2960; x_wconf 87' lang='grc' dir='ltr'>πλείονος</span> <span class='ocrx_word' id='word_1_439' title='bbox 2539 2897 2706 2950; x_wconf 90' lang='grc' dir='ltr'>τόπου</span> <span class='ocrx_word' id='word_1_440' title='bbox 2743 2896 2970 2950; x_wconf 70' lang='grc' dir='ltr'>κολωνοὶ</span> <span class='ocrx_word' id='word_1_441' title='bbox 3005 2894 3393 2966; x_wconf 85' lang='grc' dir='ltr'>παμμεγέθεις</span> <span class='ocrx_word' id='word_1_442' title='bbox 3420 2894 3679 2965; x_wconf 86' lang='grc' dir='ltr'>ὁρῶνται.</span> <span class='ocrx_word' id='word_1_443' title='bbox 3728 2893 3840 2963; x_wconf 83' lang='grc' dir='ltr'><strong>Τὴν</strong></span> 
     </span>
    </p>
   </div>
   <div class='ocr_carea' id='block_1_58' title="bbox 2257 2985 3841 3060">
    <p class='ocr_par' dir='ltr' id='par_1_58' title="bbox 2257 2985 3841 3060">
     <span class='ocr_line' id='line_1_58' title="bbox 2257 2985 3841 3060; baseline -0.003 -17"><span class='ocrx_word' id='word_1_444' title='bbox 2257 2991 2315 3043; x_wconf 86' lang='grc' dir='ltr'><strong>δέ</strong></span> <span class='ocrx_word' id='word_1_445' title='bbox 2339 2990 2519 3060; x_wconf 84' lang='grc' dir='ltr'>σάρκα</span> <span class='ocrx_word' id='word_1_446' title='bbox 2550 2988 2660 3042; x_wconf 88' lang='grc' dir='ltr'><strong>τῶν</strong></span> <span class='ocrx_word' id='word_1_447' title='bbox 2695 2988 2895 3058; x_wconf 78' lang='grc' dir='ltr'>ἰχθύων</span> <span class='ocrx_word' id='word_1_448' title='bbox 2926 2989 3006 3047; x_wconf 85' lang='grc' dir='ltr'><strong>είς</strong></span> <span class='ocrx_word' id='word_1_449' title='bbox 3055 2987 3398 3058; x_wconf 88' lang='grc' dir='ltr'>λεωπετρίαν</span> <span class='ocrx_word' id='word_1_450' title='bbox 3436 2985 3841 3054; x_wconf 85' lang='grc' dir='ltr'>συναγαγόντες</span> 
     </span>
    </p>
   </div>
   <div class='ocr_carea' id='block_1_59' title="bbox 2260 3076 3842 3151">
    <p class='ocr_par' dir='ltr' id='par_1_59' title="bbox 2260 3076 3842 3151">
     <span class='ocr_line' id='line_1_59' title="bbox 2260 3076 3842 3151; baseline -0.006 -12"><span class='ocrx_word' id='word_1_451' title='bbox 2260 3084 2526 3139; x_wconf 81' lang='grc' dir='ltr'>πατοῦσιν</span> <span class='ocrx_word' id='word_1_452' title='bbox 2558 3082 2796 3145; x_wconf 83' lang='grc' dir='ltr'>ἐκτενῶς</span> <span class='ocrx_word' id='word_1_453' title='bbox 2824 3082 2917 3135; x_wconf 75' lang='grc' dir='ltr'>ἐπὶ</span> <span class='ocrx_word' id='word_1_454' title='bbox 2937 3080 3129 3151; x_wconf 80' lang='grc' dir='ltr'>χρόνον</span> <span class='ocrx_word' id='word_1_455' title='bbox 3161 3079 3261 3131; x_wconf 73' lang='grc' dir='ltr'><strong>οὐκ</strong></span> <span class='ocrx_word' id='word_1_456' title='bbox 3282 3079 3484 3146; x_wconf 73' lang='grc' dir='ltr'>ὀλίγον,</span> <span class='ocrx_word' id='word_1_457' title='bbox 3524 3079 3618 3131; x_wconf 69' lang='grc' dir='ltr'>καὶ</span> <span class='ocrx_word' id='word_1_458' title='bbox 3649 3076 3842 3143; x_wconf 85' lang='grc' dir='ltr'>μίξαν-</span> 
     </span>
    </p>
   </div>
   <div class='ocr_carea' id='block_1_60' title="bbox 573 3162 2151 3257">
    <p class='ocr_par' dir='ltr' id='par_1_60' title="bbox 573 3162 2151 3236">
     <span class='ocr_line' id='line_1_60' title="bbox 573 3162 2151 3236; baseline 0.003 -19"><span class='ocrx_word' id='word_1_459' title='bbox 573 3162 817 3219; x_wconf 82' lang='lat' dir='ltr'><strong>Tandem</strong></span> <span class='ocrx_word' id='word_1_460' title='bbox 857 3165 946 3219; x_wconf 87' lang='lat' dir='ltr'><strong>ubi</strong></span> <span class='ocrx_word' id='word_1_461' title='bbox 978 3166 1115 3220; x_wconf 83' lang='lat' dir='ltr'><strong>satis</strong></span> <span class='ocrx_word' id='word_1_462' title='bbox 1152 3165 1244 3220; x_wconf 89' lang='lat' dir='ltr'><strong>diu</strong></span> <span class='ocrx_word' id='word_1_463' title='bbox 1276 3166 1507 3233; x_wconf 85' lang='lat' dir='ltr'><strong>pedibus</strong></span> <span class='ocrx_word' id='word_1_464' title='bbox 1540 3167 1893 3236; x_wconf 77' lang='lat' dir='ltr'><strong>subegerunt,</strong></span> <span class='ocrx_word' id='word_1_465' title='bbox 1919 3167 2151 3221; x_wconf 83' lang='lat' dir='ltr'><strong>latercu-</strong></span> 
     </span>
    </p>
   </div>
   <div class='ocr_carea' id='block_1_61' title="bbox 2258 3162 3841 3257">
    <p class='ocr_par' dir='ltr' id='par_1_61' title="bbox 2259 3168 3841 3245">
     <span class='ocr_line' id='line_1_61' title="bbox 2259 3168 3841 3245; baseline -0.006 -15"><span class='ocrx_word' id='word_1_466' title='bbox 2259 3196 2349 3238; x_wconf 92' lang='grc' dir='ltr'><strong>τες</strong></span> <span class='ocrx_word' id='word_1_467' title='bbox 2379 3176 2470 3231; x_wconf 80' lang='grc' dir='ltr'><strong>τὸν</strong></span> <span class='ocrx_word' id='word_1_468' title='bbox 2496 3175 2708 3245; x_wconf 81' lang='grc' dir='ltr'>καρπὸν</span> <span class='ocrx_word' id='word_1_469' title='bbox 2730 3175 2774 3205; x_wconf 83' lang='grc'><strong>⁵⁸</strong></span> <span class='ocrx_word' id='word_1_470' title='bbox 2804 3173 2896 3225; x_wconf 84' lang='grc' dir='ltr'><strong>τοῦ</strong></span> <span class='ocrx_word' id='word_1_471' title='bbox 2930 3171 3248 3242; x_wconf 85' lang='grc' dir='ltr'>παλιούρου.</span> <span class='ocrx_word' id='word_1_472' title='bbox 3301 3170 3463 3242; x_wconf 75' lang='grc'><strong>[1545</strong></span> <span class='ocrx_word' id='word_1_473' title='bbox 3515 3168 3609 3240; x_wconf 67' lang='lat'><strong>[1.]</strong></span> <span class='ocrx_word' id='word_1_474' title='bbox 3637 3169 3841 3221; x_wconf 85' lang='grc' dir='ltr'>Τούτου</span> 
     </span>
    </p>
   </div>
   <div class='ocr_carea' id='block_1_62' title="bbox 574 3274 2152 3344">
    <p class='ocr_par' dir='ltr' id='par_1_62' title="bbox 574 3274 2152 3344">
     <span class='ocr_line' id='line_1_62' title="bbox 574 3274 2152 3344; baseline 0.001 -14"><span class='ocrx_word' id='word_1_475' title='bbox 574 3276 657 3331; x_wconf 90' lang='lat' dir='ltr'><strong>los</strong></span> <span class='ocrx_word' id='word_1_476' title='bbox 683 3275 807 3330; x_wconf 89' lang='lat' dir='ltr'><strong>inde</strong></span> <span class='ocrx_word' id='word_1_477' title='bbox 828 3274 1092 3329; x_wconf 85' lang='lat' dir='ltr'><strong>formatos</strong></span> <span class='ocrx_word' id='word_1_478' title='bbox 1125 3274 1191 3329; x_wconf 87' lang='lat' dir='ltr'><strong>ad</strong></span> <span class='ocrx_word' id='word_1_479' title='bbox 1215 3275 1384 3328; x_wconf 84' lang='lat' dir='ltr'><strong>solem</strong></span> <span class='ocrx_word' id='word_1_480' title='bbox 1412 3275 1591 3329; x_wconf 89' lang='lat' dir='ltr'><strong>denuo</strong></span> <span class='ocrx_word' id='word_1_481' title='bbox 1621 3284 1919 3344; x_wconf 80' lang='lat' dir='ltr'><strong>exponunt.</strong></span> <span class='ocrx_word' id='word_1_482' title='bbox 1941 3276 2152 3343; x_wconf 87' lang='lat' dir='ltr'><strong>Quibus</strong></span> 
     </span>
    </p>
   </div>
   <div class='ocr_carea' id='block_1_63' title="bbox 573 3367 2151 3438">
    <p class='ocr_par' dir='ltr' id='par_1_63' title="bbox 573 3367 2151 3438">
     <span class='ocr_line' id='line_1_63' title="bbox 573 3367 2151 3438; baseline 0 -13"><span class='ocrx_word' id='word_1_483' title='bbox 573 3369 875 3425; x_wconf 87' lang='lat' dir='ltr'><strong>siccitatem</strong></span> <span class='ocrx_word' id='word_1_484' title='bbox 902 3367 1134 3437; x_wconf 87' lang='lat' dir='ltr'><strong>adeptis,</strong></span> <span class='ocrx_word' id='word_1_485' title='bbox 1165 3367 1566 3435; x_wconf 86' lang='lat' dir='ltr'><strong>discumbentes</strong></span> <span class='ocrx_word' id='word_1_486' title='bbox 1597 3377 1863 3438; x_wconf 89' lang='lat' dir='ltr'><strong>quotquot</strong></span> <span class='ocrx_word' id='word_1_487' title='bbox 1895 3381 2023 3424; x_wconf 92' lang='lat' dir='ltr'><strong>sunt</strong></span> <span class='ocrx_word' id='word_1_488' title='bbox 2047 3386 2151 3425; x_wconf 88' lang='lat' dir='ltr'><strong>uua</strong></span> 
     </span>
    </p>
   </div>
   <div class='ocr_carea' id='block_1_64' title="bbox 572 3459 2151 3530">
    <p class='ocr_par' dir='ltr' id='par_1_64' title="bbox 572 3459 2151 3530">
     <span class='ocr_line' id='line_1_64' title="bbox 572 3459 2151 3530; baseline 0.004 -17"><span class='ocrx_word' id='word_1_489' title='bbox 572 3462 903 3530; x_wconf 74' lang='lat' dir='ltr'><strong>epulantur,</strong></span> <span class='ocrx_word' id='word_1_490' title='bbox 949 3474 1057 3513; x_wconf 92' lang='lat' dir='ltr'><strong>non</strong></span> <span class='ocrx_word' id='word_1_491' title='bbox 1114 3459 1182 3513; x_wconf 88' lang='lat' dir='ltr'><strong>ad</strong></span> <span class='ocrx_word' id='word_1_492' title='bbox 1230 3475 1543 3513; x_wconf 89' lang='lat' dir='ltr'><strong>mensuram</strong></span> <span class='ocrx_word' id='word_1_493' title='bbox 1595 3469 1649 3514; x_wconf 87' lang='lat' dir='ltr'><strong>et</strong></span> <span class='ocrx_word' id='word_1_494' title='bbox 1679 3462 1926 3530; x_wconf 88' lang='lat' dir='ltr'><strong>pondus,</strong></span> <span class='ocrx_word' id='word_1_495' title='bbox 1964 3463 2057 3518; x_wconf 88' lang='lat' dir='ltr'><strong>sed</strong></span> <span class='ocrx_word' id='word_1_496' title='bbox 2085 3466 2151 3519; x_wconf 84' lang='lat' dir='ltr'><strong>ad</strong></span> 
     </span>
    </p>
   </div>
   <div class='ocr_carea' id='block_1_65' title="bbox 574 3549 1626 3620">
    <p class='ocr_par' dir='ltr' id='par_1_65' title="bbox 574 3549 1626 3620">
     <span class='ocr_line' id='line_1_65' title="bbox 574 3549 1626 3620; baseline -0.001 -15"><span class='ocrx_word' id='word_1_497' title='bbox 574 3550 842 3620; x_wconf 83' lang='lat' dir='ltr'><strong>cujusque</strong></span> <span class='ocrx_word' id='word_1_498' title='bbox 877 3549 1163 3604; x_wconf 85' lang='lat' dir='ltr'><strong>arbitrium</strong></span> <span class='ocrx_word' id='word_1_499' title='bbox 1194 3560 1246 3603; x_wconf 89' lang='lat' dir='ltr'><strong>et</strong></span> <span class='ocrx_word' id='word_1_500' title='bbox 1276 3550 1626 3618; x_wconf 81' lang='lat' dir='ltr'><strong>voluptatem.</strong></span> 
     </span>
    </p>
   </div>
   <div class='ocr_carea' id='block_1_66' title="bbox 2262 3260 3846 3339">
    <p class='ocr_par' dir='ltr' id='par_1_66' title="bbox 2262 3260 3846 3339">
     <span class='ocr_line' id='line_1_66' title="bbox 2262 3260 3846 3339; baseline -0.007 -17"><span class='ocrx_word' id='word_1_501' title='bbox 2262 3271 2369 3339; x_wconf 73' lang='grc' dir='ltr'>γὰρ</span> <span class='ocrx_word' id='word_1_502' title='bbox 2402 3266 2769 3337; x_wconf 87' lang='grc' dir='ltr'>συμμιγέντος</span> <span class='ocrx_word' id='word_1_503' title='bbox 2802 3264 3128 3326; x_wconf 82' lang='grc' dir='ltr'>κολλῶδες⁸⁹</span> <span class='ocrx_word' id='word_1_504' title='bbox 3168 3264 3267 3333; x_wconf 79' lang='grc' dir='ltr'><strong>μὲν</strong></span> <span class='ocrx_word' id='word_1_505' title='bbox 3300 3261 3360 3315; x_wconf 77' lang='grc' dir='ltr'><strong>τὸ</strong></span> <span class='ocrx_word' id='word_1_506' title='bbox 3395 3262 3503 3315; x_wconf 79' lang='grc' dir='ltr'>πᾶν</span> <span class='ocrx_word' id='word_1_507' title='bbox 3532 3261 3668 3313; x_wconf 75' lang='grc' dir='ltr'>πολὺ</span> <span class='ocrx_word' id='word_1_508' title='bbox 3702 3260 3846 3329; x_wconf 81' lang='grc' dir='ltr'><strong>μᾶλ-</strong></span> 
     </span>
    </p>
   </div>
   <div class='ocr_carea' id='block_1_67' title="bbox 2262 3352 3845 3430">
    <p class='ocr_par' dir='ltr' id='par_1_67' title="bbox 2262 3352 3845 3430">
     <span class='ocr_line' id='line_1_67' title="bbox 2262 3352 3845 3430; baseline -0.005 -15"><span class='ocrx_word' id='word_1_509' title='bbox 2262 3362 2351 3415; x_wconf 91' lang='grc' dir='ltr'><strong>λον</strong></span> <span class='ocrx_word' id='word_1_510' title='bbox 2381 3361 2612 3430; x_wconf 89' lang='grc' dir='ltr'>γίνεται,</span> <span class='ocrx_word' id='word_1_511' title='bbox 2648 3358 2795 3412; x_wconf 89' lang='grc' dir='ltr'>δοκεί</span> <span class='ocrx_word' id='word_1_512' title='bbox 2820 3357 2863 3410; x_wconf 80' lang='grc' dir='ltr'>δ’</span> <span class='ocrx_word' id='word_1_513' title='bbox 2888 3352 3002 3411; x_wconf 79' lang='grc' dir='ltr'>οἷον</span> <span class='ocrx_word' id='word_1_514' title='bbox 3052 3356 3367 3425; x_wconf 81' lang='grc' dir='ltr'>ἡδύσματος</span> <span class='ocrx_word' id='word_1_515' title='bbox 3386 3355 3431 3386; x_wconf 80' lang='grc'>⁸⁰</span> <span class='ocrx_word' id='word_1_516' title='bbox 3461 3355 3493 3425; x_wconf 82' lang='grc' dir='ltr'>ἢ</span> <span class='ocrx_word' id='word_1_517' title='bbox 3530 3354 3845 3426; x_wconf 80' lang='grc' dir='ltr'>παρεμπλο-</span> 
     </span>
    </p>
   </div>
   <div class='ocr_carea' id='block_1_68' title="bbox 2265 3447 3843 3526">
    <p class='ocr_par' dir='ltr' id='par_1_68' title="bbox 2265 3447 3843 3526">
     <span class='ocr_line' id='line_1_68' title="bbox 2265 3447 3843 3526; baseline -0.007 -16"><span class='ocrx_word' id='word_1_518' title='bbox 2265 3456 2370 3526; x_wconf 82' lang='grc' dir='ltr'>κῆς</span> <span class='ocrx_word' id='word_1_519' title='bbox 2417 3451 2572 3519; x_wconf 78' lang='grc' dir='ltr'>τάξιν</span> <span class='ocrx_word' id='word_1_520' title='bbox 2602 3452 2767 3523; x_wconf 81' lang='grc' dir='ltr'>ἐχειν.</span> <span class='ocrx_word' id='word_1_521' title='bbox 2818 3450 2990 3504; x_wconf 84' lang='grc' dir='ltr'>Ἐπάν</span> <span class='ocrx_word' id='word_1_522' title='bbox 3037 3448 3094 3502; x_wconf 83' lang='grc' dir='ltr'>δὲ</span> <span class='ocrx_word' id='word_1_523' title='bbox 3132 3448 3317 3501; x_wconf 83' lang='grc' dir='ltr'>ἰκανὸν</span> <span class='ocrx_word' id='word_1_524' title='bbox 3346 3447 3537 3518; x_wconf 89' lang='grc' dir='ltr'>χρόνον</span> <span class='ocrx_word' id='word_1_525' title='bbox 3565 3450 3677 3510; x_wconf 84' lang='grc' dir='ltr'>τοῖς</span> <span class='ocrx_word' id='word_1_526' title='bbox 3714 3447 3843 3499; x_wconf 67' lang='grc' dir='ltr'><strong>ποσί⁵</strong></span> 
     </span>
    </p>
   </div>
   <div class='ocr_carea' id='block_1_69' title="bbox 2262 3539 3835 3620">
    <p class='ocr_par' dir='ltr' id='par_1_69' title="bbox 2262 3539 3835 3620">
     <span class='ocr_line' id='line_1_69' title="bbox 2262 3539 3835 3620; baseline -0.022 -17"><span class='ocrx_word' id='word_1_527' title='bbox 2262 3549 2572 3620; x_wconf 74' lang='grc' dir='ltr'>δεψήσωσι,</span> <span class='ocrx_word' id='word_1_528' title='bbox 2642 3543 2925 3606; x_wconf 86' lang='grc' dir='ltr'>πλινθίδας</span> <span class='ocrx_word' id='word_1_529' title='bbox 2973 3544 3329 3612; x_wconf 85' lang='grc' dir='ltr'>παραμήκεις</span> <span class='ocrx_word' id='word_1_530' title='bbox 3374 3540 3769 3602; x_wconf 79' lang='grc' dir='ltr'>διαπλάσαντες</span> <span class='ocrx_word' id='word_1_531' title='bbox 3792 3539 3835 3569; x_wconf 70' lang='grc' dir='ltr'>ιὶι</span> 
     </span>
    </p>
   </div>
   <div class='ocr_carea' id='block_1_70' title="bbox 575 3636 3844 3715">
    <p class='ocr_par' dir='ltr' id='par_1_70' title="bbox 575 3636 3844 3715">
     <span class='ocr_line' id='line_1_70' title="bbox 575 3636 3844 3715; baseline -0.003 -19"><span class='ocrx_word' id='word_1_532' title='bbox 575 3644 739 3698; x_wconf 74' lang='grc' dir='ltr'>πάλιν</span> <span class='ocrx_word' id='word_1_533' title='bbox 766 3645 845 3708; x_wconf 87' lang='grc' dir='ltr'><strong>είς</strong></span> <span class='ocrx_word' id='word_1_534' title='bbox 866 3643 958 3697; x_wconf 75' lang='grc' dir='ltr'><strong>τὸν</strong></span> <span class='ocrx_word' id='word_1_535' title='bbox 983 3643 1136 3713; x_wconf 73' lang='grc' dir='ltr'>ἥλιον</span> <span class='ocrx_word' id='word_1_536' title='bbox 1164 3641 1409 3697; x_wconf 84' lang='grc' dir='ltr'>τιθέασιν</span> <span class='ocrx_word' id='word_1_537' title='bbox 1429 3659 1444 3676; x_wconf 79' lang='grc'><strong><em>⁸</em></strong></span> <span class='ocrx_word' id='word_1_538' title='bbox 1474 3636 1549 3697; x_wconf 85' lang='grc' dir='ltr'>ὧν</span> <span class='ocrx_word' id='word_1_539' title='bbox 1573 3644 1837 3715; x_wconf 84' lang='grc' dir='ltr'>ξηρασίαν</span> <span class='ocrx_word' id='word_1_540' title='bbox 1873 3646 2153 3702; x_wconf 80' lang='grc' dir='ltr'>λαϐουσῶν</span> <span class='ocrx_word' id='word_1_541' title='bbox 2193 3647 2518 3705; x_wconf 83' lang='grc' dir='ltr'>καθίσαντες</span> <span class='ocrx_word' id='word_1_542' title='bbox 2544 3637 2878 3710; x_wconf 85' lang='grc' dir='ltr'>εὐωχοῦνται</span> <span class='ocrx_word' id='word_1_543' title='bbox 2922 3637 3147 3703; x_wconf 86' lang='grc' dir='ltr'>πάντες,</span> <span class='ocrx_word' id='word_1_544' title='bbox 3186 3638 3250 3689; x_wconf 88' lang='grc' dir='ltr'><strong>ού</strong></span> <span class='ocrx_word' id='word_1_545' title='bbox 3315 3636 3453 3706; x_wconf 72' lang='grc' dir='ltr'>πρὸς</span> <span class='ocrx_word' id='word_1_546' title='bbox 3511 3638 3706 3707; x_wconf 85' lang='grc' dir='ltr'>μέτρον</span> <span class='ocrx_word' id='word_1_547' title='bbox 3746 3637 3844 3688; x_wconf 75' lang='grc' dir='ltr'><strong>καὶ</strong></span> 
     </span>
    </p>
   </div>
   <div class='ocr_carea' id='block_1_71' title="bbox 579 3734 2371 3817">
    <p class='ocr_par' dir='ltr' id='par_1_71' title="bbox 579 3734 2371 3817">
     <span class='ocr_line' id='line_1_71' title="bbox 579 3734 2371 3817; baseline 0.001 -24"><span class='ocrx_word' id='word_1_548' title='bbox 579 3738 861 3807; x_wconf 73' lang='grc' dir='ltr'>σταθμὸν,</span> <span class='ocrx_word' id='word_1_549' title='bbox 923 3738 1058 3791; x_wconf 80' lang='grc' dir='ltr'>ἀλλὰ</span> <span class='ocrx_word' id='word_1_550' title='bbox 1121 3739 1258 3810; x_wconf 83' lang='grc' dir='ltr'>πρὸς</span> <span class='ocrx_word' id='word_1_551' title='bbox 1305 3738 1403 3809; x_wconf 78' lang='grc' dir='ltr'><strong>τὴν</strong></span> <span class='ocrx_word' id='word_1_552' title='bbox 1461 3741 1694 3795; x_wconf 80' lang='grc' dir='ltr'>ἑκάστου</span> <span class='ocrx_word' id='word_1_553' title='bbox 1757 3742 2011 3814; x_wconf 85' lang='grc' dir='ltr'>βούλησιν</span> <span class='ocrx_word' id='word_1_554' title='bbox 2061 3734 2371 3817; x_wconf 69' lang='grc' dir='ltr'>καὶ’χάριν.</span> 
     </span>
    </p>
   </div>
   <div class='ocr_carea' id='block_1_72' title="bbox 628 3827 2150 3906">
    <p class='ocr_par' dir='ltr' id='par_1_72' title="bbox 628 3827 2150 3906">
     <span class='ocr_line' id='line_1_72' title="bbox 628 3827 2150 3906; baseline 0.005 -22"><span class='ocrx_word' id='word_1_555' title='bbox 628 3832 759 3889; x_wconf 77' lang='lat' dir='ltr'><strong>CAP.</strong></span> <span class='ocrx_word' id='word_1_556' title='bbox 777 3830 907 3885; x_wconf 82' lang='lat' dir='ltr'>XIII.</span> <span class='ocrx_word' id='word_1_557' title='bbox 920 3827 986 3885; x_wconf 81' lang='lat' dir='ltr'><strong>Ut</strong></span> <span class='ocrx_word' id='word_1_558' title='bbox 1000 3831 1225 3885; x_wconf 82' lang='lat' dir='ltr'><strong>conchas</strong></span> <span class='ocrx_word' id='word_1_559' title='bbox 1242 3843 1492 3885; x_wconf 81' lang='lat' dir='ltr'><strong>venentur</strong></span> <span class='ocrx_word' id='word_1_560' title='bbox 1520 3834 1888 3905; x_wconf 78' lang='lat' dir='ltr'><strong>ichthyophagi</strong></span> <span class='ocrx_word' id='word_1_561' title='bbox 1904 3849 1952 3889; x_wconf 81' lang='lat' dir='ltr'><strong>et</strong></span> <span class='ocrx_word' id='word_1_562' title='bbox 1966 3847 2150 3906; x_wconf 79' lang='lat' dir='ltr'><strong>polum</strong></span> 
     </span>
    </p>
   </div>
   <div class='ocr_carea' id='block_1_73' title="bbox 572 3920 2145 3995">
    <p class='ocr_par' dir='ltr' id='par_1_73' title="bbox 572 3920 2145 3995">
     <span class='ocr_line' id='line_1_73' title="bbox 572 3920 2145 3995; baseline 0.003 -17"><span class='ocrx_word' id='word_1_563' title='bbox 572 3933 780 3978; x_wconf 70' lang='lat' dir='ltr'><strong>exeant.</strong></span> <span class='ocrx_word' id='word_1_564' title='bbox 805 3921 1099 3975; x_wconf 88' lang='lat' dir='ltr'><strong>-—Coutra</strong></span> <span class='ocrx_word' id='word_1_565' title='bbox 1138 3920 1347 3975; x_wconf 89' lang='lat' dir='ltr'><strong>hiemes</strong></span> <span class='ocrx_word' id='word_1_566' title='bbox 1387 3923 1723 3991; x_wconf 88' lang='lat' dir='ltr'><strong>repentinas,</strong></span> <span class='ocrx_word' id='word_1_567' title='bbox 1757 3940 1879 3995; x_wconf 71' lang='lat' dir='ltr'><strong>qua:</strong></span> <span class='ocrx_word' id='word_1_568' title='bbox 1912 3928 2145 3995; x_wconf 91' lang='lat' dir='ltr'><strong>piscium</strong></span> 
     </span>
    </p>
   </div>
   <div class='ocr_carea' id='block_1_74' title="bbox 574 4012 2152 4091">
    <p class='ocr_par' dir='ltr' id='par_1_74' title="bbox 574 4012 2152 4091">
     <span class='ocr_line' id='line_1_74' title="bbox 574 4012 2152 4091; baseline 0.003 -22"><span class='ocrx_word' id='word_1_569' title='bbox 574 4014 918 4091; x_wconf 74' lang='lat' dir='ltr'><strong>venationem</strong></span> <span class='ocrx_word' id='word_1_570' title='bbox 950 4012 1031 4066; x_wconf 90' lang='lat' dir='ltr'><strong>eis</strong></span> <span class='ocrx_word' id='word_1_571' title='bbox 1064 4012 1438 4082; x_wconf 84' lang='lat' dir='ltr'><strong>intercipiunt,</strong></span> <span class='ocrx_word' id='word_1_572' title='bbox 1480 4014 1587 4069; x_wconf 88' lang='lat' dir='ltr'><strong>tale</strong></span> <span class='ocrx_word' id='word_1_573' title='bbox 1612 4016 1897 4086; x_wconf 89' lang='lat' dir='ltr'><strong>quidpiam</strong></span> <span class='ocrx_word' id='word_1_574' title='bbox 1936 4018 2152 4073; x_wconf 89' lang='lat' dir='ltr'><strong>machi-</strong></span> 
     </span>
    </p>
   </div>
   <div class='ocr_carea' id='block_1_75' title="bbox 574 4098 2149 4175">
    <p class='ocr_par' dir='ltr' id='par_1_75' title="bbox 574 4098 2149 4175">
     <span class='ocr_line' id='line_1_75' title="bbox 574 4098 2149 4175; baseline 0.004 -13"><span class='ocrx_word' id='word_1_575' title='bbox 574 4098 776 4162; x_wconf 90' lang='lat' dir='ltr'><strong>nantur</strong></span> <span class='ocrx_word' id='word_1_576' title='bbox 805 4104 1104 4174; x_wconf 80' lang='lat' dir='ltr'><strong>:Vagantes</strong></span> <span class='ocrx_word' id='word_1_577' title='bbox 1139 4121 1235 4175; x_wconf 91' lang='lat' dir='ltr'><strong>per</strong></span> <span class='ocrx_word' id='word_1_578' title='bbox 1268 4115 1437 4160; x_wconf 85' lang='lat' dir='ltr'><strong>totam</strong></span> <span class='ocrx_word' id='word_1_579' title='bbox 1464 4108 1677 4161; x_wconf 74' lang='lat' dir='ltr'><strong>vicinia:</strong></span> <span class='ocrx_word' id='word_1_580' title='bbox 1718 4109 1968 4167; x_wconf 91' lang='lat' dir='ltr'><strong>littoralis</strong></span> <span class='ocrx_word' id='word_1_581' title='bbox 1994 4127 2149 4168; x_wconf 89' lang='lat' dir='ltr'><strong>oram</strong></span> 
     </span>
    </p>
   </div>
   <div class='ocr_carea' id='block_1_76' title="bbox 574 4197 2151 4273">
    <p class='ocr_par' dir='ltr' id='par_1_76' title="bbox 574 4197 2151 4273">
     <span class='ocr_line' id='line_1_76' title="bbox 574 4197 2151 4273; baseline 0.006 -21"><span class='ocrx_word' id='word_1_582' title='bbox 574 4199 814 4253; x_wconf 84' lang='lat' dir='ltr'><strong>conchas</strong></span> <span class='ocrx_word' id='word_1_583' title='bbox 870 4199 1012 4268; x_wconf 66' lang='lat' dir='ltr'><strong>(quae</strong></span> <span class='ocrx_word' id='word_1_584' title='bbox 1061 4197 1135 4252; x_wconf 90' lang='lat' dir='ltr'><strong>ibi</strong></span> <span class='ocrx_word' id='word_1_585' title='bbox 1172 4206 1301 4253; x_wconf 90' lang='lat' dir='ltr'><strong>sunt</strong></span> <span class='ocrx_word' id='word_1_586' title='bbox 1343 4200 1619 4265; x_wconf 72' lang='lat' dir='ltr'><strong>maximae,</strong></span> <span class='ocrx_word' id='word_1_587' title='bbox 1658 4208 1718 4254; x_wconf 89' lang='lat' dir='ltr'><strong>ut</strong></span> <span class='ocrx_word' id='word_1_588' title='bbox 1756 4204 2151 4273; x_wconf 86' lang='lat' dir='ltr'><strong>magnitudinis</strong></span> 
     </span>
    </p>
   </div>
   <div class='ocr_carea' id='block_1_77' title="bbox 584 4289 2154 4366">
    <p class='ocr_par' dir='ltr' id='par_1_77' title="bbox 584 4289 2154 4366">
     <span class='ocr_line' id='line_1_77' title="bbox 584 4289 2154 4366; baseline 0.007 -25"><span class='ocrx_word' id='word_1_589' title='bbox 584 4304 847 4344; x_wconf 79' lang='lat' dir='ltr'><strong>excessus</strong></span> <span class='ocrx_word' id='word_1_590' title='bbox 871 4290 956 4343; x_wconf 91' lang='lat' dir='ltr'><strong>his</strong></span> <span class='ocrx_word' id='word_1_591' title='bbox 992 4289 1083 4359; x_wconf 93' lang='lat' dir='ltr'><strong>qui</strong></span> <span class='ocrx_word' id='word_1_592' title='bbox 1120 4306 1227 4343; x_wconf 92' lang='lat' dir='ltr'><strong>non</strong></span> <span class='ocrx_word' id='word_1_593' title='bbox 1260 4290 1516 4344; x_wconf 87' lang='lat' dir='ltr'><strong>viderunt</strong></span> <span class='ocrx_word' id='word_1_594' title='bbox 1553 4291 1624 4346; x_wconf 85' lang='lat' dir='ltr'><strong>sit</strong></span> <span class='ocrx_word' id='word_1_595' title='bbox 1649 4292 2011 4366; x_wconf 83' lang='lat' dir='ltr'><strong>incredibilis)</strong></span> <span class='ocrx_word' id='word_1_596' title='bbox 2045 4298 2154 4352; x_wconf 86' lang='lat' dir='ltr'><strong>col-</strong></span> 
     </span>
    </p>
   </div>
   <div class='ocr_carea' id='block_1_78' title="bbox 575 4380 2151 4458">
    <p class='ocr_par' dir='ltr' id='par_1_78' title="bbox 575 4380 2151 4458">
     <span class='ocr_line' id='line_1_78' title="bbox 575 4380 2151 4458; baseline 0.006 -24"><span class='ocrx_word' id='word_1_597' title='bbox 575 4381 788 4447; x_wconf 72' lang='lat' dir='ltr'><strong>ligunt:</strong></span> <span class='ocrx_word' id='word_1_598' title='bbox 827 4381 1097 4450; x_wconf 89' lang='lat' dir='ltr'><strong>nudisque</strong></span> <span class='ocrx_word' id='word_1_599' title='bbox 1130 4380 1324 4435; x_wconf 90' lang='lat' dir='ltr'><strong>harum</strong></span> <span class='ocrx_word' id='word_1_600' title='bbox 1363 4382 1624 4437; x_wconf 86' lang='lat' dir='ltr'><strong>carnibus</strong></span> <span class='ocrx_word' id='word_1_601' title='bbox 1668 4384 1721 4437; x_wconf 91' lang='lat' dir='ltr'><strong>in</strong></span> <span class='ocrx_word' id='word_1_602' title='bbox 1755 4385 1843 4439; x_wconf 81' lang='lat' dir='ltr'><strong>illa</strong></span> <span class='ocrx_word' id='word_1_603' title='bbox 1891 4389 2151 4458; x_wconf 89' lang='lat' dir='ltr'><strong>temporis</strong></span> 
     </span>
    </p>
   </div>
   <div class='ocr_carea' id='block_1_79' title="bbox 573 4473 2150 4548">
    <p class='ocr_par' dir='ltr' id='par_1_79' title="bbox 573 4473 2150 4548">
     <span class='ocr_line' id='line_1_79' title="bbox 573 4473 2150 4548; baseline 0.006 -22"><span class='ocrx_word' id='word_1_604' title='bbox 573 4473 887 4528; x_wconf 77' lang='lat' dir='ltr'><strong>diiIicultate</strong></span> <span class='ocrx_word' id='word_1_605' title='bbox 905 4473 1258 4543; x_wconf 84' lang='lat' dir='ltr'><strong>indigentiam</strong></span> <span class='ocrx_word' id='word_1_606' title='bbox 1281 4484 1638 4543; x_wconf 86' lang='lat' dir='ltr'><strong>compensant</strong></span> <span class='ocrx_word' id='word_1_607' title='bbox 1656 4486 1709 4531; x_wconf 90' lang='lat' dir='ltr'><strong>et</strong></span> <span class='ocrx_word' id='word_1_608' title='bbox 1725 4478 1964 4548; x_wconf 79' lang='lat' dir='ltr'><strong>explent.</strong></span> <span class='ocrx_word' id='word_1_609' title='bbox 1981 4479 2150 4547; x_wconf 55' lang='lat' dir='ltr'><strong>Quiur</strong></span> 
     </span>
    </p>
   </div>
   <div class='ocr_carea' id='block_1_80' title="bbox 2339 3825 3843 3902">
    <p class='ocr_par' dir='ltr' id='par_1_80' title="bbox 2339 3825 3843 3902">
     <span class='ocr_line' id='line_1_80' title="bbox 2339 3825 3843 3902; baseline -0.006 -16"><span class='ocrx_word' id='word_1_610' title='bbox 2339 3835 2460 3886; x_wconf 86' lang='grc' dir='ltr'>Ὅτι</span> <span class='ocrx_word' id='word_1_611' title='bbox 2512 3830 2651 3902; x_wconf 80' lang='grc' dir='ltr'>πρὸς</span> <span class='ocrx_word' id='word_1_612' title='bbox 2700 3828 2825 3891; x_wconf 76' lang='grc' dir='ltr'>τοὺς</span> <span class='ocrx_word' id='word_1_613' title='bbox 2858 3827 3159 3896; x_wconf 77' lang='grc' dir='ltr'>αἰφνιδίους</span> <span class='ocrx_word' id='word_1_614' title='bbox 3192 3826 3487 3897; x_wconf 89' lang='grc' dir='ltr'>χειμῶνας.</span> <span class='ocrx_word' id='word_1_615' title='bbox 3521 3826 3570 3879; x_wconf 82' lang='grc' dir='ltr'>οἳ</span> <span class='ocrx_word' id='word_1_616' title='bbox 3604 3827 3703 3895; x_wconf 75' lang='grc' dir='ltr'><strong>τὴν</strong></span> <span class='ocrx_word' id='word_1_617' title='bbox 3733 3825 3843 3878; x_wconf 79' lang='grc' dir='ltr'>ἀπὸ</span> 
     </span>
    </p>
   </div>
   <div class='ocr_carea' id='block_1_81' title="bbox 2262 3920 3839 3996">
    <p class='ocr_par' dir='ltr' id='par_1_81' title="bbox 2262 3920 3839 3996">
     <span class='ocr_line' id='line_1_81' title="bbox 2262 3920 3839 3996; baseline -0.007 -13"><span class='ocrx_word' id='word_1_618' title='bbox 2262 3928 2371 3983; x_wconf 88' lang='grc' dir='ltr'><strong>τῶν</strong></span> <span class='ocrx_word' id='word_1_619' title='bbox 2419 3924 2614 3996; x_wconf 87' lang='grc' dir='ltr'>ίχθύων</span> <span class='ocrx_word' id='word_1_620' title='bbox 2665 3923 2866 3984; x_wconf 77' lang='grc' dir='ltr'>αὐτοὺς</span> <span class='ocrx_word' id='word_1_621' title='bbox 2912 3921 3086 3992; x_wconf 83' lang='grc' dir='ltr'>θήραν</span> <span class='ocrx_word' id='word_1_622' title='bbox 3128 3920 3520 3992; x_wconf 81' lang='grc' dir='ltr'>ἀφαιροῦνται,</span> <span class='ocrx_word' id='word_1_623' title='bbox 3551 3920 3751 3973; x_wconf 86' lang='grc' dir='ltr'>τοιόνδε</span> <span class='ocrx_word' id='word_1_624' title='bbox 3787 3938 3839 3972; x_wconf 89' lang='grc' dir='ltr'><strong>τι</strong></span> 
     </span>
    </p>
   </div>
   <div class='ocr_carea' id='block_1_82' title="bbox 2266 4014 3841 4092">
    <p class='ocr_par' dir='ltr' id='par_1_82' title="bbox 2266 4014 3841 4092">
     <span class='ocr_line' id='line_1_82' title="bbox 2266 4014 3841 4092; baseline -0.003 -20"><span class='ocrx_word' id='word_1_625' title='bbox 2266 4018 2633 4092; x_wconf 86' lang='grc' dir='ltr'>μηχανῶνται·</span> <span class='ocrx_word' id='word_1_626' title='bbox 2672 4015 3024 4085; x_wconf 85' lang='grc' dir='ltr'>Πλανώμενοι</span> <span class='ocrx_word' id='word_1_627' title='bbox 3057 4016 3207 4084; x_wconf 83' lang='grc' dir='ltr'><strong>παρά</strong></span> <span class='ocrx_word' id='word_1_628' title='bbox 3236 4015 3418 4068; x_wconf 80' lang='grc' dir='ltr'>πᾶσαν</span> <span class='ocrx_word' id='word_1_629' title='bbox 3477 4015 3577 4085; x_wconf 82' lang='grc' dir='ltr'><strong>τὴν</strong></span> <span class='ocrx_word' id='word_1_630' title='bbox 3610 4014 3841 4085; x_wconf 84' lang='grc' dir='ltr'>πλησίον</span> 
     </span>
    </p>
   </div>
   <div class='ocr_carea' id='block_1_83' title="bbox 2263 4107 3842 4184">
    <p class='ocr_par' dir='ltr' id='par_1_83' title="bbox 2263 4107 3842 4184">
     <span class='ocr_line' id='line_1_83' title="bbox 2263 4107 3842 4184; baseline -0.006 -17"><span class='ocrx_word' id='word_1_631' title='bbox 2263 4111 2537 4184; x_wconf 88' lang='grc' dir='ltr'>παραλίαν</span> <span class='ocrx_word' id='word_1_632' title='bbox 2571 4109 2803 4179; x_wconf 90' lang='grc' dir='ltr'>κόγχους</span> <span class='ocrx_word' id='word_1_633' title='bbox 2833 4107 3130 4175; x_wconf 83' lang='grc' dir='ltr'>συνάγουσι</span> <span class='ocrx_word' id='word_1_634' title='bbox 3184 4108 3202 4168; x_wconf 84' lang='lat'><strong><em>(</em></strong></span> <span class='ocrx_word' id='word_1_635' title='bbox 3231 4107 3479 4177; x_wconf 85' lang='grc' dir='ltr'>μέγιστοι</span> <span class='ocrx_word' id='word_1_636' title='bbox 3530 4107 3588 4159; x_wconf 86' lang='grc' dir='ltr'>δὲ</span> <span class='ocrx_word' id='word_1_637' title='bbox 3636 4107 3842 4177; x_wconf 80' lang='grc' dir='ltr'>τυγχά-</span> 
     </span>
    </p>
   </div>
   <div class='ocr_carea' id='block_1_84' title="bbox 2261 4194 3837 4268">
    <p class='ocr_par' dir='ltr' id='par_1_84' title="bbox 2261 4194 3837 4268">
     <span class='ocr_line' id='line_1_84' title="bbox 2261 4194 3837 4268; baseline -0.008 -10"><span class='ocrx_word' id='word_1_638' title='bbox 2261 4220 2465 4266; x_wconf 87' lang='grc' dir='ltr'>νουσιν,</span> <span class='ocrx_word' id='word_1_639' title='bbox 2505 4200 2648 4254; x_wconf 85' lang='grc' dir='ltr'>ῶστε</span> <span class='ocrx_word' id='word_1_640' title='bbox 2676 4201 2787 4261; x_wconf 82' lang='grc' dir='ltr'>τοῖς</span> <span class='ocrx_word' id='word_1_641' title='bbox 2840 4200 2915 4268; x_wconf 84' lang='grc' dir='ltr'>μὴ</span> <span class='ocrx_word' id='word_1_642' title='bbox 2951 4196 3209 4250; x_wconf 80' lang='grc' dir='ltr'>ίδοῦσιν⁶¹</span> <span class='ocrx_word' id='word_1_643' title='bbox 3239 4198 3470 4251; x_wconf 89' lang='grc' dir='ltr'>άπιστον</span> <span class='ocrx_word' id='word_1_644' title='bbox 3514 4196 3703 4258; x_wconf 78' lang='grc' dir='ltr'>αὐτοῖς</span> <span class='ocrx_word' id='word_1_645' title='bbox 3743 4194 3837 4246; x_wconf 89' lang='grc' dir='ltr'><strong>τοῦ</strong></span> 
     </span>
    </p>
   </div>
   <div class='ocr_carea' id='block_1_85' title="bbox 2265 4284 3840 4368">
    <p class='ocr_par' dir='ltr' id='par_1_85' title="bbox 2265 4284 3840 4368">
     <span class='ocr_line' id='line_1_85' title="bbox 2265 4284 3840 4368; baseline -0.007 -18"><span class='ocrx_word' id='word_1_646' title='bbox 2265 4296 2531 4368; x_wconf 87' lang='grc' dir='ltr'>μεγέθους</span> <span class='ocrx_word' id='word_1_647' title='bbox 2562 4294 2661 4363; x_wconf 78' lang='grc' dir='ltr'>τὴν</span> <span class='ocrx_word' id='word_1_648' title='bbox 2691 4290 2997 4362; x_wconf 69' lang='grc' dir='ltr'>ὑπερϐολὴν</span> <span class='ocrx_word' id='word_1_649' title='bbox 3045 4286 3181 4342; x_wconf 77' lang='grc' dir='ltr'>εἶναι</span> <span class='ocrx_word' id='word_1_650' title='bbox 3207 4289 3225 4361; x_wconf 97' lang='grc'><strong>)</strong></span> <span class='ocrx_word' id='word_1_651' title='bbox 3248 4329 3263 4353; x_wconf 93' lang='grc'><strong>,</strong></span> <span class='ocrx_word' id='word_1_652' title='bbox 3294 4284 3369 4343; x_wconf 80' lang='grc' dir='ltr'>ὧν</span> <span class='ocrx_word' id='word_1_653' title='bbox 3400 4288 3461 4340; x_wconf 83' lang='grc' dir='ltr'><strong>τὸ</strong></span> <span class='ocrx_word' id='word_1_654' title='bbox 3491 4289 3661 4358; x_wconf 86' lang='grc' dir='ltr'>κρέας</span> <span class='ocrx_word' id='word_1_655' title='bbox 3688 4287 3840 4356; x_wconf 83' lang='grc' dir='ltr'>ὠμὸν</span> 
     </span>
    </p>
   </div>
   <div class='ocr_carea' id='block_1_86' title="bbox 2260 4381 3835 4457">
    <p class='ocr_par' dir='ltr' id='par_1_86' title="bbox 2260 4381 3835 4457">
     <span class='ocr_line' id='line_1_86' title="bbox 2260 4381 3835 4457; baseline -0.006 -14"><span class='ocrx_word' id='word_1_656' title='bbox 2260 4390 2361 4457; x_wconf 82' lang='grc' dir='ltr'>τῆς</span> <span class='ocrx_word' id='word_1_657' title='bbox 2389 4388 2599 4449; x_wconf 90' lang='grc' dir='ltr'>ἐνδείας</span> <span class='ocrx_word' id='word_1_658' title='bbox 2622 4384 3014 4455; x_wconf 81' lang='grc' dir='ltr'>ἀναπλήρωσιν</span> <span class='ocrx_word' id='word_1_659' title='bbox 3037 4382 3157 4435; x_wconf 83' lang='grc' dir='ltr'>κατ’</span> <span class='ocrx_word' id='word_1_660' title='bbox 3193 4385 3372 4435; x_wconf 88' lang='grc' dir='ltr'>ἐκεῖνο</span> <span class='ocrx_word' id='word_1_661' title='bbox 3400 4381 3597 4453; x_wconf 82' lang='grc' dir='ltr'>καιροῦ</span> <span class='ocrx_word' id='word_1_662' title='bbox 3628 4381 3835 4450; x_wconf 74' lang='grc' dir='ltr'>ἔχουσι.</span> 
     </span>
    </p>
   </div>
   <div class='ocr_carea' id='block_1_87' title="bbox 2262 4473 3838 4552">
    <p class='ocr_par' dir='ltr' id='par_1_87' title="bbox 2262 4473 3838 4552">
     <span class='ocr_line' id='line_1_87' title="bbox 2262 4473 3838 4552; baseline -0.007 -17"><span class='ocrx_word' id='word_1_663' title='bbox 2262 4482 2376 4552; x_wconf 83' lang='grc' dir='ltr'><strong>Τῆς</strong></span> <span class='ocrx_word' id='word_1_664' title='bbox 2409 4480 2476 4545; x_wconf 55' lang='grc' dir='ltr'><strong>,δὲ</strong></span> <span class='ocrx_word' id='word_1_665' title='bbox 2514 4478 2705 4549; x_wconf 85' lang='grc' dir='ltr'>χρείας</span> <span class='ocrx_word' id='word_1_666' title='bbox 2762 4478 2861 4546; x_wconf 81' lang='grc' dir='ltr'>τῆς</span> <span class='ocrx_word' id='word_1_667' title='bbox 2912 4475 3020 4529; x_wconf 82' lang='grc' dir='ltr'>ἀπὸ</span> <span class='ocrx_word' id='word_1_668' title='bbox 3076 4475 3185 4527; x_wconf 88' lang='grc' dir='ltr'><strong>τῶν</strong></span> <span class='ocrx_word' id='word_1_669' title='bbox 3237 4474 3436 4544; x_wconf 83' lang='grc' dir='ltr'>ἰχθύων</span> <span class='ocrx_word' id='word_1_670' title='bbox 3499 4474 3579 4527; x_wconf 76' lang='grc' dir='ltr'>ἔτι</span> <span class='ocrx_word' id='word_1_671' title='bbox 3629 4473 3838 4535; x_wconf 87' lang='grc' dir='ltr'>τούτοις</span> 
     </span>
    </p>
   </div>
   <div class='ocr_carea' id='block_1_88' title="bbox 574 4562 2151 4643">
    <p class='ocr_par' dir='ltr' id='par_1_88' title="bbox 574 4562 2151 4640">
     <span class='ocr_line' id='line_1_88' title="bbox 574 4562 2151 4640; baseline 0.005 -21"><span class='ocrx_word' id='word_1_672' title='bbox 574 4565 684 4619; x_wconf 87' lang='lat' dir='ltr'><strong>imo</strong></span> <span class='ocrx_word' id='word_1_673' title='bbox 732 4564 861 4617; x_wconf 91' lang='lat' dir='ltr'><strong>dum</strong></span> <span class='ocrx_word' id='word_1_674' title='bbox 914 4562 1101 4617; x_wconf 89' lang='lat' dir='ltr'><strong>adhuc</strong></span> <span class='ocrx_word' id='word_1_675' title='bbox 1134 4564 1369 4633; x_wconf 87' lang='lat' dir='ltr'><strong>piscium</strong></span> <span class='ocrx_word' id='word_1_676' title='bbox 1407 4565 1512 4620; x_wconf 89' lang='lat' dir='ltr'><strong>illis</strong></span> <span class='ocrx_word' id='word_1_677' title='bbox 1545 4568 1700 4636; x_wconf 87' lang='lat' dir='ltr'><strong>copia</strong></span> <span class='ocrx_word' id='word_1_678' title='bbox 1726 4572 1988 4640; x_wconf 85' lang='lat' dir='ltr'><strong>suppetit,</strong></span> <span class='ocrx_word' id='word_1_679' title='bbox 2018 4588 2151 4627; x_wconf 89' lang='lat' dir='ltr'><strong>con-</strong></span> 
     </span>
    </p>
   </div>
   <div class='ocr_carea' id='block_1_89' title="bbox 2258 4562 3834 4643">
    <p class='ocr_par' dir='ltr' id='par_1_89' title="bbox 2260 4566 3834 4643">
     <span class='ocr_line' id='line_1_89' title="bbox 2260 4566 3834 4643; baseline -0.006 -17"><span class='ocrx_word' id='word_1_680' title='bbox 2260 4570 2705 4643; x_wconf 88' lang='grc' dir='ltr'>παραμενούσης,</span> <span class='ocrx_word' id='word_1_681' title='bbox 2728 4568 2855 4630; x_wconf 84' lang='grc' dir='ltr'>τοὺς</span> <span class='ocrx_word' id='word_1_682' title='bbox 2885 4567 3212 4637; x_wconf 84' lang='grc' dir='ltr'>εἰρημένους</span> <span class='ocrx_word' id='word_1_683' title='bbox 3234 4568 3466 4636; x_wconf 84' lang='grc' dir='ltr'>κόγχους</span> <span class='ocrx_word' id='word_1_684' title='bbox 3492 4566 3834 4634; x_wconf 86' lang='grc' dir='ltr'>συλλέγουσι,</span> 
     </span>
    </p>
   </div>
   <div class='ocr_carea' id='block_1_90' title="bbox 572 4656 2148 4732">
    <p class='ocr_par' dir='ltr' id='par_1_90' title="bbox 572 4656 2148 4732">
     <span class='ocr_line' id='line_1_90' title="bbox 572 4656 2148 4732; baseline 0.005 -21"><span class='ocrx_word' id='word_1_685' title='bbox 572 4658 707 4711; x_wconf 68' lang='grc' dir='ltr'>(ξιιιιε</span> <span class='ocrx_word' id='word_1_686' title='bbox 739 4656 863 4711; x_wconf 87' lang='lat' dir='ltr'><strong>illas</strong></span> <span class='ocrx_word' id='word_1_687' title='bbox 885 4656 1167 4726; x_wconf 84' lang='lat' dir='ltr'><strong>colligunt,</strong></span> <span class='ocrx_word' id='word_1_688' title='bbox 1209 4670 1413 4726; x_wconf 81' lang='lat' dir='ltr'><strong>easque</strong></span> <span class='ocrx_word' id='word_1_689' title='bbox 1444 4661 1652 4714; x_wconf 90' lang='lat' dir='ltr'><strong>recenti</strong></span> <span class='ocrx_word' id='word_1_690' title='bbox 1681 4661 1804 4731; x_wconf 84' lang='lat' dir='ltr'><strong>alga</strong></span> <span class='ocrx_word' id='word_1_691' title='bbox 1830 4671 1883 4716; x_wconf 90' lang='lat' dir='ltr'><strong>et</strong></span> <span class='ocrx_word' id='word_1_692' title='bbox 1910 4663 2148 4732; x_wconf 90' lang='lat' dir='ltr'><strong>piscium</strong></span> 
     </span>
    </p>
   </div>
   <div class='ocr_carea' id='block_1_91' title="bbox 571 4748 2151 4821">
    <p class='ocr_par' dir='ltr' id='par_1_91' title="bbox 571 4748 2151 4821">
     <span class='ocr_line' id='line_1_91' title="bbox 571 4748 2151 4821; baseline 0.005 -21"><span class='ocrx_word' id='word_1_693' title='bbox 571 4748 773 4821; x_wconf 66' lang='grc' dir='ltr'><strong>45οα</strong></span> <span class='ocrx_word' id='word_1_694' title='bbox 816 4748 1091 4802; x_wconf 90' lang='lat' dir='ltr'><strong>minorum</strong></span> <span class='ocrx_word' id='word_1_695' title='bbox 1138 4748 1437 4817; x_wconf 89' lang='lat' dir='ltr'><strong>capitibus,</strong></span> <span class='ocrx_word' id='word_1_696' title='bbox 1486 4749 1655 4806; x_wconf 87' lang='lat' dir='ltr'><strong>l&#39;ossis</strong></span> <span class='ocrx_word' id='word_1_697' title='bbox 1696 4753 1998 4819; x_wconf 84' lang='lat' dir='ltr'><strong>demersas,</strong></span> <span class='ocrx_word' id='word_1_698' title='bbox 2047 4773 2151 4809; x_wconf 89' lang='lat' dir='ltr'><strong>no-</strong></span> 
     </span>
    </p>
   </div>
   <div class='ocr_carea' id='block_1_92' title="bbox 574 4837 2154 4919">
    <p class='ocr_par' dir='ltr' id='par_1_92' title="bbox 574 4837 2154 4919">
     <span class='ocr_line' id='line_1_92' title="bbox 574 4837 2154 4919; baseline 0.006 -26"><span class='ocrx_word' id='word_1_699' title='bbox 574 4842 768 4894; x_wconf 87' lang='lat' dir='ltr'><strong>triunt.</strong></span> <span class='ocrx_word' id='word_1_700' title='bbox 819 4837 886 4892; x_wconf 90' lang='lat' dir='ltr'><strong>Et</strong></span> <span class='ocrx_word' id='word_1_701' title='bbox 932 4847 1118 4909; x_wconf 88' lang='lat' dir='ltr'><strong>postea</strong></span> <span class='ocrx_word' id='word_1_702' title='bbox 1153 4851 1397 4909; x_wconf 86' lang='lat' dir='ltr'><strong>egestate</strong></span> <span class='ocrx_word' id='word_1_703' title='bbox 1448 4845 1709 4912; x_wconf 87' lang='lat' dir='ltr'><strong>correpti,</strong></span> <span class='ocrx_word' id='word_1_704' title='bbox 1766 4846 1821 4898; x_wconf 93' lang='lat' dir='ltr'><strong>in</strong></span> <span class='ocrx_word' id='word_1_705' title='bbox 1856 4846 2036 4901; x_wconf 87' lang='lat' dir='ltr'><strong>cibum</strong></span> <span class='ocrx_word' id='word_1_706' title='bbox 2070 4849 2154 4919; x_wconf 89' lang='lat' dir='ltr'><strong>(ut</strong></span> 
     </span>
    </p>
   </div>
   <div class='ocr_carea' id='block_1_93' title="bbox 571 4932 2146 5008">
    <p class='ocr_par' dir='ltr' id='par_1_93' title="bbox 571 4932 2146 5008">
     <span class='ocr_line' id='line_1_93' title="bbox 571 4932 2146 5008; baseline 0.005 -22"><span class='ocrx_word' id='word_1_707' title='bbox 571 4933 778 4987; x_wconf 85' lang='lat' dir='ltr'><strong>dictum</strong></span> <span class='ocrx_word' id='word_1_708' title='bbox 831 4934 939 5002; x_wconf 91' lang='lat' dir='ltr'><strong>est)</strong></span> <span class='ocrx_word' id='word_1_709' title='bbox 1006 4947 1101 4987; x_wconf 86' lang='lat' dir='ltr'><strong>eas</strong></span> <span class='ocrx_word' id='word_1_710' title='bbox 1149 4942 1383 4986; x_wconf 89' lang='lat' dir='ltr'><strong>vertunt.</strong></span> <span class='ocrx_word' id='word_1_711' title='bbox 1439 4932 1595 5000; x_wconf 91' lang='lat' dir='ltr'><strong>Quod</strong></span> <span class='ocrx_word' id='word_1_712' title='bbox 1639 4935 1685 4989; x_wconf 91' lang='lat' dir='ltr'><strong>si</strong></span> <span class='ocrx_word' id='word_1_713' title='bbox 1738 4945 1967 5008; x_wconf 81' lang='lat' dir='ltr'><strong>uterque</strong></span> <span class='ocrx_word' id='word_1_714' title='bbox 2022 4939 2146 4994; x_wconf 89' lang='lat' dir='ltr'><strong>illos</strong></span> 
     </span>
    </p>
   </div>
   <div class='ocr_carea' id='block_1_94' title="bbox 572 5021 2148 5094">
    <p class='ocr_par' dir='ltr' id='par_1_94' title="bbox 572 5021 2148 5094">
     <span class='ocr_line' id='line_1_94' title="bbox 572 5021 2148 5094; baseline 0.004 -15"><span class='ocrx_word' id='word_1_715' title='bbox 572 5024 728 5079; x_wconf 88' lang='lat' dir='ltr'><strong>cibus</strong></span> <span class='ocrx_word' id='word_1_716' title='bbox 767 5021 1048 5087; x_wconf 84' lang='lat' dir='ltr'><strong>defecerit,</strong></span> <span class='ocrx_word' id='word_1_717' title='bbox 1088 5037 1152 5076; x_wconf 84' lang='lat' dir='ltr'><strong>ex</strong></span> <span class='ocrx_word' id='word_1_718' title='bbox 1189 5023 1447 5079; x_wconf 91' lang='lat' dir='ltr'><strong>universo</strong></span> <span class='ocrx_word' id='word_1_719' title='bbox 1487 5025 1766 5094; x_wconf 90' lang='lat' dir='ltr'><strong>spinarum</strong></span> <span class='ocrx_word' id='word_1_720' title='bbox 1804 5042 2000 5083; x_wconf 87' lang='lat' dir='ltr'><strong>acervo</strong></span> <span class='ocrx_word' id='word_1_721' title='bbox 2060 5044 2148 5085; x_wconf 85' lang='lat' dir='ltr'><strong>re—</strong></span> 
     </span>
    </p>
   </div>
   <div class='ocr_carea' id='block_1_95' title="bbox 571 5113 2146 5187">
    <p class='ocr_par' dir='ltr' id='par_1_95' title="bbox 571 5113 2146 5187">
     <span class='ocr_line' id='line_1_95' title="bbox 571 5113 2146 5187; baseline 0.002 -18"><span class='ocrx_word' id='word_1_722' title='bbox 571 5124 780 5175; x_wconf 87' lang='lat' dir='ltr'><strong>centes,</strong></span> <span class='ocrx_word' id='word_1_723' title='bbox 814 5123 868 5166; x_wconf 91' lang='lat' dir='ltr'><strong>et</strong></span> <span class='ocrx_word' id='word_1_724' title='bbox 886 5113 1087 5183; x_wconf 74' lang='lat' dir='ltr'><strong>\adbuc</strong></span> <span class='ocrx_word' id='word_1_725' title='bbox 1121 5114 1270 5169; x_wconf 89' lang='lat' dir='ltr'><strong>succi</strong></span> <span class='ocrx_word' id='word_1_726' title='bbox 1305 5115 1494 5184; x_wconf 91' lang='lat' dir='ltr'><strong>plenas</strong></span> <span class='ocrx_word' id='word_1_727' title='bbox 1526 5116 1782 5187; x_wconf 89' lang='lat' dir='ltr'><strong>seligunt,</strong></span> <span class='ocrx_word' id='word_1_728' title='bbox 1831 5128 1885 5172; x_wconf 91' lang='lat' dir='ltr'><strong>et</strong></span> <span class='ocrx_word' id='word_1_729' title='bbox 1933 5120 2146 5173; x_wconf 89' lang='lat' dir='ltr'><strong>articu-</strong></span> 
     </span>
    </p>
   </div>
   <div class='ocr_carea' id='block_1_96' title="bbox 570 5204 2142 5277">
    <p class='ocr_par' dir='ltr' id='par_1_96' title="bbox 570 5204 2142 5277">
     <span class='ocr_line' id='line_1_96' title="bbox 570 5204 2142 5277; baseline 0.001 -13"><span class='ocrx_word' id='word_1_730' title='bbox 570 5207 725 5264; x_wconf 88' lang='lat' dir='ltr'><strong>latim</strong></span> <span class='ocrx_word' id='word_1_731' title='bbox 782 5206 909 5261; x_wconf 88' lang='lat' dir='ltr'><strong>inde</strong></span> <span class='ocrx_word' id='word_1_732' title='bbox 967 5204 1243 5275; x_wconf 89' lang='lat' dir='ltr'><strong>sublatas,</strong></span> <span class='ocrx_word' id='word_1_733' title='bbox 1307 5208 1505 5277; x_wconf 88' lang='lat' dir='ltr'><strong>partim</strong></span> <span class='ocrx_word' id='word_1_734' title='bbox 1562 5209 1620 5263; x_wconf 90' lang='lat' dir='ltr'><strong>in</strong></span> <span class='ocrx_word' id='word_1_735' title='bbox 1680 5224 1878 5265; x_wconf 80' lang='lat' dir='ltr'><strong>saxoso</strong></span> <span class='ocrx_word' id='word_1_736' title='bbox 1936 5211 2142 5266; x_wconf 86' lang='lat' dir='ltr'><strong>alicubi</strong></span> 
     </span>
    </p>
   </div>
   <div class='ocr_carea' id='block_1_97' title="bbox 2256 4659 3836 4731">
    <p class='ocr_par' dir='ltr' id='par_1_97' title="bbox 2256 4659 3836 4731">
     <span class='ocr_line' id='line_1_97' title="bbox 2256 4659 3836 4731; baseline -0.005 -12"><span class='ocrx_word' id='word_1_737' title='bbox 2256 4667 2351 4720; x_wconf 70' lang='grc' dir='ltr'><strong>καὶ</strong></span> <span class='ocrx_word' id='word_1_738' title='bbox 2399 4663 2623 4728; x_wconf 88' lang='grc' dir='ltr'>τούτους</span> <span class='ocrx_word' id='word_1_739' title='bbox 2640 4662 2687 4694; x_wconf 76' lang='grc'><strong>⁸³</strong></span> <span class='ocrx_word' id='word_1_740' title='bbox 2721 4661 2885 4731; x_wconf 88' lang='grc' dir='ltr'>φύκει</span> <span class='ocrx_word' id='word_1_741' title='bbox 2912 4678 2975 4713; x_wconf 88' lang='grc' dir='ltr'><strong>τε</strong></span> <span class='ocrx_word' id='word_1_742' title='bbox 3020 4661 3321 4729; x_wconf 74' lang='grc' dir='ltr'>προσφάτῳ</span> <span class='ocrx_word' id='word_1_743' title='bbox 3376 4661 3469 4713; x_wconf 73' lang='grc' dir='ltr'><strong>καὶ</strong></span> <span class='ocrx_word' id='word_1_744' title='bbox 3496 4659 3694 4729; x_wconf 86' lang='grc' dir='ltr'>ίχθυῶν</span> <span class='ocrx_word' id='word_1_745' title='bbox 3725 4659 3836 4711; x_wconf 87' lang='grc' dir='ltr'><strong>τῶν</strong></span> 
     </span>
    </p>
   </div>
   <div class='ocr_carea' id='block_1_98' title="bbox 2256 4752 3839 4824">
    <p class='ocr_par' dir='ltr' id='par_1_98' title="bbox 2256 4752 3839 4824">
     <span class='ocr_line' id='line_1_98' title="bbox 2256 4752 3839 4824; baseline -0.007 -11"><span class='ocrx_word' id='word_1_746' title='bbox 2256 4759 2559 4813; x_wconf 84' lang='grc' dir='ltr'>ἐλασσόνων</span> <span class='ocrx_word' id='word_1_747' title='bbox 2591 4756 2858 4824; x_wconf 77' lang='grc' dir='ltr'>κεφαλαῖς</span> <span class='ocrx_word' id='word_1_748' title='bbox 2911 4758 2970 4807; x_wconf 91' lang='grc' dir='ltr'><strong>ἐν</strong></span> <span class='ocrx_word' id='word_1_749' title='bbox 3023 4754 3301 4824; x_wconf 87' lang='grc' dir='ltr'>ὀρύγμασι</span> <span class='ocrx_word' id='word_1_750' title='bbox 3356 4753 3682 4815; x_wconf 88' lang='grc' dir='ltr'>καταθέντες</span> <span class='ocrx_word' id='word_1_751' title='bbox 3720 4752 3839 4803; x_wconf 81' lang='grc' dir='ltr'>δια-</span> 
     </span>
    </p>
   </div>
   <div class='ocr_carea' id='block_1_99' title="bbox 2254 4844 3836 4920">
    <p class='ocr_par' dir='ltr' id='par_1_99' title="bbox 2254 4844 3836 4920">
     <span class='ocr_line' id='line_1_99' title="bbox 2254 4844 3836 4920; baseline -0.005 -16"><span class='ocrx_word' id='word_1_752' title='bbox 2254 4851 2517 4920; x_wconf 81' lang='grc' dir='ltr'>τρέφουσι</span> <span class='ocrx_word' id='word_1_753' title='bbox 2538 4865 2552 4879; x_wconf 81' lang='lat'>&#39;</span> <span class='ocrx_word' id='word_1_754' title='bbox 2577 4849 2678 4917; x_wconf 84' lang='grc' dir='ltr'>τῆς</span> <span class='ocrx_word' id='word_1_755' title='bbox 2706 4847 2761 4900; x_wconf 83' lang='grc' dir='ltr'>δὲ</span> <span class='ocrx_word' id='word_1_756' title='bbox 2792 4846 2997 4911; x_wconf 88' lang='grc' dir='ltr'>ἐνδείας</span> <span class='ocrx_word' id='word_1_757' title='bbox 3029 4847 3226 4909; x_wconf 81' lang='grc' dir='ltr'>αὐτοὺς</span> <span class='ocrx_word' id='word_1_758' title='bbox 3256 4845 3636 4915; x_wconf 75' lang='grc' dir='ltr'>κατασχούσης</span> <span class='ocrx_word' id='word_1_759' title='bbox 3662 4844 3836 4897; x_wconf 87' lang='grc' dir='ltr'>ταῦτα</span> 
     </span>
    </p>
   </div>
   <div class='ocr_carea' id='block_1_100' title="bbox 2256 4922 3836 5013">
    <p class='ocr_par' dir='ltr' id='par_1_100' title="bbox 2256 4922 3836 5013">
     <span class='ocr_line' id='line_1_100' title="bbox 2256 4922 3836 5013; baseline -0.003 -20"><span class='ocrx_word' id='word_1_760' title='bbox 2256 4941 2354 5008; x_wconf 85' lang='grc' dir='ltr'><strong>(ὡς</strong></span> <span class='ocrx_word' id='word_1_761' title='bbox 2389 4940 2627 5013; x_wconf 73' lang='grc' dir='ltr'>εἴρηται)</span> <span class='ocrx_word' id='word_1_762' title='bbox 2666 4938 2948 4993; x_wconf 88' lang='grc' dir='ltr'>ποιοῦνται</span> <span class='ocrx_word' id='word_1_763' title='bbox 2999 4938 3235 5010; x_wconf 81' lang='grc' dir='ltr'>σίτησιν.</span> <span class='ocrx_word' id='word_1_764' title='bbox 3269 4937 3331 4990; x_wconf 77' lang='lat' dir='ltr'><strong>Ei</strong></span> <span class='ocrx_word' id='word_1_765' title='bbox 3361 4937 3417 4988; x_wconf 88' lang='grc' dir='ltr'><strong>δέ</strong></span> <span class='ocrx_word' id='word_1_766' title='bbox 3446 4936 3563 4989; x_wconf 80' lang='grc' dir='ltr'>ποθ’</span> <span class='ocrx_word' id='word_1_767' title='bbox 3598 4922 3836 5005; x_wconf 78' lang='grc' dir='ltr'>ἑκατέρα</span> 
     </span>
    </p>
   </div>
   <div class='ocr_carea' id='block_1_101' title="bbox 2253 5027 3832 5100">
    <p class='ocr_par' dir='ltr' id='par_1_101' title="bbox 2253 5027 3832 5100">
     <span class='ocr_line' id='line_1_101' title="bbox 2253 5027 3832 5100; baseline -0.003 -16"><span class='ocrx_word' id='word_1_768' title='bbox 2253 5030 2449 5094; x_wconf 74' lang='grc' dir='ltr'>αὐτοὺς</span> <span class='ocrx_word' id='word_1_769' title='bbox 2503 5031 2714 5098; x_wconf 88' lang='grc' dir='ltr'>σίτησις</span> <span class='ocrx_word' id='word_1_770' title='bbox 2768 5030 3060 5100; x_wconf 69' lang='grc' dir='ltr'>ἐπιλείψει,</span> <span class='ocrx_word' id='word_1_771' title='bbox 3116 5030 3225 5083; x_wconf 84' lang='grc' dir='ltr'><strong>ἀπὸ</strong></span> <span class='ocrx_word' id='word_1_772' title='bbox 3274 5028 3478 5090; x_wconf 82' lang='grc' dir='ltr'>παντὸς</span> <span class='ocrx_word' id='word_1_773' title='bbox 3536 5027 3631 5081; x_wconf 89' lang='grc' dir='ltr'><strong>τοῦ</strong></span> <span class='ocrx_word' id='word_1_774' title='bbox 3651 5028 3697 5059; x_wconf 66' lang='grc'><strong>⁸⁵</strong></span> <span class='ocrx_word' id='word_1_775' title='bbox 3721 5028 3832 5080; x_wconf 87' lang='grc' dir='ltr'><strong>τῶν</strong></span> 
     </span>
    </p>
   </div>
   <div class='ocr_carea' id='block_1_102' title="bbox 2256 5121 3835 5194">
    <p class='ocr_par' dir='ltr' id='par_1_102' title="bbox 2256 5121 3835 5194">
     <span class='ocr_line' id='line_1_102' title="bbox 2256 5121 3835 5194; baseline -0.002 -18"><span class='ocrx_word' id='word_1_776' title='bbox 2256 5122 2509 5176; x_wconf 86' lang='grc' dir='ltr'>ἀκανθῶν</span> <span class='ocrx_word' id='word_1_777' title='bbox 2540 5122 2718 5194; x_wconf 85' lang='grc' dir='ltr'>σωροῦ</span> <span class='ocrx_word' id='word_1_778' title='bbox 2756 5123 2855 5186; x_wconf 83' lang='grc' dir='ltr'><strong>τὰς</strong></span> <span class='ocrx_word' id='word_1_779' title='bbox 2886 5122 3163 5193; x_wconf 85' lang='grc' dir='ltr'>ἐγχύμους</span> <span class='ocrx_word' id='word_1_780' title='bbox 3214 5121 3395 5174; x_wconf 85' lang='grc' dir='ltr'>αὐτῶν</span> <span class='ocrx_word' id='word_1_781' title='bbox 3452 5122 3544 5174; x_wconf 77' lang='grc' dir='ltr'><strong>καὶ</strong></span> <span class='ocrx_word' id='word_1_782' title='bbox 3585 5123 3835 5188; x_wconf 80' lang='grc' dir='ltr'>προσφά-</span> 
     </span>
    </p>
   </div>
   <div class='ocr_carea' id='block_1_103' title="bbox 2255 5211 3834 5287">
    <p class='ocr_par' dir='ltr' id='par_1_103' title="bbox 2255 5211 3834 5287">
     <span class='ocr_line' id='line_1_103' title="bbox 2255 5211 3834 5287; baseline -0.002 -20"><span class='ocrx_word' id='word_1_783' title='bbox 2255 5231 2382 5278; x_wconf 88' lang='grc' dir='ltr'>τους</span> <span class='ocrx_word' id='word_1_784' title='bbox 2414 5214 2755 5283; x_wconf 79' lang='grc' dir='ltr'>ἐπιλέγοντες</span> <span class='ocrx_word' id='word_1_785' title='bbox 2807 5215 3102 5287; x_wconf 81' lang='grc' dir='ltr'>ἀφαιροῦσι</span> <span class='ocrx_word' id='word_1_786' title='bbox 3154 5214 3273 5267; x_wconf 67' lang='grc' dir='ltr'>κατ*</span> <span class='ocrx_word' id='word_1_787' title='bbox 3329 5213 3553 5285; x_wconf 75' lang='grc' dir='ltr'>ἄρθρον,</span> <span class='ocrx_word' id='word_1_788' title='bbox 3594 5211 3834 5266; x_wconf 75' lang='grc' dir='ltr'>κᾶπειτα</span> 
     </span>
    </p>
   </div>
   <div class='ocr_carea' id='block_1_104' title="bbox 1860 5371 2525 5430">
    <p class='ocr_par' dir='ltr' id='par_1_104' title="bbox 1860 5371 2525 5430">
     <span class='ocr_line' id='line_1_104' title="bbox 1860 5371 2525 5430; baseline 0.005 -4"><span class='ocrx_word' id='word_1_789' title='bbox 1860 5371 2091 5427; x_wconf 73' lang='grc' dir='ltr'><strong>νΛΒΙΛΞ</strong></span> <span class='ocrx_word' id='word_1_790' title='bbox 2123 5372 2525 5430; x_wconf 83' lang='lat' dir='ltr'><strong>LECTIONES.</strong></span> 
     </span>
    </p>
   </div>
   <div class='ocr_carea' id='block_1_105' title="bbox 641 5508 3324 5657">
    <p class='ocr_par' dir='ltr' id='par_1_105' title="bbox 641 5508 3324 5657">
     <span class='ocr_line' id='line_1_105' title="bbox 641 5508 3324 5584; baseline 0 -20"><span class='ocrx_word' id='word_1_791' title='bbox 641 5509 762 5564; x_wconf 71' lang='grc' dir='ltr'>⁸⁸τε</span> <span class='ocrx_word' id='word_1_792' title='bbox 780 5524 891 5566; x_wconf 91' lang='lat' dir='ltr'><strong>om.</strong></span> <span class='ocrx_word' id='word_1_793' title='bbox 909 5510 974 5565; x_wconf 89' lang='grc' dir='ltr'><strong>Β.</strong></span> <span class='ocrx_word' id='word_1_794' title='bbox 1006 5511 1051 5542; x_wconf 72' lang='grc'><strong>⁸⁵</strong></span> <span class='ocrx_word' id='word_1_795' title='bbox 1077 5508 1269 5582; x_wconf 89' lang='grc' dir='ltr'>πόρου]</span> <span class='ocrx_word' id='word_1_796' title='bbox 1285 5511 1479 5564; x_wconf 90' lang='grc' dir='ltr'>πόντου</span> <span class='ocrx_word' id='word_1_797' title='bbox 1499 5510 1604 5567; x_wconf 80' lang='lat' dir='ltr'><strong>Bel</strong></span> <span class='ocrx_word' id='word_1_798' title='bbox 1625 5526 1771 5567; x_wconf 90' lang='lat' dir='ltr'><strong>corr.</strong></span> <span class='ocrx_word' id='word_1_799' title='bbox 1798 5512 1858 5566; x_wconf 86' lang='grc' dir='ltr'><strong>Β.</strong></span> <span class='ocrx_word' id='word_1_800' title='bbox 1900 5515 1948 5545; x_wconf 80' lang='grc' dir='ltr'><strong><em>⁸ο</em></strong></span> <span class='ocrx_word' id='word_1_801' title='bbox 1973 5515 2181 5582; x_wconf 89' lang='grc' dir='ltr'>γίνεται</span> <span class='ocrx_word' id='word_1_802' title='bbox 2214 5515 2275 5570; x_wconf 86' lang='grc' dir='ltr'><strong>Β.</strong></span> <span class='ocrx_word' id='word_1_803' title='bbox 2352 5518 2394 5549; x_wconf 73' lang='grc'><strong>⁵⁸</strong></span> <span class='ocrx_word' id='word_1_804' title='bbox 2414 5514 2471 5568; x_wconf 82' lang='grc' dir='ltr'><strong>δὲ</strong></span> <span class='ocrx_word' id='word_1_805' title='bbox 2487 5514 2695 5568; x_wconf 86' lang='grc' dir='ltr'>πέσωσι</span> <span class='ocrx_word' id='word_1_806' title='bbox 2722 5515 2767 5569; x_wconf 83' lang='grc' dir='ltr'><strong>Α</strong></span> <span class='ocrx_word' id='word_1_807' title='bbox 2788 5531 2801 5568; x_wconf 94' lang='lat'>:</span> <span class='ocrx_word' id='word_1_808' title='bbox 2824 5514 2867 5566; x_wconf 78' lang='grc' dir='ltr'>δ’</span> <span class='ocrx_word' id='word_1_809' title='bbox 2896 5514 3230 5584; x_wconf 81' lang='grc' dir='ltr'>ἐμπέμπωσι</span> <span class='ocrx_word' id='word_1_810' title='bbox 3263 5529 3324 5575; x_wconf 80' lang='grc' dir='ltr'>ς.</span> 
     </span>
     <span class='ocr_line' id='line_1_106' title="bbox 641 5582 3324 5657; baseline -0 -22"><span class='ocrx_word' id='word_1_811' title='bbox 641 5583 854 5657; x_wconf 38' lang='grc' dir='ltr'>καί-01η.</span> <span class='ocrx_word' id='word_1_812' title='bbox 876 5598 955 5657; x_wconf 68' lang='grc' dir='ltr'><strong>ρι’Ϊ</strong></span> <span class='ocrx_word' id='word_1_813' title='bbox 974 5586 1043 5657; x_wconf 60' lang='grc' dir='ltr'><strong>ᾼ.</strong></span> <span class='ocrx_word' id='word_1_814' title='bbox 1119 5582 1166 5657; x_wconf 63' lang='grc' dir='ltr'><strong>’ξ</strong></span> <span class='ocrx_word' id='word_1_815' title='bbox 1192 5582 1348 5657; x_wconf 69' lang='grc' dir='ltr'>ὅσους</span> <span class='ocrx_word' id='word_1_816' title='bbox 1376 5582 1439 5653; x_wconf 78' lang='grc' dir='ltr'>δή</span> <span class='ocrx_word' id='word_1_817' title='bbox 1477 5584 1592 5635; x_wconf 84' lang='grc' dir='ltr'>ποτ’</span> <span class='ocrx_word' id='word_1_818' title='bbox 1618 5582 1683 5657; x_wconf 70' lang='grc' dir='ltr'>ἂν</span> <span class='ocrx_word' id='word_1_819' title='bbox 1702 5601 1762 5648; x_wconf 83' lang='grc' dir='ltr'>ς.</span> <span class='ocrx_word' id='word_1_820' title='bbox 1804 5656 1807 5657; x_wconf 14' lang='grc' dir='ltr'><em>ν</em></span> <span class='ocrx_word' id='word_1_821' title='bbox 1840 5585 1885 5616; x_wconf 80' lang='grc'><strong>⁵⁸</strong></span> <span class='ocrx_word' id='word_1_822' title='bbox 1911 5585 2009 5657; x_wconf 69' lang='grc' dir='ltr'><strong>τας</strong></span> <span class='ocrx_word' id='word_1_823' title='bbox 2030 5587 2301 5657; x_wconf 77' lang='grc' dir='ltr'>κειμένας</span> <span class='ocrx_word' id='word_1_824' title='bbox 2330 5601 2443 5641; x_wconf 91' lang='lat' dir='ltr'><strong>om.</strong></span> <span class='ocrx_word' id='word_1_825' title='bbox 2466 5591 2529 5641; x_wconf 69' lang='grc' dir='ltr'><strong>Α.</strong></span> <span class='ocrx_word' id='word_1_826' title='bbox 2606 5586 2651 5617; x_wconf 79' lang='grc'><strong>⁵⁸</strong></span> <span class='ocrx_word' id='word_1_827' title='bbox 2683 5584 2843 5657; x_wconf 84' lang='grc' dir='ltr'>πρὸς]</span> <span class='ocrx_word' id='word_1_828' title='bbox 2862 5603 2935 5657; x_wconf 83' lang='grc' dir='ltr'><strong>πε</strong></span> <span class='ocrx_word' id='word_1_829' title='bbox 2949 5588 3000 5657; x_wconf 56' lang='lat' dir='ltr'><strong>pi.</strong></span> <span class='ocrx_word' id='word_1_830' title='bbox 3025 5586 3087 5636; x_wconf 73' lang='lat' dir='ltr'><strong>li.</strong></span> <span class='ocrx_word' id='word_1_831' title='bbox 3121 5584 3185 5657; x_wconf 55' lang='lat' dir='ltr'><strong>f7</strong></span> <span class='ocrx_word' id='word_1_832' title='bbox 3315 5599 3324 5652; x_wconf 86' lang='grc' dir='ltr'><strong>ι</strong></span> 
     </span>
    </p>
   </div>
   <div class='ocr_carea' id='block_1_106' title="bbox 1985 5617 3087 5648">
    <p class='ocr_par' dir='ltr' id='par_1_106' title="bbox 1985 5617 3087 5648">
     <span class='ocr_line' id='line_1_107' title="bbox 1985 5617 3087 5648; baseline -0.002 -11"><span class='ocrx_word' id='word_1_833' title='bbox 1985 5621 2007 5646; x_wconf 63' lang='grc' dir='ltr'>ι,</span> <span class='ocrx_word' id='word_1_834' title='bbox 2043 5617 2299 5648; x_wconf 54' lang='grc' dir='ltr'>Λειμινυιτ</span> <span class='ocrx_word' id='word_1_835' title='bbox 2330 5617 2443 5641; x_wconf 82' lang='grc' dir='ltr'>υιιι.</span> <span class='ocrx_word' id='word_1_836' title='bbox 2466 5617 2529 5641; x_wconf 72' lang='lat'><strong>.1.</strong></span> <span class='ocrx_word' id='word_1_837' title='bbox 2684 5617 2843 5648; x_wconf 49' lang='grc' dir='ltr'><strong>νημυνι</strong></span> <span class='ocrx_word' id='word_1_838' title='bbox 2870 5617 3000 5648; x_wconf 60' lang='lat' dir='ltr'><strong>“cy;</strong></span> <span class='ocrx_word' id='word_1_839' title='bbox 3025 5617 3087 5636; x_wconf 79' lang='grc' dir='ltr'><strong>υ.</strong></span> 
     </span>
    </p>
   </div>
   <div class='ocr_carea' id='block_1_107' title="bbox 570 5582 1762 5653">
    <p class='ocr_par' dir='ltr' id='par_1_107' title="bbox 570 5582 1762 5653">
     <span class='ocr_line' id='line_1_108' title="bbox 570 5582 1762 5653; baseline 0.002 -18"><span class='ocrx_word' id='word_1_840' title='bbox 570 5584 617 5615; x_wconf 82' lang='grc'><strong><em>⁸³</em></strong></span> <span class='ocrx_word' id='word_1_841' title='bbox 633 5583 726 5636; x_wconf 76' lang='grc' dir='ltr'>καὶ</span> <span class='ocrx_word' id='word_1_842' title='bbox 744 5598 854 5635; x_wconf 91' lang='lat' dir='ltr'><strong>om.</strong></span> <span class='ocrx_word' id='word_1_843' title='bbox 876 5598 955 5653; x_wconf 81' lang='lat' dir='ltr'><strong>pr.</strong></span> <span class='ocrx_word' id='word_1_844' title='bbox 974 5586 1043 5653; x_wconf 64' lang='grc' dir='ltr'><strong>ᾼ.</strong></span> <span class='ocrx_word' id='word_1_845' title='bbox 1119 5582 1166 5653; x_wconf 59' lang='grc' dir='ltr'><strong>³¹ὲ</strong></span> <span class='ocrx_word' id='word_1_846' title='bbox 1192 5582 1348 5653; x_wconf 82' lang='grc' dir='ltr'>ὅσους</span> <span class='ocrx_word' id='word_1_847' title='bbox 1376 5582 1439 5653; x_wconf 78' lang='grc' dir='ltr'>δή</span> <span class='ocrx_word' id='word_1_848' title='bbox 1477 5584 1592 5635; x_wconf 83' lang='grc' dir='ltr'>ποτ’</span> <span class='ocrx_word' id='word_1_849' title='bbox 1618 5582 1683 5636; x_wconf 85' lang='grc' dir='ltr'><strong>ἂν</strong></span> <span class='ocrx_word' id='word_1_850' title='bbox 1702 5601 1762 5648; x_wconf 82' lang='grc' dir='ltr'>ς.</span> 
     </span>
    </p>
   </div>
   <div class='ocr_carea' id='block_1_108' title="bbox 3401 5509 3824 5581">
    <p class='ocr_par' dir='ltr' id='par_1_108' title="bbox 3401 5509 3824 5581">
     <span class='ocr_line' id='line_1_109' title="bbox 3401 5509 3824 5581; baseline 0 -18"><span class='ocrx_word' id='word_1_851' title='bbox 3401 5511 3447 5542; x_wconf 77' lang='grc'><strong>⁸³</strong></span> <span class='ocrx_word' id='word_1_852' title='bbox 3472 5510 3735 5581; x_wconf 87' lang='grc' dir='ltr'>μύραιναί</span> <span class='ocrx_word' id='word_1_853' title='bbox 3764 5509 3824 5563; x_wconf 87' lang='grc' dir='ltr'><strong>Β.</strong></span> 
     </span>
    </p>
   </div>
   <div class='ocr_carea' id='block_1_109' title="bbox 3142 5583 3825 5652">
    <p class='ocr_par' dir='ltr' id='par_1_109' title="bbox 3142 5583 3825 5652">
     <span class='ocr_line' id='line_1_110' title="bbox 3142 5583 3825 5652; baseline 0 -18"><span class='ocrx_word' id='word_1_854' title='bbox 3142 5584 3185 5613; x_wconf 70' lang='grc' dir='ltr'><strong>δτ</strong></span> <span class='ocrx_word' id='word_1_855' title='bbox 3222 5583 3279 5634; x_wconf 77' lang='grc' dir='ltr'>δὲ</span> <span class='ocrx_word' id='word_1_856' title='bbox 3315 5593 3435 5652; x_wconf 90' lang='lat' dir='ltr'><strong>post</strong></span> <span class='ocrx_word' id='word_1_857' title='bbox 3455 5586 3678 5643; x_wconf 82' lang='grc' dir='ltr'>ταύταις</span> <span class='ocrx_word' id='word_1_858' title='bbox 3708 5597 3825 5634; x_wconf 90' lang='lat' dir='ltr'><strong>om.</strong></span> 
     </span>
    </p>
   </div>
   <div class='ocr_carea' id='block_1_110' title="bbox 570 5650 3822 5728">
    <p class='ocr_par' dir='ltr' id='par_1_110' title="bbox 570 5650 3822 5728">
     <span class='ocr_line' id='line_1_111' title="bbox 570 5650 3822 5728; baseline -0.002 -19"><span class='ocrx_word' id='word_1_859' title='bbox 709 5654 755 5685; x_wconf 81' lang='grc'><strong>⁵⁸</strong></span> <span class='ocrx_word' id='word_1_860' title='bbox 789 5650 1041 5728; x_wconf 44' lang='grc' dir='ltr'>καρπόνλ</span> <span class='ocrx_word' id='word_1_861' title='bbox 1064 5652 1264 5728; x_wconf 71' lang='grc' dir='ltr'>σπόρον</span> <span class='ocrx_word' id='word_1_862' title='bbox 1289 5652 1329 5703; x_wconf 85' lang='grc' dir='ltr'><strong>Β</strong></span> <span class='ocrx_word' id='word_1_863' title='bbox 1358 5650 1596 5728; x_wconf 60' lang='grc' dir='ltr'>ρίεοιτ.</span> <span class='ocrx_word' id='word_1_864' title='bbox 1628 5656 1692 5707; x_wconf 86' lang='grc' dir='ltr'><strong>Α.</strong></span> <span class='ocrx_word' id='word_1_865' title='bbox 1753 5656 1815 5728; x_wconf 21' lang='grc'><strong>*⁵9</strong></span> <span class='ocrx_word' id='word_1_866' title='bbox 1845 5650 2148 5728; x_wconf 71' lang='grc' dir='ltr'>κολλῶδεςῖ</span> <span class='ocrx_word' id='word_1_867' title='bbox 2170 5657 2291 5710; x_wconf 87' lang='lat' dir='ltr'><strong>libri</strong></span> <span class='ocrx_word' id='word_1_868' title='bbox 2330 5657 2593 5728; x_wconf 62' lang='grc' dir='ltr'>κολλῶσιζι</span> <span class='ocrx_word' id='word_1_869' title='bbox 2614 5650 3084 5728; x_wconf 62' lang='grc' dir='ltr'><strong>εἱς.’(;[.’1)ἰοιίοι’1</strong></span> <span class='ocrx_word' id='word_1_870' title='bbox 3110 5655 3176 5728; x_wconf 65' lang='grc' dir='ltr'><strong>Δ5,</strong></span> <span class='ocrx_word' id='word_1_871' title='bbox 3202 5653 3287 5715; x_wconf 77' lang='grc'><strong>16,</strong></span> <span class='ocrx_word' id='word_1_872' title='bbox 3318 5650 3645 5728; x_wconf 70' lang='lat' dir='ltr'><strong>vocabulum</strong></span> <span class='ocrx_word' id='word_1_873' title='bbox 3680 5653 3822 5728; x_wconf 81' lang='lat' dir='ltr'><strong>idem</strong></span> 
     </span>
    </p>
   </div>
   <div class='ocr_carea' id='block_1_111' title="bbox 569 5722 2158 5795">
    <p class='ocr_par' dir='ltr' id='par_1_111' title="bbox 569 5722 2158 5795">
     <span class='ocr_line' id='line_1_112' title="bbox 569 5722 2158 5795; baseline 0.001 -16"><span class='ocrx_word' id='word_1_874' title='bbox 569 5722 717 5795; x_wconf 85' lang='lat' dir='ltr'><strong>infra</strong></span> <span class='ocrx_word' id='word_1_875' title='bbox 738 5739 792 5793; x_wconf 89' lang='lat' dir='ltr'><strong>p.</strong></span> <span class='ocrx_word' id='word_1_876' title='bbox 834 5722 879 5776; x_wconf 73' lang='grc' dir='ltr'><strong>Β</strong></span> <span class='ocrx_word' id='word_1_877' title='bbox 911 5722 1069 5795; x_wconf 63' lang='lat'><strong>1552,</strong></span> <span class='ocrx_word' id='word_1_878' title='bbox 1102 5723 1277 5795; x_wconf 58' lang='lat'><strong>22,16.</strong></span> <span class='ocrx_word' id='word_1_879' title='bbox 1303 5725 1413 5776; x_wconf 82' lang='grc' dir='ltr'>πᾶν</span> <span class='ocrx_word' id='word_1_880' title='bbox 1442 5725 1576 5778; x_wconf 87' lang='grc' dir='ltr'>πολὺ</span> <span class='ocrx_word' id='word_1_881' title='bbox 1602 5731 1639 5776; x_wconf 81' lang='lat' dir='ltr'><strong>A</strong></span> <span class='ocrx_word' id='word_1_882' title='bbox 1669 5743 1681 5778; x_wconf 92' lang='lat'>:</span> <span class='ocrx_word' id='word_1_883' title='bbox 1718 5725 1778 5778; x_wconf 77' lang='grc' dir='ltr'>τὸ</span> <span class='ocrx_word' id='word_1_884' title='bbox 1806 5726 2063 5795; x_wconf 85' lang='grc' dir='ltr'>πάμπολυ</span> <span class='ocrx_word' id='word_1_885' title='bbox 2098 5722 2158 5789; x_wconf 67' lang='grc' dir='ltr'><strong>«ἐ.</strong></span> 
     </span>
    </p>
   </div>
   <div class='ocr_carea' id='block_1_112' title="bbox 572 5793 1435 5863">
    <p class='ocr_par' dir='ltr' id='par_1_112' title="bbox 572 5793 1435 5863">
     <span class='ocr_line' id='line_1_113' title="bbox 572 5793 1435 5863; baseline 0 -15"><span class='ocrx_word' id='word_1_886' title='bbox 572 5796 676 5849; x_wconf 87' lang='lat' dir='ltr'><strong>fnit</strong></span> <span class='ocrx_word' id='word_1_887' title='bbox 701 5794 933 5849; x_wconf 80' lang='lat' dir='ltr'><strong>fortasse</strong></span> <span class='ocrx_word' id='word_1_888' title='bbox 961 5793 1125 5863; x_wconf 74' lang='grc' dir='ltr'>οίονεὶ</span> <span class='ocrx_word' id='word_1_889' title='bbox 1151 5793 1435 5863; x_wconf 87' lang='grc' dir='ltr'>δέσματος.</span> 
     </span>
    </p>
   </div>
   <div class='ocr_carea' id='block_1_113' title="bbox 571 5862 1369 5937">
    <p class='ocr_par' dir='ltr' id='par_1_113' title="bbox 571 5862 1369 5937">
     <span class='ocr_line' id='line_1_114' title="bbox 571 5862 1369 5937; baseline 0 -20"><span class='ocrx_word' id='word_1_890' title='bbox 571 5882 684 5930; x_wconf 86' lang='grc' dir='ltr'>τοις</span> <span class='ocrx_word' id='word_1_891' title='bbox 717 5881 802 5937; x_wconf 84' lang='lat' dir='ltr'><strong>pr.</strong></span> <span class='ocrx_word' id='word_1_892' title='bbox 834 5866 900 5921; x_wconf 84' lang='lat' dir='ltr'><strong>A.</strong></span> <span class='ocrx_word' id='word_1_893' title='bbox 942 5866 988 5898; x_wconf 78' lang='lat'><strong>“</strong></span> <span class='ocrx_word' id='word_1_894' title='bbox 1016 5862 1113 5917; x_wconf 84' lang='grc' dir='ltr'><strong>τοῦ</strong></span> <span class='ocrx_word' id='word_1_895' title='bbox 1143 5862 1269 5920; x_wconf 82' lang='lat' dir='ltr'><strong>add.</strong></span> <span class='ocrx_word' id='word_1_896' title='bbox 1308 5863 1369 5918; x_wconf 83' lang='grc' dir='ltr'><strong>Β.</strong></span> 
     </span>
    </p>
   </div>
   <div class='ocr_carea' id='block_1_114' title="bbox 1511 5794 3546 5869">
    <p class='ocr_par' dir='ltr' id='par_1_114' title="bbox 1511 5794 3546 5869">
     <span class='ocr_line' id='line_1_115' title="bbox 1511 5794 3546 5869; baseline -0 -20"><span class='ocrx_word' id='word_1_897' title='bbox 1511 5797 1553 5829; x_wconf 82' lang='grc'><strong>⁶¹</strong></span> <span class='ocrx_word' id='word_1_898' title='bbox 1586 5794 2001 5869; x_wconf 81' lang='grc' dir='ltr'>διαπλάσαντες]</span> <span class='ocrx_word' id='word_1_899' title='bbox 2030 5800 2355 5869; x_wconf 75' lang='grc' dir='ltr'>ποιήσαντες</span> <span class='ocrx_word' id='word_1_900' title='bbox 2380 5799 2417 5850; x_wconf 83' lang='grc' dir='ltr'>Β</span> <span class='ocrx_word' id='word_1_901' title='bbox 2444 5794 2666 5853; x_wconf 57' lang='grc' dir='ltr'>είςοιίκ</span> <span class='ocrx_word' id='word_1_902' title='bbox 2693 5801 2758 5850; x_wconf 74' lang='grc' dir='ltr'><strong>Α.</strong></span> <span class='ocrx_word' id='word_1_903' title='bbox 2796 5794 2814 5798; x_wconf 67' lang='grc'>⁷</span> <span class='ocrx_word' id='word_1_904' title='bbox 2837 5798 2879 5828; x_wconf 80' lang='grc'><strong>⁶¹</strong></span> <span class='ocrx_word' id='word_1_905' title='bbox 2911 5796 3114 5849; x_wconf 83' lang='grc' dir='ltr'>ἰδοῦσιν</span> <span class='ocrx_word' id='word_1_906' title='bbox 3142 5795 3187 5847; x_wconf 81' lang='grc' dir='ltr'><strong>Α</strong></span> <span class='ocrx_word' id='word_1_907' title='bbox 3214 5815 3227 5854; x_wconf 86' lang='grc'>;</span> <span class='ocrx_word' id='word_1_908' title='bbox 3258 5794 3454 5852; x_wconf 78' lang='grc' dir='ltr'>εἰδόσιν</span> <span class='ocrx_word' id='word_1_909' title='bbox 3486 5811 3546 5858; x_wconf 85' lang='grc' dir='ltr'>ς.</span> 
     </span>
    </p>
   </div>
   <div class='ocr_carea' id='block_1_115' title="bbox 2262 5722 3823 5825">
    <p class='ocr_par' dir='ltr' id='par_1_115' title="bbox 2262 5722 3823 5825">
     <span class='ocr_line' id='line_1_116' title="bbox 2262 5722 3823 5798; baseline -0.004 -19"><span class='ocrx_word' id='word_1_910' title='bbox 2262 5728 2306 5758; x_wconf 86' lang='grc'><strong>⁶⁰</strong></span> <span class='ocrx_word' id='word_1_911' title='bbox 2339 5723 2450 5779; x_wconf 77' lang='grc' dir='ltr'>οἷον</span> <span class='ocrx_word' id='word_1_912' title='bbox 2482 5725 2815 5798; x_wconf 76' lang='grc' dir='ltr'>ἡδύσματος]</span> <span class='ocrx_word' id='word_1_913' title='bbox 2848 5726 3015 5778; x_wconf 76' lang='grc' dir='ltr'>οἱονεὶ</span> <span class='ocrx_word' id='word_1_914' title='bbox 3063 5724 3359 5792; x_wconf 81' lang='grc' dir='ltr'>δύσμικτος</span> <span class='ocrx_word' id='word_1_915' title='bbox 3402 5722 3443 5775; x_wconf 85' lang='grc' dir='ltr'><strong>Β</strong></span> <span class='ocrx_word' id='word_1_916' title='bbox 3478 5732 3533 5776; x_wconf 86' lang='lat' dir='ltr'><strong>ct</strong></span> <span class='ocrx_word' id='word_1_917' title='bbox 3580 5738 3723 5776; x_wconf 85' lang='lat' dir='ltr'><strong>corr.</strong></span> <span class='ocrx_word' id='word_1_918' title='bbox 3754 5722 3823 5780; x_wconf 80' lang='grc' dir='ltr'>Α,</span> 
     </span>
     <span class='ocr_line' id='line_1_117' title="bbox 2268 5791 3823 5825; baseline 0 0"><span class='ocrx_word' id='word_1_919' title='bbox 2268 5815 2355 5825; x_wconf 77' lang='grc'><strong>---</strong></span> <span class='ocrx_word' id='word_1_920' title='bbox 2380 5799 2415 5825; x_wconf 75' lang='grc' dir='ltr'><strong>ιι</strong></span> <span class='ocrx_word' id='word_1_921' title='bbox 2447 5808 2491 5825; x_wconf 76' lang='grc' dir='ltr'><strong>..ι</strong></span> <span class='ocrx_word' id='word_1_922' title='bbox 2702 5801 2726 5825; x_wconf 72' lang='grc' dir='ltr'><strong>Α</strong></span> <span class='ocrx_word' id='word_1_923' title='bbox 2837 5798 2879 5825; x_wconf 72' lang='grc' dir='ltr'>εί</span> <span class='ocrx_word' id='word_1_924' title='bbox 2911 5796 3114 5825; x_wconf 54' lang='lat' dir='ltr'><strong>amt...”</strong></span> <span class='ocrx_word' id='word_1_925' title='bbox 3150 5795 3177 5825; x_wconf 75' lang='grc' dir='ltr'><strong>Α</strong></span> <span class='ocrx_word' id='word_1_926' title='bbox 3214 5815 3225 5825; x_wconf 89' lang='grc'>.</span> <span class='ocrx_word' id='word_1_927' title='bbox 3258 5794 3454 5825; x_wconf 48' lang='lat' dir='ltr'><strong>sine.“</strong></span> <span class='ocrx_word' id='word_1_928' title='bbox 3488 5811 3525 5825; x_wconf 69' lang='grc'><strong>.-</strong></span> <span class='ocrx_word' id='word_1_929' title='bbox 3624 5794 3669 5825; x_wconf 75' lang='grc' dir='ltr'><strong>ω</strong></span> <span class='ocrx_word' id='word_1_930' title='bbox 3696 5791 3823 5825; x_wconf 67' lang='grc' dir='ltr'><strong>σπη’.-</strong></span> 
     </span>
    </p>
   </div>
   <div class='ocr_carea' id='block_1_116' title="bbox 3696 5807 3823 5844">
    <p class='ocr_par' dir='ltr' id='par_1_116' title="bbox 3696 5807 3823 5844">
     <span class='ocr_line' id='line_1_118' title="bbox 3696 5807 3823 5844; baseline -0.024 0"><span class='ocrx_word' id='word_1_931' title='bbox 3696 5807 3790 5844; x_wconf 88' lang='grc' dir='ltr'><strong>του</strong></span> <span class='ocrx_word' id='word_1_932' title='bbox 3800 5820 3823 5830; x_wconf 77' lang='grc'><strong>-</strong></span> 
     </span>
    </p>
   </div>
  </div>
