4152 6418
300 378 376 444 3'7
1346 369 1355 376 ’
1438 380 1968 442 BIBLIOTHECL
2006 408 2076 420 --
2105 383 2268 445 COD.
2294 384 2447 446 CCL.
3516 388 3588 451 38

294 491 409 551 τὰς
441 487 543 558 μὲν
568 486 865 551 κόπτοντες
894 488 985 541 ἐπὶ
1018 486 1331 559 πετρώδους
1353 490 1544 555 τόπου,
1574 492 1640 553 ἃς
1669 490 1725 544 δὲ
1758 508 1899 544 κατ·

2017 493 2390 548 comminuunt
2417 494 2559 558 loco,
2594 495 2792 564 partim
2827 495 3086 552 dentibus
3144 495 3466 563 conficiunt,
3497 500 3590 554 be-

298 582 674 654 εργαζόμενοι
703 582 791 634 διὰ
822 583 933 635 τῶν
993 582 1245 649 ὀδόντων,
1274 585 1391 647 τοῖς
1445 584 1749 652 φωλεύουσι
1789 584 1901 637 τῶν

303 675 524 747 θηρίων
568 675 670 746 τὴν
731 675 909 745 αὐτὴν
965 674 1203 730 διάθεσιν
1259 675 1619 745 λαμϐάνουσι.
1659 673 1816 746 Ποτῷ
1847 674 1906 728 δὲ

303 768 449 821 πολὺ
481 767 925 838 θαυμασιωτέρῳ
968 767 1234 837 χρῶνται.
1272 768 1395 821 Ἐπὶ
1429 768 1527 837 μὲν
1560 766 1670 837 γὰρ
1717 768 1909 821 τέττα-

304 878 412 932 ρας
446 862 675 930 ἡμέρας
720 861 865 929 πρὸς
923 862 1045 923 ταῖς
1102 860 1297 932 θήραις
1353 861 1594 928 γίνονται
1643 860 1908 931 καὶπρὸς

301 954 478 1025 ᾠδαῖς
542 953 839 1024 ἀνάρθροις
898 955 993 1007 καὶ
1054 953 1194 1023 πρὸς
1244 955 1364 1018 ταῖς
1424 953 1737 1016 συνουσίαις
1787 954 1910 1016 ταῖς

300 1048 537 1109 παιδιᾶς
561 1049 607 1079 ⁸⁸
659 1047 825 1117 χάριν
870 1048 1215 1117 γινομέναις,
1248 1048 1340 1100 ὑπ’
1371 1048 1586 1112 οὐδενὸς
1630 1044 1909 1118 περισπώ-

308 1158 494 1209 μενοι,
526 1140 617 1193 διά
646 1140 747 1211 τὴν
772 1140 1039 1193 εὐκοπίαν
1068 1141 1168 1210 τῆς
1189 1142 1398 1211 τροφῆς
1420 1142 1545 1210 ’τῆς
1572 1140 1628 1193 δὲ
1655 1141 1915 1215 πέμπτης

302 1232 751 1305 ὲπιλαϐούσηςη
808 1234 1117 1305 ἐξορμῶσιν
1172 1237 1252 1298 εἰς
1301 1235 1401 1304 τὴν
1436 1234 1712 1304 ὑπώρειαν
1745 1232 1910 1288 ποτοῦ

304 1326 506 1396 χάριν,
569 1328 653 1388 εἰς
710 1325 810 1389 τὰς
863 1327 1159 1397 συρρύσεις
1190 1327 1299 1380 τῶν
1337 1328 1606 1398 νομάδων,
1643 1328 1779 1398 πρὸς
1824 1323 1913 1393 αἷς

309 1422 408 1472 καὶ
435 1420 482 1451 ⁸⁷
517 1419 587 1471 τὰ
617 1420 793 1489 κτήνη
823 1419 1163 1482 ποτίζουσιν.
1204 1420 1492 1490 Ἐσπέριος
1514 1420 1632 1492 [731
1665 1419 1757 1493 1].]
1790 1420 1847 1474 δὲ
1877 1422 1911 1492 ἡ

306 1513 515 1583 πορεία
574 1512 812 1579 γίνεται.
875 1512 1299 1576 Κατανύσαντες
1320 1515 1365 1545 ⁸⁸
1414 1514 1471 1567 δὲ
1515 1515 1596 1577 εἰς
1651 1514 1750 1578 τὰς
1782 1531 1915 1568 ποτ-

310 1606 510 1675 ίστρας
552 1605 669 1658 τῶν
706 1604 967 1676 νομάδων
1000 1605 1095 1658 τοῦ
1142 1606 1482 1678 κοιλώματος
1530 1606 1715 1677 κύκλῳ
1760 1624 1916 1678 περι-

309 1700 585 1767 έστησαν,
618 1696 719 1751 εἴτ’
751 1700 1191 1771 ἀπερεισάμενοι
1217 1700 1316 1761 τὰς
1345 1704 1533 1773 χεῖρας
1568 1701 1650 1765 εἰς
1685 1701 1783 1771 τὴν
1811 1702 1916 1771 γῆν

312 1793 411 1846 καὶ
440 1794 630 1855 θέντες
659 1792 729 1845 τὰ
771 1793 979 1859 γόνατα
1007 1792 1197 1864 βοηδὸν
1226 1795 1493 1858 πίνουσιν,
1529 1797 1588 1849 οὐ
1619 1796 1756 1867 πρὸς
1784 1796 1914 1867 μίαν

311 1886 603 1954 ἀναπνοῆς
657 1885 837 1956 ὁρμὴν
860 1926 875 1949 ,
902 1886 1041 1939 ἀλλά
1074 1885 1333 1951 πολλάκις
1380 1889 1577 1951 αὐτοὺς
1606 1888 1915 1942 ἀναπαύον-

312 1995 427 2037 τες.
486 1977 607 2046 Πλη
624 1976 903 2048 ρώσαντες
934 1977 989 2029 δὲ
1025 1979 1124 2041 τὰς
1153 1978 1366 2042 κοιλίας
1410 1981 1519 2033 τιῖιν
1549 1981 1732 2050 ὑγρῶν
1778 1981 1915 2034 καθ-

317 2071 463 2140 άπερ
522 2072 744 2137 ἀγγεῖα,
796 2070 934 2141 πρὸς
983 2068 1254 2125 θάλατταν
1301 2072 1453 2143 μόλις
1513 2074 1911 2145 ἀποχωροῦσιν.

321 2160 458 2214 Elea
500 2160 923 2226 ἐπανελθόντες,
954 2162 1171 2234 ἐκείνην
1204 2164 1302 2234 μὲν
1327 2164 1425 2235 τὴν
1453 2166 1663 2237 ἡμέραν
1684 2168 1915 2231 ἕκαστος

326 2252 448 2306 οὔτε
521 2252 711 2322 ἰχθύος
750 2251 876 2305 οὔτε
910 2252 1075 2306 ἄλλου
1128 2256 1277 2319 τινὸς
1325 2258 1569 2324 γεύεται,
1622 2259 1800 2311 κεῖται
1854 2258 1914 2312 δὲ

337 2346 668 2417 ὒπεργέμων
706 2346 804 2398 καὶ
850 2345 1145 2410 δύσπνους,
1180 2346 1320 2400 ὥστε
1371 2342 1511 2402 εἶναι
1557 2349 1757 2419 τρόπον
1791 2350 1914 2404 τινὰ

338 2441 415 2511 τῷ
464 2441 719 2511 μεθύοντι
758 2439 1203 2511 παραπλήσιονδθ
1235 2440 1296 2494 τὸ
1329 2441 1526 2512 βάρος⁸
1578 2442 1688 2495 ἀπὸ
1722 2442 1779 2497 δὲ
1814 2444 1915 2513 τῆς

334 2535 592 2603 ἐχομένης
622 2534 726 2586 ἐπὶ
762 2532 863 2601 τὴν
897 2533 1205 2604 εἰρημένην
1236 2534 1451 2587 δίαιταν
1480 2536 1765 2603 ἐπανάγει.
1806 2536 1917 2589 Καὶ

331 2625 485 2680 τοῦτο
543 2625 734 2696 κύκλῳ
775 2625 868 2678 διὰ
909 2624 1025 2696 βίου
1063 2625 1296 2693 γίνεται,
1344 2625 1481 2697 πρὸς
1510 2627 1768 2697 ἀσχολίαν
1818 2629 1915 2682 καὶ

328 2721 611 2791 μέριμναν
642 2717 858 2782 οὐδενὸς
901 2718 1324 2771 ἀποὸλεπόντων
1356 2718 1535 2773 αὐτῶν
1564 2719 1912 2789 πράγματος.

324 2811 433 2863 Καὶ
468 2811 759 2879 νοσήμασι
797 2808 896 2879 μὲν
939 2807 1027 2862 διὰ
1064 2807 1164 2878 τὴν
1213 2807 1493 2879 ἁπλότητα
1543 2808 1642 2877 τῆς
1703 2808 1914 2879 διαίτης

322 2902 579 2965 σπανίοις
620 2900 1043 2971 περιπίπτουσι,
1075 2900 1316 2971 τοσούτῳ
1344 2900 1390 2953 δ’
1437 2899 1768 2972 ἀφαιροῦσιν
1804 2901 1915 2954 ἀπὸ

317 2992 412 3046 τοῦ
447 2994 652 3064 χρόνου
680 2990 791 3045 τῶν
816 2991 976 3057 ὲτῶν,
1013 2992 1244 3063 ὅσῳπερ
1275 2991 1628 3062 ἀπονωτέραν
1655 2991 1765 3044 τῶν
1801 2991 1914 3044 λοι-

318 3085 437 3138 πῶν
470 3085 677 3156 ἔχουσα
709 3085 810 3156 τὴν
842 3086 1210 3156 ἀναστροφήν.

395 3374 550 3428 Ἀλλ’
611 3374 661 3427 οἰ
719 3374 819 3445 μὲν
875 3372 1025 3435 ἐντὸς
1079 3373 1187 3426 τῶν
1241 3373 1445 3427 στενῶν
1508 3374 1608 3437 τὰς
1668 3374 1909 3444 οἰκήσεις

2013 585 2247 640 stiarum
2274 602 2398 656 quae
2425 588 2479 641 in
2508 587 2755 642 latibulis
2782 598 3074 643 versantur
3100 603 3303 643 morem
3340 598 3394 644 et
3439 590 3591 660 inge-

2010 676 2164 730 nium
2191 686 2669 746 repraesentantes.
2695 677 2833 733 Potu
2866 687 3047 733 autem
3074 679 3234 746 longe
3253 679 3591 735 mirabiliore

2012 778 2264 823 tttuntur.
2298 769 2379 824 Ad
2418 780 2655 840 quatuor
2686 772 2831 825 enim
2864 772 2980 826 dies
3003 772 3390 842 piscationi,et
3415 774 3593 829 canti-

2013 860 2151 915 lenis
2203 877 2335 917 sane
2395 864 2710 930 inconditis,
2770 875 2823 919 et
2882 864 3169 930 sodalitiis,
3227 866 3358 931 ludi,
3419 865 3594 936 gratia

2014 953 2307 1021 instittttis,
2370 962 2601 1019 vacant,
2655 956 2807 1010 nulla
2871 971 2930 1010 re
2987 956 3237 1012 distracti
3300 974 3314 1011 :
3370 968 3596 1028 propter

2015 1062 2286 1101 summam
2325 1047 2569 1101 alimenti
2608 1048 2838 1117 parandi
2872 1048 3218 1111 facultatem.
3265 1046 3372 1103 Sed
3408 1050 3594 1103 immi-

2015 1149 2181 1194 nente
2203 1140 2316 1211 jam
2357 1141 2444 1195 die
2474 1141 2689 1211 quinto,
2726 1142 2779 1195 in
2822 1143 3105 1212 regionem
3151 1142 3429 1196 montibus
3460 1142 3595 1196 sub-

2009 1236 2240 1307 jectam,
2293 1246 2456 1307 potus
2498 1252 2664 1294 causa
2716 1250 2935 1304 exeunt,
3001 1239 3067 1294 ad
3138 1241 3435 1295 nomadum
3474 1244 3595 1309 (pa-

2016 1330 2256 1398 smrum)
2320 1330 2489 1395 rivos,
2544 1346 2656 1398 quo
2710 1346 2906 1400 pecora
2972 1347 3070 1387 sua
3147 1340 3335 1402 potum
3408 1343 3594 1403 agunt.

2015 1419 2291 1475 Profectio
2322 1432 2506 1475 autem
2532 1420 2621 1475 illa
2651 1423 2708 1475 fit
2736 1432 2979 1491 tempore
3004 1423 3336 1492 vespertino.
3362 1421 3599 1478 Proinde

2016 1528 2141 1568 cum
2190 1514 2256 1567 ad
2293 1514 2518 1583 aquaria
2568 1514 2863 1568 nomadum
2907 1514 3265 1579 diverterunt,
3313 1515 3491 1570 lacum
3542 1515 3598 1568 in

2017 1606 2205 1661 orbem
2253 1609 2638 1662 circumstant.
2690 1606 2886 1662 Postea
2934 1608 3192 1663 manibus
3246 1608 3418 1663 humo
3462 1623 3597 1663 con-

2018 1696 2184 1763 nixis,
2233 1709 2287 1752 et
2328 1696 2485 1753 ﬂexis
2537 1698 2789 1768 genibus,
2837 1698 3004 1753 boum
3050 1713 3203 1753 more
3236 1698 3453 1764 bibunt,
3484 1713 3596 1753 non

2018 1805 2133 1845 uno
2182 1790 2565 1859 respirationis
2609 1790 2836 1859 impetu,
2908 1789 3000 1843 sed
3051 1789 3248 1844 crebro
3294 1790 3596 1859 interquie-

2023 1882 2250 1938 scendo.
2288 1883 2381 1937 Sic
2432 1883 2523 1938 ubi
2556 1897 2652 1937 ceu
2695 1883 2840 1937 dolia
2880 1891 3098 1937 ventres
3145 1884 3360 1952 liquore
3402 1883 3598 1953 imple-

2016 1986 2233 2043 verunt,
2256 1976 2321 2029 ad
2348 1990 2497 2029 mare
2519 1975 2805 2029 diﬂiculter
2826 1976 2951 2029 inde
2972 1976 3297 2031 abscedunt.
3322 1975 3591 2031 Postridie

2016 2081 2180 2136 quam
2215 2067 2507 2121 deventum
2542 2075 2625 2121 est
2652 2081 2740 2132 eo,
2772 2082 2948 2136 neque
2990 2068 3058 2121 de
3091 2068 3262 2137 pisce,
3312 2083 3490 2138 neque
3523 2073 3591 2123 de

2016 2175 2078 2214 re
2108 2158 2240 2224 alia,
2268 2158 2560 2229 quisquam
2592 2168 2795 2229 gustat.
2830 2157 2937 2213 Sed
2968 2159 3165 2228 plenus
3185 2174 3350 2228 supra
3378 2158 3597 2212 modum

2016 2259 2069 2306 et
2096 2250 2388 2306 ditiiculter
2416 2250 2685 2307 anhelans
2719 2252 2955 2322 quisque
2994 2254 3242 2319 recubat,
3275 2253 3430 2307 ebrio
3464 2268 3602 2322 qua-

2016 2342 2305 2397 damtenus
2328 2385 2344 2409 ,
2375 2344 2667 2414 gravedine
2698 2346 2927 2411 scilicet,
2959 2346 3241 2401 assimilis.
3274 2346 3602 2416 Insequente

2016 2435 2236 2490 demum
2266 2435 2353 2491 die
2388 2436 2455 2491 ad
2485 2449 2805 2493 consuetam
2836 2439 3015 2493 victus
3054 2438 3324 2493 rationem
3364 2438 3598 2493 reditur.

2017 2528 2154 2594 lloc,
2188 2528 2338 2583 velut
2385 2529 2537 2584 orbis
2585 2530 2965 2587 circumrotati
3011 2531 3248 2595 vicibus,
3294 2547 3393 2601 per
3426 2539 3597 2585 totam

2017 2620 2229 2690 agitant
2274 2620 2464 2683 vitam,
2517 2620 2738 2675 nemine
2787 2636 2854 2675 ex
2883 2621 3019 2690 ipsis
3068 2622 3135 2675 ad
3178 2622 3597 2691 occupationem

2016 2721 2325 2767 antcuram
2357 2712 2565 2782 negotii
2616 2713 2968 2782 reSpicicnte.
3011 2713 3067 2767 in
3110 2714 3333 2768 morbos
3380 2724 3603 2785 propter

2016 2806 2199 2860 vit-tus
2245 2805 2665 2875 simplicitatem
2718 2822 2875 2861 raros
2912 2807 3217 2862 incidunt:
3272 2818 3600 2878 tantumque

2017 2898 2086 2952 de
2115 2915 2346 2954 numero
2378 2916 2649 2955 annorum
2683 2902 2961 2967 auferunt,
2994 2913 3202 2973 quanto
3238 2906 3413 2975 magis
3435 2920 3599 2972 quam

2018 2990 2203 3045 caeteri
2245 2991 2455 3059 absque
2506 2980 2791 3048 laboribus
2843 3004 3059 3049 aetatem
3094 3004 3285 3065 agunt.
3327 2998 3408 3050 Ad
3458 2998 3603 3051 hunc

2018 3082 2205 3150 itaque
2240 3084 2490 3147 modum,
2546 3086 2640 3153 qui
2694 3086 2839 3139 intra
2887 3085 3073 3141 fauces
3120 3097 3174 3141 et
3224 3089 3466 3143 locorum
3504 3105 3605 3145 an-

2021 3173 2232 3242 gustias
2290 3174 2448 3228 sedes
2513 3173 2751 3239 habent,
2816 3174 3214 3247 icltthyopltagi
3273 3179 3440 3232 vitam
3507 3179 3604 3234 de-

2014 3274 2165 3334 gunt.

2086 3380 2218 3435 CAP.
2264 3380 2405 3436 XIV.
2464 3380 2540 3436 De
2583 3382 2983 3451 ichthyophagis
3026 3400 3129 3437 non
3175 3387 3498 3442 sitientibus.
3532 3418 3603 3431 -ν

314 3468 540 3538 ἔχοντες
577 3466 901 3537 ἰχθυοφάγοι
950 3466 1095 3519 οὕτω
1132 3466 1551 3535 καταγίνονται·
1603 3467 1650 3517 οἰ
1701 3464 1758 3517 δὲ
1812 3464 1911 3536 τὴν

2017 3470 2084 3525 At
2139 3470 2229 3537 qui
2279 3471 2619 3524 exteriorem
2678 3472 2780 3525 sibi
2836 3488 2989 3526 oram
3056 3476 3361 3542 vindicant,
3392 3479 3602 3547 piscatu

314 3562 483 3623 ἐκτὲς
507 3560 557 3591 τ’
608 3561 882 3630 παραλίαν
925 3559 1257 3629 κεκτημένοι
1289 3560 1463 3627 ἄγρας
1493 3557 1592 3629 μὲν
1623 3558 1913 3627 ἐνδελεχῶς

310 3652 589 3719 τοιαύτης
645 3652 996 3722 εὐποροῦσιν,
1033 3651 1201 3721 ὑγροῦ
1236 3652 1279 3705 δ’
1326 3650 1511 3716 ἁπλῶς
1561 3652 1621 3703 ού
1666 3651 1911 3703 δέονται·

310 3746 845 3819 προσενεγκάμενοι
869 3746 926 3799 δὲ
957 3748 1048 3798 τὸν
1084 3745 1237 3816 ἰχθὺν
1264 3745 1514 3816 ἔγχυλον,
1538 3744 1677 3798 ὥστε
1709 3746 1913 3814 μικρὰν

308 3837 464 3893 εἶναι
519 3838 630 3890 τῶν
666 3837 834 3908 ὠμῶν
884 3839 983 3909 τὴν
1028 3839 1409 3910 παραλλαγὴν,
1456 3839 1554 3908 οὐχ
1588 3834 1700 3892 οἷον
1750 3839 1911 3893 ποτὸν

310 3931 702 4002 ἐπιζητοῦσιν,
757 3930 873 3983 ἀλλ’
928 3930 1048 4005 οὐδὲ
1096 3932 1305 3984 ἔννοιαν
1356 3930 1543 3999 έχουσι
1568 3930 1663 3982 τοῦ
1698 3931 1911 3997 γένους.

310 4025 559 4096 Φέρουσι
591 4022 647 4073 δὲ
674 4019 897 4083 ἀλύπως
930 4022 1076 4093 ἅπερ
1105 4022 1349 4086 αύτοῖς⁷¹
1380 4022 1477 4075 ἀπ’
1506 4021 1679 4092 ἀρχῆς
1706 4023 1739 4092 ἡ
1771 4020 1910 4092 τὺχη

313 4136 391 4170 πα
404 4115 736 4188 ραδέδωκεν.
1362 4160 1366 4165 .

391 4208 568 4283 [1348
601 4206 693 4280 IL]
725 4209 847 4262 ’Ὁτι
882 4208 1008 4270 τοὺς
1045 4209 1105 4259 ὲν
1137 4210 1249 4270 τοῖς
1281 4208 1594 4279 εἰρημένοις
1621 4207 1808 4265 τόποις
1833 4207 1913 4260 οἰ-

316 4304 560 4366 κοῦντας
584 4318 717 4372 φησι
750 4303 886 4371 πρὸς
918 4304 1031 4364 τοῖς
1063 4302 1374 4371 εἰρημένοις
1412 4300 1491 4352 ἔτι
1520 4300 1655 4371 μηδὲ
1683 4299 1822 4371 πρὸς
1844 4299 1914 4353 τὰ

320 4401 570 4470 μέγιστα
602 4398 711 4452 τῶν
744 4398 874 4467 παρ’
911 4400 1042 4467 ἡμῖν
1081 4397 1273 4450 δεινῶν
1307 4397 1501 4467 ὁμοίαν
1531 4398 1724 4467 ἡμῖντί
1770 4396 1915 4467 ἔχειν

318 4492 432 4563 τὴν
464 4492 697 4545 ἔννοιαν.
727 4488 867 4542 Οὔτε
912 4490 1021 4558 γὰρ
1063 4487 1283 4558 σίδηρον
1313 4489 1437 4540 κατ’
1467 4487 1647 4540 αὐτῶν
1693 4486 1917 4557 ἐπαιρό-

2016 3562 2331 3630 hujusmodi
2385 3563 2666 3616 abundant
2724 3575 3010 3633 perpetuo.
3102 3566 3345 3623 llumore
3420 3581 3601 3625 autem

2016 3670 2245 3724 prorsus
2304 3670 2410 3708 non
2467 3655 2673 3709 habent
2702 3670 2859 3724 opus.
2912 3656 3143 3721 Quando
3197 3660 3342 3713 enim
3391 3665 3601 3730 piscem

2017 3747 2197 3801 adhuc
2266 3746 2646 3801 succulentum
2706 3750 3096 3813 comederunt,
3143 3767 3249 3805 non
3300 3754 3463 3807 modo
3503 3770 3603 3823 p0-

2017 3850 2131 3894 tum
2192 3854 2297 3893 non
2332 3841 2639 3910 requirunt,
2698 3842 2791 3895 sed
2845 3858 2945 3897 nec
2983 3844 3201 3912 generis
3270 3844 3431 3913 hujus
3491 3861 3606 3900 no-

2017 3934 2194 3988 titiam
2225 3942 2320 3987 aut
2376 3935 2765 4003 cogitationem
2838 3935 3061 4001 habent,
3092 3938 3402 4008 animisque
3456 3948 3607 3992 tran-

2017 4028 2203 4095 quillis
2231 4026 2413 4083 ferunt
2441 4042 2784 4098 quaecunque
2815 4028 2886 4082 ab
2914 4028 3074 4084 initio
3108 4028 3333 4085 fortuna
3382 4032 3463 4087 eis
3491 4043 3605 4087 tra-

2018 4121 2179 4175 didit.

2086 4215 2216 4269 CAP.
2248 4212 2366 4268 XV.
2400 4213 2476 4267 De
2530 4214 2749 4283 aput/tia
2786 4215 3293 4286 ichthyophagorum
3344 4235 3603 4289 quorum-

2019 4307 2252 4361 dam.—
2273 4306 2328 4360 ln
2361 4307 2495 4361 locis
2531 4318 2656 4362 ante
2682 4309 2847 4361 dictis
2870 4319 3178 4369 versantes,
3204 4326 3303 4364 nec
3329 4313 3600 4365 maximo-

2018 4416 2143 4456 rum
2177 4400 2259 4471 (ut
2300 4399 2445 4454 inter
2492 4414 2593 4453 nos
2635 4400 2929 4472 habentur)
2955 4401 3224 4457 malorum
3253 4420 3603 4460 communem

2021 4492 2233 4564 4501)
2290 4491 2575 4546 nobiscum
2640 4492 2919 4547 notionem
2994 4504 3049 4548 et
3094 4510 3316 4551 sensum
3376 4498 3602 4555 habent.

327 4600 501 4654 μενον
562 4582 808 4651 φεύγειν,
876 4580 998 4634 οὔτε
1058 4578 1505 4651 προπηλακισμῷ
1550 4579 1913 4651 ἐρεθίζεσθαι,

2021 4585 2134 4641 Nec
2158 4585 2300 4641 enim
2335 4584 2545 4638 ferrum
2580 4593 2771 4638 contra
2807 4601 2865 4639 se
2895 4586 3149 4640 strictum
3184 4598 3237 4641 et
3272 4588 3602 4642 intentatum

321 4672 456 4728 οὔτε
484 4673 614 4736 τοὺς
671 4672 744 4743 μὴ
792 4667 1103 4742 πάσχοντας
1131 4673 1246 4731 τοῖς
1297 4671 1569 4740 πάσχουσι
1607 4686 1914 4739 συναγανα-

321 4769 481 4820 κτεῖν
503 4783 519 4797 ·
553 4765 671 4817 ἀλλ’
706 4764 761 4817 εἴ
801 4782 853 4817 τι
883 4764 1094 4832 γένοιτο
1120 4763 1251 4833 περὶ
1280 4762 1477 4824 αὐτοὺς
1502 4760 1561 4826 ἐξ
1597 4760 1913 4830 ἀλλοφύλων

322 4857 593 4923 τοιοῦτον,
631 4856 889 4926 βλέπουσι
925 4857 1024 4926 μὲν
1069 4848 1278 4909 obeat"
1324 4853 1529 4917 ἀτενῶς
1561 4855 1641 4917 εἰς
1668 4854 1727 4906 τὸ
1765 4854 1915 4922 γινό-

322 4966 495 5020 μενον
529 4949 625 5001 καὶ
656 4948 756 5012 τὰς
792 4947 1038 5015 κεςαλάς
1074 4946 1257 5000 πύκνα
1271 4946 1320 4977 ⁷⁵
1354 4945 1686 5011 διανεύουσι,
1718 4946 1828 4999 τῶν
1855 4946 1914 5000 δὲ

321 5042 661 5113 εἰθισμένων
719 5041 993 5113 ἀνθρώπῳ
1038 5039 1177 5111 πρὸς
1222 5038 1513 5111 ἄνθρωπον
1534 5039 1578 5070 ⁷⁵
1638 5038 1760 5091 οὐδὲ
1814 5039 1916 5108 τὴν

323 5134 623 5204 ἐλαχίστην
652 5133 884 5187 διδόασιν
926 5132 1159 5186 ἔννοιαν.
1198 5130 1362 5185 Ὅθεν
1397 5130 1584 5201 (φησὶν
1615 5132 1642 5183 ὁ
1670 5147 1917 5201 συγγρα-

325 5226 488 5293 φεὺς)
524 5224 703 5293 ἔγωγε
765 5224 973 5294 νομίζω
1031 5223 1169 5293 μηδὲ
1220 5222 1550 5293 χαρακτῆρα
1608 5220 1918 5289 εῦγνωστον

326 5316 475 5388 ἔχειν
534 5317 756 5385 αὐτοὺς,
819 5316 1033 5388 ἐθισμῷ
1076 5316 1136 5371 δὲ
1197 5318 1295 5370 καὶ
1345 5315 1577 5386 νεύματι
1633 5316 1788 5385 ἤχοις
1859 5332 1918 5369 τε

2023 4678 2327 4749 refugiunt.
2362 4691 2465 4731 nec
2489 4678 2825 4731 contumelia
2860 4678 3132 4748 injuriave
3165 4680 3469 4745 irritantur,
3506 4699 3607 4738 nec

2022 4769 2224 4839 integri
2271 4768 2520 4823 adversis
2558 4769 2785 4825 casibus
2833 4768 3150 4825 aﬂ'ectorum
3184 4771 3360 4826 vicem
3393 4774 3601 4841 dolent,

2021 4861 2117 4919 sed
2149 4862 2193 4917 si
2225 4862 2335 4917 tale
2361 4862 2643 4932 quidpiam
2677 4863 2746 4917 ab
2776 4864 3103 4934 alienigenis
3144 4866 3289 4921 circa
3329 4882 3425 4921 eos
3473 4883 3607 4921 con-

2022 4956 2200 5028 tingit,
2238 4956 2463 5011 intentis
2495 4956 2715 5026 quidcm
2739 4958 2924 5012 oculis
2944 4958 3010 5011 ad
3040 4959 3247 5013 factum
3273 4960 3602 5030 respiciunt,

2019 5060 2073 5103 et
2102 5049 2331 5103 crebros
2379 5048 2509 5102 dant
2558 5057 2725 5103 nutus
2773 5049 3079 5118 capitibus,
3133 5060 3189 5104 at
3234 5066 3425 5104 eorum
3481 5067 3604 5120 qua:

2021 5141 2187 5195 homo
2236 5142 2379 5196 circa
2438 5141 2711 5196 hominem
2762 5140 2943 5197 facere
2991 5144 3150 5205 solet,
3202 5160 3269 5197 ne
3318 5144 3603 5199 tninimam

2021 5235 2240 5304 quidem
2314 5234 2847 5289 animadversionem
2923 5237 3182 5305 produnt.
3258 5235 3409 5291 Unde
3468 5238 3603 5291 mihi

2026 5327 2231 5397 (inquit
2261 5324 2477 5397 auctor)
2520 5340 2587 5381 ne
2616 5326 2833 5397 signum
2868 5326 3090 5397 quidem
3140 5328 3348 5385 notitia
3392 5337 3603 5384 certum

1596 5532 1832 5590 ἾΔΚΙΑΞ
1866 5534 2273 5593 LECTIONES.

402 5713 446 5746 "
477 5714 732 5778 παιδείας
762 5714 822 5769 Β.
903 5718 946 5749 ⁶⁶
976 5718 1346 5786 ὲπιόαλούσης
1374 5718 1439 5774 Α.

332 5784 412 5851 τῷ
437 5786 686 5854 μεθύοντι
717 5803 777 5850 ς’.
852 5789 898 5820 ⁷⁰
930 5790 1085 5852 ἐκτὸς
1112 5789 1169 5844 B:
1198 5784 1352 5851 ἐντὸς
1376 5808 1437 5855 ς.
1516 5790 1560 5822 '”

335 5870 416 5907 τοι
447 5859 488 5909 Δ
524 5875 537 5912 :
564 5855 686 5909 οὔτε
720 5874 781 5920 ς.
855 5858 898 5890 ⁷⁸
924 5860 1111 5930 πυκνῷ
1135 5878 1198 5924 ς,

1554 5719 1597 5751 ⁸⁷
1631 5722 1725 5774 καὶ
1755 5738 1867 5776 om.
1903 5722 1969 5775 A.
2003 5722 2279 5791 ἑσπερίοις
2309 5723 2370 5778 Β.

2481 5725 2961 5800 “interiectam;
2994 5745 3055 5792 ς.
3161 5729 3206 5761 ⁶⁹
3228 5731 3608 5800 παραπλήσιον

1583 5792 1614 5860 ἢ
1645 5792 1784 5863 τύχη
1807 5801 1939 5870 ﬁll“?
1968 5794 2154 5870 ᾳύτοῖς
2181 5795 2349 5870 ροηὶι,
2368 5794 2427 5870 Βτ
2504 5797 2549 5828 "
2576 5798 2733 5870 δεινῶ
2750 5798 2971 5869 νομοίαν
2995 5801 3126 5870 ημῖν
3150 5815 3263 5855 0m.
3294 5792 3360 5856 Ᾰ.
3439 5792 3483 5834 τί
3514 5797 3608 5857 οῦ-

1309 5862 1352 5892 "
1404 5860 1676 5934 ἀνθρώπῳ
1715 5860 1861 5935 ’πρὸς
1895 5862 2206 5933 ἄνθρωπον]
2258 5864 2567 5937 ἀνθρώποις
2622 5867 2680 5922 Β.
