4036 6318
510 382 581 444 39
1674 375 1939 440 PHOTII
1973 375 2084 436 PA'.

2193 374 2488 437 [ARCHIE
2515 377 2626 439 (ΞΡ.
3716 378 3782 442 40

510 497 735 558 habere,
792 494 887 550 sed
939 492 1376 561 assuefactione,
1406 503 1461 549 et
1510 499 1673 561 nutu,
1722 493 1989 562 sonisque
2036 508 2084 548 at

2206 493 2300 545 καὶ
2344 497 2617 567 μιμητικῇ
2651 493 2883 566 δηλώσει
2909 494 3134 549 διοικεῖν
3186 495 3365 550 πάντα
3402 495 3469 549 τὰ
3516 494 3652 567 πρὸς
3697 497 3783 549 τὸν

511 589 809 644 imitatrice
842 589 1273 657 signiﬁcatione,
1351 598 1553 644 cuncta
1600 586 1655 642 in
1705 585 1818 639 vita
1868 585 2102 641 admini-

512 692 695 738 strare
727 683 1005 737 videntur.

507 797 640 853 CAP.
673 795 813 851 XVI.
850 795 927 850 De
979 812 1083 849 non
1123 794 1422 850 sitientibus
1468 793 1871 866 ichthyophagis
1933 803 1982 848 et
2037 793 2101 849 de

1028 867 1209 937 phocis
1242 882 1425 919 rarum
1453 865 1604 934 quid.

583 977 1012 1049 lchthyophagis
1035 976 1199 1048 (quos
1228 991 1338 1030 non
1369 973 1526 1028 sitire
1550 973 1694 1029 fama
1720 983 1824 1046 est)
1856 973 2095 1041 ﬁnitimi,

513 1087 615 1126 ceu
657 1071 978 1124 inviolabile
1015 1070 1285 1123 sancitum
1321 1068 1400 1122 eis
1422 1066 1602 1123 foedus
1630 1069 1850 1122 sitcum
1882 1068 2095 1137 phocis,

511 1180 614 1219 nec
663 1164 766 1233 ipsi
823 1164 1031 1233 phocas
1068 1162 1294 1226 laadunt,
1348 1175 1450 1215 nec
1495 1161 1564 1215 ab
1609 1160 1721 1215 illis
1764 1170 2097 1216 nocumento

516 1259 833 1315 aﬂiciuntur
879 1277 892 1313 :
941 1259 1054 1312 imo
1103 1258 1266 1311 etiam
1307 1258 1519 1326 praedas
1557 1258 1701 1311 inter
1743 1274 1801 1312 se
1847 1257 2097 1312 venatori

509 1354 776 1424 integras,
810 1360 865 1407 et
900 1352 1226 1406 insidiarum
1264 1351 1557 1417 immunes,
1597 1360 1892 1421 utrumque
1924 1364 2097 1420 genus

507 1445 775 1508 custodit,
822 1455 874 1499 et
920 1443 993 1497 ita
1050 1452 1295 1497 mutuam
1336 1442 1479 1497 inter
1531 1457 1591 1497 se
1634 1442 2095 1497 consuetudinem

504 1532 733 1595 habent,
765 1541 825 1585 ut
875 1530 963 1583 vix
998 1531 1277 1596 homines,
1320 1530 1415 1600 qui
1471 1544 1597 1585 cum
1648 1529 1971 1585 hominibus
2020 1528 2096 1583 ita

504 1625 821 1679 convictum
856 1632 1043 1691 agant,
1082 1622 1460 1676 inveniantur.

571 1713 702 1769 CAP.
742 1711 911 1766 XVII.
966 1712 1291 1767 llabitacula
1325 1713 1831 1785 ichtltyaphagarum
1870 1723 1920 1769 et
1944 1714 2096 1786 fune-

500 1807 664 1860 ratio.
714 1838 783 1846 —
836 1804 970 1860 Pars
1034 1805 1501 1876 ichtbyOphagum
1560 1822 1660 1876 pro
1720 1808 2092 1864 tabernaculis

503 1899 706 1953 habent
732 1915 949 1969 specus,
986 1914 1094 1952 non
1121 1913 1427 1954 conversos
1457 1897 1522 1953 ad
1541 1899 1848 1964 meridiem,
1872 1909 2091 1970 propter

502 1993 864 2047 immodicum
921 2000 1142 2057 aestum,
1206 1991 1300 2046 sed
1364 1992 1417 2045 in
1473 1992 1689 2063 plagam
1751 1994 2089 2048 contrariam

501 2100 748 2140 aversos.
782 2082 920 2139 Pars
953 2085 1057 2139 sub
1085 2085 1254 2139 costis
1280 2085 1539 2155 piscium,
1574 2085 1774 2155 quibus
1832 2086 1966 2156 algze
2014 2086 2093 2140 in-

502 2187 844 2241 sternuntur,
866 2178 1089 2247 degunt.
1131 2177 1235 2230 Alii
1270 2178 1503 2232 vertices
1557 2179 1826 2233 olivarum
1864 2180 2003 2233 inter
2033 2194 2093 2234 se

502 2284 784 2324 connexos
822 2284 921 2340 pro
945 2268 1247 2323 domiciliis
1275 2276 1564 2339 usurpant.
1604 2268 1659 2324 Id
1698 2279 1885 2324 autem
1917 2284 2091 2340 genus

512 2362 674 2417 olivae
731 2362 973 2417 fructum
1029 2362 1142 2416 edit
1207 2361 1334 2416 nuci
1397 2370 1672 2417 castaneae
1729 2364 2089 2432 persimilem.

502 2456 709 2521 Quarta
740 2470 875 2524 gens
906 2455 1371 2526 ichthyOphagum
1421 2455 1584 2509 talem
1624 2453 1907 2509 habitandi
1959 2470 2093 2510 con-

502 2548 853 2602 suetudinem
901 2546 1083 2600 habet.
1138 2544 1446 2601 Immensus
1489 2562 1672 2601 arenae
1725 2547 1979 2602 cumulus
2024 2562 2091 2603 ex

500 2640 653 2693 omni
683 2652 799 2691 aevo
837 2648 1134 2706 congestus
1157 2647 1261 2700 est,
1297 2637 1475 2691 instar
1499 2636 1722 2691 montis.
1754 2636 1914 2705 Isque
1945 2646 2090 2692 totus

502 2748 532 2786 a
563 2732 729 2786 ﬂuctu
761 2741 1029 2801 perpetuo
1062 2732 1302 2785 alluente
1334 2731 1730 2795 condensatur,
1770 2741 1833 2786 ut
1873 2747 1902 2785 a
1947 2732 2091 2788 mole

501 2825 686 2894 aliqua
723 2824 941 2895 generis
973 2832 1027 2877 et
1053 2832 1268 2877 natura:
1300 2823 1486 2887 unius,
1513 2832 1737 2893 propter
1755 2839 1935 2878 arenae
1957 2840 2092 2878 con-

501 2915 808 2967 cretionem
844 2913 975 2965 nihil
1031 2912 1268 2966 differat.
1310 2912 1450 2966 llinc
1495 2914 1771 2968 cuniculis
1802 2913 1866 2966 ad
1913 2914 2090 2984 longi-

504 3004 753 3059 tudinem
774 3004 878 3058 viri
904 3004 1062 3066 actis,
1084 3020 1206 3073 qua:
1231 3004 1284 3056 in
1308 3003 1525 3076 fastigio
1556 3014 1705 3067 sunt,
1734 3006 2090 3062 indurescere

498 3104 556 3150 et
585 3095 717 3169 tecti.
752 3111 912 3150 usum
943 3095 1187 3164 przrbere
1231 3096 1439 3160 sinunt,
1493 3106 1714 3166 propter
1760 3112 1923 3166 quam
1974 3096 2088 3151 dixi

2206 585 2341 657 βίον.

2205 763 2344 833 Περὶ
2379 763 2500 817 τῶν
2520 764 2760 833 ἀδίψων
2799 763 3207 900 ίχθὲἕὲάγων,
3240 766 3339 818 καὶ
3381 765 3501 819 τῶν
3546 766 3778 835 φωλεῶν,

3000 853 3091 890 ον.

3000 853 3091 890 ΟΥ.

2279 950 2405 1002 Ὀτι
2438 950 2595 1019 φησὶ,
2646 949 2885 1016 Πλησίον
2922 949 3035 1003 τῶν
3084 950 3292 1020 ἀδίψων
3329 949 3682 1020 ίχθυοφάγων
3734 954 3781 1007 oi

2204 1041 2616 1107 κατοικοῦντες,
2633 1042 2827 1113 ὥσπερ
2855 1042 3228 1113 άπαραϐάτων
3246 1042 3292 1073 ⁷⁸
3310 1045 3555 1097 σπονδῶν
3581 1046 3784 1115 μεταξῦ

2200 1132 2465 1186 τεθέντων
2500 1132 2681 1186 αὐτῶν
2711 1149 2771 1185 τε
2805 1133 2899 1185 καὶ
2926 1133 3037 1185 τῶν
3066 1133 3265 1202 φωκῶν
3287 1173 3303 1197 ,
3332 1133 3458 1187 οὔτε
3496 1136 3652 1189 αὐτοὶ
3687 1138 3784 1201 τὰς

2200 1226 2392 1294 φώκας
2421 1226 2685 1290 σίνονται,
2729 1227 2838 1281 οὐδ’
2870 1227 2964 1281 ὑπ’
2999 1228 3226 1282 ἐκείνων
3251 1223 3398 1283 οὗτοι
3433 1228 3783 1300 βλάπτονται,

2198 1319 2336 1374 ἀλλὰ
2362 1319 2459 1374 καὶ
2485 1319 2735 1391 ἀλλήλων
2761 1320 2936 1391 Θήρας
2982 1321 3478 1387 άνεπιϐουλεύτους
3504 1324 3582 1394 τῷ
3614 1324 3784 1396 θηρά-

2200 1429 2355 1467 σαντι
2384 1413 2647 1485 ἑκάτερον
2675 1413 2834 1482 γένος
2866 1416 3124 1484 συντηρεῖ
3142 1455 3158 1478 ,
3188 1418 3284 1468 καὶ⁸
3317 1417 3785 1489 συναναστρέφον-

2197 1523 2289 1559 ται
2314 1505 2488 1570 οὕτως
2518 1507 2773 1577 ἀλλήλοις
2818 1507 2897 1571 ὡς
2928 1508 3083 1579 μόλις
3117 1509 3184 1563 ἂν
3213 1510 3492 1583 εὑρεθεῖεν
3514 1512 3655 1583 πρὸς
3692 1513 3783 1567 ἀν·

2198 1597 2455 1669 θρώπους
2480 1598 2848 1670 συμϐιοῦντες
2875 1600 2975 1655 ἄνθ
2984 1619 3177 1672 ρωποι.

2269 1692 2400 1766 [752
2437 1691 2528 1764 Η.]
2568 1694 2694 1748 Ὅτι
2739 1693 2849 1747 τῶν
2903 1694 3272 1765 ίχθυοφάγων,
3327 1700 3513 1769 φησὶν,
3580 1701 3632 1752 oi
3687 1702 3783 1771 μὲν

2199 1785 2527 1855 σκηνώμασι
2568 1788 2682 1849 τοῖς
2730 1786 3021 1857 σπηλαίοις
3046 1827 3062 1853 ,
3102 1789 3164 1841 οὐ
3197 1792 3601 1860 τετραμμένοις
3645 1792 3780 1863 πρὸς

2199 1878 2552 1951 μεσημϐρίαν
2581 1879 2671 1933 διὰ
2699 1880 2761 1933 τὸ
2796 1880 3088 1948 πνιγῶδες,
3136 1882 3276 1938 ἀλλὰ
3303 1887 3414 1947 τοῖς
3452 1885 3779 1958 ἀπεστραμ-

2199 1976 2385 2047 μένοις
2422 1978 2614 2047 αύτὴν,
2648 1976 2889 2048 χρῶνται
2911 1994 2926 2011 ο
2971 1980 3019 2033 οἱ
3048 1979 3105 2033 δὲ
3136 1980 3242 2033 ὑπὸ
3270 1982 3393 2044 ταῖς
3416 1981 3527 2035 τῶν
3580 1983 3780 2053 ίχθύων

2195 2071 2486 2142 πλευραῖς,
2524 2073 2706 2143 φυκία
2736 2074 3121 2139 ἐπιϐάλλοντες
3150 2075 3333 2140 αὐτοῖς
3355 2076 3435 2129 ὀἱ
3466 2077 3523 2130 δέ
3550 2077 3651 2138 τὰς
3673 2076 3782 2130 τῶν

2194 2166 2393 2221 ἐλαιῶν
2417 2165 2667 2237 κορυφὰς
2698 2166 2961 2236 ἀλλήλαις
2994 2168 3360 2233 συνάπτοντες
3393 2167 3511 2223 εἶτα
3538 2170 3781 2241 χρῶνται

2196 2254 2548 2327 σκηνώμασι.
2588 2257 2701 2327 Τήν
2733 2258 2791 2310 δὲ
2828 2259 3088 2330 τοιαύτην
3116 2260 3304 2313 ἐλαίαν
3334 2261 3551 2331 καρπὸν
3591 2260 3780 2333 φέρειν

2195 2346 2332 2413 φησὶ
2366 2346 2722 2417 κασταναϊκῷ
2753 2349 2947 2420 καρύῳ
2977 2349 3367 2422 προσεμφερῆ.
3401 2352 3475 2404 Τὸ
3504 2352 3561 2406 δὲ
3586 2353 3778 2424 τέταρ·

2192 2452 2291 2489 τον
2317 2435 2428 2489 τῶν
2464 2436 2816 2508 ίχθυοφάγων
2861 2440 3021 2508 γένος
3068 2442 3168 2512 τὴν
3196 2444 3411 2511 οἴκησιν
3451 2443 3565 2514 ἔχει
3592 2445 3779 2499 τοιαύ-

2192 2544 2313 2599 την.
2347 2529 2569 2599 ’Ᾱμμου
2607 2532 2807 2602 φόρτος
2843 2531 3077 2596 ἄπλετος
3107 2535 3173 2587 ἐκ
3199 2534 3297 2587 τοῦ
3328 2536 3530 2600 παντὸς
3558 2538 3777 2603 αἰῶνος,

2192 2618 2309 2689 ὄρει
2340 2621 2754 2692 παραπλήσιος,
2787 2622 3146 2693 σεσώρευται,
3182 2627 3277 2680 καὶ
3300 2628 3467 2691 πᾶς⁷⁷
3498 2623 3651 2691 οὗτος
3674 2630 3784 2682 ὑπὸ

2191 2710 2289 2764 τοῦ
2320 2711 2758 2783 προσϐάλλοντος
2786 2716 2875 2768 ἀεὶ
2906 2714 3157 2787 κύματος
3188 2718 3441 2788 σκληρῶς
3472 2720 3783 2791 πεπιλημέ-

2193 2820 2283 2868 νος
2301 2804 2367 2869 ⁷⁸,
2396 2803 2538 2858 ὥστε
2564 2806 2869 2876 ὁμογενοῦς
2896 2807 3063 2875 ὄγκου
3092 2811 3185 2862 καὶ
3213 2810 3341 2880 μίαν
3372 2811 3537 2880 φύσιν
3566 2813 3783 2884 ἔχοντος

2190 2897 2282 2951 διὰ
2338 2899 2439 2968 τὴν
2500 2899 2648 2969 μίξιν
2705 2902 2802 2954 καὶ
2851 2902 3173 2973 συμπλοκὴν
3219 2904 3321 2973 τῆς
3367 2904 3556 2975 ἄμμου
3612 2906 3783 2977 μηδὲν

2191 2989 2625 3059 παραλλάσσειν.
2668 2988 2803 3044 Εἶτα
2840 2993 3149 3064 ὑπονόμους
3193 2996 3379 3059 αὐτοῖς
3413 2997 3785 3067 ἀνδρομήκεις

2191 3082 2499 3153 ὀρύττουσι,
2549 3083 2641 3137 τὸν
2702 3087 2802 3155 μὲν
2854 3086 3000 3139 κατὰ
3051 3088 3302 3159 κορυφὴν
3355 3089 3521 3157 ὄγκον
3578 3092 3781 3155 ἐῶντες

502 3188 902 3243 connexionetn
935 3205 948 3240 :
977 3189 1070 3241 sed
1109 3188 1163 3240 in
1195 3189 1512 3257 pavimento
1538 3189 1787 3242 inferiori
1820 3189 2084 3259 oblongos

2193 3172 2523 3241 ὠχυρῶσθαι
2579 3172 2675 3227 καλ⁵
2730 3174 2946 3242 στέγειν
2994 3175 3084 3229 διὰ
3137 3179 3237 3245 τῆς
3296 3180 3598 3251 είρημένης
3653 3199 3785 3234 συν-

501 3279 712 3331 ducunt
756 3286 971 3329 meatus
1014 3274 1266 3343 undique
1311 3276 1455 3328 inter
1498 3291 1619 3329 sese
1658 3275 1988 3345 perforatos.
2022 3273 2085 3330 In

500 3369 615 3434 his,
644 3369 996 3437 aliquatenus
1027 3368 1093 3420 ad
1128 3367 1432 3436 penetralia
1472 3376 1633 3421 vento
1664 3367 1912 3435 exposita
1962 3366 2083 3420 luce

502 3461 768 3523 admissa,
802 3462 1043 3528 quietem
1073 3458 1319 3527 capiunt.
1358 3455 1416 3510 Si
1456 3458 1682 3527 quando
1703 3468 1885 3510 autem
1915 3456 2082 3510 maris

497 3548 787 3603 inundatio
817 3547 1017 3609 oritur,
1060 3546 1327 3617 praedam,
1369 3561 1479 3614 quo
1518 3545 1759 3599 diximus
1792 3546 1973 3610 modo,
2014 3560 2083 3599 ex

498 3639 808 3708 piscatione
837 3638 1155 3706 acquirunt.
1187 3636 1299 3691 Nec
1320 3637 1431 3690 ulla
1457 3651 1589 3690 sane
1622 3637 1919 3690 morientes
1950 3651 2081 3690 cura

496 3733 817 3802 dignantur,
855 3745 982 3784 cum
1020 3744 1173 3783 mens
1220 3729 1437 3782 illorum
1476 3728 1848 3782 misericordia
1882 3726 2082 3798 ἀξια

497 3828 688 3893 (quam
726 3822 911 3891 opinio
951 3821 1143 3891 gignit)
1175 3835 1280 3873 non
1310 3819 1597 3872 alliciatur.
1640 3818 1768 3872 Ideo
1809 3820 2082 3887 projectos

491 3916 679 3986 jacere
706 3916 913 3978 sinunt,
953 3916 1131 3965 donec
1162 3912 1527 3980 reciprocatio
1573 3921 1743 3964 aestus
1777 3913 1972 3971 oborta
2023 3911 2081 3964 in

498 4023 651 4062 mare
686 4007 831 4069 illos,
866 4020 1053 4059 escam
1079 4004 1349 4074 piscibus,
1377 4003 1685 4058 abstulerit.

565 4177 697 4231 CAP.
737 4173 925 4228 XVIII.
971 4172 1097 4227 Indi
1129 4174 1346 4243 quidam
1385 4181 1565 4242 sponte
1603 4175 1743 4239 nati,
1795 4189 1886 4227 seu
1921 4173 2079 4227 terri-

491 4265 1045 4340 gena—Nonnulli
1100 4264 1428 4338 [Indorum]
1478 4267 1573 4336 qui
1606 4281 1671 4320 ex
1724 4268 1862 4319 mari
1916 4268 2077 4322 victi-

497 4369 634 4424 tant,
659 4375 782 4413 cum
816 4358 942 4411 aliis
966 4359 1129 4412 etiam
1164 4359 1272 4411 hoc
1295 4359 1469 4411 multo
1500 4358 1827 4412 insolentius
1852 4359 2077 4425 habent,

494 4460 550 4505 et
582 4449 730 4520 quod
783 4449 837 4501 in
883 4447 1114 4500 rationis
1153 4436 1313 4500 ﬁdem
1359 4462 1468 4500 non
1522 4444 1686 4502 facile
1735 4449 1899 4501 cadit.
1939 4446 2075 4501 Nam

2192 3263 2414 3325 δέσεως,
2453 3265 2518 3316 ἐκ
2546 3263 2603 3317 δὲ
2628 3263 2723 3316 τοῦ
2756 3266 3001 3319 κάτωθεν
3032 3267 3264 3335 ἐδάφους
3291 3272 3650 3341 παραμήκεις
3684 3274 3784 3325 αὐ-

2190 3354 2369 3418 λῶνας
2401 3357 2963 3428 κατασκευαζόμενοι,
3022 3360 3158 3430 πρὸς
3210 3361 3478 3431 ἀλλήλους
3512 3365 3782 3419 πάντοθεν

2193 3450 2686 3519 συντετρημένους,
2713 3452 2772 3503 ἐν
2801 3447 2883 3515 οἷς
2912 3452 3051 3515 τέως
3078 3453 3177 3522 μέν
3196 3457 3400 3517 τινος¹⁷9
3427 3457 3494 3510 τὰ
3523 3458 3662 3528 πρὸς
3686 3460 3786 3512 τὸν

2190 3540 2393 3610 ἄνεμον
2426 3542 2769 3610 φωτίσαντες
2799 3544 3026 3611 ἄγουσιν
3051 3547 3309 3616 ἡσυχίαν,
3338 3549 3478 3601 ἐπὰν
3511 3551 3565 3602 δὲ
3594 3550 3783 3621 πλημ-

2190 3635 2357 3705 μυρὶς
2386 3634 2614 3707 ἐπέλθῃ,
2643 3635 2712 3688 τὰ
2746 3636 2885 3706 πρὸς
2932 3637 3032 3707 τὴν
3070 3639 3247 3709 ἄγραν
3264 3640 3331 3703 ⁸⁰,
3359 3642 3434 3705 ῶς
3462 3643 3556 3696 καὶ
3588 3645 3783 3713 προείο

2191 3743 2377 3795 ρηται,
2416 3727 2955 3797 παρασκευάζονται.
2985 3730 3122 3794 Τοὺς
3159 3731 3341 3803 μέντοι
3378 3750 3442 3801 γε
3473 3736 3783 3790 τελευτῶν·-

2186 3833 2285 3879 τας
2329 3816 2510 3871 αὐτῶν
2558 3817 2817 3888 οὐδεμιᾶς
2853 3820 3069 3885 ἀξιοῦσι
3102 3824 3380 3892 προνοίας,
3412 3826 3599 3897 ἀπαθῆ
3637 3831 3783 3901 πρὸς

2184 3908 2276 3961 τὸν
2305 3910 2369 3962 ἐκ
2392 3909 2549 3979 δόξης
2579 3911 2728 3964 ἔλεον
2772 3914 3107 3984 κεκτημένοι
3137 3916 3237 3985 τὴν
3270 3918 3498 3989 γνώμην
3519 3936 3533 3951 ·
3560 3920 3641 3974 διὸ
3679 3925 3783 3977 καὶ

2184 3999 2401 4053 κεῖσθαι
2449 4001 2775 4074 ὲρριμένους
2800 4004 2985 4072 ἐῶσιν,
3020 4006 3125 4069 ἕως
3155 4006 3221 4061 ἂν
3252 4009 3511 4078 ἄμπωτις
3544 4013 3781 4079 τούτους

2183 4094 2297 4154 τοίς
2332 4093 2347 4143 ί
2352 4092 2564 4162 χθύσιν.

2257 4186 2381 4238 Ὅτι
2414 4188 2581 4255 φησὶν
2614 4187 2789 4253 ἐνίους
2814 4188 2923 4243 τῶν
2958 4190 3066 4244 ἀπὸ
3093 4193 3191 4263 τῆς
3225 4194 3495 4267 θαλάττης
3520 4201 3779 4271 σιτουμέ-

2182 4296 2290 4332 νων
2322 4281 2460 4350 μετὰ
2492 4282 2600 4335 τῶν
2634 4282 2811 4336 ἄλλων
2842 4285 2938 4338 καὶ
2970 4285 3129 4339 τοῦτο
3159 4286 3306 4358 ἔχειν
3332 4291 3777 4366 παραδοξότερον

2180 4370 2278 4423 καὶ
2307 4373 2387 4435 είς
2418 4372 2642 4446 λογικὴν
2669 4377 3068 4448 καταχωρῆσαι
3100 4379 3288 4433 πίστιν
3316 4383 3374 4433 οὐ
3403 4384 3605 4454 ῥᾴδιον.
3629 4386 3776 4440 Οὔτε

2180 4462 2289 4534 γὰρ
2322 4464 2485 4517 πόθεν
2520 4467 2599 4528 είς
2632 4466 2722 4519 τὸν
2753 4468 2954 4538 χῶρον,
2986 4471 3044 4522 ἐν
3071 4464 3115 4524 ὧ
3147 4472 3391 4526 οἰκοῦσιν
3415 4476 3675 4545 ἀφίκοντο
3694 4481 3773 4547 ⁸⁸,

492 4544 634 4599 unde
665 4552 760 4596 aut
787 4539 1065 4611 quomodo
1095 4540 1149 4592 in
1190 4539 1395 4604 locum,
1442 4540 1538 4595 ubi
1579 4556 1723 4596 nunc
1756 4553 2069 4609 versantur,

2193 4553 2325 4608 ἔστιν
2357 4556 2681 4624 ἐπιγνῶναι,
2709 4557 2833 4610 οὕτε
2863 4560 3011 4624 ὅπως
3038 4562 3227 4632 λισσῆς
3250 4566 3349 4633 μὲν
3381 4567 3591 4637 πέτρας
3625 4569 3773 4623 ἄνω-

493 4635 875 4707 pervenerint,
919 4632 1238 4703 cognitione
1277 4632 1497 4702 assequi
1538 4650 1647 4689 non
1698 4635 1843 4688 licet.
1883 4636 2069 4704 Siqui-

484 4732 612 4785 dem
640 4730 813 4783 ardua
838 4737 893 4782 et
925 4734 1202 4797 praerupta
1234 4725 1315 4781 eis
1348 4736 1499 4795 petra
1526 4741 1625 4782 ceu
1648 4727 1783 4796 jugo
1804 4743 1905 4782 con
1918 4728 2071 4783 tinuo

486 4822 790 4892 impendet,
810 4830 865 4874 et
898 4819 1202 4890 praecipitia
1233 4820 1503 4873 montium
1534 4834 1597 4874 ex
1635 4820 1862 4890 obliquo
1890 4830 2071 4876 trans-

488 4917 600 4971 itus
634 4915 909 4977 adlmunt,
948 4920 1003 4967 et
1065 4912 1290 4982 pelagus
1314 4927 1534 4966 omnem
1562 4928 1629 4967 ex
1665 4914 1896 4968 adverso
1938 4930 2071 4969 con-

484 5011 751 5066 tinentem
788 5008 1160 5072 disterminat,
1205 5014 1265 5061 ut
1314 5008 1557 5077 pedestri
1608 5008 1804 5063 itinere
1841 5011 2067 5067 omnino

486 5103 657 5173 (quod
685 5102 820 5170 dixi)
856 5101 985 5155 illuc
1019 5100 1193 5156 veniri
1240 5115 1352 5155 non
1404 5102 1601 5171 possit,
1636 5111 1692 5157 et
1727 5103 1940 5159 ratibus
1971 5117 2069 5160 aut

486 5195 706 5259 lembis,
739 5195 809 5249 ob
853 5195 1126 5249 defectum
1165 5209 1351 5249 rerum
1392 5195 1535 5265 apud
1583 5211 1684 5251 nos
1717 5197 2065 5263 usitatarum,

483 5304 641 5358 aeque
671 5289 744 5343 sit
781 5286 1019 5341 diliicile.
1065 5285 1201 5353 Qua:
1239 5302 1364 5342 cum
1400 5288 1474 5342 ita
1520 5304 1581 5345 se
1626 5290 1886 5357 habeant,
1932 5291 2066 5345 reli-

486 5394 657 5447 quum
703 5387 807 5443 est,
858 5387 917 5433 ut
948 5378 1187 5446 dicatur,
1235 5377 1529 5449 indigenas
1565 5395 1710 5449 esse,
1757 5380 1853 5453 qui
1900 5382 2065 5455 primi

2178 4649 2270 4703 θεν
2294 4649 2728 4721 ἐπεζευγμένης,
2760 4652 2827 4705 ἐκ
2856 4653 3090 4722 πλαγίου
3123 4655 3177 4708 δὲ
3208 4660 3469 4729 κρημνῶν
3490 4662 3739 4734 ἀφαιρου
3769 4696 3773 4701 -

2180 4739 2357 4810 μένων
2407 4740 2504 4805 τὰς
2550 4744 2842 4812 παρόδους,
2876 4747 2979 4815 τὴν
3018 4748 3073 4800 δὲ
3110 4749 3375 4804 ἀπέναντι
3410 4756 3592 4807 πᾶσαν
3638 4756 3771 4826 ὁρί-

2177 4830 2442 4899 ζοντοςυ,
2477 4831 2651 4905 [1349
2688 4834 2791 4908 8.]
2821 4836 2849 4889 ὃ
2880 4839 2973 4890 καὶ
2990 4838 3035 4871 ⁸³
3074 4841 3215 4913 πεζῇ
3278 4844 3378 4913 μὲν
3413 4845 3588 4899 ἐλθεῖν
3623 4863 3775 4901 παν·-

2175 4921 2346 4986 τελῶς
2377 4923 2474 4993 (ὼς
2504 4918 2681 4997 εἷπον)
2728 4926 3013 4994 ἀδύνατον,
3050 4932 3289 5000 σχεδίαις
3334 4934 3376 4986 δ’
3412 4936 3616 5007 ὁμοίως
3647 4938 3772 4990 ἁπ-

2177 5014 2303 5086 ορίᾳ
2327 5014 2436 5067 τῶν
2469 5017 2598 5087 παρ’
2628 5019 2760 5089 ἡμῖν
2791 5020 2852 5086 ἐξ
2895 5020 3009 5075 ἴσου
3042 5022 3266 5094 ἄπορον.
3296 5026 3515 5081 Τούτων
3555 5030 3613 5083 δὲ
3659 5031 3775 5102 ὑφ-

2177 5107 2451 5174 εστώτων,
2500 5112 2656 5181 φησὶ,
2707 5111 2894 5166 λοιπὸν
2945 5118 3121 5168 είπεῖν
3167 5118 3242 5181 ῶς
3290 5118 3597 5187 αὐθιγενεῖς
3626 5125 3773 5190 είσι,

2179 5201 2401 5271 μνήμην
2415 5202 2461 5233 ⁸⁸
2479 5201 2570 5254 τοῦ
2607 5202 2825 5273 πρώτου
2855 5208 3175 5278 σπέρματος
3202 5211 3263 5262 οὐ
3288 5210 3565 5278 λαϐόντες,
3597 5215 3688 5267 ἀεὶ
3703 5216 3774 5270 δὲ

2176 5293 2519 5363 ὑπάρχοντες
2541 5335 2555 5359 ,
2588 5295 2647 5348 ὃν
2672 5296 2877 5367 τρόπον
2924 5298 3053 5352 ἔνιοι
3089 5301 3198 5355 τῶν
3231 5302 3584 5375 καλουμένων
3622 5305 3773 5379 ὡρίο

2178 5401 2343 5439 σαντο
2366 5387 2631 5455 φυσικῶν.

1777 5560 2012 5619 VARle
2048 5561 2454 5622 LECTIONES.

588 5674 637 5706 "
675 5674 890 5728 ἀϐάτων
937 5692 1000 5738 ς.

483 5744 695 5814 ἀφῆκον
731 5763 791 5810 ς.

485 5818 533 5847 ⁸⁵
565 5818 789 5888 μνήμην
824 5819 866 5871 Α
899 5837 914 5873 :
958 5817 1137 5890 λύμην
1168 5839 1230 5885 ς.

1111 5677 1157 5710 ⁷⁷
1195 5679 1304 5742 πᾶς
1356 5678 1483 5735 add.
1515 5679 1580 5734 Α.

1694 5680 1743 5714 ⁷⁸
1781 5681 2166 5755 πεπιλωμένος
2191 5701 2253 5750 ς.
2277 5747 2288 5755 _
2354 5688 2398 5720 ⁷⁹
2429 5705 2575 5752 τινες
2627 5688 2686 5743 Β.

1318 5750 1413 5805 τοῦ
1462 5750 1734 5820 πελάγους
1794 5745 2070 5824 ὁρίζοντος
2119 5745 2447 5815 Hudsbnuse
2476 5745 2714 5818 υιόᾱδτο
2752 5759 2864 5819 Sic.
2898 5745 3205 5831 3:207?”
3241 5764 3270 5819 ὃ
3297 5745 3763 5844 κάλιῖὶὶῖἐιῐιὶηῐῑξ

2781 5690 2826 5765 ξο
2856 5691 3063 5765 ἀγοράν
3091 5692 3159 5749 Α.
3190 5764 3201 5765 7
3266 5694 3310 5727 ⁸⁸
3340 5696 3605 5765 ἀφίκοντο
3655 5699 3705 5757 Δ
3743 5721 3765 5759 :
