4152 6466
302 426 377 484 3ίί
1432 422 1954 485 BIBLIOTHECA.
1985 449 2053 458 -
2113 424 2274 483 COD.
2305 425 2455 483 CCL.
3499 423 3569 485 34

306 536 545 593 seminis
576 526 751 591 labem
794 551 904 592 non
940 536 1279 607 acceperint,
1336 536 1429 591 sed
1470 545 1732 607 perpetuo
1757 534 2061 591 subsistant
2094 555 2108 592 :
2139 535 2599 606 quemadmodum
2631 534 2984 607 physicorum
3017 534 3147 609 (qui
3188 532 3526 607 appellantur
3549 547 3569 612 )

304 630 566 685 nonnulli
606 629 956 683 definierunt.

378 722 515 773 Ὅτι
541 722 651 773 τῶν
677 720 883 773 στενῶν
912 719 1192 784 ἐπέκεινα,
1220 722 1375 790 φησί,
1428 722 1537 775 τῶν
1566 722 1880 788 συγκλειόν-

2057 717 2187 773 Car.
2218 718 2359 773 XIX.
2412 717 2488 772 De
2520 718 2849 787 Sporhdibus
2901 718 3214 789 [Ethiopum
3254 714 3463 775 insulis.
3502 734 3568 761 -'—-

303 830 418 867 των
454 814 561 883 τήν
584 830 643 865 τε
671 811 932 882 Ἀραϐίαν
966 813 1061 866 καὶ
1086 813 1184 883 τὴν
1218 814 1481 868 ἀπέναντι
1508 812 1712 884 χώραν,
1737 818 1893 884 νῆσοι

307 908 525 961 κεῖνται
558 905 857 974 Σπορὰδες,
885 904 1139 958 ταπειναὶ
1169 906 1361 969 πᾶσαι,
1396 906 1593 976 μικραί
1624 906 1705 976 τῷ
1732 906 1896 976 μεγέ-

308 996 414 1057 θει,
444 996 512 1048 τὸ
544 995 749 1064 πλῆθος
783 994 1074 1065 ἀμύθητοι,
1112 995 1323 1066 καρπὸν
1345 996 1535 1049 οὐδένα
1553 996 1601 1029 ⁸⁸
1627 999 1893 1065 γεννῶσαι

308 1088 452 1156 πρὸς
484 1087 577 1140 τὸν
608 1086 742 1156 βίον,
776 1087 899 1139 οὔτε
938 1087 1143 1158 ἥμερον
1171 1087 1294 1140 οὔτε
1338 1088 1549 1159 ἄγριον,
1590 1088 1893 1161 ἀπέχουσαι

312 1180 413 1249 μὲν
470 1180 572 1247 τῆς
621 1180 921 1249 εἰρημένης
970 1180 1205 1249 ἠπείρου
1239 1180 1488 1243 σταδίους
1538 1182 1614 1246 ὡς
1660 1182 1891 1252 ἑϐδομή-

309 1286 506 1332 κοντα,
528 1268 904 1339 τετραμμέναι
929 1268 984 1321 δὲ
1012 1268 1149 1337 πρὸς
1177 1268 1236 1320 τὸ
1265 1268 1455 1321 δοκοῦν
1485 1269 1717 1336 πέλαγος
1747 1268 1892 1337 παρ-

307 1362 583 1414 εκτείνειν
627 1360 726 1429 τὴν
784 1360 1014 1429 Ἰνδικὴν
1083 1361 1176 1412 καὶ
1232 1360 1559 1429 Γεδρωσίαν.
1627 1361 1891 1414 Ἐνταῦθα

309 1456 474 1524 κῦμα.
500 1457 600 1525 μὲν
628 1453 689 1506 οὐ
710 1453 944 1521 γίνεται,
971 1453 1086 1506 ἀλλ’
1114 1452 1248 1523 ἄλλη
1280 1453 1408 1525 [755
1438 1452 1529 1524 IL]
1550 1452 1698 1526 [μὲν]
1726 1452 1891 1523 ἄλλης

312 1550 718 1623 προκαθημένη
746 1549 840 1602 τδν
868 1548 1113 1602 κλύδωνα
1148 1551 1260 1611 τοῖς
1288 1548 1655 1620 ἀκρωτηρίοις
1682 1547 1893 1619 λαμϐά-

312 1657 428 1696 νειο
476 1642 657 1713 ἀέρων
679 1641 736 1694 δὲ
764 1640 855 1693 τὸν
881 1640 1102 1710 ἄριστον
1127 1639 1375 1692 δοκοῦσιν
1402 1639 1567 1708 ἔχειν.
1611 1639 1828 1702 Ταύτας
1844 1639 1892 1671 ⁸⁸

313 1733 603 1804 ἄνθρωποι
640 1733 1039 1800 κατανέμονται
1080 1731 1302 1802 ἀριθμῷ
1347 1731 1443 1802 μὲν
1474 1729 1641 1801 [ού]⁸⁷
1676 1729 1889 1799 σύμμε-

313 1844 459 1898 τροι,
505 1825 708 1889 ζῶντες
742 1825 799 1877 δὲ
843 1823 957 1893 βίον
972 1824 1018 1857 ⁸⁸
1048 1822 1289 1877 τοιοῦτον
1313 1839 1327 1853 ’
1370 1824 1459 1876 Ἐν
1486 1823 1563 1893 τῷ
1587 1824 1890 1894 παρήκοντι

319 1917 572 1982 πελάγει,
623 1916 819 1985 τραχεῖ
874 1915 970 1968 καὶ
1016 1915 1280 1985 χειμερίῳ
1328 1914 1623 1984 ὑπάρχοντι
1670 1912 1889 1979 τελέως,

318 2007 529 2075 γίνεται
563 2005 643 2077 τῷ
672 2003 866 2059 πλάτει
898 2006 991 2059 atati.
1041 2005 1119 2075 τῷ
1171 2006 1392 2075 μεγέθει
1425 2003 1630 2073 πλῆθος
1663 2005 1891 2059 ἄπιστον

1999 808 2078 864 De
2109 810 2440 864 testudinum
2474 820 2695 878 captura
2726 811 2914 864 incolis
2946 813 3163 863 usitata.
3194 842 3261 851 —
3287 808 3437 866 Ultra
3473 810 3573 866 ab-

1998 902 2205 971 gustias
2250 900 2394 964 illas,
2426 916 2547 969 quae
2580 902 2837 956 Arabiam
2868 910 2922 956 et
2955 904 3261 971 oppositam
3294 906 3571 973 regionem

1996 994 2313 1057 excludunt,
2352 994 2542 1048 insula:
2587 994 2773 1063 jacent
2815 994 3108 1064 Sporadas,
3155 997 3427 1065 depressa:
3455 1011 3575 1049 om-

1997 1101 2115 1149 nes,
2148 1086 2528 1155 magnitudine
2558 1102 2760 1155 parvze,
2798 1096 2851 1140 et
2883 1102 3111 1141 numero
3143 1088 3368 1143 infinita:
3402 1107 3415 1142 :
3449 1105 3573 1158 quae
3642 1096 3645 1099 ’

1996 1180 2205 1233 nullum
2235 1178 2301 1231 ad
2329 1180 2453 1230 vita:
2496 1180 2935 1233 commoditatem
2986 1179 3223 1235 fructum
3265 1180 3570 1250 proferunt,

1995 1282 2173 1338 neque
2205 1268 2439 1322 satlvum
2486 1284 2665 1339 neque
2710 1270 3034 1325 silvestrem.
3083 1271 3295 1326 Distant
3327 1283 3506 1326 autem
3540 1288 3573 1327 a

1994 1358 2308 1412 continente
2339 1358 2608 1426 superiori
2642 1374 2747 1413 Lxx
2794 1360 2965 1415 stadia
3009 1362 3261 1425 circiter,
3297 1378 3574 1418 conversa;

1994 1445 2060 1498 ad
2091 1446 2313 1514 pelagus
2352 1445 2499 1515 quod
2540 1456 2739 1515 praeter
2776 1444 2988 1500 Indiam
3031 1459 3087 1502 et
3119 1448 3435 1505 Gedrosiam
3473 1465 3568 1504 ex—

1992 1532 2184 1586 currit.
2207 1532 2307 1586 Hic
2340 1532 2523 1587 nullus
2545 1532 2758 1589 exsistit
2783 1533 3001 1598 ﬂuctus,
3030 1534 3123 1589 sed
3155 1536 3259 1589 alia
3288 1538 3381 1592 alti
3414 1538 3570 1608 quasi

1992 1621 2311 1691 praesidens,
2352 1631 2736 1691 tempestatem
2777 1627 3165 1693 promontoriis
3200 1629 3423 1698 excipit.
3462 1632 3570 1683 Ae-

1992 1726 2108 1765 rem
2141 1720 2323 1766 autem
2355 1712 2614 1767 videntur
2641 1713 2843 1767 habere
2872 1715 3161 1783 optimum.
3203 1715 3261 1770 lu
3302 1718 3384 1771 his
3414 1733 3570 1773 com-

1993 1808 2281 1855 morantur
2323 1801 2595 1867 homines,
2622 1803 2713 1872 qui
2748 1804 3097 1873 proportione
3121 1807 3453 1862 enumeratis
3487 1823 3574 1868 rc-

1992 1892 2277 1961 spondent,
2314 1893 2593 1963 vitamque
2626 1894 2731 1948 hoc
2781 1895 2941 1949 modo
2981 1903 3335 1951 sustentant:
3372 1897 3428 1951 In
3459 1898 3571 1953 cir-

1997 1982 2252 2039 cumfuso
2295 1984 2506 2055 pelago,
2549 1988 2695 2054 quod
2739 2000 2992 2055 asperum
3030 1996 3112 2042 eSt
3141 1995 3194 2041 et
3237 1994 3573 2057 tempeswo-

321 2098 590 2169 χελωνῶν,
639 2097 707 2161 ἃς
762 2095 1055 2160 θαλαττίας
1106 2097 1307 2159 πάντες
1357 2096 1671 2165 νομίζομεν,
1720 2087 1893 2149 Abeat

1998 2091 2144 2142 sum,
2187 2078 2521 2132 testudinum
2556 2079 2709 2147 copia
2760 2081 3026 2147 nascitur,
3050 2096 3173 2151 quae
3201 2081 3484 2137 latitudine
3512 2083 3574 2137 ﬁo

324 2190 515 2254 νυκτὸς
547 2191 645 2259 μὲν
673 2190 732 2241 ἑν
762 2189 842 2259 τῷ
876 2188 1024 2260 βυθῷ
1074 2189 1350 2259 νέμονται,
1403 2188 1680 2259 ήμέραςδθ
1710 2189 1768 2243 δὲ
1814 2191 1892 2253 εἰς

328 2281 421 2353 τὴν
448 2285 505 2334 έν
530 2286 649 2344 ταῖς
668 2283 713 2314 ὀ
746 2281 932 2350 νήσοις
964 2281 1193 2351 ἡσυχίαν
1237 2281 1332 2334 καὶ
1358 2281 1603 2350 γαλήνην
1630 2280 1895 2351 amens-

338 2391 424 2427 ναι
468 2374 784 2443 κοιμῶνται,
829 2376 924 2428 καὶ
970 2373 1134 2427 τοῦτο
1173 2374 1386 2426 ποιοῦσι
1433 2373 1566 2443 πρὸς
1608 2373 1698 2425 τὸν
1742 2373 1894 2444 ἥλιον

352 2466 747 2537 μετέωροι,ταῖς
773 2467 1314 2536 κατεσκευασμέναις
1331 2465 1375 2497 ⁹¹
1403 2465 1696 2534 πορθμίσιν
1713 2466 1897 2535 ὁμοιο-

344 2560 540 2622 παθεῖς.
568 2560 777 2622 Ταύτας
806 2558 926 2612 κατ’
954 2561 1132 2612 έκεῖνο
1176 2557 1373 2628 καιροῦ
1406 2560 1455 2611 οἰ
1489 2557 1775 2628 ἐπιχώριοι
1803 2556 1896 2609 τέ-

334 2669 427 2722 χνῃ
473 2652 567 2703 καὶ
597 2651 801 2722 σπουδῇ
839 2652 932 2703 καὶ
964 2649 1260 2721 μερμίθαις
1300 2651 1380 2712 εἰς
1412 2648 1511 2718 τὴν
1561 2649 1756 2719 χέρσον
1809 2648 1899 2700 ὲκ-

331 2742 579 2801 6αλόντες
620 2741 691 2795 τὰ
742 2741 840 2811 μὲν
888 2741 1038 2804 ἐντὸς
1074 2740 1290 2795 ἅπαντα
1345 2739 1641 2803 σιτοῦνται,
1693 2739 1899 2809 βραχὺν

325 2834 780 2903 παροπτήσαντες
829 2835 888 2885 ὲν
932 2832 1009 2901 τῷ
1037 2831 1284 2902 καύματι
1314 2832 1530 2901 χρόνον,
1567 2834 1681 2894 τοῖς
1712 2832 1771 2884 δὲ
1802 2830 1899 2883 κύ-

326 2941 441 2978 τεσι
491 2925 735 2994 χρῶνται
787 2925 887 2987 τὰς
942 2922 1244 2993 σκηνώσεις
1298 2922 1688 2985 καθιστῶντες,
1736 2922 1901 2975 οἱονεὶ

325 3012 569 3077 καλύϐας
602 3014 689 3079 ἐφ’
727 3014 950 3084 ὑψηλοῖς
979 3014 1165 3075 τόποις
1194 3015 1421 3082 πρηνεῖς
1434 3013 1478 3043 θ’
1511 3009 1899 3075 καθιστῶντες,

321 3107 420 3162 καὶ
437 3110 504 3141 ’³⁸
534 3108 682 3179 πρὸς
696 3108 823 3170 τοὺς
851 3106 1108 3168 διάπλους
1150 3105 1206 3158 δὲ
1249 3107 1342 3159 καὶ
1369 3104 1586 3174 ὑδρείας
1624 3102 1788 3156 ἕνεκα
1811 3103 1902 3158 κέ-

319 3214 555 3271 χρηνται
583 3199 768 3263 αὐτοῖς
785 3216 800 3232 ’
818 3197 959 3253 ὥστε
995 3193 1135 3253 εῖναι
1159 3198 1217 3254 τὸ
1241 3197 1375 3252 αὐτὸ
1393 3198 1550 3264 ναῦν,
1579 3198 1781 3265 οἰκίαν,
1811 3197 1903 3266 ἅγ-

316 3293 493 3362 γεῐον,
515 3291 726 3362 τροφὴν
753 3292 865 3355 τοῖς
890 3289 1198 3361 εἰρημένοις
1223 3289 1551 3361 ἀνθρώποις.

395 3553 527 3609 Ὅτι
580 3554 643 3606 ού
689 3553 824 3608 πολῦ
876 3553 1165 3618 διεστῶτες
1218 3553 1314 3607 τοῦ
1364 3556 1659 3626 εἰρημένου
1706 3556 1897 3624 γένους

318 3644 637 3716 σύμμετροι
665 3643 743 3714 τῷ
765 3644 983 3716 ἀριθμῷ
1014 3645 1130 3716 βίον
1160 3645 1342 3716 ἔχουσι
1374 3648 1615 3700 τοιοῦτον
1639 3663 1653 3677 ο
1674 3648 1772 3699 Ἐκ
1790 3646 1897 3701 τῶν

317 3738 774 3808 ἑκριπτουμένων
839 3738 919 3801 εἰς
973 3738 1070 3809 τὴν
1129 3738 1327 3809 χέρσον
1383 3738 1566 3807 κητῶν
1626 3738 1892 3804 ἀποζῶσι·

319 3826 696 3896 σπανιζούσης
723 3826 779 3879 δὲ
818 3826 1000 3889 αὐτοῖς
1021 3827 1121 3897 τῆς
1146 3827 1399 3899 τοιαύτης
1430 3830 1693 3900 σιτήσεως
1729 3829 1897 3901 (γίνε-

316 3934 414 3970 ται
444 3916 501 3969 δὲ
537 3916 819 3987 πολλάκις)
851 3918 915 3970 ὲκ
938 3916 1047 3971 τῶν
1078 3916 1251 3971 ὀστῶν
1284 3918 1411 3983 τούς
1436 3935 1498 3971 τε
1526 3920 1779 3990 χόνδρους
1802 3922 1897 3974 καὶ

316 4007 393 4060 τὰ
427 4005 575 4076 ἄκρα
605 4008 714 4059 τῶν
743 4006 994 4078 πλευρῶν
1039 4008 1504 4079 κατεργαζόμενοι
1533 4010 1633 4082 τὴν
1665 4010 1893 4073 ἔνδειαν,

318 4101 372 4153 εἰ
416 4101 515 4151 καὶ
555 4098 808 4169 χαλεπῶς
826 4099 897 4163 ⁸³,
955 4100 1105 4170 ὅμως
1136 4102 1607 4173 παραμυθοῦνται.
1662 4102 1746 4157 Τὰ
1794 4103 1895 4173 μὲν

318 4183 419 4242 οὖν
447 4187 558 4240 τῶν
592 4188 934 4258 ἰχθυοφάγων
967 4190 1102 4262 γένη
1122 4231 1141 4269 ρ
1174 4195 1362 4264 φησὶν,
1392 4196 1429 4247 ἃ.
1457 4194 1891 4266 κατειλήφαμεν,

324 4281 542 4352 μυρίων
588 4283 757 4335 ὄντων
806 4283 841 4336 ἃ
888 4284 988 4357 τὴν
1030 4285 1193 4356 ἡμῶν
1225 4288 1447 4359 διέφυγε
1491 4289 1727 4359 γνῶσιν,
1766 4307 1891 4345 τοσο

318 4388 486 4427 αντα.

394 4462 523 4516 Ὅτι
548 4463 647 4531 τ’ἧς
686 4461 831 4530 ζωῆς
863 4462 1020 4534 ἡμῶν
1066 4456 1199 4535 ἡμῖν
1243 4464 1559 4538 ἐφεστώσης
1590 4468 1649 4525 ἐν
1677 4489 1738 4524 τε
1776 4476 1894 4537 τοῖς

324 4553 603 4621 περιττοῖς
635 4553 729 4604 καὶ
764 4555 878 4617 τοῖς
907 4555 1249 4622 ἀναγκαίοις,
1275 4558 1345 4611 τὰ
1363 4558 1411 4589 ἰ
1454 4560 1718 4630 εἰρημένα
1758 4564 1891 4634 γένη

320 4643 433 4695 τῶν
476 4643 841 4713 Ἰχθυοφάγων
887 4646 954 4699 τὰ
1002 4647 1101 4716 μὲν
1143 4647 1393 4725 ἄχρηστα
1416 4654 1891 4725 περιγεγράφασιν

322 4732 563 4797 ᾶπαντα,
599 4734 756 4804 φησὶ,
780 4735 892 4789 τῶν
910 4736 967 4789 δὲ
1001 4722 1352 4807 καθηκόντων
1376 4742 1528 4796 οὐδὲν
1558 4722 1886 4812 ἐλλείπουσι,

322 4824 387 4891 τῇ
426 4822 605 4894 θείᾳε³⁸
633 4803 770 4896 πρὸς
793 4825 854 4879 τὸ
885 4826 984 4897 ζῇν
1012 4803 1544 4902 ὁδῷ-βραϐευόμενοι
1576 4835 1800 4901 πάντες,
1825 4803 1887 4892 ού
1925 4803 1965 4856 υ

1998 2167 2120 2222 dem
2160 2183 2329 2238 prope
2366 2169 2639 2224 excedunt
2670 2188 2682 2223 :
2716 2183 2814 2237 pro
2859 2170 3088 2226 marinis
3119 2181 3298 2226 autem
3344 2188 3375 2226 a
3413 2174 3571 2228 nobis

1998 2259 2253 2314 omnibus
2304 2259 2594 2315 habentur.
2638 2260 2734 2315 lla:
2783 2272 2946 2317 noctu
2996 2263 3050 2316 in
3089 2262 3361 2332 profundo
3408 2265 3573 2320 maris

1997 2362 2300 2421 pascuntur
2340 2370 2354 2406 :
2395 2353 2489 2408 sed
2522 2353 2754 2407 interdiu
2787 2354 2840 2408 in
2884 2355 3099 2423 quietos
3144 2366 3199 2411 et
3250 2356 3572 2424 tranquillos

2001 2442 2304 2496 insularum
2342 2458 2594 2499 recessus
2633 2444 2949 2513 exspatiatze
2986 2445 3287 2512 dormiunt,
3320 2448 3481 2517 idque
3503 2448 3573 2502 ad

1982 2533 2173 2589 'solem
2226 2534 2281 2587 itt
2331 2550 2549 2589 summo
2593 2536 2900 2605 apricantes
2956 2535 3211 2593 faciunt:
3257 2555 3367 2609 quo
3410 2541 3574 2596 modo

1999 2625 2262 2681 naviculae
2299 2627 2579 2682 hominum
2612 2629 2877 2684 industria
2912 2629 3071 2685 factm
3099 2631 3429 2687 adiciuntur.
3462 2631 3573 2689 Has

2000 2716 2094 2772 illo
2124 2720 2390 2789 temporis
2426 2730 2707 2776 momento
2735 2722 2929 2776 incolae
2958 2732 3074 2779 arte
3117 2734 3170 2779 et
3197 2726 3378 2781 studio
3404 2737 3459 2780 et
3489 2727 3574 2781 fu-

2000 2810 2161 2865 nibus
2187 2810 2238 2864 in
2269 2819 2470 2865 terram
2517 2813 2721 2882 ejectas
2770 2815 3014 2885 capiunt,
3042 2826 3097 2871 et
3132 2818 3395 2887 quidquid
3440 2819 3577 2875 inte-

2002 2901 2118 2956 rius
2142 2912 2248 2968 est,
2282 2904 2348 2957 ad
2397 2905 2560 2959 breve
2607 2915 2826 2974 tempus
2865 2908 2998 2960 solis
3043 2907 3253 2963 fervore
3306 2920 3571 2979 assatunt,

2001 2997 2311 3061 comedunt,
2344 3004 2509 3051 testas
2562 3014 2690 3052 vero
2740 2998 2807 3051 ad
2858 2999 3059 3054 aedium
3114 3004 3575 3059 constructionem

2002 3098 2289 3156 usurpant.
2314 3087 2607 3160 Gurgustia
2633 3090 2777 3145 enim
2808 3092 2860 3146 in
2890 3092 3050 3147 editis
3082 3094 3217 3150 locis
3257 3097 3575 3165 prominen-

2004 3180 2081 3235 tia
2118 3180 2243 3235 inde
2303 3192 2685 3249 coagmentant
2726 3200 2741 3237 :
2783 3184 2851 3238 ad
2904 3187 3263 3255 navigationis
3317 3198 3572 3257 praeterea

2004 3282 2164 3321 usum
2194 3276 2248 3321 et
2278 3269 2589 3337 aquationis
2624 3271 2984 3327 transferunt.
3019 3273 3139 3340 Quo
3191 3275 3249 3329 fit
3275 3285 3334 3330 ut
3361 3292 3448 3331 res
3478 3292 3575 3330 ca-

2004 3358 2127 3413 dem
2159 3359 2378 3431 Αειὺ,
2417 3362 2593 3427 navis,
2628 3362 2847 3427 domus,
2878 3366 3030 3433 vasis
3050 3377 3105 3422 et
3132 3367 3372 3424 alimenti
3403 3369 3574 3424 homi-

1921 3450 1965 3509 C
2000 3449 2161 3503 nibus
2198 3451 2308 3505 illis
2344 3467 2502 3506 usum
2533 3454 2790 3522 praebeat.

2074 3540 2201 3596 CAP.
2228 3540 2348 3596 XX.
2404 3543 2479 3597 De
2515 3544 2638 3598 aliis
2670 3546 2760 3611 qui
2807 3545 3023 3601 balwnis
3049 3559 3343 3603 vescuntur.
3365 3577 3435 3587 —
3453 3548 3575 3605 Non

2002 3634 2187 3699 procul
2220 3634 2287 3686 ab
2318 3634 2422 3687 hoc
2453 3650 2648 3702 genere
2682 3638 2991 3690 mortalium
3027 3640 3219 3692 remoti
3257 3648 3311 3694 et
3347 3656 3573 3696 numero

2003 3740 2181 3794 pares,
2219 3725 2365 3780 hunc
2394 3726 2609 3781 vivendi
2656 3744 2861 3783 morem
2900 3729 3135 3784 habent:
3163 3730 3238 3785 De
3264 3731 3487 3788 balaenis
3517 3734 3573 3787 in

2004 3826 2200 3871 terram
2233 3820 2475 3887 expulsis
2520 3820 2725 3875 victum
2768 3820 2875 3876 sibi
2923 3834 3293 3892 comparant:
3325 3824 3483 3895 cujus
3524 3828 3572 3883 si

2002 3909 2147 3964 desit
2173 3914 2330 3981 copia
2362 3913 2437 3982 (id
2471 3914 2616 3984 quod
2646 3930 2756 3969 non
2789 3930 2916 3970 raro
2947 3916 3167 3985 accidit)
3200 3917 3573 3988 cartilaginem

2001 4012 2068 4052 ex
2102 3999 2321 4054 ossibus
2355 4008 2410 4055 et
2462 4010 2742 4057 costarum
2793 4005 3165 4059 extremitates
3210 4005 3569 4072 conficiendo,

2001 4098 2318 4158 egestatem,
2356 4093 2611 4160 quamvis
2660 4094 2892 4149 moleste
2938 4104 2992 4149 et
3020 4111 3343 4159 aerumnosa,
3387 4105 3569 4152 tamen

2002 4177 2075 4231 ita
2104 4180 2481 4236 consolantur.
2516 4181 2620 4239 Tot
2645 4183 2809 4254 igitur
2841 4194 2966 4237 sunt
2994 4199 3188 4254 genera
3216 4186 3572 4257 lclnhyopha-

2001 4284 2216 4337 gorum,
2267 4286 2390 4339 quae
2429 4273 2741 4343 accepimus
2792 4289 2966 4329 :cum
3022 4277 3305 4332 innumera
3351 4280 3568 4334 interitu

2000 4361 2372 4430 cognitionem
2400 4373 2642 4419 nostram
2674 4364 3090 4436 subterfugiant.

2068 4470 2197 4526 Car.
2221 4469 2366 4527 XXI.
2425 4472 2938 4545 Iclttltyopliagorum
2969 4476 3292 4548 αὐτάρκεια.
3325 4509 3396 4520 --
3426 4479 3564 4533 Cum

2000 4562 2141 4627 vita,
2171 4563 2387 4632 qualem
2441 4580 2540 4619 nos
2568 4565 2738 4618 veluti
2791 4566 3103 4636 magistram
3152 4571 3451 4637 sequimur,
3510 4571 3563 4624 itt

1997 4654 2288 4723 superfluis
2316 4665 2369 4709 et
2399 4658 2727 4713 necessariis
2771 4661 3053 4721 consistat,
3100 4660 3562 4733 Ichthyophagum

1997 4762 2134 4813 quas
2164 4747 2385 4800 recitavi
2423 4756 2634 4818 gentes,
2663 4761 2855 4805 cuncta
2888 4768 3121 4821 quorum
3168 4769 3297 4807 usus
3344 4768 3454 4807 non
3481 4763 3565 4809 est

1994 4838 2358 4902 necessarius,
2392 4850 2623 4910 angusto
2651 4844 2808 4911 quasi
2853 4843 2986 4897 orbe
3028 4843 3437 4910 circutttscripta
3465 4858 3563 4897 ex-

321 4915 389 4982 τῇ
424 4914 907 4988 παρασοφιζομένῃ
936 4921 1053 4982 ταῖς
1083 4919 1265 4984 δόξαις
1318 4922 1416 4993 τὴν
1447 4922 1627 4992 φύσιν.
1660 4925 1739 4979 Οὐ
1776 4927 1888 4999 γὰρ

1997 4930 2216 4982 cludunt
2245 4946 2257 4981 ε
2290 4930 2602 5003 intereaque
2627 4936 2792 4990 nullis
2827 4937 3011 5000 rebus,
3033 4952 3160 5004 qua:
3190 4947 3395 4991 naturae
3416 4952 3568 4989 com-

322 5005 499 5074 ἀρχῆς
545 5008 884 5076 ίμειρόμενοι
932 5010 1174 5078 τυχείν⁹⁸
1224 5012 1436 5084 ἀγωνίᾳ
1469 5014 1757 5086 φιλονείκῳ
1795 5019 1891 5071 καὶ

1997 5027 2202 5086 petunt,
2248 5020 2622 5080 destituuntur
2654 5064 2668 5090 ,
2697 5042 2822 5081 cum
2856 5027 3038 5081 divina
3073 5028 3140 5081 ad
3176 5026 3452 5097 frugaliter
3479 5028 3560 5080 vi-

321 5094 576 5163 δυστυχεῖ
604 5097 915 5166 συνέχονται
938 5116 951 5128 ·
980 5098 1101 5151 οὐδὲ
1126 5099 1440 5166 πλεονεξίας
1468 5103 1699 5174 ἐρῶντες
1722 5106 1892 5159 πολλὰ

1997 5110 2224 5165 vcndum
2260 5112 2534 5169 ducantur
2582 5117 2693 5181 via,
2737 5133 2844 5172 non
2874 5134 2939 5173 ea
2973 5135 3094 5187 qua:
3131 5119 3307 5173 fallaci
3346 5119 3561 5188 opinio-

326 5185 421 5252 μὲν
483 5185 679 5250 ἄλλους
735 5187 925 5257 δρῶσι,
980 5189 1151 5243 πολλὰ
1201 5191 1258 5244 δὲ
1317 5194 1584 5262 πάσχουσι
1628 5194 1735 5247 τῶν
1790 5196 1892 5251 οὐκ

321 5274 669 5343 ἀναγκαίων·
726 5277 835 5329 οὐδ’
887 5277 1088 5349 ἔχθρας
1134 5282 1475 5353 ἐνιστάμενοι
1527 5284 1745 5356 μείζους
1792 5287 1893 5341 ἐπὶ

1993 5216 2122 5254 num
2189 5206 2371 5273 specie
2436 5217 2689 5263 naturam
2750 5210 2982 5264 seducit.
3028 5208 3147 5264 Non
3197 5211 3341 5264 enim
3411 5212 3557 5265 circa

1999 5291 2213 5359 imperii
2262 5302 2316 5349 et
2366 5297 2717 5366 magistratus
2775 5298 3171 5354 affectationem
3217 5301 3558 5354 contentiosa

1578 5460 1818 5515 VARlIE
1853 5461 2258 5523 LECTIONES.

389 5632 437 5665 ⁸⁸
461 5631 671 5725 ὀὐθένα
908 5636 1132 5709 ταύτας]
1153 5638 1273 5725 libri
1290 5641 1545 5725 ταύταις..
1597 5641 1652 5725 :7
1680 5643 1904 5725 ,αριθμῶ
1924 5646 2023 5713 μὲν
2043 5645 2128 5725 οὐ]
2147 5648 2536 5725 ᾁριθμούμενοι
2555 5652 2614 5704 Β.
2633 5723 2639 5725 Α
2691 5654 2735 5687 ⁸⁸
2764 5654 2821 5707 δὲ
2836 5655 2926 5707 τὸν
2945 5654 3057 5725 βίον
3076 5674 3135 5721 ς’.

323 5699 369 5732 ’°
396 5704 513 5777 ταῖς
536 5718 646 5777 om.
684 5701 743 5777 Βζ
819 5704 861 5736 ⁹¹
885 5699 1392 5777 κατεστραμμέναις
1415 5699 1569 5765 Diod.
1596 5711 1649 5773 5,
1680 5699 1767 5766 ‘2l.

3210 5658 3264 5737 ⁸⁸,
3283 5657 3461 5737 ήμέυρα
3488 5659 3553 5710 Α.

1845 5716 1890 5744 ³⁸
1921 5716 2166 5795 πρηνεζξ]
2203 5716 2734 5795 “pyrii-Salmasius,
2754 5716 2957 5780 omisso
2977 5716 3154 5795 prio're
3176 5716 3554 5795 καθιστῶντες.

324 5771 679 5868 καριςξάεςτες
709 5772 768 5868 [:6-
845 5778 1031 5868 "'~x<1xt
1054 5771 1271 5868 om.
1305 5771 1409 5863 A.’
1445 5780 1491 5810 ”
1520 5771 1771 5849 χαλεπῶς
1801 5785 1844 5836 Λ
1874 5804 1884 5838 :
1915 5771 2211 5854 χάλὲπάσίῖ.
2248 5771 2259 5790 Ι
2287 5771 2333 5821 ⁸⁸⁸
2360 5771 3392 5868 τά*Κ-ξ-*καίτίς..ψνδγθείᾳῑίυῐιειεδε
3420 5771 3556 5865 ἰθεῖα

324 5842 403 5893 vel
437 5841 643 5912 εὐθείᾳ.
719 5845 764 5874 ⁵³
796 5844 999 5916 τυχεῖν]
1029 5841 1203 5917 τύχης
1229 5848 1274 5900 Α
1307 5863 1321 5899 :
1352 5841 1608 5919 τύχηνᾞκ

609 5937 881 5996 ΡΑτιιοι.
936 5940 1052 5997 Gn.
1090 5938 1244 5998 CIV.

3161 5957 3200 6014 2
3272 5996 3279 6001 .
