  <div class='ocr_page' id='page_1' title='image "/cluster/home/n/w/nwhite01/storage/ocr_20150623/104/hvd.32044018872853/029.png"; bbox 0 0 4152 6428; ppageno 0'>
   <div class='ocr_carea' id='block_1_1' title="bbox 578 344 2166 432">
    <p class='ocr_par' dir='ltr' id='par_1_1' title="bbox 578 344 2166 432">
     <span class='ocr_line' id='line_1_1' title="bbox 578 344 2166 432; baseline -0.006 -18"><span class='ocrx_word' id='word_1_1' title='bbox 578 367 648 432; x_wconf 67' lang='grc'><strong>43</strong></span> <span class='ocrx_word' id='word_1_2' title='bbox 1738 344 1994 411; x_wconf 86' lang='lat' dir='ltr'>PHOTIl</span> <span class='ocrx_word' id='word_1_3' title='bbox 2036 346 2166 405; x_wconf 86' lang='lat' dir='ltr'>PA’I</span> 
     </span>
    </p>
   </div>
   <div class='ocr_carea' id='block_1_2' title="bbox 2274 344 3834 432">
    <p class='ocr_par' dir='ltr' id='par_1_2' title="bbox 2274 345 3834 422">
     <span class='ocr_line' id='line_1_2' title="bbox 2274 345 3834 422; baseline -0.001 -18"><span class='ocrx_word' id='word_1_4' title='bbox 2274 345 2541 405; x_wconf 62' lang='lat' dir='ltr'><strong>Ancum</strong></span> <span class='ocrx_word' id='word_1_5' title='bbox 2571 347 2681 407; x_wconf 72' lang='grc' dir='ltr'>ορ.</span> <span class='ocrx_word' id='word_1_6' title='bbox 3765 360 3834 422; x_wconf 65' lang='grc' dir='ltr'><strong>μ,</strong></span> 
     </span>
    </p>
   </div>
   <div class='ocr_carea' id='block_1_3' title="bbox 569 457 2166 549">
    <p class='ocr_par' dir='ltr' id='par_1_3' title="bbox 569 474 2147 549">
     <span class='ocr_line' id='line_1_3' title="bbox 569 474 2147 549; baseline -0.018 -10"><span class='ocrx_word' id='word_1_7' title='bbox 569 486 788 541; x_wconf 77' lang='lat' dir='ltr'><strong>fortuna</strong></span> <span class='ocrx_word' id='word_1_8' title='bbox 816 491 871 540; x_wconf 87' lang='lat' dir='ltr'><strong>et</strong></span> <span class='ocrx_word' id='word_1_9' title='bbox 912 479 1116 536; x_wconf 81' lang='lat' dir='ltr'><strong>infelici</strong></span> <span class='ocrx_word' id='word_1_10' title='bbox 1149 474 1513 549; x_wconf 86' lang='lat' dir='ltr'><strong>trepidatione</strong></span> <span class='ocrx_word' id='word_1_11' title='bbox 1535 476 1807 538; x_wconf 81' lang='lat' dir='ltr'><strong>anguntur</strong></span> <span class='ocrx_word' id='word_1_12' title='bbox 1839 482 1851 519; x_wconf 93' lang='lat'><strong>:</strong></span> <span class='ocrx_word' id='word_1_13' title='bbox 1886 477 1987 517; x_wconf 86' lang='lat' dir='ltr'><strong>nec</strong></span> <span class='ocrx_word' id='word_1_14' title='bbox 2017 476 2147 514; x_wconf 59' lang='lat' dir='ltr'><strong>ava.</strong></span> 
     </span>
    </p>
   </div>
   <div class='ocr_carea' id='block_1_4' title="bbox 2274 457 3839 549">
    <p class='ocr_par' dir='ltr' id='par_1_4' title="bbox 2274 457 3839 532">
     <span class='ocr_line' id='line_1_4' title="bbox 2274 457 3839 532; baseline 0.005 -22"><span class='ocrx_word' id='word_1_15' title='bbox 2274 458 2430 531; x_wconf 68' lang='grc' dir='ltr'><strong>Ξλάὸῃ</strong></span> <span class='ocrx_word' id='word_1_16' title='bbox 2476 458 2731 529; x_wconf 83' lang='grc' dir='ltr'>σώματος</span> <span class='ocrx_word' id='word_1_17' title='bbox 2765 458 3026 530; x_wconf 78' lang='grc' dir='ltr'><strong>πολεμίου</strong></span> <span class='ocrx_word' id='word_1_18' title='bbox 3063 457 3393 528; x_wconf 80' lang='grc' dir='ltr'><strong>σφάλλονται</strong></span> <span class='ocrx_word' id='word_1_19' title='bbox 3417 460 3462 494; x_wconf 78' lang='grc'><strong>⁸⁷</strong></span> <span class='ocrx_word' id='word_1_20' title='bbox 3494 457 3584 532; x_wconf 73' lang='grc' dir='ltr'><strong>[δ’]</strong></span> <span class='ocrx_word' id='word_1_21' title='bbox 3614 459 3673 517; x_wconf 73' lang='grc' dir='ltr'><strong>ἐν</strong></span> <span class='ocrx_word' id='word_1_22' title='bbox 3702 462 3839 517; x_wconf 72' lang='grc' dir='ltr'>ἀτυο</span> 
     </span>
    </p>
   </div>
   <div class='ocr_carea' id='block_1_5' title="bbox 568 550 2155 637">
    <p class='ocr_par' dir='ltr' id='par_1_5' title="bbox 568 550 2155 637">
     <span class='ocr_line' id='line_1_5' title="bbox 568 550 2155 637; baseline -0.018 0"><span class='ocrx_word' id='word_1_23' title='bbox 568 580 710 637; x_wconf 64' lang='lat' dir='ltr'><strong>ritim</strong></span> <span class='ocrx_word' id='word_1_24' title='bbox 764 576 952 635; x_wconf 88' lang='lat' dir='ltr'><strong>studio</strong></span> <span class='ocrx_word' id='word_1_25' title='bbox 981 575 1153 629; x_wconf 88' lang='lat' dir='ltr'><strong>multa</strong></span> <span class='ocrx_word' id='word_1_26' title='bbox 1206 572 1261 626; x_wconf 91' lang='lat' dir='ltr'><strong>in</strong></span> <span class='ocrx_word' id='word_1_27' title='bbox 1307 569 1445 623; x_wconf 89' lang='lat' dir='ltr'><strong>alios</strong></span> <span class='ocrx_word' id='word_1_28' title='bbox 1478 550 1845 623; x_wconf 84' lang='lat' dir='ltr'><strong>committunt,</strong></span> <span class='ocrx_word' id='word_1_29' title='bbox 1876 557 2155 625; x_wconf 86' lang='lat' dir='ltr'><strong>multaque</strong></span> 
     </span>
    </p>
   </div>
   <div class='ocr_carea' id='block_1_6' title="bbox 569 648 2153 742">
    <p class='ocr_par' dir='ltr' id='par_1_6' title="bbox 569 648 2153 742">
     <span class='ocr_line' id='line_1_6' title="bbox 569 648 2153 742; baseline -0.019 -11"><span class='ocrx_word' id='word_1_30' title='bbox 569 686 761 732; x_wconf 89' lang='lat' dir='ltr'><strong>contra</strong></span> <span class='ocrx_word' id='word_1_31' title='bbox 792 670 1064 742; x_wconf 88' lang='lat' dir='ltr'><strong>recipiunt</strong></span> <span class='ocrx_word' id='word_1_32' title='bbox 1093 668 1160 723; x_wconf 86' lang='lat' dir='ltr'><strong>de</strong></span> <span class='ocrx_word' id='word_1_33' title='bbox 1194 664 1351 719; x_wconf 88' lang='lat' dir='ltr'><strong>malis</strong></span> <span class='ocrx_word' id='word_1_34' title='bbox 1384 678 1492 717; x_wconf 90' lang='lat' dir='ltr'><strong>non</strong></span> <span class='ocrx_word' id='word_1_35' title='bbox 1528 654 1872 713; x_wconf 84' lang='lat' dir='ltr'><strong>necessariis.</strong></span> <span class='ocrx_word' id='word_1_36' title='bbox 1904 650 2015 706; x_wconf 84' lang='lat' dir='ltr'><strong>Nec</strong></span> <span class='ocrx_word' id='word_1_37' title='bbox 2048 648 2153 703; x_wconf 83' lang='lat' dir='ltr'><strong>ini-</strong></span> 
     </span>
    </p>
   </div>
   <div class='ocr_carea' id='block_1_7' title="bbox 570 746 2155 827">
    <p class='ocr_par' dir='ltr' id='par_1_7' title="bbox 570 746 2155 827">
     <span class='ocr_line' id='line_1_7' title="bbox 570 746 2155 827; baseline -0.016 -3"><span class='ocrx_word' id='word_1_38' title='bbox 570 768 805 824; x_wconf 85' lang='lat' dir='ltr'><strong>mieitias</strong></span> <span class='ocrx_word' id='word_1_39' title='bbox 847 764 948 821; x_wconf 83' lang='lat' dir='ltr'><strong>sibi</strong></span> <span class='ocrx_word' id='word_1_40' title='bbox 995 761 1232 818; x_wconf 84' lang='lat' dir='ltr'><strong>conﬂant</strong></span> <span class='ocrx_word' id='word_1_41' title='bbox 1277 758 1539 827; x_wconf 85' lang='lat' dir='ltr'><strong>majores,</strong></span> <span class='ocrx_word' id='word_1_42' title='bbox 1589 755 1643 806; x_wconf 88' lang='lat' dir='ltr'><strong>in</strong></span> <span class='ocrx_word' id='word_1_43' title='bbox 1689 748 1912 804; x_wconf 83' lang='lat' dir='ltr'><strong>ferenda</strong></span> <span class='ocrx_word' id='word_1_44' title='bbox 1978 746 2155 800; x_wconf 87' lang='lat' dir='ltr'><strong>invisa</strong></span> 
     </span>
    </p>
   </div>
   <div class='ocr_carea' id='block_1_8' title="bbox 570 841 2155 933">
    <p class='ocr_par' dir='ltr' id='par_1_8' title="bbox 570 841 2155 933">
     <span class='ocr_line' id='line_1_8' title="bbox 570 841 2155 933; baseline -0.018 -14"><span class='ocrx_word' id='word_1_45' title='bbox 570 861 788 933; x_wconf 88' lang='lat' dir='ltr'><strong>corpori</strong></span> <span class='ocrx_word' id='word_1_46' title='bbox 814 875 956 915; x_wconf 87' lang='lat' dir='ltr'><strong>noxa</strong></span> <span class='ocrx_word' id='word_1_47' title='bbox 981 875 995 921; x_wconf 91' lang='lat'><strong>;</strong></span> <span class='ocrx_word' id='word_1_48' title='bbox 1020 857 1192 912; x_wconf 88' lang='lat' dir='ltr'><strong>neein</strong></span> <span class='ocrx_word' id='word_1_49' title='bbox 1217 851 1639 908; x_wconf 89' lang='lat' dir='ltr'><strong>domesticorum</strong></span> <span class='ocrx_word' id='word_1_50' title='bbox 1667 841 1984 898; x_wconf 79' lang='lat' dir='ltr'><strong>infortuniis</strong></span> <span class='ocrx_word' id='word_1_51' title='bbox 2008 841 2155 893; x_wconf 85' lang='lat' dir='ltr'><strong>laba-</strong></span> 
     </span>
    </p>
   </div>
   <div class='ocr_carea' id='block_1_9' title="bbox 569 931 2152 1019">
    <p class='ocr_par' dir='ltr' id='par_1_9' title="bbox 569 931 2152 1019">
     <span class='ocr_line' id='line_1_9' title="bbox 569 931 2152 1019; baseline -0.02 -6"><span class='ocrx_word' id='word_1_52' title='bbox 569 931 755 1017; x_wconf 81' lang='lat' dir='ltr'><strong>scunt,</strong></span> <span class='ocrx_word' id='word_1_53' title='bbox 786 968 888 1007; x_wconf 89' lang='lat' dir='ltr'><strong>nec</strong></span> <span class='ocrx_word' id='word_1_54' title='bbox 922 947 1253 1019; x_wconf 78' lang='lat' dir='ltr'><strong>navigando,</strong></span> <span class='ocrx_word' id='word_1_55' title='bbox 1286 954 1340 999; x_wconf 89' lang='lat' dir='ltr'><strong>et</strong></span> <span class='ocrx_word' id='word_1_56' title='bbox 1367 941 1511 997; x_wconf 91' lang='lat' dir='ltr'><strong>lucri</strong></span> <span class='ocrx_word' id='word_1_57' title='bbox 1549 938 1723 1010; x_wconf 81' lang='lat' dir='ltr'><strong>gratia</strong></span> <span class='ocrx_word' id='word_1_58' title='bbox 1755 936 1880 989; x_wconf 63' lang='lat' dir='ltr'><strong>vita:</strong></span> <span class='ocrx_word' id='word_1_59' title='bbox 1928 931 2152 988; x_wconf 88' lang='lat' dir='ltr'><strong>modum</strong></span> 
     </span>
    </p>
   </div>
   <div class='ocr_carea' id='block_1_10' title="bbox 568 1023 2157 1114">
    <p class='ocr_par' dir='ltr' id='par_1_10' title="bbox 568 1023 2157 1114">
     <span class='ocr_line' id='line_1_10' title="bbox 568 1023 2157 1114; baseline -0.017 -15"><span class='ocrx_word' id='word_1_60' title='bbox 568 1060 737 1114; x_wconf 74' lang='lat' dir='ltr'><strong>supra</strong></span> <span class='ocrx_word' id='word_1_61' title='bbox 799 1057 963 1112; x_wconf 91' lang='lat' dir='ltr'><strong>quam</strong></span> <span class='ocrx_word' id='word_1_62' title='bbox 1021 1038 1103 1093; x_wconf 81' lang='lat' dir='ltr'><strong>fas</strong></span> <span class='ocrx_word' id='word_1_63' title='bbox 1158 1046 1242 1091; x_wconf 89' lang='lat' dir='ltr'><strong>est</strong></span> <span class='ocrx_word' id='word_1_64' title='bbox 1290 1030 1676 1093; x_wconf 84' lang='lat' dir='ltr'><strong>extendendo,</strong></span> <span class='ocrx_word' id='word_1_65' title='bbox 1732 1025 1978 1082; x_wconf 84' lang='lat' dir='ltr'><strong>adversis</strong></span> <span class='ocrx_word' id='word_1_66' title='bbox 2031 1023 2157 1077; x_wconf 73' lang='lat' dir='ltr'><strong>vita:</strong></span> 
     </span>
    </p>
   </div>
   <div class='ocr_carea' id='block_1_11' title="bbox 576 1115 2157 1205">
    <p class='ocr_par' dir='ltr' id='par_1_11' title="bbox 576 1115 2157 1205">
     <span class='ocr_line' id='line_1_11' title="bbox 576 1115 2157 1205; baseline -0.015 -12"><span class='ocrx_word' id='word_1_67' title='bbox 576 1137 799 1193; x_wconf 85' lang='lat' dir='ltr'><strong>casibus</strong></span> <span class='ocrx_word' id='word_1_68' title='bbox 838 1132 1219 1205; x_wconf 63' lang='lat' dir='ltr'><strong>a’gritudinem</strong></span> <span class='ocrx_word' id='word_1_69' title='bbox 1252 1127 1551 1183; x_wconf 89' lang='lat' dir='ltr'><strong>metiuntur</strong></span> <span class='ocrx_word' id='word_1_70' title='bbox 1588 1140 1601 1175; x_wconf 91' lang='lat'><strong>:</strong></span> <span class='ocrx_word' id='word_1_71' title='bbox 1635 1121 1730 1176; x_wconf 90' lang='lat' dir='ltr'><strong>sed</strong></span> <span class='ocrx_word' id='word_1_72' title='bbox 1767 1119 1897 1173; x_wconf 90' lang='lat' dir='ltr'><strong>dum</strong></span> <span class='ocrx_word' id='word_1_73' title='bbox 1944 1115 2157 1187; x_wconf 80' lang='lat' dir='ltr'><strong>exiguis</strong></span> 
     </span>
    </p>
   </div>
   <div class='ocr_carea' id='block_1_12' title="bbox 570 1210 2160 1299">
    <p class='ocr_par' dir='ltr' id='par_1_12' title="bbox 570 1210 2160 1299">
     <span class='ocr_line' id='line_1_12' title="bbox 570 1210 2160 1299; baseline -0.015 -14"><span class='ocrx_word' id='word_1_74' title='bbox 570 1230 835 1299; x_wconf 80' lang='lat' dir='ltr'><strong>indigent,</strong></span> <span class='ocrx_word' id='word_1_75' title='bbox 867 1226 1062 1296; x_wconf 85' lang='lat' dir='ltr'><strong>exigua</strong></span> <span class='ocrx_word' id='word_1_76' title='bbox 1093 1224 1259 1278; x_wconf 90' lang='lat' dir='ltr'><strong>etiam</strong></span> <span class='ocrx_word' id='word_1_77' title='bbox 1301 1220 1507 1275; x_wconf 87' lang='lat' dir='ltr'><strong>dolent.</strong></span> <span class='ocrx_word' id='word_1_78' title='bbox 1542 1213 1697 1281; x_wconf 87' lang='lat' dir='ltr'><strong>Quod</strong></span> <span class='ocrx_word' id='word_1_79' title='bbox 1741 1212 1885 1265; x_wconf 90' lang='lat' dir='ltr'><strong>enim</strong></span> <span class='ocrx_word' id='word_1_80' title='bbox 1917 1210 2054 1263; x_wconf 87' lang='lat' dir='ltr'><strong>satis</strong></span> <span class='ocrx_word' id='word_1_81' title='bbox 2076 1215 2160 1261; x_wconf 86' lang='lat' dir='ltr'><strong>est</strong></span> 
     </span>
    </p>
   </div>
   <div class='ocr_carea' id='block_1_13' title="bbox 573 1300 2157 1387">
    <p class='ocr_par' dir='ltr' id='par_1_13' title="bbox 573 1300 2157 1387">
     <span class='ocr_line' id='line_1_13' title="bbox 573 1300 2157 1387; baseline -0.018 -10"><span class='ocrx_word' id='word_1_82' title='bbox 573 1330 776 1385; x_wconf 89' lang='lat' dir='ltr'><strong>tenent,</strong></span> <span class='ocrx_word' id='word_1_83' title='bbox 820 1328 873 1373; x_wconf 91' lang='lat' dir='ltr'><strong>et</strong></span> <span class='ocrx_word' id='word_1_84' title='bbox 917 1316 1064 1387; x_wconf 90' lang='lat' dir='ltr'><strong>quod</strong></span> <span class='ocrx_word' id='word_1_85' title='bbox 1116 1315 1239 1384; x_wconf 91' lang='lat' dir='ltr'><strong>plus</strong></span> <span class='ocrx_word' id='word_1_86' title='bbox 1282 1322 1365 1367; x_wconf 88' lang='lat' dir='ltr'><strong>est</strong></span> <span class='ocrx_word' id='word_1_87' title='bbox 1420 1324 1527 1363; x_wconf 90' lang='lat' dir='ltr'><strong>non</strong></span> <span class='ocrx_word' id='word_1_88' title='bbox 1581 1304 1885 1375; x_wconf 86' lang='lat' dir='ltr'><strong>inquirunt.</strong></span> <span class='ocrx_word' id='word_1_89' title='bbox 1946 1300 2157 1355; x_wconf 90' lang='lat' dir='ltr'><strong>Unum-</strong></span> 
     </span>
    </p>
   </div>
   <div class='ocr_carea' id='block_1_14' title="bbox 572 1391 2155 1485">
    <p class='ocr_par' dir='ltr' id='par_1_14' title="bbox 572 1391 2155 1485">
     <span class='ocr_line' id='line_1_14' title="bbox 572 1391 2155 1485; baseline -0.015 -16"><span class='ocrx_word' id='word_1_90' title='bbox 572 1428 846 1485; x_wconf 89' lang='lat' dir='ltr'><strong>quemque</strong></span> <span class='ocrx_word' id='word_1_91' title='bbox 876 1419 1057 1464; x_wconf 89' lang='lat' dir='ltr'><strong>autem</strong></span> <span class='ocrx_word' id='word_1_92' title='bbox 1078 1406 1373 1477; x_wconf 78' lang='lat' dir='ltr'><strong>perturbat</strong></span> <span class='ocrx_word' id='word_1_93' title='bbox 1412 1417 1525 1456; x_wconf 90' lang='lat' dir='ltr'><strong>non</strong></span> <span class='ocrx_word' id='word_1_94' title='bbox 1575 1401 1628 1454; x_wconf 93' lang='lat' dir='ltr'><strong>id</strong></span> <span class='ocrx_word' id='word_1_95' title='bbox 1661 1398 1809 1468; x_wconf 90' lang='lat' dir='ltr'><strong>quod</strong></span> <span class='ocrx_word' id='word_1_96' title='bbox 1837 1396 2072 1465; x_wconf 82' lang='lat' dir='ltr'><strong>ignorat,</strong></span> <span class='ocrx_word' id='word_1_97' title='bbox 2107 1391 2155 1446; x_wconf 89' lang='lat' dir='ltr'><strong>si</strong></span> 
     </span>
    </p>
   </div>
   <div class='ocr_carea' id='block_1_15' title="bbox 572 1489 2157 1573">
    <p class='ocr_par' dir='ltr' id='par_1_15' title="bbox 572 1489 2157 1573">
     <span class='ocr_line' id='line_1_15' title="bbox 572 1489 2157 1573; baseline -0.015 -12"><span class='ocrx_word' id='word_1_98' title='bbox 572 1507 739 1569; x_wconf 89' lang='lat' dir='ltr'><strong>absit,</strong></span> <span class='ocrx_word' id='word_1_99' title='bbox 771 1503 864 1560; x_wconf 90' lang='lat' dir='ltr'><strong>sed</strong></span> <span class='ocrx_word' id='word_1_100' title='bbox 900 1501 1049 1573; x_wconf 89' lang='lat' dir='ltr'><strong>quod</strong></span> <span class='ocrx_word' id='word_1_101' title='bbox 1101 1501 1267 1554; x_wconf 86' lang='lat' dir='ltr'><strong>libera</strong></span> <span class='ocrx_word' id='word_1_102' title='bbox 1302 1496 1582 1551; x_wconf 89' lang='lat' dir='ltr'><strong>voluntate</strong></span> <span class='ocrx_word' id='word_1_103' title='bbox 1611 1491 1835 1562; x_wconf 86' lang='lat' dir='ltr'><strong>appetit,</strong></span> <span class='ocrx_word' id='word_1_104' title='bbox 1869 1489 1915 1543; x_wconf 90' lang='lat' dir='ltr'><strong>si</strong></span> <span class='ocrx_word' id='word_1_105' title='bbox 1962 1500 2157 1556; x_wconf 88' lang='lat' dir='ltr'><strong>prope-</strong></span> 
     </span>
    </p>
   </div>
   <div class='ocr_carea' id='block_1_16' title="bbox 573 1576 2152 1660">
    <p class='ocr_par' dir='ltr' id='par_1_16' title="bbox 573 1576 2152 1660">
     <span class='ocr_line' id='line_1_16' title="bbox 573 1576 2152 1660; baseline -0.014 -11"><span class='ocrx_word' id='word_1_106' title='bbox 573 1603 730 1650; x_wconf 89' lang='lat' dir='ltr'><strong>rante</strong></span> <span class='ocrx_word' id='word_1_107' title='bbox 758 1590 1059 1660; x_wconf 88' lang='lat' dir='ltr'><strong>cupiditate</strong></span> <span class='ocrx_word' id='word_1_108' title='bbox 1110 1587 1179 1641; x_wconf 89' lang='lat' dir='ltr'><strong>ab</strong></span> <span class='ocrx_word' id='word_1_109' title='bbox 1208 1583 1503 1640; x_wconf 86' lang='lat' dir='ltr'><strong>occasione</strong></span> <span class='ocrx_word' id='word_1_110' title='bbox 1546 1578 1761 1634; x_wconf 75' lang='lat' dir='ltr'><strong>[ruendi</strong></span> <span class='ocrx_word' id='word_1_111' title='bbox 1805 1576 2152 1632; x_wconf 89' lang='lat' dir='ltr'><strong>destituatur.</strong></span> 
     </span>
    </p>
   </div>
   <div class='ocr_carea' id='block_1_17' title="bbox 2258 551 3840 626">
    <p class='ocr_par' dir='ltr' id='par_1_17' title="bbox 2258 551 3840 626">
     <span class='ocr_line' id='line_1_17' title="bbox 2258 551 3840 626; baseline 0.003 -22"><span class='ocrx_word' id='word_1_112' title='bbox 2258 551 2404 622; x_wconf 85' lang='grc' dir='ltr'>χίαις</span> <span class='ocrx_word' id='word_1_113' title='bbox 2432 553 2649 606; x_wconf 75' lang='grc' dir='ltr'><strong>οἰκείων</strong></span> <span class='ocrx_word' id='word_1_114' title='bbox 2671 569 2685 584; x_wconf 76' lang='grc' dir='ltr'><strong>ο</strong></span> <span class='ocrx_word' id='word_1_115' title='bbox 2747 552 2919 624; x_wconf 72' lang='grc'>[1552</span> <span class='ocrx_word' id='word_1_116' title='bbox 2947 551 3041 624; x_wconf 66' lang='grc'><strong>8.]</strong></span> <span class='ocrx_word' id='word_1_117' title='bbox 3077 552 3200 605; x_wconf 84' lang='grc' dir='ltr'>οὐδὲ</span> <span class='ocrx_word' id='word_1_118' title='bbox 3247 552 3678 624; x_wconf 84' lang='grc' dir='ltr'>ναυτιλλόμενοι,</span> <span class='ocrx_word' id='word_1_119' title='bbox 3707 555 3840 626; x_wconf 84' lang='grc' dir='ltr'><strong>κέρ-</strong></span> 
     </span>
    </p>
   </div>
   <div class='ocr_carea' id='block_1_18' title="bbox 2255 643 3838 725">
    <p class='ocr_par' dir='ltr' id='par_1_18' title="bbox 2255 643 3838 725">
     <span class='ocr_line' id='line_1_18' title="bbox 2255 643 3838 725; baseline 0.002 -29"><span class='ocrx_word' id='word_1_120' title='bbox 2255 644 2379 706; x_wconf 91' lang='grc' dir='ltr'>δους</span> <span class='ocrx_word' id='word_1_121' title='bbox 2400 643 2567 725; x_wconf 73' lang='grc' dir='ltr'>ἕνεκα</span> <span class='ocrx_word' id='word_1_122' title='bbox 2594 644 2655 696; x_wconf 84' lang='grc' dir='ltr'>τὸ</span> <span class='ocrx_word' id='word_1_123' title='bbox 2678 643 2777 716; x_wconf 78' lang='grc' dir='ltr'><strong>ζῇν</strong></span> <span class='ocrx_word' id='word_1_124' title='bbox 2806 645 3249 714; x_wconf 83' lang='grc' dir='ltr'>ὑπερτείναντες.</span> <span class='ocrx_word' id='word_1_125' title='bbox 3266 644 3717 715; x_wconf 85' lang='grc' dir='ltr'>προσπταίσμασι</span> <span class='ocrx_word' id='word_1_126' title='bbox 3741 646 3838 699; x_wconf 84' lang='grc' dir='ltr'><strong>τοῦ</strong></span> 
     </span>
    </p>
   </div>
   <div class='ocr_carea' id='block_1_19' title="bbox 2260 736 3843 809">
    <p class='ocr_par' dir='ltr' id='par_1_19' title="bbox 2260 736 3843 809">
     <span class='ocr_line' id='line_1_19' title="bbox 2260 736 3843 809; baseline 0.001 -19"><span class='ocrx_word' id='word_1_127' title='bbox 2260 737 2378 808; x_wconf 87' lang='grc' dir='ltr'>βίου</span> <span class='ocrx_word' id='word_1_128' title='bbox 2430 736 2694 808; x_wconf 89' lang='grc' dir='ltr'>μετροῦσι</span> <span class='ocrx_word' id='word_1_129' title='bbox 2742 738 2842 808; x_wconf 82' lang='grc' dir='ltr'>τὴν</span> <span class='ocrx_word' id='word_1_130' title='bbox 2889 736 3100 806; x_wconf 85' lang='grc' dir='ltr'>λύπην·</span> <span class='ocrx_word' id='word_1_131' title='bbox 3146 737 3281 792; x_wconf 85' lang='grc' dir='ltr'>ἀλλά</span> <span class='ocrx_word' id='word_1_132' title='bbox 3334 737 3549 809; x_wconf 76' lang='grc' dir='ltr'>μικρῶν</span> <span class='ocrx_word' id='word_1_133' title='bbox 3594 738 3843 808; x_wconf 88' lang='grc' dir='ltr'>δεόμενοι</span> 
     </span>
    </p>
   </div>
   <div class='ocr_carea' id='block_1_20' title="bbox 2261 830 3844 903">
    <p class='ocr_par' dir='ltr' id='par_1_20' title="bbox 2261 830 3844 903">
     <span class='ocr_line' id='line_1_20' title="bbox 2261 830 3844 903; baseline 0 -18"><span class='ocrx_word' id='word_1_134' title='bbox 2261 831 2436 903; x_wconf 84' lang='grc' dir='ltr'>μικρά</span> <span class='ocrx_word' id='word_1_135' title='bbox 2466 832 2563 885; x_wconf 77' lang='grc' dir='ltr'>καὶ</span> <span class='ocrx_word' id='word_1_136' title='bbox 2597 830 2875 897; x_wconf 78' lang='grc' dir='ltr'><strong>πενθοῦσι,</strong></span> <span class='ocrx_word' id='word_1_137' title='bbox 2906 830 2966 884; x_wconf 84' lang='grc' dir='ltr'>τὸ</span> <span class='ocrx_word' id='word_1_138' title='bbox 2996 832 3095 900; x_wconf 87' lang='grc' dir='ltr'><strong>μὲν</strong></span> <span class='ocrx_word' id='word_1_139' title='bbox 3124 831 3331 902; x_wconf 80' lang='grc' dir='ltr'><strong>ἀρκοῦν</strong></span> <span class='ocrx_word' id='word_1_140' title='bbox 3366 832 3662 902; x_wconf 83' lang='grc' dir='ltr'><strong>κτώμενοι,</strong></span> <span class='ocrx_word' id='word_1_141' title='bbox 3699 832 3760 885; x_wconf 84' lang='grc' dir='ltr'>τὸ</span> <span class='ocrx_word' id='word_1_142' title='bbox 3784 833 3844 886; x_wconf 77' lang='grc' dir='ltr'><strong>δὲ</strong></span> 
     </span>
    </p>
   </div>
   <div class='ocr_carea' id='block_1_21' title="bbox 2259 922 3846 995">
    <p class='ocr_par' dir='ltr' id='par_1_21' title="bbox 2259 922 3846 995">
     <span class='ocr_line' id='line_1_21' title="bbox 2259 922 3846 995; baseline 0.001 -19"><span class='ocrx_word' id='word_1_143' title='bbox 2259 923 2424 977; x_wconf 83' lang='grc' dir='ltr'>πλέον</span> <span class='ocrx_word' id='word_1_144' title='bbox 2486 923 2547 976; x_wconf 85' lang='grc' dir='ltr'><strong>οὺ</strong></span> <span class='ocrx_word' id='word_1_145' title='bbox 2620 922 2928 993; x_wconf 80' lang='grc' dir='ltr'>ζητοῦντες.</span> <span class='ocrx_word' id='word_1_146' title='bbox 2976 924 3218 995; x_wconf 84' lang='grc' dir='ltr'>Ἐνοχλεῖ</span> <span class='ocrx_word' id='word_1_147' title='bbox 3269 923 3314 976; x_wconf 79' lang='grc' dir='ltr'>δ’</span> <span class='ocrx_word' id='word_1_148' title='bbox 3371 923 3603 977; x_wconf 74' lang='grc' dir='ltr'>ἕκαστον</span> <span class='ocrx_word' id='word_1_149' title='bbox 3657 924 3717 977; x_wconf 80' lang='grc' dir='ltr'>ού</span> <span class='ocrx_word' id='word_1_150' title='bbox 3780 925 3846 977; x_wconf 77' lang='grc' dir='ltr'><strong>τὸ</strong></span> 
     </span>
    </p>
   </div>
   <div class='ocr_carea' id='block_1_22' title="bbox 2260 1014 3840 1086">
    <p class='ocr_par' dir='ltr' id='par_1_22' title="bbox 2260 1014 3840 1086">
     <span class='ocr_line' id='line_1_22' title="bbox 2260 1014 3840 1086; baseline 0 -19"><span class='ocrx_word' id='word_1_151' title='bbox 2260 1014 2651 1084; x_wconf 89' lang='grc' dir='ltr'>ἀγνοούμενον,</span> <span class='ocrx_word' id='word_1_152' title='bbox 2699 1015 2748 1068; x_wconf 83' lang='grc' dir='ltr'><strong>εί</strong></span> <span class='ocrx_word' id='word_1_153' title='bbox 2800 1014 2877 1085; x_wconf 84' lang='grc' dir='ltr'>μὴ</span> <span class='ocrx_word' id='word_1_154' title='bbox 2922 1015 3212 1084; x_wconf 82' lang='grc' dir='ltr'>πάρεστιν,</span> <span class='ocrx_word' id='word_1_155' title='bbox 3253 1014 3392 1069; x_wconf 82' lang='grc' dir='ltr'>ἀλλὰ</span> <span class='ocrx_word' id='word_1_156' title='bbox 3443 1014 3505 1068; x_wconf 83' lang='grc' dir='ltr'><strong>τὸ</strong></span> <span class='ocrx_word' id='word_1_157' title='bbox 3558 1014 3840 1086; x_wconf 78' lang='grc' dir='ltr'>βουλητὸν,</span> 
     </span>
    </p>
   </div>
   <div class='ocr_carea' id='block_1_23' title="bbox 2260 1106 3843 1180">
    <p class='ocr_par' dir='ltr' id='par_1_23' title="bbox 2260 1106 3843 1180">
     <span class='ocr_line' id='line_1_23' title="bbox 2260 1106 3843 1180; baseline 0.001 -21"><span class='ocrx_word' id='word_1_158' title='bbox 2260 1106 2387 1160; x_wconf 84' lang='grc' dir='ltr'>ὅταν</span> <span class='ocrx_word' id='word_1_159' title='bbox 2420 1107 2681 1180; x_wconf 73' lang='grc' dir='ltr'><strong>ὑστερίζῃ</strong></span> <span class='ocrx_word' id='word_1_160' title='bbox 2731 1106 2827 1160; x_wconf 89' lang='grc' dir='ltr'><strong>τοῦ</strong></span> <span class='ocrx_word' id='word_1_161' title='bbox 2870 1106 3067 1179; x_wconf 81' lang='grc' dir='ltr'>καιροῦ</span> <span class='ocrx_word' id='word_1_162' title='bbox 3098 1109 3199 1179; x_wconf 82' lang='grc' dir='ltr'><strong>τῆς</strong></span> <span class='ocrx_word' id='word_1_163' title='bbox 3232 1106 3531 1178; x_wconf 75' lang='grc' dir='ltr'><strong>ἐπιθυμίας</strong></span> <span class='ocrx_word' id='word_1_164' title='bbox 3580 1107 3843 1161; x_wconf 86' lang='grc' dir='ltr'>σπευδού-</span> 
     </span>
    </p>
   </div>
   <div class='ocr_carea' id='block_1_24' title="bbox 2262 1200 3846 1271">
    <p class='ocr_par' dir='ltr' id='par_1_24' title="bbox 2262 1200 3846 1271">
     <span class='ocr_line' id='line_1_24' title="bbox 2262 1200 3846 1271; baseline 0.003 -20"><span class='ocrx_word' id='word_1_165' title='bbox 2262 1216 2382 1269; x_wconf 91' lang='grc' dir='ltr'>σης.</span> <span class='ocrx_word' id='word_1_166' title='bbox 2412 1200 2621 1254; x_wconf 82' lang='grc' dir='ltr'>Οὐκοῦν</span> <span class='ocrx_word' id='word_1_167' title='bbox 2667 1202 2874 1263; x_wconf 76' lang='grc' dir='ltr'>ἐκεῖνος</span> <span class='ocrx_word' id='word_1_168' title='bbox 2908 1200 3066 1253; x_wconf 81' lang='grc' dir='ltr'>πάντ’</span> <span class='ocrx_word' id='word_1_169' title='bbox 3110 1200 3251 1271; x_wconf 77' lang='grc' dir='ltr'>ἔχων</span> <span class='ocrx_word' id='word_1_170' title='bbox 3299 1200 3336 1254; x_wconf 77' lang='grc' dir='ltr'>ἃ</span> <span class='ocrx_word' id='word_1_171' title='bbox 3386 1201 3557 1265; x_wconf 72' lang='grc' dir='ltr'>θέλει,</span> <span class='ocrx_word' id='word_1_172' title='bbox 3612 1202 3846 1271; x_wconf 82' lang='grc' dir='ltr'>εὐτυχή-</span> 
     </span>
    </p>
   </div>
   <div class='ocr_carea' id='block_1_25' title="bbox 2265 1292 3845 1364">
    <p class='ocr_par' dir='ltr' id='par_1_25' title="bbox 2265 1292 3845 1364">
     <span class='ocr_line' id='line_1_25' title="bbox 2265 1292 3845 1364; baseline 0 -18"><span class='ocrx_word' id='word_1_173' title='bbox 2265 1293 2408 1347; x_wconf 71' lang='lat' dir='ltr'><strong>cst“</strong></span> <span class='ocrx_word' id='word_1_174' title='bbox 2452 1296 2595 1346; x_wconf 86' lang='grc' dir='ltr'><strong>κατά</strong></span> <span class='ocrx_word' id='word_1_175' title='bbox 2625 1295 2714 1345; x_wconf 73' lang='grc' dir='ltr'><strong>τὸν</strong></span> <span class='ocrx_word' id='word_1_176' title='bbox 2748 1293 2849 1361; x_wconf 82' lang='grc' dir='ltr'>τῆς</span> <span class='ocrx_word' id='word_1_177' title='bbox 2882 1292 3098 1362; x_wconf 86' lang='grc' dir='ltr'>φύσεως</span> <span class='ocrx_word' id='word_1_178' title='bbox 3148 1293 3432 1364; x_wconf 85' lang='grc' dir='ltr'>λογισμὸν,</span> <span class='ocrx_word' id='word_1_179' title='bbox 3476 1294 3540 1347; x_wconf 86' lang='grc' dir='ltr'><strong>οὐ</strong></span> <span class='ocrx_word' id='word_1_180' title='bbox 3575 1293 3719 1347; x_wconf 82' lang='grc' dir='ltr'>κατὰ</span> <span class='ocrx_word' id='word_1_181' title='bbox 3753 1296 3845 1347; x_wconf 86' lang='grc' dir='ltr'>τὸν</span> 
     </span>
    </p>
   </div>
   <div class='ocr_carea' id='block_1_26' title="bbox 2262 1383 3848 1456">
    <p class='ocr_par' dir='ltr' id='par_1_26' title="bbox 2262 1383 3848 1456">
     <span class='ocr_line' id='line_1_26' title="bbox 2262 1383 3848 1456; baseline 0.001 -19"><span class='ocrx_word' id='word_1_182' title='bbox 2262 1385 2361 1454; x_wconf 85' lang='grc' dir='ltr'>τῆς</span> <span class='ocrx_word' id='word_1_183' title='bbox 2404 1383 2585 1453; x_wconf 85' lang='grc' dir='ltr'>δόξης.</span> <span class='ocrx_word' id='word_1_184' title='bbox 2638 1384 2845 1454; x_wconf 79' lang='grc' dir='ltr'>Νόμοις</span> <span class='ocrx_word' id='word_1_185' title='bbox 2897 1384 2955 1437; x_wconf 81' lang='grc' dir='ltr'>δὲ</span> <span class='ocrx_word' id='word_1_186' title='bbox 2997 1385 3057 1437; x_wconf 79' lang='grc' dir='ltr'><strong>οὐ</strong></span> <span class='ocrx_word' id='word_1_187' title='bbox 3104 1384 3479 1439; x_wconf 70' lang='grc' dir='ltr'>δικαιοῦνταν</span> <span class='ocrx_word' id='word_1_188' title='bbox 3526 1384 3581 1438; x_wconf 88' lang='grc' dir='ltr'><strong>τί</strong></span> <span class='ocrx_word' id='word_1_189' title='bbox 3613 1385 3721 1456; x_wconf 79' lang='grc' dir='ltr'><strong>γὰρ</strong></span> <span class='ocrx_word' id='word_1_190' title='bbox 3766 1386 3848 1440; x_wconf 86' lang='grc' dir='ltr'>δεῖ</span> 
     </span>
    </p>
   </div>
   <div class='ocr_carea' id='block_1_27' title="bbox 2265 1477 3847 1551">
    <p class='ocr_par' dir='ltr' id='par_1_27' title="bbox 2265 1477 3847 1551">
     <span class='ocr_line' id='line_1_27' title="bbox 2265 1477 3847 1551; baseline 0.001 -21"><span class='ocrx_word' id='word_1_191' title='bbox 2265 1478 2652 1549; x_wconf 82' lang='grc' dir='ltr'><strong>προστάγματι</strong></span> <span class='ocrx_word' id='word_1_192' title='bbox 2699 1477 2975 1532; x_wconf 85' lang='grc' dir='ltr'>δουλεύειν</span> <span class='ocrx_word' id='word_1_193' title='bbox 3022 1479 3115 1532; x_wconf 81' lang='grc' dir='ltr'><strong>τὸν</strong></span> <span class='ocrx_word' id='word_1_194' title='bbox 3163 1480 3335 1551; x_wconf 75' lang='grc' dir='ltr'>χωρὶς</span> <span class='ocrx_word' id='word_1_195' title='bbox 3380 1480 3710 1551; x_wconf 81' lang='grc' dir='ltr'><strong>γράμματος</strong></span> <span class='ocrx_word' id='word_1_196' title='bbox 3758 1480 3847 1532; x_wconf 74' lang='grc' dir='ltr'>εύ-</span> 
     </span>
    </p>
   </div>
   <div class='ocr_carea' id='block_1_28' title="bbox 2265 1570 2929 1642">
    <p class='ocr_par' dir='ltr' id='par_1_28' title="bbox 2265 1570 2929 1642">
     <span class='ocr_line' id='line_1_28' title="bbox 2265 1570 2929 1642; baseline 0 -17"><span class='ocrx_word' id='word_1_197' title='bbox 2265 1574 2566 1642; x_wconf 85' lang='grc' dir='ltr'>γνωμονεῖν</span> <span class='ocrx_word' id='word_1_198' title='bbox 2596 1570 2890 1641; x_wconf 81' lang='grc' dir='ltr'>δυνάμενον</span> <span class='ocrx_word' id='word_1_199' title='bbox 2914 1589 2929 1638; x_wconf 90' lang='lat'><strong>;</strong></span> 
     </span>
    </p>
   </div>
   <div class='ocr_carea' id='block_1_29' title="bbox 574 1666 3848 1759">
    <p class='ocr_par' dir='ltr' id='par_1_29' title="bbox 574 1666 3848 1759">
     <span class='ocr_line' id='line_1_29' title="bbox 574 1666 3848 1759; baseline -0.008 -13"><span class='ocrx_word' id='word_1_200' title='bbox 574 1693 846 1759; x_wconf 83' lang='lat' dir='ltr'><strong>Quocirca</strong></span> <span class='ocrx_word' id='word_1_201' title='bbox 902 1689 995 1745; x_wconf 87' lang='lat' dir='ltr'><strong>ille</strong></span> <span class='ocrx_word' id='word_1_202' title='bbox 1020 1695 1217 1740; x_wconf 90' lang='lat' dir='ltr'><strong>cuncta</strong></span> <span class='ocrx_word' id='word_1_203' title='bbox 1250 1681 1457 1735; x_wconf 87' lang='lat' dir='ltr'><strong>habens</strong></span> <span class='ocrx_word' id='word_1_204' title='bbox 1483 1692 1605 1749; x_wconf 76' lang='lat' dir='ltr'><strong>quae</strong></span> <span class='ocrx_word' id='word_1_205' title='bbox 1639 1675 1785 1739; x_wconf 80' lang='lat' dir='ltr'><strong>velit,</strong></span> <span class='ocrx_word' id='word_1_206' title='bbox 1823 1674 2015 1727; x_wconf 90' lang='lat' dir='ltr'><strong>beatus</strong></span> <span class='ocrx_word' id='word_1_207' title='bbox 2074 1669 2194 1734; x_wconf 88' lang='lat' dir='ltr'><strong>erit,</strong></span> <span class='ocrx_word' id='word_1_208' title='bbox 2234 1669 2328 1739; x_wconf 89' lang='lat' dir='ltr'><strong>qui</strong></span> <span class='ocrx_word' id='word_1_209' title='bbox 2359 1669 2425 1722; x_wconf 91' lang='lat' dir='ltr'><strong>ad</strong></span> <span class='ocrx_word' id='word_1_210' title='bbox 2476 1676 2708 1734; x_wconf 67' lang='lat' dir='ltr'><strong>naturae,</strong></span> <span class='ocrx_word' id='word_1_211' title='bbox 2757 1684 2867 1724; x_wconf 88' lang='lat' dir='ltr'><strong>non</strong></span> <span class='ocrx_word' id='word_1_212' title='bbox 2904 1668 2971 1724; x_wconf 91' lang='lat' dir='ltr'><strong>ad</strong></span> <span class='ocrx_word' id='word_1_213' title='bbox 3046 1666 3324 1738; x_wconf 88' lang='lat' dir='ltr'><strong>opinionis</strong></span> <span class='ocrx_word' id='word_1_214' title='bbox 3361 1667 3627 1737; x_wconf 80' lang='lat' dir='ltr'><strong>judicium</strong></span> <span class='ocrx_word' id='word_1_215' title='bbox 3656 1682 3716 1723; x_wconf 88' lang='lat' dir='ltr'><strong>se</strong></span> <span class='ocrx_word' id='word_1_216' title='bbox 3756 1681 3848 1722; x_wconf 86' lang='lat' dir='ltr'><strong>ac-</strong></span> 
     </span>
    </p>
   </div>
   <div class='ocr_carea' id='block_1_30' title="bbox 574 1758 3846 1846">
    <p class='ocr_par' dir='ltr' id='par_1_30' title="bbox 574 1758 3846 1846">
     <span class='ocr_line' id='line_1_30' title="bbox 574 1758 3846 1846; baseline -0.008 -5"><span class='ocrx_word' id='word_1_217' title='bbox 574 1758 965 1842; x_wconf 89' lang='lat' dir='ltr'><strong>commodabit.</strong></span> <span class='ocrx_word' id='word_1_218' title='bbox 993 1778 1103 1833; x_wconf 89' lang='lat' dir='ltr'><strong>Nec</strong></span> <span class='ocrx_word' id='word_1_219' title='bbox 1132 1776 1345 1846; x_wconf 81' lang='lat' dir='ltr'><strong>legibus</strong></span> <span class='ocrx_word' id='word_1_220' title='bbox 1370 1772 1461 1842; x_wconf 87' lang='lat' dir='ltr'><strong>jus</strong></span> <span class='ocrx_word' id='word_1_221' title='bbox 1487 1772 1815 1839; x_wconf 83' lang='lat' dir='ltr'><strong>disceptant.</strong></span> <span class='ocrx_word' id='word_1_222' title='bbox 1878 1762 2019 1830; x_wconf 87' lang='lat' dir='ltr'><strong>Quid</strong></span> <span class='ocrx_word' id='word_1_223' title='bbox 2072 1761 2221 1816; x_wconf 89' lang='lat' dir='ltr'><strong>enim</strong></span> <span class='ocrx_word' id='word_1_224' title='bbox 2262 1775 2402 1830; x_wconf 89' lang='lat' dir='ltr'><strong>opus</strong></span> <span class='ocrx_word' id='word_1_225' title='bbox 2448 1768 2533 1815; x_wconf 87' lang='lat' dir='ltr'><strong>est</strong></span> <span class='ocrx_word' id='word_1_226' title='bbox 2587 1761 2767 1815; x_wconf 88' lang='lat' dir='ltr'><strong>edicto</strong></span> <span class='ocrx_word' id='word_1_227' title='bbox 2816 1759 3132 1815; x_wconf 74' lang='lat' dir='ltr'><strong>subservire</strong></span> <span class='ocrx_word' id='word_1_228' title='bbox 3169 1774 3297 1814; x_wconf 86' lang='lat' dir='ltr'><strong>eum</strong></span> <span class='ocrx_word' id='word_1_229' title='bbox 3347 1758 3443 1830; x_wconf 87' lang='lat' dir='ltr'><strong>qui</strong></span> <span class='ocrx_word' id='word_1_230' title='bbox 3501 1759 3620 1814; x_wconf 89' lang='lat' dir='ltr'><strong>sine</strong></span> <span class='ocrx_word' id='word_1_231' title='bbox 3669 1760 3846 1817; x_wconf 86' lang='lat' dir='ltr'><strong>littera</strong></span> 
     </span>
    </p>
   </div>
   <div class='ocr_carea' id='block_1_31' title="bbox 577 1854 2164 1940">
    <p class='ocr_par' dir='ltr' id='par_1_31' title="bbox 577 1854 2164 1940">
     <span class='ocr_line' id='line_1_31' title="bbox 577 1854 2164 1940; baseline -0.018 -5"><span class='ocrx_word' id='word_1_232' title='bbox 577 1889 779 1935; x_wconf 89' lang='lat' dir='ltr'><strong>rectam</strong></span> <span class='ocrx_word' id='word_1_233' title='bbox 815 1877 1037 1940; x_wconf 83' lang='lat' dir='ltr'><strong>habere,</strong></span> <span class='ocrx_word' id='word_1_234' title='bbox 1059 1882 1113 1927; x_wconf 90' lang='lat' dir='ltr'><strong>et</strong></span> <span class='ocrx_word' id='word_1_235' title='bbox 1142 1870 1301 1925; x_wconf 80' lang='lat' dir='ltr'><strong>factis</strong></span> <span class='ocrx_word' id='word_1_236' title='bbox 1346 1864 1606 1922; x_wconf 83' lang='lat' dir='ltr'><strong>exhibere</strong></span> <span class='ocrx_word' id='word_1_237' title='bbox 1652 1870 1887 1915; x_wconf 84' lang='lat' dir='ltr'><strong>mentem</strong></span> <span class='ocrx_word' id='word_1_238' title='bbox 1945 1854 2164 1927; x_wconf 87' lang='lat' dir='ltr'><strong>potest?</strong></span> 
     </span>
    </p>
   </div>
   <div class='ocr_carea' id='block_1_32' title="bbox 520 1939 2166 2035">
    <p class='ocr_par' dir='ltr' id='par_1_32' title="bbox 520 1939 2166 2035">
     <span class='ocr_line' id='line_1_32' title="bbox 520 1939 2166 2035; baseline -0.016 -6"><span class='ocrx_word' id='word_1_239' title='bbox 520 2004 537 2018; x_wconf 80' lang='grc' dir='ltr'><strong><em>ο</em></strong></span> <span class='ocrx_word' id='word_1_240' title='bbox 645 1972 772 2027; x_wconf 66' lang='grc' dir='ltr'><strong>(ΞΜ).</strong></span> <span class='ocrx_word' id='word_1_241' title='bbox 792 1967 955 2024; x_wconf 76' lang='lat' dir='ltr'><strong>XXII.</strong></span> <span class='ocrx_word' id='word_1_242' title='bbox 1004 1965 1322 2035; x_wconf 60' lang='lat' dir='ltr'><strong>{Ethiopum</strong></span> <span class='ocrx_word' id='word_1_243' title='bbox 1356 1962 1498 2014; x_wconf 87' lang='lat' dir='ltr'><strong>circa</strong></span> <span class='ocrx_word' id='word_1_244' title='bbox 1522 1957 1737 2012; x_wconf 80' lang='lat' dir='ltr'><strong>Meroen</strong></span> <span class='ocrx_word' id='word_1_245' title='bbox 1763 1956 1928 2009; x_wconf 78' lang='lat' dir='ltr'><strong>victus</strong></span> <span class='ocrx_word' id='word_1_246' title='bbox 1955 1966 2001 2007; x_wconf 88' lang='lat' dir='ltr'><strong>et</strong></span> <span class='ocrx_word' id='word_1_247' title='bbox 2020 1951 2166 2005; x_wconf 87' lang='lat' dir='ltr'><strong>cala-</strong></span> 
     </span>
    </p>
   </div>
   <div class='ocr_carea' id='block_1_33' title="bbox 2274 1939 3849 2035">
    <p class='ocr_par' dir='ltr' id='par_1_33' title="bbox 2344 1939 3849 2035">
     <span class='ocr_line' id='line_1_33' title="bbox 2344 1939 3849 2035; baseline -0.004 -35"><span class='ocrx_word' id='word_1_248' title='bbox 2344 1944 2481 2035; x_wconf 67' lang='grc' dir='ltr'>[γει</span> <span class='ocrx_word' id='word_1_249' title='bbox 2508 1942 2613 2035; x_wconf 61' lang='grc' dir='ltr'>ιι]</span> <span class='ocrx_word' id='word_1_250' title='bbox 2650 1943 2771 1996; x_wconf 77' lang='grc' dir='ltr'>Ὀτι</span> <span class='ocrx_word' id='word_1_251' title='bbox 2827 1940 2966 2012; x_wconf 88' lang='grc' dir='ltr'><strong>μετά</strong></span> <span class='ocrx_word' id='word_1_252' title='bbox 2994 1942 3120 2005; x_wconf 83' lang='grc' dir='ltr'>τοὺς</span> <span class='ocrx_word' id='word_1_253' title='bbox 3157 1939 3541 2012; x_wconf 82' lang='grc' dir='ltr'><strong>Ἰχθυοφάγους</strong></span> <span class='ocrx_word' id='word_1_254' title='bbox 3579 1940 3849 2015; x_wconf 80' lang='grc' dir='ltr'>παρὰ.τὸν</span> 
     </span>
    </p>
   </div>
   <div class='ocr_carea' id='block_1_34' title="bbox 579 2045 2164 2127">
    <p class='ocr_par' dir='ltr' id='par_1_34' title="bbox 579 2045 2164 2127">
     <span class='ocr_line' id='line_1_34' title="bbox 579 2045 2164 2127; baseline -0.014 -9"><span class='ocrx_word' id='word_1_255' title='bbox 579 2065 841 2119; x_wconf 79' lang='lat' dir='ltr'><strong>milas.—</strong></span> <span class='ocrx_word' id='word_1_256' title='bbox 869 2058 1007 2114; x_wconf 89' lang='lat' dir='ltr'><strong>Post</strong></span> <span class='ocrx_word' id='word_1_257' title='bbox 1036 2054 1492 2127; x_wconf 81' lang='lat' dir='ltr'><strong>lchthynphagos,</strong></span> <span class='ocrx_word' id='word_1_258' title='bbox 1521 2050 1675 2120; x_wconf 84' lang='lat' dir='ltr'><strong>juxta</strong></span> <span class='ocrx_word' id='word_1_259' title='bbox 1705 2047 1907 2102; x_wconf 86' lang='lat' dir='ltr'><strong>ﬂumen</strong></span> <span class='ocrx_word' id='word_1_260' title='bbox 1937 2045 2164 2098; x_wconf 86' lang='lat' dir='ltr'><strong>Astaba-</strong></span> 
     </span>
    </p>
   </div>
   <div class='ocr_carea' id='block_1_35' title="bbox 577 2136 2164 2222">
    <p class='ocr_par' dir='ltr' id='par_1_35' title="bbox 577 2136 2164 2222">
     <span class='ocr_line' id='line_1_35' title="bbox 577 2136 2164 2222; baseline -0.014 -12"><span class='ocrx_word' id='word_1_261' title='bbox 577 2170 701 2220; x_wconf 84' lang='lat' dir='ltr'><strong>ran,</strong></span> <span class='ocrx_word' id='word_1_262' title='bbox 732 2151 824 2222; x_wconf 84' lang='lat' dir='ltr'><strong>qui</strong></span> <span class='ocrx_word' id='word_1_263' title='bbox 847 2166 940 2221; x_wconf 87' lang='lat' dir='ltr'><strong>per</strong></span> <span class='ocrx_word' id='word_1_264' title='bbox 971 2145 1317 2216; x_wconf 62' lang='lat' dir='ltr'><strong>[Ethiopian]</strong></span> <span class='ocrx_word' id='word_1_265' title='bbox 1364 2153 1416 2198; x_wconf 90' lang='lat' dir='ltr'><strong>et</strong></span> <span class='ocrx_word' id='word_1_266' title='bbox 1468 2140 1689 2211; x_wconf 87' lang='lat' dir='ltr'><strong>Libyam</strong></span> <span class='ocrx_word' id='word_1_267' title='bbox 1729 2136 1971 2192; x_wconf 83' lang='lat' dir='ltr'><strong>defertur</strong></span> <span class='ocrx_word' id='word_1_268' title='bbox 2006 2136 2164 2203; x_wconf 77' lang='lat' dir='ltr'><strong>longe</strong></span> 
     </span>
    </p>
   </div>
   <div class='ocr_carea' id='block_1_36' title="bbox 578 2227 2158 2308">
    <p class='ocr_par' dir='ltr' id='par_1_36' title="bbox 578 2227 2158 2308">
     <span class='ocr_line' id='line_1_36' title="bbox 578 2227 2158 2308; baseline -0.015 -6"><span class='ocrx_word' id='word_1_269' title='bbox 578 2247 701 2302; x_wconf 85' lang='lat' dir='ltr'><strong>Nilo</strong></span> <span class='ocrx_word' id='word_1_270' title='bbox 732 2244 1078 2308; x_wconf 86' lang='lat' dir='ltr'><strong>submissior,</strong></span> <span class='ocrx_word' id='word_1_271' title='bbox 1108 2240 1340 2306; x_wconf 85' lang='lat' dir='ltr'><strong>ideoque</strong></span> <span class='ocrx_word' id='word_1_272' title='bbox 1363 2237 1579 2292; x_wconf 80' lang='lat' dir='ltr'><strong>alveum</strong></span> <span class='ocrx_word' id='word_1_273' title='bbox 1612 2247 1774 2289; x_wconf 89' lang='lat' dir='ltr'><strong>suum</strong></span> <span class='ocrx_word' id='word_1_274' title='bbox 1800 2246 1923 2285; x_wconf 90' lang='lat' dir='ltr'><strong>cum</strong></span> <span class='ocrx_word' id='word_1_275' title='bbox 1950 2227 2158 2296; x_wconf 86' lang='lat' dir='ltr'><strong>majore</strong></span> 
     </span>
    </p>
   </div>
   <div class='ocr_carea' id='block_1_37' title="bbox 576 2318 2154 2411">
    <p class='ocr_par' dir='ltr' id='par_1_37' title="bbox 576 2318 2154 2411">
     <span class='ocr_line' id='line_1_37' title="bbox 576 2318 2154 2411; baseline -0.016 -14"><span class='ocrx_word' id='word_1_276' title='bbox 576 2341 938 2411; x_wconf 86' lang='lat' dir='ltr'><strong>conjungens,</strong></span> <span class='ocrx_word' id='word_1_277' title='bbox 981 2335 1189 2390; x_wconf 88' lang='lat' dir='ltr'><strong>ambitu</strong></span> <span class='ocrx_word' id='word_1_278' title='bbox 1258 2346 1358 2386; x_wconf 92' lang='lat' dir='ltr'><strong>suo</strong></span> <span class='ocrx_word' id='word_1_279' title='bbox 1407 2328 1624 2383; x_wconf 85' lang='lat' dir='ltr'><strong>Meroen</strong></span> <span class='ocrx_word' id='word_1_280' title='bbox 1687 2323 1922 2379; x_wconf 87' lang='lat' dir='ltr'><strong>insulam</strong></span> <span class='ocrx_word' id='word_1_281' title='bbox 1971 2318 2154 2374; x_wconf 75' lang='lat' dir='ltr'><strong>elﬁcit.</strong></span> 
     </span>
    </p>
   </div>
   <div class='ocr_carea' id='block_1_38' title="bbox 577 2413 2158 2506">
    <p class='ocr_par' dir='ltr' id='par_1_38' title="bbox 577 2413 2158 2506">
     <span class='ocr_line' id='line_1_38' title="bbox 577 2413 2158 2506; baseline -0.017 -15"><span class='ocrx_word' id='word_1_282' title='bbox 577 2436 755 2506; x_wconf 81' lang='lat' dir='ltr'><strong>Hujus</strong></span> <span class='ocrx_word' id='word_1_283' title='bbox 789 2434 954 2504; x_wconf 83' lang='lat' dir='ltr'><strong>igitur</strong></span> <span class='ocrx_word' id='word_1_284' title='bbox 1005 2427 1184 2483; x_wconf 88' lang='lat' dir='ltr'><strong>amnis</strong></span> <span class='ocrx_word' id='word_1_285' title='bbox 1230 2425 1380 2494; x_wconf 85' lang='lat' dir='ltr'><strong>ripas</strong></span> <span class='ocrx_word' id='word_1_286' title='bbox 1413 2428 1676 2488; x_wconf 85' lang='lat' dir='ltr'><strong>utrasque</strong></span> <span class='ocrx_word' id='word_1_287' title='bbox 1710 2416 1868 2471; x_wconf 88' lang='lat' dir='ltr'><strong>turba</strong></span> <span class='ocrx_word' id='word_1_288' title='bbox 1911 2413 2158 2483; x_wconf 69' lang='lat' dir='ltr'><strong>quaedam</strong></span> 
     </span>
    </p>
   </div>
   <div class='ocr_carea' id='block_1_39' title="bbox 578 2505 2160 2584">
    <p class='ocr_par' dir='ltr' id='par_1_39' title="bbox 578 2505 2160 2584">
     <span class='ocr_line' id='line_1_39' title="bbox 578 2505 2160 2584; baseline -0.016 -1"><span class='ocrx_word' id='word_1_289' title='bbox 578 2505 864 2584; x_wconf 82' lang='lat' dir='ltr'><strong>hominum</strong></span> <span class='ocrx_word' id='word_1_290' title='bbox 900 2522 1098 2579; x_wconf 88' lang='lat' dir='ltr'><strong>accolit</strong></span> <span class='ocrx_word' id='word_1_291' title='bbox 1137 2534 1246 2573; x_wconf 90' lang='lat' dir='ltr'><strong>non</strong></span> <span class='ocrx_word' id='word_1_292' title='bbox 1280 2528 1597 2575; x_wconf 88' lang='lat' dir='ltr'><strong>numerosa,</strong></span> <span class='ocrx_word' id='word_1_293' title='bbox 1629 2509 1720 2564; x_wconf 87' lang='lat' dir='ltr'><strong>tali</strong></span> <span class='ocrx_word' id='word_1_294' title='bbox 1750 2508 1873 2561; x_wconf 72' lang='lat' dir='ltr'><strong>vitae</strong></span> <span class='ocrx_word' id='word_1_295' title='bbox 1903 2505 2118 2560; x_wconf 84' lang='lat' dir='ltr'><strong>ratione</strong></span> <span class='ocrx_word' id='word_1_296' title='bbox 2146 2522 2160 2559; x_wconf 90' lang='lat'>:</span> 
     </span>
    </p>
   </div>
   <div class='ocr_carea' id='block_1_40' title="bbox 579 2600 2162 2688">
    <p class='ocr_par' dir='ltr' id='par_1_40' title="bbox 579 2600 2162 2688">
     <span class='ocr_line' id='line_1_40' title="bbox 579 2600 2162 2688; baseline -0.016 -11"><span class='ocrx_word' id='word_1_297' title='bbox 579 2621 659 2676; x_wconf 84' lang='lat' dir='ltr'><strong>Ex</strong></span> <span class='ocrx_word' id='word_1_298' title='bbox 684 2620 861 2675; x_wconf 86' lang='lat' dir='ltr'><strong>vicina</strong></span> <span class='ocrx_word' id='word_1_299' title='bbox 890 2615 1089 2688; x_wconf 87' lang='lat' dir='ltr'><strong>palude</strong></span> <span class='ocrx_word' id='word_1_300' title='bbox 1125 2610 1454 2668; x_wconf 88' lang='lat' dir='ltr'><strong>arundinum</strong></span> <span class='ocrx_word' id='word_1_301' title='bbox 1500 2604 1716 2660; x_wconf 82' lang='lat' dir='ltr'><strong>radices</strong></span> <span class='ocrx_word' id='word_1_302' title='bbox 1747 2600 1955 2665; x_wconf 69' lang='lat' dir='ltr'><strong>effodit,</strong></span> <span class='ocrx_word' id='word_1_303' title='bbox 1996 2612 2162 2668; x_wconf 89' lang='lat' dir='ltr'><strong>pure-</strong></span> 
     </span>
    </p>
   </div>
   <div class='ocr_carea' id='block_1_41' title="bbox 580 2690 2161 2785">
    <p class='ocr_par' dir='ltr' id='par_1_41' title="bbox 580 2690 2161 2785">
     <span class='ocr_line' id='line_1_41' title="bbox 580 2690 2161 2785; baseline -0.016 -17"><span class='ocrx_word' id='word_1_304' title='bbox 580 2729 688 2785; x_wconf 89' lang='lat' dir='ltr'><strong>qne</strong></span> <span class='ocrx_word' id='word_1_305' title='bbox 716 2713 935 2768; x_wconf 84' lang='lat' dir='ltr'><strong>ablutas</strong></span> <span class='ocrx_word' id='word_1_306' title='bbox 966 2708 1117 2764; x_wconf 84' lang='lat' dir='ltr'><strong>saxis</strong></span> <span class='ocrx_word' id='word_1_307' title='bbox 1172 2705 1227 2758; x_wconf 93' lang='lat' dir='ltr'><strong>in</strong></span> <span class='ocrx_word' id='word_1_308' title='bbox 1285 2699 1517 2755; x_wconf 82' lang='lat' dir='ltr'><strong>frustnla</strong></span> <span class='ocrx_word' id='word_1_309' title='bbox 1558 2695 1872 2764; x_wconf 82' lang='lat' dir='ltr'><strong>confringit.</strong></span> <span class='ocrx_word' id='word_1_310' title='bbox 1906 2692 2043 2746; x_wconf 84' lang='lat' dir='ltr'><strong>Cum</strong></span> <span class='ocrx_word' id='word_1_311' title='bbox 2086 2690 2161 2743; x_wconf 85' lang='lat' dir='ltr'><strong>ibi</strong></span> 
     </span>
    </p>
   </div>
   <div class='ocr_carea' id='block_1_42' title="bbox 580 2782 2160 2861">
    <p class='ocr_par' dir='ltr' id='par_1_42' title="bbox 580 2782 2160 2861">
     <span class='ocr_line' id='line_1_42' title="bbox 580 2782 2160 2861; baseline -0.017 0"><span class='ocrx_word' id='word_1_312' title='bbox 580 2807 770 2861; x_wconf 67' lang='lat' dir='ltr'><strong>laevem</strong></span> <span class='ocrx_word' id='word_1_313' title='bbox 810 2812 866 2857; x_wconf 91' lang='lat' dir='ltr'><strong>et</strong></span> <span class='ocrx_word' id='word_1_314' title='bbox 901 2800 1171 2855; x_wconf 91' lang='lat' dir='ltr'><strong>viscosam</strong></span> <span class='ocrx_word' id='word_1_315' title='bbox 1221 2791 1503 2847; x_wconf 84' lang='lat' dir='ltr'><strong>reddidere</strong></span> <span class='ocrx_word' id='word_1_316' title='bbox 1564 2801 1824 2849; x_wconf 86' lang='lat' dir='ltr'><strong>massam,</strong></span> <span class='ocrx_word' id='word_1_317' title='bbox 1862 2782 2160 2853; x_wconf 88' lang='lat' dir='ltr'><strong>particulas</strong></span> 
     </span>
    </p>
   </div>
   <div class='ocr_carea' id='block_1_43' title="bbox 582 2877 2164 2954">
    <p class='ocr_par' dir='ltr' id='par_1_43' title="bbox 582 2877 2164 2954">
     <span class='ocr_line' id='line_1_43' title="bbox 582 2877 2164 2954; baseline -0.018 -1"><span class='ocrx_word' id='word_1_318' title='bbox 582 2898 709 2954; x_wconf 91' lang='lat' dir='ltr'><strong>inde</strong></span> <span class='ocrx_word' id='word_1_319' title='bbox 739 2912 847 2949; x_wconf 90' lang='lat' dir='ltr'><strong>non</strong></span> <span class='ocrx_word' id='word_1_320' title='bbox 873 2891 1096 2947; x_wconf 90' lang='lat' dir='ltr'><strong>omnino</strong></span> <span class='ocrx_word' id='word_1_321' title='bbox 1141 2899 1403 2941; x_wconf 88' lang='lat' dir='ltr'><strong>manuum</strong></span> <span class='ocrx_word' id='word_1_322' title='bbox 1434 2882 1720 2952; x_wconf 89' lang='lat' dir='ltr'><strong>implentes</strong></span> <span class='ocrx_word' id='word_1_323' title='bbox 1752 2877 2064 2939; x_wconf 80' lang='lat' dir='ltr'><strong>eﬂ&#39;ormant,</strong></span> <span class='ocrx_word' id='word_1_324' title='bbox 2110 2882 2164 2927; x_wconf 91' lang='lat' dir='ltr'><strong>et</strong></span> 
     </span>
    </p>
   </div>
   <div class='ocr_carea' id='block_1_44' title="bbox 583 2967 2163 3061">
    <p class='ocr_par' dir='ltr' id='par_1_44' title="bbox 583 2967 2163 3061">
     <span class='ocr_line' id='line_1_44' title="bbox 583 2967 2163 3061; baseline -0.018 -18"><span class='ocrx_word' id='word_1_325' title='bbox 583 2976 648 3043; x_wconf 87' lang='lat' dir='ltr'><strong>ad</strong></span> <span class='ocrx_word' id='word_1_326' title='bbox 674 2986 815 3061; x_wconf 73' lang='lat' dir='ltr'><strong>solis</strong></span> <span class='ocrx_word' id='word_1_327' title='bbox 870 2990 1062 3038; x_wconf 68' lang='lat' dir='ltr'><strong>aestum</strong></span> <span class='ocrx_word' id='word_1_328' title='bbox 1095 2978 1295 3050; x_wconf 68' lang='lat' dir='ltr'><strong>452a</strong></span> <span class='ocrx_word' id='word_1_329' title='bbox 1335 2981 1546 3028; x_wconf 83' lang='lat' dir='ltr'><strong>assatas</strong></span> <span class='ocrx_word' id='word_1_330' title='bbox 1592 2968 1761 3024; x_wconf 90' lang='lat' dir='ltr'><strong>edulii</strong></span> <span class='ocrx_word' id='word_1_331' title='bbox 1822 2967 1944 3020; x_wconf 90' lang='lat' dir='ltr'><strong>loco</strong></span> <span class='ocrx_word' id='word_1_332' title='bbox 1996 2976 2163 3033; x_wconf 90' lang='lat' dir='ltr'><strong>appo-</strong></span> 
     </span>
    </p>
   </div>
   <div class='ocr_carea' id='block_1_45' title="bbox 586 3059 2163 3136">
    <p class='ocr_par' dir='ltr' id='par_1_45' title="bbox 586 3059 2163 3136">
     <span class='ocr_line' id='line_1_45' title="bbox 586 3059 2163 3136; baseline -0.016 -3"><span class='ocrx_word' id='word_1_333' title='bbox 586 3059 746 3136; x_wconf 83' lang='lat' dir='ltr'><strong>nunt.</strong></span> <span class='ocrx_word' id='word_1_334' title='bbox 793 3077 931 3131; x_wconf 78' lang='lat' dir='ltr'><strong>Cum</strong></span> <span class='ocrx_word' id='word_1_335' title='bbox 1003 3073 1149 3128; x_wconf 88' lang='lat' dir='ltr'><strong>malo</strong></span> <span class='ocrx_word' id='word_1_336' title='bbox 1199 3066 1586 3124; x_wconf 78' lang='lat' dir='ltr'><strong>conﬂictantur</strong></span> <span class='ocrx_word' id='word_1_337' title='bbox 1618 3059 1941 3123; x_wconf 89' lang='lat' dir='ltr'><strong>inevitabili,</strong></span> <span class='ocrx_word' id='word_1_338' title='bbox 1976 3065 2163 3127; x_wconf 90' lang='lat' dir='ltr'><strong>utpote</strong></span> 
     </span>
    </p>
   </div>
   <div class='ocr_carea' id='block_1_46' title="bbox 584 3150 2165 3232">
    <p class='ocr_par' dir='ltr' id='par_1_46' title="bbox 584 3150 2165 3232">
     <span class='ocr_line' id='line_1_46' title="bbox 584 3150 2165 3232; baseline -0.015 -7"><span class='ocrx_word' id='word_1_339' title='bbox 584 3169 840 3225; x_wconf 87' lang='lat' dir='ltr'><strong>leonibus</strong></span> <span class='ocrx_word' id='word_1_340' title='bbox 885 3166 943 3220; x_wconf 89' lang='lat' dir='ltr'><strong>in</strong></span> <span class='ocrx_word' id='word_1_341' title='bbox 979 3161 1209 3232; x_wconf 76' lang='lat' dir='ltr'><strong>stagnis,</strong></span> <span class='ocrx_word' id='word_1_342' title='bbox 1257 3157 1351 3229; x_wconf 88' lang='lat' dir='ltr'><strong>qui</strong></span> <span class='ocrx_word' id='word_1_343' title='bbox 1400 3172 1495 3211; x_wconf 91' lang='lat' dir='ltr'><strong>eos</strong></span> <span class='ocrx_word' id='word_1_344' title='bbox 1518 3153 1802 3208; x_wconf 86' lang='lat' dir='ltr'><strong>invadunt.</strong></span> <span class='ocrx_word' id='word_1_345' title='bbox 1835 3150 1948 3205; x_wconf 90' lang='lat' dir='ltr'><strong>Sub</strong></span> <span class='ocrx_word' id='word_1_346' title='bbox 1981 3156 2165 3203; x_wconf 89' lang='lat' dir='ltr'><strong>ortum</strong></span> 
     </span>
    </p>
   </div>
   <div class='ocr_carea' id='block_1_47' title="bbox 585 3238 2170 3325">
    <p class='ocr_par' dir='ltr' id='par_1_47' title="bbox 585 3238 2170 3325">
     <span class='ocr_line' id='line_1_47' title="bbox 585 3238 2170 3325; baseline -0.016 -7"><span class='ocrx_word' id='word_1_347' title='bbox 585 3263 751 3318; x_wconf 89' lang='lat' dir='ltr'><strong>etiam</strong></span> <span class='ocrx_word' id='word_1_348' title='bbox 784 3258 936 3313; x_wconf 89' lang='lat' dir='ltr'><strong>canis</strong></span> <span class='ocrx_word' id='word_1_349' title='bbox 965 3257 1011 3323; x_wconf 76' lang='grc' dir='ltr'>ί,</span> <span class='ocrx_word' id='word_1_350' title='bbox 1043 3255 1237 3325; x_wconf 83' lang='lat' dir='ltr'><strong>ingens</strong></span> <span class='ocrx_word' id='word_1_351' title='bbox 1278 3250 1514 3304; x_wconf 88' lang='lat' dir='ltr'><strong>culicum</strong></span> <span class='ocrx_word' id='word_1_352' title='bbox 1561 3244 1853 3300; x_wconf 88' lang='lat' dir='ltr'><strong>multitudo</strong></span> <span class='ocrx_word' id='word_1_353' title='bbox 1893 3257 1989 3297; x_wconf 91' lang='lat' dir='ltr'><strong>eos</strong></span> <span class='ocrx_word' id='word_1_354' title='bbox 2027 3238 2170 3295; x_wconf 82' lang='lat' dir='ltr'><strong>infe-</strong></span> 
     </span>
    </p>
   </div>
   <div class='ocr_carea' id='block_1_48' title="bbox 2284 2030 3849 2103">
    <p class='ocr_par' dir='ltr' id='par_1_48' title="bbox 2284 2030 3849 2103">
     <span class='ocr_line' id='line_1_48' title="bbox 2284 2030 3849 2103; baseline -0.003 -15"><span class='ocrx_word' id='word_1_355' title='bbox 2284 2034 2629 2103; x_wconf 80' lang='grc' dir='ltr'>Ἀσταϐάραν</span> <span class='ocrx_word' id='word_1_356' title='bbox 2656 2032 2925 2103; x_wconf 83' lang='grc' dir='ltr'>ποταμὸν,</span> <span class='ocrx_word' id='word_1_357' title='bbox 2954 2031 3013 2094; x_wconf 84' lang='grc' dir='ltr'>ὃς</span> <span class='ocrx_word' id='word_1_358' title='bbox 3039 2032 3265 2103; x_wconf 83' lang='grc' dir='ltr'>φέρεται</span> <span class='ocrx_word' id='word_1_359' title='bbox 3291 2031 3392 2102; x_wconf 83' lang='grc' dir='ltr'><strong>μὲν</strong></span> <span class='ocrx_word' id='word_1_360' title='bbox 3423 2030 3509 2086; x_wconf 81' lang='grc' dir='ltr'><strong>διὰ</strong></span> <span class='ocrx_word' id='word_1_361' title='bbox 3546 2031 3649 2102; x_wconf 81' lang='grc' dir='ltr'>τῆς</span> <span class='ocrx_word' id='word_1_362' title='bbox 3674 2032 3849 2085; x_wconf 77' lang='grc' dir='ltr'><strong>Αἰθιο-</strong></span> 
     </span>
    </p>
   </div>
   <div class='ocr_carea' id='block_1_49' title="bbox 2271 2124 3850 2195">
    <p class='ocr_par' dir='ltr' id='par_1_49' title="bbox 2271 2124 3850 2195">
     <span class='ocr_line' id='line_1_49' title="bbox 2271 2124 3850 2195; baseline -0.003 -14"><span class='ocrx_word' id='word_1_363' title='bbox 2271 2126 2403 2191; x_wconf 88' lang='grc' dir='ltr'>πίας</span> <span class='ocrx_word' id='word_1_364' title='bbox 2432 2127 2525 2180; x_wconf 73' lang='grc' dir='ltr'>καὶ</span> <span class='ocrx_word' id='word_1_365' title='bbox 2550 2126 2652 2195; x_wconf 84' lang='grc' dir='ltr'><strong>τῆς</strong></span> <span class='ocrx_word' id='word_1_366' title='bbox 2684 2124 2915 2194; x_wconf 77' lang='grc' dir='ltr'>Λιϐύης,</span> <span class='ocrx_word' id='word_1_367' title='bbox 2950 2125 3066 2177; x_wconf 74' lang='grc' dir='ltr'>ἔστι</span> <span class='ocrx_word' id='word_1_368' title='bbox 3099 2126 3157 2178; x_wconf 86' lang='grc' dir='ltr'>δὲ</span> <span class='ocrx_word' id='word_1_369' title='bbox 3188 2124 3281 2178; x_wconf 87' lang='grc' dir='ltr'><strong>τοῦ</strong></span> <span class='ocrx_word' id='word_1_370' title='bbox 3310 2125 3509 2179; x_wconf 88' lang='grc' dir='ltr'>Νείλου</span> <span class='ocrx_word' id='word_1_371' title='bbox 3546 2125 3725 2195; x_wconf 79' lang='grc' dir='ltr'>πολλῷ</span> <span class='ocrx_word' id='word_1_372' title='bbox 3753 2143 3850 2177; x_wconf 81' lang='grc' dir='ltr'><strong>τα·-</strong></span> 
     </span>
    </p>
   </div>
   <div class='ocr_carea' id='block_1_50' title="bbox 2273 2216 3852 2289">
    <p class='ocr_par' dir='ltr' id='par_1_50' title="bbox 2273 2216 3852 2289">
     <span class='ocr_line' id='line_1_50' title="bbox 2273 2216 3852 2289; baseline -0.003 -17"><span class='ocrx_word' id='word_1_373' title='bbox 2273 2218 2608 2289; x_wconf 80' lang='grc' dir='ltr'>πεινότερος,</span> <span class='ocrx_word' id='word_1_374' title='bbox 2643 2217 2968 2287; x_wconf 73' lang='grc' dir='ltr'>συμϐάλλων</span> <span class='ocrx_word' id='word_1_375' title='bbox 2993 2217 3051 2270; x_wconf 83' lang='grc' dir='ltr'><strong>δὲ</strong></span> <span class='ocrx_word' id='word_1_376' title='bbox 3069 2216 3169 2286; x_wconf 79' lang='grc' dir='ltr'>τὴν</span> <span class='ocrx_word' id='word_1_377' title='bbox 3191 2218 3398 2270; x_wconf 75' lang='grc' dir='ltr'>οἰκείαν</span> <span class='ocrx_word' id='word_1_378' title='bbox 3424 2217 3598 2288; x_wconf 81' lang='grc' dir='ltr'>ὁρμὴν</span> <span class='ocrx_word' id='word_1_379' title='bbox 3628 2217 3704 2284; x_wconf 80' lang='grc' dir='ltr'><strong>τῷ</strong></span> <span class='ocrx_word' id='word_1_380' title='bbox 3733 2216 3852 2285; x_wconf 77' lang='grc' dir='ltr'>μεί-</span> 
     </span>
    </p>
   </div>
   <div class='ocr_carea' id='block_1_51' title="bbox 2272 2306 3845 2382">
    <p class='ocr_par' dir='ltr' id='par_1_51' title="bbox 2272 2306 3845 2382">
     <span class='ocr_line' id='line_1_51' title="bbox 2272 2306 3845 2382; baseline -0.003 -17"><span class='ocrx_word' id='word_1_381' title='bbox 2272 2312 2386 2377; x_wconf 79' lang='grc' dir='ltr'>ζονι</span> <span class='ocrx_word' id='word_1_382' title='bbox 2418 2309 2623 2382; x_wconf 80' lang='grc' dir='ltr'><strong>ῥείθρῳ</strong></span> <span class='ocrx_word' id='word_1_383' title='bbox 2655 2309 2818 2378; x_wconf 82' lang='grc' dir='ltr'>νῆσον</span> <span class='ocrx_word' id='word_1_384' title='bbox 2852 2310 2995 2360; x_wconf 88' lang='grc' dir='ltr'>ποιεῖ</span> <span class='ocrx_word' id='word_1_385' title='bbox 3023 2310 3090 2379; x_wconf 79' lang='grc' dir='ltr'>τῇ</span> <span class='ocrx_word' id='word_1_386' title='bbox 3119 2306 3450 2379; x_wconf 79' lang='grc' dir='ltr'>περιρρύσει</span> <span class='ocrx_word' id='word_1_387' title='bbox 3475 2308 3575 2378; x_wconf 82' lang='grc' dir='ltr'>τὴν</span> <span class='ocrx_word' id='word_1_388' title='bbox 3604 2308 3845 2378; x_wconf 86' lang='grc' dir='ltr'>Μερόην,</span> 
     </span>
    </p>
   </div>
   <div class='ocr_carea' id='block_1_52' title="bbox 2284 2399 3851 2474">
    <p class='ocr_par' dir='ltr' id='par_1_52' title="bbox 2284 2399 3851 2474">
     <span class='ocr_line' id='line_1_52' title="bbox 2284 2399 3851 2474; baseline -0.002 -19"><span class='ocrx_word' id='word_1_389' title='bbox 2284 2404 2505 2474; x_wconf 81' lang='grc' dir='ltr'>-παρά</span> <span class='ocrx_word' id='word_1_390' title='bbox 2534 2401 2666 2472; x_wconf 86' lang='grc' dir='ltr'>γοῦν</span> <span class='ocrx_word' id='word_1_391' title='bbox 2694 2400 2785 2454; x_wconf 83' lang='grc' dir='ltr'><strong>τὸν</strong></span> <span class='ocrx_word' id='word_1_392' title='bbox 2819 2399 3111 2471; x_wconf 83' lang='grc' dir='ltr'>εἰρημένον</span> <span class='ocrx_word' id='word_1_393' title='bbox 3140 2400 3386 2471; x_wconf 79' lang='grc' dir='ltr'>ποταμὸν</span> <span class='ocrx_word' id='word_1_394' title='bbox 3411 2400 3498 2452; x_wconf 75' lang='grc' dir='ltr'><strong>ἐπ’</strong></span> <span class='ocrx_word' id='word_1_395' title='bbox 3521 2400 3851 2471; x_wconf 78' lang='grc' dir='ltr'>ἀμφοτέροις</span> 
     </span>
    </p>
   </div>
   <div class='ocr_carea' id='block_1_53' title="bbox 2274 2494 3856 2566">
    <p class='ocr_par' dir='ltr' id='par_1_53' title="bbox 2274 2494 3856 2566">
     <span class='ocr_line' id='line_1_53' title="bbox 2274 2494 3856 2566; baseline -0.001 -16"><span class='ocrx_word' id='word_1_396' title='bbox 2274 2500 2525 2551; x_wconf 83' lang='grc' dir='ltr'>κατοικεῖ</span> <span class='ocrx_word' id='word_1_397' title='bbox 2568 2499 2680 2560; x_wconf 86' lang='grc' dir='ltr'>τοῖς</span> <span class='ocrx_word' id='word_1_398' title='bbox 2729 2495 2965 2566; x_wconf 79' lang='grc' dir='ltr'>χείλεσιν</span> <span class='ocrx_word' id='word_1_399' title='bbox 2998 2494 3156 2565; x_wconf 74' lang='grc' dir='ltr'>ὄχλος</span> <span class='ocrx_word' id='word_1_400' title='bbox 3207 2495 3269 2548; x_wconf 83' lang='grc' dir='ltr'>οὐ</span> <span class='ocrx_word' id='word_1_401' title='bbox 3315 2494 3483 2558; x_wconf 86' lang='grc' dir='ltr'>πολὺς</span> <span class='ocrx_word' id='word_1_402' title='bbox 3529 2495 3648 2566; x_wconf 88' lang='grc' dir='ltr'>μὲν,</span> <span class='ocrx_word' id='word_1_403' title='bbox 3678 2495 3755 2565; x_wconf 80' lang='grc' dir='ltr'>τῷ</span> <span class='ocrx_word' id='word_1_404' title='bbox 3797 2495 3856 2548; x_wconf 79' lang='grc' dir='ltr'>δὲ</span> 
     </span>
    </p>
   </div>
   <div class='ocr_carea' id='block_1_54' title="bbox 2277 2587 3854 2661">
    <p class='ocr_par' dir='ltr' id='par_1_54' title="bbox 2277 2587 3854 2661">
     <span class='ocr_line' id='line_1_54' title="bbox 2277 2587 3854 2661; baseline -0.001 -19"><span class='ocrx_word' id='word_1_405' title='bbox 2277 2590 2378 2661; x_wconf 84' lang='grc' dir='ltr'><strong>βίῳ</strong></span> <span class='ocrx_word' id='word_1_406' title='bbox 2409 2588 2651 2653; x_wconf 89' lang='grc' dir='ltr'>τοιοῦτος</span> <span class='ocrx_word' id='word_1_407' title='bbox 2684 2605 2699 2620; x_wconf 76' lang='grc' dir='ltr'>ο</span> <span class='ocrx_word' id='word_1_408' title='bbox 2745 2589 2843 2641; x_wconf 78' lang='grc' dir='ltr'><strong>Ἐκ</strong></span> <span class='ocrx_word' id='word_1_409' title='bbox 2876 2587 2970 2640; x_wconf 87' lang='grc' dir='ltr'><strong>τοῦ</strong></span> <span class='ocrx_word' id='word_1_410' title='bbox 3010 2590 3352 2659; x_wconf 83' lang='grc' dir='ltr'>παρήκοντος</span> <span class='ocrx_word' id='word_1_411' title='bbox 3380 2588 3534 2651; x_wconf 84' lang='grc' dir='ltr'>ἓλους</span> <span class='ocrx_word' id='word_1_412' title='bbox 3566 2587 3667 2651; x_wconf 85' lang='grc' dir='ltr'><strong>τὰς</strong></span> <span class='ocrx_word' id='word_1_413' title='bbox 3698 2588 3854 2659; x_wconf 75' lang='grc' dir='ltr'>ῥίζας</span> 
     </span>
    </p>
   </div>
   <div class='ocr_carea' id='block_1_55' title="bbox 2275 2678 3859 2751">
    <p class='ocr_par' dir='ltr' id='par_1_55' title="bbox 2275 2678 3859 2751">
     <span class='ocr_line' id='line_1_55' title="bbox 2275 2678 3859 2751; baseline -0.002 -15"><span class='ocrx_word' id='word_1_414' title='bbox 2275 2682 2383 2736; x_wconf 84' lang='grc' dir='ltr'><strong>τῶν</strong></span> <span class='ocrx_word' id='word_1_415' title='bbox 2412 2681 2675 2751; x_wconf 90' lang='grc' dir='ltr'>καλάμων</span> <span class='ocrx_word' id='word_1_416' title='bbox 2698 2680 2915 2751; x_wconf 82' lang='grc' dir='ltr'>ὀρύττει</span> <span class='ocrx_word' id='word_1_417' title='bbox 2939 2720 2954 2745; x_wconf 94' lang='grc'><strong>,</strong></span> <span class='ocrx_word' id='word_1_418' title='bbox 2984 2679 3220 2732; x_wconf 86' lang='grc' dir='ltr'>κᾶπειτα</span> <span class='ocrx_word' id='word_1_419' title='bbox 3250 2678 3455 2743; x_wconf 87' lang='grc' dir='ltr'>πλύνας</span> <span class='ocrx_word' id='word_1_420' title='bbox 3480 2680 3739 2751; x_wconf 81' lang='grc' dir='ltr'>καθαρῶς</span> <span class='ocrx_word' id='word_1_421' title='bbox 3772 2682 3859 2733; x_wconf 81' lang='grc' dir='ltr'>ὲκ-</span> 
     </span>
    </p>
   </div>
   <div class='ocr_carea' id='block_1_56' title="bbox 2274 2772 3849 2844">
    <p class='ocr_par' dir='ltr' id='par_1_56' title="bbox 2274 2772 3849 2844">
     <span class='ocr_line' id='line_1_56' title="bbox 2274 2772 3849 2844; baseline -0.001 -17"><span class='ocrx_word' id='word_1_422' title='bbox 2274 2774 2468 2827; x_wconf 87' lang='grc' dir='ltr'>κόπτει</span> <span class='ocrx_word' id='word_1_423' title='bbox 2496 2773 2667 2837; x_wconf 90' lang='grc' dir='ltr'>λίθοις</span> <span class='ocrx_word' id='word_1_424' title='bbox 2696 2772 2835 2843; x_wconf 76' lang='grc' dir='ltr'>πρὸς</span> <span class='ocrx_word' id='word_1_425' title='bbox 2866 2772 3054 2843; x_wconf 83' lang='grc' dir='ltr'>μέρος,</span> <span class='ocrx_word' id='word_1_426' title='bbox 3082 2773 3318 2844; x_wconf 86' lang='grc' dir='ltr'>ποιήσας</span> <span class='ocrx_word' id='word_1_427' title='bbox 3347 2772 3404 2826; x_wconf 82' lang='grc' dir='ltr'>δὲ</span> <span class='ocrx_word' id='word_1_428' title='bbox 3430 2772 3571 2826; x_wconf 86' lang='grc' dir='ltr'>λεῖον</span> <span class='ocrx_word' id='word_1_429' title='bbox 3598 2774 3694 2826; x_wconf 73' lang='grc' dir='ltr'><strong>καὶ</strong></span> <span class='ocrx_word' id='word_1_430' title='bbox 3724 2773 3849 2827; x_wconf 88' lang='grc' dir='ltr'>κολ-</span> 
     </span>
    </p>
   </div>
   <div class='ocr_carea' id='block_1_57' title="bbox 2276 2864 3852 2937">
    <p class='ocr_par' dir='ltr' id='par_1_57' title="bbox 2276 2864 3852 2937">
     <span class='ocr_line' id='line_1_57' title="bbox 2276 2864 3852 2937; baseline -0.001 -18"><span class='ocrx_word' id='word_1_431' title='bbox 2276 2866 2443 2930; x_wconf 85' lang='grc' dir='ltr'>λῶδες</span> <span class='ocrx_word' id='word_1_432' title='bbox 2472 2864 2779 2919; x_wconf 78' lang='grc' dir='ltr'>ἀνέπλασεν</span> <span class='ocrx_word' id='word_1_433' title='bbox 2806 2865 2871 2916; x_wconf 85' lang='grc' dir='ltr'>ὲκ</span> <span class='ocrx_word' id='word_1_434' title='bbox 2902 2864 3146 2934; x_wconf 86' lang='grc' dir='ltr'>μαγίδος,</span> <span class='ocrx_word' id='word_1_435' title='bbox 3169 2866 3215 2916; x_wconf 85' lang='grc' dir='ltr'>εί</span> <span class='ocrx_word' id='word_1_436' title='bbox 3242 2865 3335 2918; x_wconf 76' lang='grc' dir='ltr'>καὶ</span> <span class='ocrx_word' id='word_1_437' title='bbox 3357 2866 3417 2918; x_wconf 85' lang='grc' dir='ltr'><strong>ού</strong></span> <span class='ocrx_word' id='word_1_438' title='bbox 3454 2866 3852 2937; x_wconf 78' lang='grc' dir='ltr'>χειροπλήθεις,</span> 
     </span>
    </p>
   </div>
   <div class='ocr_carea' id='block_1_58' title="bbox 2278 2953 3853 3029">
    <p class='ocr_par' dir='ltr' id='par_1_58' title="bbox 2278 2953 3853 3029">
     <span class='ocr_line' id='line_1_58' title="bbox 2278 2953 3853 3029; baseline 0 -18"><span class='ocrx_word' id='word_1_439' title='bbox 2278 2958 2498 3027; x_wconf 79' lang='grc' dir='ltr'>όγκους,</span> <span class='ocrx_word' id='word_1_440' title='bbox 2533 2953 2655 3010; x_wconf 76' lang='grc' dir='ltr'>εἶτα</span> <span class='ocrx_word' id='word_1_441' title='bbox 2684 2958 2743 3010; x_wconf 85' lang='grc' dir='ltr'>ὲν</span> <span class='ocrx_word' id='word_1_442' title='bbox 2773 2955 2852 3027; x_wconf 82' lang='grc' dir='ltr'>τῷ</span> <span class='ocrx_word' id='word_1_443' title='bbox 2901 2954 3145 3026; x_wconf 86' lang='grc' dir='ltr'>καύματι</span> <span class='ocrx_word' id='word_1_444' title='bbox 3178 2956 3706 3028; x_wconf 73' lang='grc' dir='ltr'>παροπτῶνοταύτην</span> <span class='ocrx_word' id='word_1_445' title='bbox 3739 2957 3853 3029; x_wconf 75' lang='grc' dir='ltr'><strong>ἔχει</strong></span> 
     </span>
    </p>
   </div>
   <div class='ocr_carea' id='block_1_59' title="bbox 2280 3044 3854 3123">
    <p class='ocr_par' dir='ltr' id='par_1_59' title="bbox 2280 3044 3854 3123">
     <span class='ocr_line' id='line_1_59' title="bbox 2280 3044 3854 3123; baseline -0.003 -18"><span class='ocrx_word' id='word_1_446' title='bbox 2280 3051 2619 3123; x_wconf 86' lang='grc' dir='ltr'>προσφοράν.</span> <span class='ocrx_word' id='word_1_447' title='bbox 2651 3048 2878 3121; x_wconf 82' lang='grc' dir='ltr'>Ἔχουσι</span> <span class='ocrx_word' id='word_1_448' title='bbox 2904 3048 2961 3101; x_wconf 88' lang='grc' dir='ltr'>δὲ</span> <span class='ocrx_word' id='word_1_449' title='bbox 2993 3044 3140 3103; x_wconf 74' lang='grc' dir='ltr'>οὗτοι</span> <span class='ocrx_word' id='word_1_450' title='bbox 3168 3050 3337 3104; x_wconf 88' lang='grc' dir='ltr'>κακὸν</span> <span class='ocrx_word' id='word_1_451' title='bbox 3363 3049 3624 3118; x_wconf 82' lang='grc' dir='ltr'>ἄφυκτον,</span> <span class='ocrx_word' id='word_1_452' title='bbox 3644 3050 3769 3113; x_wconf 79' lang='grc' dir='ltr'>τοὺς</span> <span class='ocrx_word' id='word_1_453' title='bbox 3795 3053 3854 3102; x_wconf 79' lang='grc' dir='ltr'><strong>ὲν</strong></span> 
     </span>
    </p>
   </div>
   <div class='ocr_carea' id='block_1_60' title="bbox 2279 3140 3856 3213">
    <p class='ocr_par' dir='ltr' id='par_1_60' title="bbox 2279 3140 3856 3213">
     <span class='ocr_line' id='line_1_60' title="bbox 2279 3140 3856 3213; baseline -0.003 -16"><span class='ocrx_word' id='word_1_454' title='bbox 2279 3146 2393 3207; x_wconf 84' lang='grc' dir='ltr'>τοῖς</span> <span class='ocrx_word' id='word_1_455' title='bbox 2423 3143 2568 3196; x_wconf 70' lang='grc' dir='ltr'>ἕλεσι</span> <span class='ocrx_word' id='word_1_456' title='bbox 2596 3140 2823 3205; x_wconf 83' lang='grc' dir='ltr'>λέοντας</span> <span class='ocrx_word' id='word_1_457' title='bbox 2857 3140 3275 3211; x_wconf 80' lang='grc' dir='ltr'>ἐπιτιθεμένους</span> <span class='ocrx_word' id='word_1_458' title='bbox 3301 3141 3503 3203; x_wconf 80' lang='grc' dir='ltr'>αὐτοῖς.</span> <span class='ocrx_word' id='word_1_459' title='bbox 3520 3140 3656 3194; x_wconf 85' lang='grc' dir='ltr'><strong>Ὑπὸ</strong></span> <span class='ocrx_word' id='word_1_460' title='bbox 3676 3142 3733 3195; x_wconf 85' lang='grc' dir='ltr'>δὲ</span> <span class='ocrx_word' id='word_1_461' title='bbox 3758 3141 3856 3213; x_wconf 83' lang='grc' dir='ltr'>τὴν</span> 
     </span>
    </p>
   </div>
   <div class='ocr_carea' id='block_1_61' title="bbox 2281 3232 3860 3305">
    <p class='ocr_par' dir='ltr' id='par_1_61' title="bbox 2281 3232 3860 3305">
     <span class='ocr_line' id='line_1_61' title="bbox 2281 3232 3860 3305; baseline -0.001 -16"><span class='ocrx_word' id='word_1_462' title='bbox 2281 3236 2536 3305; x_wconf 76' lang='grc' dir='ltr'>ἐπιτολὴν</span> <span class='ocrx_word' id='word_1_463' title='bbox 2588 3233 2683 3287; x_wconf 89' lang='grc' dir='ltr'><strong>τοῦ</strong></span> <span class='ocrx_word' id='word_1_464' title='bbox 2734 3232 2898 3297; x_wconf 85' lang='grc' dir='ltr'>κυνὸς</span> <span class='ocrx_word' id='word_1_465' title='bbox 2948 3232 3162 3301; x_wconf 89' lang='grc' dir='ltr'>γίνεταί</span> <span class='ocrx_word' id='word_1_466' title='bbox 3215 3250 3269 3286; x_wconf 91' lang='grc' dir='ltr'>τι</span> <span class='ocrx_word' id='word_1_467' title='bbox 3316 3232 3596 3287; x_wconf 86' lang='grc' dir='ltr'>κωνώπων</span> <span class='ocrx_word' id='word_1_468' title='bbox 3652 3233 3860 3305; x_wconf 82' lang='grc' dir='ltr'>πλῆθος</span> 
     </span>
    </p>
   </div>
   <div class='ocr_carea' id='block_1_62' title="bbox 586 3303 2166 3419">
    <p class='ocr_par' dir='ltr' id='par_1_62' title="bbox 586 3303 2166 3419">
     <span class='ocr_line' id='line_1_62' title="bbox 586 3303 2166 3419; baseline -0.016 -8"><span class='ocrx_word' id='word_1_469' title='bbox 586 3364 717 3419; x_wconf 86' lang='lat' dir='ltr'><strong>stat,</strong></span> <span class='ocrx_word' id='word_1_470' title='bbox 752 3353 919 3408; x_wconf 88' lang='lat' dir='ltr'><strong>tantis</strong></span> <span class='ocrx_word' id='word_1_471' title='bbox 951 3303 1158 3403; x_wconf 48' lang='lat' dir='ltr'><strong>viribufs</strong></span> <span class='ocrx_word' id='word_1_472' title='bbox 1191 3345 1420 3416; x_wconf 89' lang='lat' dir='ltr'><strong>pollens,</strong></span> <span class='ocrx_word' id='word_1_473' title='bbox 1448 3349 1503 3395; x_wconf 85' lang='lat' dir='ltr'><strong>ut</strong></span> <span class='ocrx_word' id='word_1_474' title='bbox 1538 3338 1772 3409; x_wconf 90' lang='lat' dir='ltr'><strong>populus</strong></span> <span class='ocrx_word' id='word_1_475' title='bbox 1798 3337 1853 3390; x_wconf 92' lang='lat' dir='ltr'><strong>in</strong></span> <span class='ocrx_word' id='word_1_476' title='bbox 1885 3348 2057 3404; x_wconf 90' lang='lat' dir='ltr'><strong>aquas</strong></span> <span class='ocrx_word' id='word_1_477' title='bbox 2093 3333 2166 3386; x_wconf 89' lang='lat' dir='ltr'><strong>la-</strong></span> 
     </span>
    </p>
   </div>
   <div class='ocr_carea' id='block_1_63' title="bbox 2274 3303 3860 3419">
    <p class='ocr_par' dir='ltr' id='par_1_63' title="bbox 2278 3303 3860 3395">
     <span class='ocr_line' id='line_1_63' title="bbox 2278 3303 3860 3395; baseline -0.003 -15"><span class='ocrx_word' id='word_1_478' title='bbox 2278 3303 2533 3389; x_wconf 81' lang='grc' dir='ltr'>ἄπλετον,</span> <span class='ocrx_word' id='word_1_479' title='bbox 2552 3321 2892 3395; x_wconf 82' lang='grc' dir='ltr'>τηλικαύτην</span> <span class='ocrx_word' id='word_1_480' title='bbox 2920 3320 3043 3391; x_wconf 78' lang='grc' dir='ltr'>ἕχον</span> <span class='ocrx_word' id='word_1_481' title='bbox 3080 3320 3308 3391; x_wconf 89' lang='grc' dir='ltr'>δύναμιν</span> <span class='ocrx_word' id='word_1_482' title='bbox 3337 3321 3478 3375; x_wconf 82' lang='grc' dir='ltr'>ὥστε</span> <span class='ocrx_word' id='word_1_483' title='bbox 3507 3323 3600 3375; x_wconf 79' lang='grc' dir='ltr'>τὸν</span> <span class='ocrx_word' id='word_1_484' title='bbox 3632 3303 3759 3376; x_wconf 81' lang='grc' dir='ltr'>λαὸν</span> <span class='ocrx_word' id='word_1_485' title='bbox 3780 3326 3860 3386; x_wconf 89' lang='grc' dir='ltr'>είς</span> 
     </span>
    </p>
   </div>
   <div class='ocr_carea' id='block_1_64' title="bbox 588 3427 2174 3514">
    <p class='ocr_par' dir='ltr' id='par_1_64' title="bbox 588 3427 2174 3514">
     <span class='ocr_line' id='line_1_64' title="bbox 588 3427 2174 3514; baseline -0.016 -10"><span class='ocrx_word' id='word_1_486' title='bbox 588 3456 804 3504; x_wconf 88' lang='lat' dir='ltr'><strong>custres</strong></span> <span class='ocrx_word' id='word_1_487' title='bbox 849 3440 1182 3514; x_wconf 78' lang='lat' dir='ltr'><strong>praefugiens</strong></span> <span class='ocrx_word' id='word_1_488' title='bbox 1222 3452 1280 3492; x_wconf 89' lang='lat' dir='ltr'><strong>se</strong></span> <span class='ocrx_word' id='word_1_489' title='bbox 1330 3435 1403 3490; x_wconf 90' lang='lat' dir='ltr'><strong>ibi</strong></span> <span class='ocrx_word' id='word_1_490' title='bbox 1447 3432 1704 3488; x_wconf 88' lang='lat' dir='ltr'><strong>occultet.</strong></span> <span class='ocrx_word' id='word_1_491' title='bbox 1750 3428 1833 3483; x_wconf 82' lang='lat' dir='ltr'><strong>Ab</strong></span> <span class='ocrx_word' id='word_1_492' title='bbox 1869 3428 1954 3483; x_wconf 91' lang='lat' dir='ltr'><strong>bis</strong></span> <span class='ocrx_word' id='word_1_493' title='bbox 1988 3427 2174 3481; x_wconf 87' lang='lat' dir='ltr'><strong>leones</strong></span> 
     </span>
    </p>
   </div>
   <div class='ocr_carea' id='block_1_65' title="bbox 588 3517 2176 3610">
    <p class='ocr_par' dir='ltr' id='par_1_65' title="bbox 588 3517 2176 3610">
     <span class='ocr_line' id='line_1_65' title="bbox 588 3517 2176 3610; baseline -0.014 -16"><span class='ocrx_word' id='word_1_494' title='bbox 588 3553 809 3610; x_wconf 85' lang='lat' dir='ltr'><strong>quoque</strong></span> <span class='ocrx_word' id='word_1_495' title='bbox 858 3532 1315 3593; x_wconf 83' lang='lat' dir='ltr'><strong>exterminantur,</strong></span> <span class='ocrx_word' id='word_1_496' title='bbox 1353 3542 1463 3582; x_wconf 91' lang='lat' dir='ltr'><strong>non</strong></span> <span class='ocrx_word' id='word_1_497' title='bbox 1508 3534 1617 3580; x_wconf 87' lang='lat' dir='ltr'><strong>tam</strong></span> <span class='ocrx_word' id='word_1_498' title='bbox 1668 3539 1701 3577; x_wconf 89' lang='lat' dir='ltr'><strong>a</strong></span> <span class='ocrx_word' id='word_1_499' title='bbox 1762 3536 1949 3577; x_wconf 90' lang='lat' dir='ltr'><strong>morsu</strong></span> <span class='ocrx_word' id='word_1_500' title='bbox 1995 3517 2176 3574; x_wconf 84' lang='lat' dir='ltr'><strong>vexati</strong></span> 
     </span>
    </p>
   </div>
   <div class='ocr_carea' id='block_1_66' title="bbox 590 3613 2174 3702">
    <p class='ocr_par' dir='ltr' id='par_1_66' title="bbox 590 3613 2174 3702">
     <span class='ocr_line' id='line_1_66' title="bbox 590 3613 2174 3702; baseline -0.014 -16"><span class='ocrx_word' id='word_1_501' title='bbox 590 3630 866 3702; x_wconf 79' lang='lat' dir='ltr'><strong>(quamvis</strong></span> <span class='ocrx_word' id='word_1_502' title='bbox 922 3627 1153 3681; x_wconf 91' lang='lat' dir='ltr'><strong>molesto</strong></span> <span class='ocrx_word' id='word_1_503' title='bbox 1213 3622 1396 3690; x_wconf 88' lang='lat' dir='ltr'><strong>satis),</strong></span> <span class='ocrx_word' id='word_1_504' title='bbox 1462 3633 1628 3691; x_wconf 89' lang='lat' dir='ltr'><strong>quam</strong></span> <span class='ocrx_word' id='word_1_505' title='bbox 1685 3614 1832 3687; x_wconf 87' lang='lat' dir='ltr'><strong>quod</strong></span> <span class='ocrx_word' id='word_1_506' title='bbox 1883 3613 2174 3669; x_wconf 89' lang='lat' dir='ltr'><strong>stridorem</strong></span> 
     </span>
    </p>
   </div>
   <div class='ocr_carea' id='block_1_67' title="bbox 587 3702 2177 3790">
    <p class='ocr_par' dir='ltr' id='par_1_67' title="bbox 587 3702 2177 3790">
     <span class='ocr_line' id='line_1_67' title="bbox 587 3702 2177 3790; baseline -0.014 -13"><span class='ocrx_word' id='word_1_507' title='bbox 587 3724 742 3778; x_wconf 60' lang='lat' dir='ltr'><strong>xoris</strong></span> <span class='ocrx_word' id='word_1_508' title='bbox 788 3720 1131 3790; x_wconf 84' lang='lat' dir='ltr'><strong>peregrinum</strong></span> <span class='ocrx_word' id='word_1_509' title='bbox 1196 3712 1437 3784; x_wconf 78' lang='lat' dir='ltr'><strong>perferre</strong></span> <span class='ocrx_word' id='word_1_510' title='bbox 1484 3716 1783 3780; x_wconf 87' lang='lat' dir='ltr'><strong>nequeunt.</strong></span> <span class='ocrx_word' id='word_1_511' title='bbox 1830 3704 1995 3773; x_wconf 86' lang='lat' dir='ltr'><strong>Atqui</strong></span> <span class='ocrx_word' id='word_1_512' title='bbox 2074 3702 2177 3755; x_wconf 89' lang='lat' dir='ltr'><strong>hoc</strong></span> 
     </span>
    </p>
   </div>
   <div class='ocr_carea' id='block_1_68' title="bbox 588 3792 2172 3879">
    <p class='ocr_par' dir='ltr' id='par_1_68' title="bbox 588 3792 2172 3879">
     <span class='ocr_line' id='line_1_68' title="bbox 588 3792 2172 3879; baseline -0.015 -10"><span class='ocrx_word' id='word_1_513' title='bbox 588 3816 746 3869; x_wconf 78' lang='lat' dir='ltr'><strong>mirae</strong></span> <span class='ocrx_word' id='word_1_514' title='bbox 779 3810 1038 3866; x_wconf 87' lang='lat' dir='ltr'><strong>novitatis</strong></span> <span class='ocrx_word' id='word_1_515' title='bbox 1074 3808 1246 3879; x_wconf 86' lang='lat' dir='ltr'><strong>gratia</strong></span> <span class='ocrx_word' id='word_1_516' title='bbox 1297 3810 1787 3860; x_wconf 88' lang='lat' dir='ltr'><strong>commemoratum</strong></span> <span class='ocrx_word' id='word_1_517' title='bbox 1831 3805 1971 3852; x_wconf 91' lang='lat' dir='ltr'><strong>esto.</strong></span> <span class='ocrx_word' id='word_1_518' title='bbox 2028 3792 2172 3859; x_wconf 86' lang='lat' dir='ltr'><strong>Quid</strong></span> 
     </span>
    </p>
   </div>
   <div class='ocr_carea' id='block_1_69' title="bbox 588 3889 2176 3973">
    <p class='ocr_par' dir='ltr' id='par_1_69' title="bbox 588 3889 2176 3973">
     <span class='ocr_line' id='line_1_69' title="bbox 588 3889 2176 3973; baseline -0.014 -12"><span class='ocrx_word' id='word_1_519' title='bbox 588 3906 737 3962; x_wconf 89' lang='lat' dir='ltr'><strong>enim</strong></span> <span class='ocrx_word' id='word_1_520' title='bbox 806 3901 1175 3973; x_wconf 86' lang='lat' dir='ltr'><strong>singularius,</strong></span> <span class='ocrx_word' id='word_1_521' title='bbox 1242 3912 1407 3967; x_wconf 89' lang='lat' dir='ltr'><strong>quam</strong></span> <span class='ocrx_word' id='word_1_522' title='bbox 1473 3895 1661 3949; x_wconf 88' lang='lat' dir='ltr'><strong>leones</strong></span> <span class='ocrx_word' id='word_1_523' title='bbox 1722 3890 1994 3946; x_wconf 88' lang='lat' dir='ltr'><strong>culicibus</strong></span> <span class='ocrx_word' id='word_1_524' title='bbox 2056 3889 2176 3940; x_wconf 89' lang='lat' dir='ltr'><strong>loco</strong></span> 
     </span>
    </p>
   </div>
   <div class='ocr_carea' id='block_1_70' title="bbox 590 3979 2178 4060">
    <p class='ocr_par' dir='ltr' id='par_1_70' title="bbox 590 3979 2178 4060">
     <span class='ocr_line' id='line_1_70' title="bbox 590 3979 2178 4060; baseline -0.013 -8"><span class='ocrx_word' id='word_1_525' title='bbox 590 3995 807 4060; x_wconf 91' lang='lat' dir='ltr'><strong>cedere,</strong></span> <span class='ocrx_word' id='word_1_526' title='bbox 856 4004 911 4047; x_wconf 88' lang='lat' dir='ltr'><strong>et</strong></span> <span class='ocrx_word' id='word_1_527' title='bbox 959 3991 1210 4046; x_wconf 88' lang='lat' dir='ltr'><strong>homines</strong></span> <span class='ocrx_word' id='word_1_528' title='bbox 1242 4003 1308 4043; x_wconf 79' lang='lat' dir='ltr'><strong>ex</strong></span> <span class='ocrx_word' id='word_1_529' title='bbox 1347 3984 1617 4056; x_wconf 84' lang='lat' dir='ltr'><strong>ejusmodi</strong></span> <span class='ocrx_word' id='word_1_530' title='bbox 1660 3981 1906 4054; x_wconf 88' lang='lat' dir='ltr'><strong>periculo</strong></span> <span class='ocrx_word' id='word_1_531' title='bbox 1947 3979 2178 4034; x_wconf 85' lang='lat' dir='ltr'><strong>evadere</strong></span> 
     </span>
    </p>
   </div>
   <div class='ocr_carea' id='block_1_71' title="bbox 592 4082 931 4145">
    <p class='ocr_par' dir='ltr' id='par_1_71' title="bbox 592 4082 931 4145">
     <span class='ocr_line' id='line_1_71' title="bbox 592 4082 931 4145; baseline -0.018 -3"><span class='ocrx_word' id='word_1_532' title='bbox 592 4082 931 4145; x_wconf 77' lang='lat' dir='ltr'><strong>incolumes?</strong></span> 
     </span>
    </p>
   </div>
   <div class='ocr_carea' id='block_1_72' title="bbox 662 4167 2177 4243">
    <p class='ocr_par' dir='ltr' id='par_1_72' title="bbox 662 4167 2177 4243">
     <span class='ocr_line' id='line_1_72' title="bbox 662 4167 2177 4243; baseline -0.01 -9"><span class='ocrx_word' id='word_1_533' title='bbox 662 4179 796 4234; x_wconf 75' lang='lat' dir='ltr'><strong>CAP.</strong></span> <span class='ocrx_word' id='word_1_534' title='bbox 824 4174 1012 4231; x_wconf 75' lang='lat' dir='ltr'><strong>XXIII.</strong></span> <span class='ocrx_word' id='word_1_535' title='bbox 1073 4172 1152 4227; x_wconf 87' lang='lat' dir='ltr'><strong>De</strong></span> <span class='ocrx_word' id='word_1_536' title='bbox 1184 4169 1518 4243; x_wconf 81' lang='lat' dir='ltr'><strong>Hylopltagis</strong></span> <span class='ocrx_word' id='word_1_537' title='bbox 1560 4167 1849 4238; x_wconf 82' lang='lat' dir='ltr'><strong>horumque</strong></span> <span class='ocrx_word' id='word_1_538' title='bbox 1884 4180 2080 4221; x_wconf 81' lang='lat' dir='ltr'><strong>natura</strong></span> <span class='ocrx_word' id='word_1_539' title='bbox 2126 4175 2177 4220; x_wconf 87' lang='lat' dir='ltr'><strong>et</strong></span> 
     </span>
    </p>
   </div>
   <div class='ocr_carea' id='block_1_73' title="bbox 592 4259 2175 4332">
    <p class='ocr_par' dir='ltr' id='par_1_73' title="bbox 592 4259 2175 4332">
     <span class='ocr_line' id='line_1_73' title="bbox 592 4259 2175 4332; baseline -0.009 -5"><span class='ocrx_word' id='word_1_540' title='bbox 592 4272 849 4327; x_wconf 77' lang='lat' dir='ltr'><strong>moribus.</strong></span> <span class='ocrx_word' id='word_1_541' title='bbox 913 4298 985 4311; x_wconf 89' lang='lat'><strong>-—</strong></span> <span class='ocrx_word' id='word_1_542' title='bbox 1026 4265 1146 4322; x_wconf 80' lang='lat' dir='ltr'><strong>Jam</strong></span> <span class='ocrx_word' id='word_1_543' title='bbox 1214 4262 1659 4321; x_wconf 88' lang='lat' dir='ltr'><strong>commemoratis</strong></span> <span class='ocrx_word' id='word_1_544' title='bbox 1733 4259 2175 4332; x_wconf 80' lang='lat' dir='ltr'><strong>llylopbagorum</strong></span> 
     </span>
    </p>
   </div>
   <div class='ocr_carea' id='block_1_74' title="bbox 596 4355 2178 4436">
    <p class='ocr_par' dir='ltr' id='par_1_74' title="bbox 596 4355 2178 4436">
     <span class='ocr_line' id='line_1_74' title="bbox 596 4355 2178 4436; baseline -0.008 -16"><span class='ocrx_word' id='word_1_545' title='bbox 596 4381 731 4436; x_wconf 89' lang='lat' dir='ltr'><strong>gens</strong></span> <span class='ocrx_word' id='word_1_546' title='bbox 765 4378 872 4418; x_wconf 92' lang='lat' dir='ltr'><strong>non</strong></span> <span class='ocrx_word' id='word_1_547' title='bbox 906 4363 978 4416; x_wconf 89' lang='lat' dir='ltr'><strong>ita</strong></span> <span class='ocrx_word' id='word_1_548' title='bbox 1017 4360 1251 4415; x_wconf 90' lang='lat' dir='ltr'><strong>multum</strong></span> <span class='ocrx_word' id='word_1_549' title='bbox 1279 4360 1601 4428; x_wconf 87' lang='lat' dir='ltr'><strong>discrepans</strong></span> <span class='ocrx_word' id='word_1_550' title='bbox 1650 4355 2017 4427; x_wconf 84' lang='lat' dir='ltr'><strong>approximat,</strong></span> <span class='ocrx_word' id='word_1_551' title='bbox 2054 4368 2178 4423; x_wconf 73' lang='lat' dir='ltr'><strong>qua:</strong></span> 
     </span>
    </p>
   </div>
   <div class='ocr_carea' id='block_1_75' title="bbox 592 4444 2177 4509">
    <p class='ocr_par' dir='ltr' id='par_1_75' title="bbox 592 4444 2177 4509">
     <span class='ocr_line' id='line_1_75' title="bbox 592 4444 2177 4509; baseline -0.008 0"><span class='ocrx_word' id='word_1_552' title='bbox 592 4456 757 4509; x_wconf 86' lang='lat' dir='ltr'><strong>etiam</strong></span> <span class='ocrx_word' id='word_1_553' title='bbox 794 4452 1100 4508; x_wconf 85' lang='lat' dir='ltr'><strong>seminibus</strong></span> <span class='ocrx_word' id='word_1_554' title='bbox 1130 4450 1390 4503; x_wconf 83' lang='lat' dir='ltr'><strong>vescitur.</strong></span> <span class='ocrx_word' id='word_1_555' title='bbox 1438 4448 1572 4502; x_wconf 88' lang='lat' dir='ltr'><strong>Nam</strong></span> <span class='ocrx_word' id='word_1_556' title='bbox 1604 4446 1820 4502; x_wconf 83' lang='lat' dir='ltr'><strong>lructns</strong></span> <span class='ocrx_word' id='word_1_557' title='bbox 1871 4462 1936 4500; x_wconf 81' lang='lat' dir='ltr'><strong>ex</strong></span> <span class='ocrx_word' id='word_1_558' title='bbox 1966 4444 2177 4499; x_wconf 87' lang='lat' dir='ltr'><strong>arbori-</strong></span> 
     </span>
    </p>
   </div>
   <div class='ocr_carea' id='block_1_76' title="bbox 592 4537 2172 4608">
    <p class='ocr_par' dir='ltr' id='par_1_76' title="bbox 592 4537 2172 4608">
     <span class='ocr_line' id='line_1_76' title="bbox 592 4537 2172 4608; baseline -0.009 -4"><span class='ocrx_word' id='word_1_559' title='bbox 592 4549 699 4604; x_wconf 88' lang='lat' dir='ltr'><strong>bus</strong></span> <span class='ocrx_word' id='word_1_560' title='bbox 729 4543 1043 4603; x_wconf 83' lang='lat' dir='ltr'><strong>decidentes</strong></span> <span class='ocrx_word' id='word_1_561' title='bbox 1072 4541 1389 4605; x_wconf 91' lang='lat' dir='ltr'><strong>comedunt,</strong></span> <span class='ocrx_word' id='word_1_562' title='bbox 1446 4540 1609 4594; x_wconf 89' lang='lat' dir='ltr'><strong>etiam</strong></span> <span class='ocrx_word' id='word_1_563' title='bbox 1660 4548 1904 4608; x_wconf 86' lang='lat' dir='ltr'><strong>tempore</strong></span> <span class='ocrx_word' id='word_1_564' title='bbox 1945 4537 2172 4591; x_wconf 73' lang='lat' dir='ltr'><strong>zestatis.</strong></span> 
     </span>
    </p>
   </div>
   <div class='ocr_carea' id='block_1_77' title="bbox 2276 3413 3855 3488">
    <p class='ocr_par' dir='ltr' id='par_1_77' title="bbox 2276 3413 3855 3488">
     <span class='ocr_line' id='line_1_77' title="bbox 2276 3413 3855 3488; baseline -0.001 -18"><span class='ocrx_word' id='word_1_565' title='bbox 2276 3416 2378 3481; x_wconf 77' lang='grc' dir='ltr'>τὰς</span> <span class='ocrx_word' id='word_1_566' title='bbox 2398 3415 2686 3488; x_wconf 82' lang='grc' dir='ltr'>λιμνώδεις</span> <span class='ocrx_word' id='word_1_567' title='bbox 2708 3414 2979 3487; x_wconf 81' lang='grc' dir='ltr'>ὑγρασίας</span> <span class='ocrx_word' id='word_1_568' title='bbox 3000 3413 3300 3468; x_wconf 87' lang='grc' dir='ltr'>ἀπελθόντα</span> <span class='ocrx_word' id='word_1_569' title='bbox 3318 3415 3434 3467; x_wconf 79' lang='grc' dir='ltr'>ἐκεῖ</span> <span class='ocrx_word' id='word_1_570' title='bbox 3451 3413 3634 3486; x_wconf 83' lang='grc' dir='ltr'>μένειν</span> <span class='ocrx_word' id='word_1_571' title='bbox 3651 3417 3855 3485; x_wconf 82' lang='grc' dir='ltr'>ἀφανῆ.</span> 
     </span>
    </p>
   </div>
   <div class='ocr_carea' id='block_1_78' title="bbox 2290 3502 3859 3579">
    <p class='ocr_par' dir='ltr' id='par_1_78' title="bbox 2290 3502 3859 3579">
     <span class='ocr_line' id='line_1_78' title="bbox 2290 3502 2880 3533; baseline -0.005 -4"><span class='ocrx_word' id='word_1_572' title='bbox 2290 3508 2303 3529; x_wconf 75' lang='grc' dir='ltr'>ο</span> <span class='ocrx_word' id='word_1_573' title='bbox 2395 3511 2411 3533; x_wconf 72' lang='grc' dir='ltr'><strong>ν</strong></span> <span class='ocrx_word' id='word_1_574' title='bbox 2476 3502 2503 3526; x_wconf 75' lang='grc' dir='ltr'>τ</span> <span class='ocrx_word' id='word_1_575' title='bbox 2865 3506 2880 3519; x_wconf 60' lang='grc'>⁸</span> 
     </span>
     <span class='ocr_line' id='line_1_79' title="bbox 2308 3506 3859 3579; baseline -0.001 -18"><span class='ocrx_word' id='word_1_576' title='bbox 2308 3510 2393 3579; x_wconf 80' lang='grc' dir='ltr'>Υφ</span> <span class='ocrx_word' id='word_1_577' title='bbox 2469 3527 2543 3563; x_wconf 91' lang='grc' dir='ltr'>ων</span> <span class='ocrx_word' id='word_1_578' title='bbox 2608 3509 2704 3563; x_wconf 75' lang='grc' dir='ltr'><strong>καὶ</strong></span> <span class='ocrx_word' id='word_1_579' title='bbox 2760 3509 2810 3561; x_wconf 74' lang='grc' dir='ltr'><strong>οἱ</strong></span> <span class='ocrx_word' id='word_1_580' title='bbox 2866 3506 3077 3571; x_wconf 80' lang='grc' dir='ltr'>Λέοντες</span> <span class='ocrx_word' id='word_1_581' title='bbox 3106 3506 3504 3574; x_wconf 76' lang='grc' dir='ltr'>ὲκτοπίζονται,</span> <span class='ocrx_word' id='word_1_582' title='bbox 3561 3508 3655 3578; x_wconf 81' lang='grc' dir='ltr'><strong>οὐχ</strong></span> <span class='ocrx_word' id='word_1_583' title='bbox 3688 3507 3859 3571; x_wconf 74' lang='grc' dir='ltr'>οὕτως</span> 
     </span>
    </p>
   </div>
   <div class='ocr_carea' id='block_1_79' title="bbox 2278 3596 3861 3671">
    <p class='ocr_par' dir='ltr' id='par_1_79' title="bbox 2278 3596 3861 3671">
     <span class='ocr_line' id='line_1_80' title="bbox 2278 3596 3861 3671; baseline -0.001 -18"><span class='ocrx_word' id='word_1_584' title='bbox 2278 3600 2383 3654; x_wconf 86' lang='grc' dir='ltr'><strong>ὑπὸ</strong></span> <span class='ocrx_word' id='word_1_585' title='bbox 2432 3600 2528 3654; x_wconf 88' lang='grc' dir='ltr'><strong>τοῦ</strong></span> <span class='ocrx_word' id='word_1_586' title='bbox 2570 3598 2781 3670; x_wconf 87' lang='grc' dir='ltr'>δηγμοῦ</span> <span class='ocrx_word' id='word_1_587' title='bbox 2830 3596 3235 3668; x_wconf 67' lang='grc' dir='ltr'>δηλούμενοιοθ,</span> <span class='ocrx_word' id='word_1_588' title='bbox 3300 3598 3500 3671; x_wconf 87' lang='grc' dir='ltr'>καίπερ</span> <span class='ocrx_word' id='word_1_589' title='bbox 3547 3599 3703 3662; x_wconf 65' lang='lat' dir='ltr'><strong>bino;</strong></span> <span class='ocrx_word' id='word_1_590' title='bbox 3757 3601 3861 3651; x_wconf 75' lang='grc' dir='ltr'><strong>ὲπο</strong></span> 
     </span>
    </p>
   </div>
   <div class='ocr_carea' id='block_1_80' title="bbox 2279 3686 3858 3763">
    <p class='ocr_par' dir='ltr' id='par_1_80' title="bbox 2279 3686 3858 3763">
     <span class='ocr_line' id='line_1_81' title="bbox 2279 3686 3858 3763; baseline -0.001 -18"><span class='ocrx_word' id='word_1_591' title='bbox 2279 3691 2504 3763; x_wconf 86' lang='grc' dir='ltr'>αχθοῦς,</span> <span class='ocrx_word' id='word_1_592' title='bbox 2538 3691 2613 3755; x_wconf 88' lang='grc' dir='ltr'>ὡς</span> <span class='ocrx_word' id='word_1_593' title='bbox 2642 3691 2733 3744; x_wconf 81' lang='grc' dir='ltr'><strong>τὸν</strong></span> <span class='ocrx_word' id='word_1_594' title='bbox 2761 3691 2869 3744; x_wconf 84' lang='grc' dir='ltr'><strong>ὑπὸ</strong></span> <span class='ocrx_word' id='word_1_595' title='bbox 2896 3691 2995 3759; x_wconf 76' lang='grc' dir='ltr'>τῆς</span> <span class='ocrx_word' id='word_1_596' title='bbox 3024 3690 3208 3759; x_wconf 82' lang='grc' dir='ltr'>φωνῆς</span> <span class='ocrx_word' id='word_1_597' title='bbox 3232 3686 3364 3762; x_wconf 82' lang='grc' dir='ltr'><strong>ἦχον</strong></span> <span class='ocrx_word' id='word_1_598' title='bbox 3397 3691 3695 3760; x_wconf 83' lang='grc' dir='ltr'>ἀλλόφυλον</span> <span class='ocrx_word' id='word_1_599' title='bbox 3725 3692 3858 3745; x_wconf 81' lang='grc' dir='ltr'>ἀδυ-</span> 
     </span>
    </p>
   </div>
   <div class='ocr_carea' id='block_1_81' title="bbox 2279 3782 3858 3855">
    <p class='ocr_par' dir='ltr' id='par_1_81' title="bbox 2279 3782 3858 3855">
     <span class='ocr_line' id='line_1_82' title="bbox 2279 3782 3858 3855; baseline -0.001 -17"><span class='ocrx_word' id='word_1_600' title='bbox 2279 3783 2569 3847; x_wconf 88' lang='grc' dir='ltr'>νατοῦντες</span> <span class='ocrx_word' id='word_1_601' title='bbox 2617 3784 2825 3855; x_wconf 84' lang='grc' dir='ltr'><strong>φέρειν.</strong></span> <span class='ocrx_word' id='word_1_602' title='bbox 2870 3783 3031 3836; x_wconf 85' lang='grc' dir='ltr'>Ἀλλὰ</span> <span class='ocrx_word' id='word_1_603' title='bbox 3060 3782 3235 3837; x_wconf 85' lang='grc' dir='ltr'>ταῦτα</span> <span class='ocrx_word' id='word_1_604' title='bbox 3266 3783 3364 3854; x_wconf 83' lang='grc' dir='ltr'>μὲν</span> <span class='ocrx_word' id='word_1_605' title='bbox 3398 3784 3727 3855; x_wconf 84' lang='grc' dir='ltr'>ἀπηγγέλθω</span> <span class='ocrx_word' id='word_1_606' title='bbox 3763 3785 3858 3839; x_wconf 89' lang='grc' dir='ltr'><strong>τοῦ</strong></span> 
     </span>
    </p>
   </div>
   <div class='ocr_carea' id='block_1_82' title="bbox 2280 3877 3859 3952">
    <p class='ocr_par' dir='ltr' id='par_1_82' title="bbox 2280 3877 3859 3952">
     <span class='ocr_line' id='line_1_83' title="bbox 2280 3877 3859 3952; baseline 0 -19"><span class='ocrx_word' id='word_1_607' title='bbox 2280 3880 2590 3952; x_wconf 81' lang='grc' dir='ltr'>παραδόξου</span> <span class='ocrx_word' id='word_1_608' title='bbox 2640 3878 2801 3950; x_wconf 90' lang='grc' dir='ltr'>χάριν</span> <span class='ocrx_word' id='word_1_609' title='bbox 2824 3893 2837 3908; x_wconf 84' lang='grc'><em>’</em></span> <span class='ocrx_word' id='word_1_610' title='bbox 2871 3878 2925 3931; x_wconf 87' lang='grc' dir='ltr'>τί</span> <span class='ocrx_word' id='word_1_611' title='bbox 2969 3879 3079 3947; x_wconf 87' lang='grc' dir='ltr'>γὰρ</span> <span class='ocrx_word' id='word_1_612' title='bbox 3126 3877 3402 3950; x_wconf 86' lang='grc' dir='ltr'>ίδιώτερον</span> <span class='ocrx_word' id='word_1_613' title='bbox 3439 3881 3471 3951; x_wconf 76' lang='grc' dir='ltr'>ἢ</span> <span class='ocrx_word' id='word_1_614' title='bbox 3509 3881 3726 3944; x_wconf 82' lang='grc' dir='ltr'>λέοντας</span> <span class='ocrx_word' id='word_1_615' title='bbox 3761 3880 3859 3951; x_wconf 82' lang='grc' dir='ltr'><strong>μὲν</strong></span> 
     </span>
    </p>
   </div>
   <div class='ocr_carea' id='block_1_83' title="bbox 2278 3969 3853 4044">
    <p class='ocr_par' dir='ltr' id='par_1_83' title="bbox 2278 3969 3853 4044">
     <span class='ocr_line' id='line_1_84' title="bbox 2278 3969 3853 4044; baseline 0.002 -20"><span class='ocrx_word' id='word_1_616' title='bbox 2278 3973 2549 4044; x_wconf 79' lang='grc' dir='ltr'>ἐκχωρεῖν</span> <span class='ocrx_word' id='word_1_617' title='bbox 2602 3969 2880 4042; x_wconf 80' lang='grc' dir='ltr'>κώνωψιν,</span> <span class='ocrx_word' id='word_1_618' title='bbox 2930 3969 3256 4042; x_wconf 87' lang='grc' dir='ltr'>ἀνθρώπους</span> <span class='ocrx_word' id='word_1_619' title='bbox 3306 3971 3365 4025; x_wconf 83' lang='grc' dir='ltr'>δὲ</span> <span class='ocrx_word' id='word_1_620' title='bbox 3421 3971 3690 4037; x_wconf 77' lang='grc' dir='ltr'>σώζεσθαι</span> <span class='ocrx_word' id='word_1_621' title='bbox 3748 3974 3853 4027; x_wconf 84' lang='grc' dir='ltr'>ὑπὸ</span> 
     </span>
    </p>
   </div>
   <div class='ocr_carea' id='block_1_84' title="bbox 2279 4061 2839 4129">
    <p class='ocr_par' dir='ltr' id='par_1_84' title="bbox 2279 4061 2839 4129">
     <span class='ocr_line' id='line_1_85' title="bbox 2279 4061 2839 4129; baseline -0.002 -13"><span class='ocrx_word' id='word_1_622' title='bbox 2279 4061 2523 4118; x_wconf 86' lang='grc' dir='ltr'>τοιούτου</span> <span class='ocrx_word' id='word_1_623' title='bbox 2558 4061 2803 4115; x_wconf 89' lang='grc' dir='ltr'>κινδύνου</span> <span class='ocrx_word' id='word_1_624' title='bbox 2823 4078 2839 4129; x_wconf 86' lang='grc'><strong>;</strong></span> 
     </span>
    </p>
   </div>
   <div class='ocr_carea' id='block_1_85' title="bbox 2352 4156 3862 4228">
    <p class='ocr_par' dir='ltr' id='par_1_85' title="bbox 2352 4156 3862 4228">
     <span class='ocr_line' id='line_1_86' title="bbox 2352 4156 3862 4228; baseline -0.001 -18"><span class='ocrx_word' id='word_1_625' title='bbox 2352 4157 2476 4210; x_wconf 80' lang='grc' dir='ltr'>Ὀτι</span> <span class='ocrx_word' id='word_1_626' title='bbox 2504 4159 2617 4219; x_wconf 86' lang='grc' dir='ltr'>τοῖς</span> <span class='ocrx_word' id='word_1_627' title='bbox 2645 4156 2977 4228; x_wconf 80' lang='grc' dir='ltr'><strong>εἰρημένοις,</strong></span> <span class='ocrx_word' id='word_1_628' title='bbox 3004 4158 3158 4228; x_wconf 81' lang='grc' dir='ltr'>φησὶ,</span> <span class='ocrx_word' id='word_1_629' title='bbox 3183 4159 3244 4212; x_wconf 86' lang='grc' dir='ltr'>τὸ</span> <span class='ocrx_word' id='word_1_630' title='bbox 3273 4157 3381 4211; x_wconf 83' lang='grc' dir='ltr'>τῶν</span> <span class='ocrx_word' id='word_1_631' title='bbox 3414 4156 3733 4228; x_wconf 80' lang='grc' dir='ltr'>’Υλοφάγων</span> <span class='ocrx_word' id='word_1_632' title='bbox 3768 4158 3862 4211; x_wconf 82' lang='grc' dir='ltr'><strong>καὶ</strong></span> 
     </span>
    </p>
   </div>
   <div class='ocr_carea' id='block_1_86' title="bbox 2278 4249 3861 4322">
    <p class='ocr_par' dir='ltr' id='par_1_86' title="bbox 2278 4249 3861 4322">
     <span class='ocr_line' id='line_1_87' title="bbox 2278 4249 3861 4322; baseline 0.001 -20"><span class='ocrx_word' id='word_1_633' title='bbox 2278 4249 2387 4303; x_wconf 87' lang='grc' dir='ltr'>τῶν</span> <span class='ocrx_word' id='word_1_634' title='bbox 2421 4249 2490 4302; x_wconf 81' lang='grc' dir='ltr'><strong>τὰ</strong></span> <span class='ocrx_word' id='word_1_635' title='bbox 2522 4249 2817 4321; x_wconf 82' lang='grc' dir='ltr'>σπέρματα</span> <span class='ocrx_word' id='word_1_636' title='bbox 2870 4250 3206 4321; x_wconf 81' lang='grc' dir='ltr'>σιτουμένων</span> <span class='ocrx_word' id='word_1_637' title='bbox 3236 4251 3447 4322; x_wconf 76' lang='grc' dir='ltr'>ἐγγίζει</span> <span class='ocrx_word' id='word_1_638' title='bbox 3488 4253 3643 4319; x_wconf 82' lang='grc' dir='ltr'>γένος</span> <span class='ocrx_word' id='word_1_639' title='bbox 3666 4292 3681 4315; x_wconf 94' lang='grc'><strong>,</strong></span> <span class='ocrx_word' id='word_1_640' title='bbox 3726 4253 3861 4322; x_wconf 84' lang='grc' dir='ltr'>βρα-</span> 
     </span>
    </p>
   </div>
   <div class='ocr_carea' id='block_1_87' title="bbox 2279 4340 3864 4414">
    <p class='ocr_par' dir='ltr' id='par_1_87' title="bbox 2279 4340 3864 4414">
     <span class='ocr_line' id='line_1_88' title="bbox 2279 4340 3864 4414; baseline 0.001 -20"><span class='ocrx_word' id='word_1_641' title='bbox 2279 4343 2433 4412; x_wconf 85' lang='grc' dir='ltr'>χεῖαν</span> <span class='ocrx_word' id='word_1_642' title='bbox 2483 4340 2605 4411; x_wconf 78' lang='grc' dir='ltr'><strong>ἔχον</strong></span> <span class='ocrx_word' id='word_1_643' title='bbox 2652 4344 2750 4412; x_wconf 77' lang='grc' dir='ltr'>τὴν</span> <span class='ocrx_word' id='word_1_644' title='bbox 2793 4341 3174 4414; x_wconf 87' lang='grc' dir='ltr'><strong>παραλλαγήν.</strong></span> <span class='ocrx_word' id='word_1_645' title='bbox 3220 4345 3283 4397; x_wconf 76' lang='lat' dir='ltr'><strong>Oi</strong></span> <span class='ocrx_word' id='word_1_646' title='bbox 3337 4344 3439 4413; x_wconf 81' lang='grc' dir='ltr'><strong>μὲν</strong></span> <span class='ocrx_word' id='word_1_647' title='bbox 3485 4344 3596 4414; x_wconf 85' lang='grc' dir='ltr'>γὰρ</span> <span class='ocrx_word' id='word_1_648' title='bbox 3644 4344 3737 4397; x_wconf 81' lang='grc' dir='ltr'><strong>τὸν</strong></span> <span class='ocrx_word' id='word_1_649' title='bbox 3774 4344 3864 4396; x_wconf 83' lang='grc' dir='ltr'><strong>πί-</strong></span> 
     </span>
    </p>
   </div>
   <div class='ocr_carea' id='block_1_88' title="bbox 2280 4435 3864 4509">
    <p class='ocr_par' dir='ltr' id='par_1_88' title="bbox 2280 4435 3864 4509">
     <span class='ocr_line' id='line_1_89' title="bbox 2280 4435 3864 4509; baseline -0.001 -19"><span class='ocrx_word' id='word_1_650' title='bbox 2280 4452 2482 4490; x_wconf 84' lang='grc' dir='ltr'>πτοντα</span> <span class='ocrx_word' id='word_1_651' title='bbox 2508 4435 2719 4505; x_wconf 81' lang='grc' dir='ltr'>καρπὸν</span> <span class='ocrx_word' id='word_1_652' title='bbox 2750 4437 2859 4489; x_wconf 73' lang='grc' dir='ltr'>ἀπὸ</span> <span class='ocrx_word' id='word_1_653' title='bbox 2885 4436 2996 4491; x_wconf 85' lang='grc' dir='ltr'>τῶν</span> <span class='ocrx_word' id='word_1_654' title='bbox 3020 4437 3256 4508; x_wconf 81' lang='grc' dir='ltr'>δένδρων</span> <span class='ocrx_word' id='word_1_655' title='bbox 3284 4437 3562 4491; x_wconf 78' lang='grc' dir='ltr'>σιτοῦνται</span> <span class='ocrx_word' id='word_1_656' title='bbox 3589 4435 3733 4509; x_wconf 74' lang='grc' dir='ltr'>[καὶ]</span> <span class='ocrx_word' id='word_1_657' title='bbox 3758 4436 3864 4489; x_wconf 78' lang='grc' dir='ltr'>ὑπὸ</span> 
     </span>
    </p>
   </div>
   <div class='ocr_carea' id='block_1_89' title="bbox 2279 4528 3863 4601">
    <p class='ocr_par' dir='ltr' id='par_1_89' title="bbox 2279 4528 3863 4601">
     <span class='ocr_line' id='line_1_90' title="bbox 2279 4528 3863 4601; baseline -0.001 -19"><span class='ocrx_word' id='word_1_658' title='bbox 2279 4529 2379 4600; x_wconf 78' lang='grc' dir='ltr'>τὴν</span> <span class='ocrx_word' id='word_1_659' title='bbox 2410 4529 2651 4600; x_wconf 89' lang='grc' dir='ltr'>θερείαν,</span> <span class='ocrx_word' id='word_1_660' title='bbox 2686 4529 2747 4582; x_wconf 78' lang='grc' dir='ltr'><strong>τὸ</strong></span> <span class='ocrx_word' id='word_1_661' title='bbox 2772 4529 2831 4581; x_wconf 84' lang='grc' dir='ltr'>δὲ</span> <span class='ocrx_word' id='word_1_662' title='bbox 2863 4529 3049 4583; x_wconf 82' lang='grc' dir='ltr'>λοιπὸν</span> <span class='ocrx_word' id='word_1_663' title='bbox 3093 4528 3195 4601; x_wconf 83' lang='grc' dir='ltr'>τῆς</span> <span class='ocrx_word' id='word_1_664' title='bbox 3242 4529 3380 4594; x_wconf 88' lang='grc' dir='ltr'>πόας</span> <span class='ocrx_word' id='word_1_665' title='bbox 3423 4529 3719 4583; x_wconf 72' lang='grc' dir='ltr'>ἀπτονταιί</span> <span class='ocrx_word' id='word_1_666' title='bbox 3760 4529 3863 4598; x_wconf 85' lang='grc' dir='ltr'><strong>τῆς</strong></span> 
     </span>
    </p>
   </div>
   <div class='ocr_carea' id='block_1_90' title="bbox 593 4613 2166 4704">
    <p class='ocr_par' dir='ltr' id='par_1_90' title="bbox 593 4629 2166 4704">
     <span class='ocr_line' id='line_1_91' title="bbox 593 4629 2166 4704; baseline -0.009 -7"><span class='ocrx_word' id='word_1_667' title='bbox 593 4642 745 4697; x_wconf 88' lang='lat' dir='ltr'><strong>Alias</strong></span> <span class='ocrx_word' id='word_1_668' title='bbox 772 4639 996 4695; x_wconf 86' lang='lat' dir='ltr'><strong>herbam</strong></span> <span class='ocrx_word' id='word_1_669' title='bbox 1027 4636 1349 4704; x_wconf 89' lang='lat' dir='ltr'><strong>decerpunt,</strong></span> <span class='ocrx_word' id='word_1_670' title='bbox 1376 4648 1497 4703; x_wconf 64' lang='lat' dir='ltr'><strong>quae</strong></span> <span class='ocrx_word' id='word_1_671' title='bbox 1543 4632 1597 4686; x_wconf 91' lang='lat' dir='ltr'><strong>in</strong></span> <span class='ocrx_word' id='word_1_672' title='bbox 1630 4631 1909 4685; x_wconf 87' lang='lat' dir='ltr'><strong>umbrosis</strong></span> <span class='ocrx_word' id='word_1_673' title='bbox 1937 4629 2166 4683; x_wconf 89' lang='lat' dir='ltr'><strong>vallibus</strong></span> 
     </span>
    </p>
   </div>
   <div class='ocr_carea' id='block_1_91' title="bbox 2274 4613 3863 4704">
    <p class='ocr_par' dir='ltr' id='par_1_91' title="bbox 2278 4621 3863 4694">
     <span class='ocr_line' id='line_1_92' title="bbox 2278 4621 3863 4694; baseline 0 -21"><span class='ocrx_word' id='word_1_674' title='bbox 2278 4622 2337 4675; x_wconf 82' lang='grc' dir='ltr'><strong>ὲν</strong></span> <span class='ocrx_word' id='word_1_675' title='bbox 2389 4623 2502 4684; x_wconf 87' lang='grc' dir='ltr'>τοῖς</span> <span class='ocrx_word' id='word_1_676' title='bbox 2554 4624 2795 4693; x_wconf 85' lang='grc' dir='ltr'>σκιεροῖς</span> <span class='ocrx_word' id='word_1_677' title='bbox 2821 4621 3018 4689; x_wconf 83' lang='grc' dir='ltr'>ἀγκεσι</span> <span class='ocrx_word' id='word_1_678' title='bbox 3052 4623 3348 4693; x_wconf 86' lang='grc' dir='ltr'>γινομένης</span> <span class='ocrx_word' id='word_1_679' title='bbox 3376 4624 3642 4694; x_wconf 82' lang='grc' dir='ltr'>στερεᾶς¹</span> <span class='ocrx_word' id='word_1_680' title='bbox 3676 4639 3734 4675; x_wconf 89' lang='grc' dir='ltr'><strong>τε</strong></span> <span class='ocrx_word' id='word_1_681' title='bbox 3764 4622 3863 4692; x_wconf 82' lang='grc' dir='ltr'>τὴν</span> 
     </span>
    </p>
   </div>
   <div class='ocr_carea' id='block_1_92' title="bbox 596 4723 2178 4799">
    <p class='ocr_par' dir='ltr' id='par_1_92' title="bbox 596 4723 2178 4799">
     <span class='ocr_line' id='line_1_93' title="bbox 596 4723 2178 4799; baseline -0.009 -9"><span class='ocrx_word' id='word_1_682' title='bbox 596 4733 864 4798; x_wconf 88' lang='lat' dir='ltr'><strong>nascitur,</strong></span> <span class='ocrx_word' id='word_1_683' title='bbox 912 4730 1172 4799; x_wconf 62' lang='lat' dir='ltr'><strong>duraeque</strong></span> <span class='ocrx_word' id='word_1_684' title='bbox 1210 4734 1296 4782; x_wconf 88' lang='lat' dir='ltr'><strong>est</strong></span> <span class='ocrx_word' id='word_1_685' title='bbox 1340 4724 1561 4790; x_wconf 92' lang='lat' dir='ltr'><strong>indolis,</strong></span> <span class='ocrx_word' id='word_1_686' title='bbox 1616 4734 1670 4779; x_wconf 86' lang='lat' dir='ltr'><strong>et</strong></span> <span class='ocrx_word' id='word_1_687' title='bbox 1708 4723 1919 4778; x_wconf 89' lang='lat' dir='ltr'><strong>caulem</strong></span> <span class='ocrx_word' id='word_1_688' title='bbox 1977 4723 2178 4778; x_wconf 89' lang='lat' dir='ltr'><strong>educat</strong></span> 
     </span>
    </p>
   </div>
   <div class='ocr_carea' id='block_1_93' title="bbox 596 4813 2177 4891">
    <p class='ocr_par' dir='ltr' id='par_1_93' title="bbox 596 4813 2177 4891">
     <span class='ocr_line' id='line_1_94' title="bbox 596 4813 2177 4891; baseline -0.008 -10"><span class='ocrx_word' id='word_1_689' title='bbox 596 4824 896 4881; x_wconf 81' lang='lat' dir='ltr'><strong>assimilcm</strong></span> <span class='ocrx_word' id='word_1_690' title='bbox 924 4820 1103 4891; x_wconf 85' lang='lat' dir='ltr'><strong>napis,</strong></span> <span class='ocrx_word' id='word_1_691' title='bbox 1130 4834 1267 4890; x_wconf 88' lang='lat' dir='ltr'><strong>quas</strong></span> <span class='ocrx_word' id='word_1_692' title='bbox 1295 4817 1551 4872; x_wconf 74' lang='lat' dir='ltr'><strong>buniades</strong></span> <span class='ocrx_word' id='word_1_693' title='bbox 1576 4824 1795 4871; x_wconf 88' lang='lat' dir='ltr'><strong>vocant.</strong></span> <span class='ocrx_word' id='word_1_694' title='bbox 1842 4813 1983 4870; x_wconf 80' lang='lat' dir='ltr'><strong>llinc</strong></span> <span class='ocrx_word' id='word_1_695' title='bbox 2015 4814 2177 4884; x_wconf 90' lang='lat' dir='ltr'><strong>quid-</strong></span> 
     </span>
    </p>
   </div>
   <div class='ocr_carea' id='block_1_94' title="bbox 594 4906 2180 4986">
    <p class='ocr_par' dir='ltr' id='par_1_94' title="bbox 594 4906 2180 4986">
     <span class='ocr_line' id='line_1_95' title="bbox 594 4906 2180 4986; baseline -0.007 -15"><span class='ocrx_word' id='word_1_696' title='bbox 594 4916 727 4986; x_wconf 87' lang='lat' dir='ltr'><strong>quid</strong></span> <span class='ocrx_word' id='word_1_697' title='bbox 756 4915 824 4971; x_wconf 91' lang='lat' dir='ltr'><strong>de</strong></span> <span class='ocrx_word' id='word_1_698' title='bbox 846 4913 1073 4967; x_wconf 87' lang='lat' dir='ltr'><strong>materia</strong></span> <span class='ocrx_word' id='word_1_699' title='bbox 1101 4919 1348 4965; x_wconf 90' lang='lat' dir='ltr'><strong>tenerum</strong></span> <span class='ocrx_word' id='word_1_700' title='bbox 1377 4908 1591 4963; x_wconf 83' lang='lat' dir='ltr'><strong>exsistit</strong></span> <span class='ocrx_word' id='word_1_701' title='bbox 1628 4918 1682 4962; x_wconf 88' lang='lat' dir='ltr'><strong>et</strong></span> <span class='ocrx_word' id='word_1_702' title='bbox 1716 4907 1897 4974; x_wconf 91' lang='lat' dir='ltr'><strong>molle,</strong></span> <span class='ocrx_word' id='word_1_703' title='bbox 1933 4906 1993 4961; x_wconf 85' lang='lat' dir='ltr'><strong>ﬁt</strong></span> <span class='ocrx_word' id='word_1_704' title='bbox 2019 4921 2180 4961; x_wconf 90' lang='lat' dir='ltr'><strong>escu-</strong></span> 
     </span>
    </p>
   </div>
   <div class='ocr_carea' id='block_1_95' title="bbox 597 4999 2177 5070">
    <p class='ocr_par' dir='ltr' id='par_1_95' title="bbox 597 4999 2177 5070">
     <span class='ocr_line' id='line_1_96' title="bbox 597 4999 2177 5070; baseline -0.004 -10"><span class='ocrx_word' id='word_1_705' title='bbox 597 5006 827 5060; x_wconf 88' lang='lat' dir='ltr'><strong>lentum.</strong></span> <span class='ocrx_word' id='word_1_706' title='bbox 859 5001 1058 5057; x_wconf 83' lang='lat' dir='ltr'><strong>Noctes</strong></span> <span class='ocrx_word' id='word_1_707' title='bbox 1079 5000 1298 5070; x_wconf 88' lang='lat' dir='ltr'><strong>quidem</strong></span> <span class='ocrx_word' id='word_1_708' title='bbox 1329 5014 1525 5055; x_wconf 88' lang='lat' dir='ltr'><strong>somno</strong></span> <span class='ocrx_word' id='word_1_709' title='bbox 1553 4999 1845 5066; x_wconf 89' lang='lat' dir='ltr'><strong>tribuunt,</strong></span> <span class='ocrx_word' id='word_1_710' title='bbox 1876 5001 1969 5055; x_wconf 90' lang='lat' dir='ltr'><strong>sed</strong></span> <span class='ocrx_word' id='word_1_711' title='bbox 1994 4999 2177 5054; x_wconf 90' lang='lat' dir='ltr'><strong>locum</strong></span> 
     </span>
    </p>
   </div>
   <div class='ocr_carea' id='block_1_96' title="bbox 597 5088 2182 5164">
    <p class='ocr_par' dir='ltr' id='par_1_96' title="bbox 597 5088 2182 5164">
     <span class='ocr_line' id='line_1_97' title="bbox 597 5088 2182 5164; baseline -0.003 -15"><span class='ocrx_word' id='word_1_712' title='bbox 597 5093 861 5164; x_wconf 89' lang='lat' dir='ltr'><strong>deligunt,</strong></span> <span class='ocrx_word' id='word_1_713' title='bbox 909 5092 1003 5162; x_wconf 90' lang='lat' dir='ltr'><strong>qni</strong></span> <span class='ocrx_word' id='word_1_714' title='bbox 1052 5100 1242 5147; x_wconf 89' lang='lat' dir='ltr'><strong>contra</strong></span> <span class='ocrx_word' id='word_1_715' title='bbox 1272 5089 1482 5144; x_wconf 89' lang='lat' dir='ltr'><strong>belluas</strong></span> <span class='ocrx_word' id='word_1_716' title='bbox 1517 5088 1708 5143; x_wconf 80' lang='lat' dir='ltr'><strong>ﬁrmus</strong></span> <span class='ocrx_word' id='word_1_717' title='bbox 1759 5090 1906 5143; x_wconf 90' lang='lat' dir='ltr'><strong>sitet</strong></span> <span class='ocrx_word' id='word_1_718' title='bbox 1935 5088 2182 5144; x_wconf 85' lang='lat' dir='ltr'><strong>excubiis</strong></span> 
     </span>
    </p>
   </div>
   <div class='ocr_carea' id='block_1_97' title="bbox 598 5179 2180 5255">
    <p class='ocr_par' dir='ltr' id='par_1_97' title="bbox 598 5179 2180 5255">
     <span class='ocr_line' id='line_1_98' title="bbox 598 5179 2180 5255; baseline -0.003 -15"><span class='ocrx_word' id='word_1_719' title='bbox 598 5194 778 5255; x_wconf 79' lang='lat' dir='ltr'><strong>aptus.</strong></span> <span class='ocrx_word' id='word_1_720' title='bbox 842 5183 1001 5239; x_wconf 85' lang='lat' dir='ltr'><strong>Mane</strong></span> <span class='ocrx_word' id='word_1_721' title='bbox 1072 5198 1238 5254; x_wconf 90' lang='lat' dir='ltr'><strong>quam</strong></span> <span class='ocrx_word' id='word_1_722' title='bbox 1304 5182 1539 5252; x_wconf 87' lang='lat' dir='ltr'><strong>primum</strong></span> <span class='ocrx_word' id='word_1_723' title='bbox 1600 5179 1684 5236; x_wconf 90' lang='lat' dir='ltr'><strong>sol</strong></span> <span class='ocrx_word' id='word_1_724' title='bbox 1748 5182 1996 5251; x_wconf 85' lang='lat' dir='ltr'><strong>emergit,</strong></span> <span class='ocrx_word' id='word_1_725' title='bbox 2053 5196 2180 5235; x_wconf 90' lang='lat' dir='ltr'><strong>cum</strong></span> 
     </span>
    </p>
   </div>
   <div class='ocr_carea' id='block_1_98' title="bbox 600 5273 2179 5340">
    <p class='ocr_par' dir='ltr' id='par_1_98' title="bbox 600 5273 2179 5340">
     <span class='ocr_line' id='line_1_99' title="bbox 600 5273 2179 5340; baseline -0.001 -10"><span class='ocrx_word' id='word_1_726' title='bbox 600 5278 785 5334; x_wconf 88' lang='lat' dir='ltr'><strong>liberis</strong></span> <span class='ocrx_word' id='word_1_727' title='bbox 813 5288 867 5334; x_wconf 92' lang='lat' dir='ltr'><strong>et</strong></span> <span class='ocrx_word' id='word_1_728' title='bbox 910 5278 1176 5333; x_wconf 80' lang='lat' dir='ltr'><strong>uxoribus</strong></span> <span class='ocrx_word' id='word_1_729' title='bbox 1215 5276 1442 5331; x_wconf 85' lang='lat' dir='ltr'><strong>arbores</strong></span> <span class='ocrx_word' id='word_1_730' title='bbox 1487 5276 1727 5331; x_wconf 85' lang='lat' dir='ltr'><strong>universi</strong></span> <span class='ocrx_word' id='word_1_731' title='bbox 1778 5273 2179 5340; x_wconf 87' lang='lat' dir='ltr'><strong>conscendunt,</strong></span> 
     </span>
    </p>
   </div>
   <div class='ocr_carea' id='block_1_99' title="bbox 675 5473 1142 5530">
    <p class='ocr_par' dir='ltr' id='par_1_99' title="bbox 675 5473 1142 5530">
     <span class='ocr_line' id='line_1_100' title="bbox 675 5473 1142 5530; baseline 0 -2"><span class='ocrx_word' id='word_1_732' title='bbox 675 5476 691 5516; x_wconf 75' lang='grc' dir='ltr'><strong><em>ἱ</em></strong></span> <span class='ocrx_word' id='word_1_733' title='bbox 732 5473 814 5528; x_wconf 76' lang='grc' dir='ltr'><strong>ΑΙ.</strong></span> <span class='ocrx_word' id='word_1_734' title='bbox 847 5474 1142 5530; x_wconf 62' lang='lat' dir='ltr'><strong>Caniculae.</strong></span> 
     </span>
    </p>
   </div>
   <div class='ocr_carea' id='block_1_100' title="bbox 2281 4713 3865 4787">
    <p class='ocr_par' dir='ltr' id='par_1_100' title="bbox 2281 4713 3865 4787">
     <span class='ocr_line' id='line_1_101' title="bbox 2281 4713 3865 4787; baseline 0 -19"><span class='ocrx_word' id='word_1_735' title='bbox 2281 4713 2445 4784; x_wconf 84' lang='grc' dir='ltr'>φύσιν</span> <span class='ocrx_word' id='word_1_736' title='bbox 2474 4714 2568 4768; x_wconf 79' lang='grc' dir='ltr'>καὶ</span> <span class='ocrx_word' id='word_1_737' title='bbox 2608 4714 2810 4768; x_wconf 85' lang='grc' dir='ltr'>καυλὸν</span> <span class='ocrx_word' id='word_1_738' title='bbox 2843 4714 3222 4786; x_wconf 82' lang='grc' dir='ltr'>ὲκτρεφούσης</span> <span class='ocrx_word' id='word_1_739' title='bbox 3269 4715 3571 4787; x_wconf 90' lang='grc' dir='ltr'>παρόμοιον</span> <span class='ocrx_word' id='word_1_740' title='bbox 3597 4716 3715 4779; x_wconf 89' lang='grc' dir='ltr'>ταῖς</span> <span class='ocrx_word' id='word_1_741' title='bbox 3764 4732 3865 4768; x_wconf 85' lang='grc' dir='ltr'>κα-</span> 
     </span>
    </p>
   </div>
   <div class='ocr_carea' id='block_1_101' title="bbox 2278 4806 3865 4881">
    <p class='ocr_par' dir='ltr' id='par_1_101' title="bbox 2278 4806 3865 4881">
     <span class='ocr_line' id='line_1_102' title="bbox 2278 4806 3865 4881; baseline -0.001 -20"><span class='ocrx_word' id='word_1_742' title='bbox 2278 4808 2566 4879; x_wconf 83' lang='grc' dir='ltr'>λουμέναις</span> <span class='ocrx_word' id='word_1_743' title='bbox 2578 4807 2918 4873; x_wconf 80' lang='grc' dir='ltr'>βουνιάσιν</span> <span class='ocrx_word' id='word_1_744' title='bbox 2934 4825 2948 4839; x_wconf 76' lang='grc' dir='ltr'><strong><em>ο</em></strong></span> <span class='ocrx_word' id='word_1_745' title='bbox 2979 4810 3029 4862; x_wconf 81' lang='grc' dir='ltr'>οἱ</span> <span class='ocrx_word' id='word_1_746' title='bbox 3055 4808 3112 4861; x_wconf 87' lang='grc' dir='ltr'>δὲ</span> <span class='ocrx_word' id='word_1_747' title='bbox 3133 4808 3234 4879; x_wconf 85' lang='grc' dir='ltr'>τῆς</span> <span class='ocrx_word' id='word_1_748' title='bbox 3260 4806 3393 4880; x_wconf 75' lang='grc' dir='ltr'>ὕλης</span> <span class='ocrx_word' id='word_1_749' title='bbox 3413 4807 3512 4881; x_wconf 79' lang='grc' dir='ltr'>τὴν</span> <span class='ocrx_word' id='word_1_750' title='bbox 3537 4808 3755 4880; x_wconf 78' lang='grc' dir='ltr'>ἁπαλὴν</span> <span class='ocrx_word' id='word_1_751' title='bbox 3784 4824 3865 4860; x_wconf 83' lang='grc' dir='ltr'>σι-</span> 
     </span>
    </p>
   </div>
   <div class='ocr_carea' id='block_1_102' title="bbox 2279 4894 3863 4974">
    <p class='ocr_par' dir='ltr' id='par_1_102' title="bbox 2279 4894 3863 4974">
     <span class='ocr_line' id='line_1_103' title="bbox 2279 4894 3863 4974; baseline -0.001 -20"><span class='ocrx_word' id='word_1_752' title='bbox 2279 4900 2521 4955; x_wconf 87' lang='grc' dir='ltr'>τοῦνται.</span> <span class='ocrx_word' id='word_1_753' title='bbox 2555 4894 2717 4956; x_wconf 75' lang='grc' dir='ltr'>Οὗτοι</span> <span class='ocrx_word' id='word_1_754' title='bbox 2741 4901 2841 4965; x_wconf 82' lang='grc' dir='ltr'><strong>τὰς</strong></span> <span class='ocrx_word' id='word_1_755' title='bbox 2868 4901 2968 4973; x_wconf 83' lang='grc' dir='ltr'><strong>μὲν</strong></span> <span class='ocrx_word' id='word_1_756' title='bbox 2993 4900 3197 4965; x_wconf 89' lang='grc' dir='ltr'>νύκτας</span> <span class='ocrx_word' id='word_1_757' title='bbox 3226 4902 3531 4974; x_wconf 86' lang='grc' dir='ltr'>κοιμῶνται</span> <span class='ocrx_word' id='word_1_758' title='bbox 3562 4902 3726 4955; x_wconf 84' lang='grc' dir='ltr'>τόπον</span> <span class='ocrx_word' id='word_1_759' title='bbox 3753 4900 3863 4954; x_wconf 81' lang='grc' dir='ltr'><strong>ἀπὺ</strong></span> 
     </span>
    </p>
   </div>
   <div class='ocr_carea' id='block_1_103' title="bbox 2280 4992 3866 5066">
    <p class='ocr_par' dir='ltr' id='par_1_103' title="bbox 2280 4992 3866 5066">
     <span class='ocr_line' id='line_1_104' title="bbox 2280 4992 3866 5066; baseline 0.002 -22"><span class='ocrx_word' id='word_1_760' title='bbox 2280 4992 2390 5045; x_wconf 83' lang='grc' dir='ltr'><strong>τῶν</strong></span> <span class='ocrx_word' id='word_1_761' title='bbox 2427 4994 2545 5047; x_wconf 77' lang='grc' dir='ltr'>ἐκεῖ</span> <span class='ocrx_word' id='word_1_762' title='bbox 2592 4993 2805 5065; x_wconf 90' lang='grc' dir='ltr'>θηρίων</span> <span class='ocrx_word' id='word_1_763' title='bbox 2841 4994 2983 5065; x_wconf 82' lang='grc' dir='ltr'>πρὸς</span> <span class='ocrx_word' id='word_1_764' title='bbox 3031 4992 3305 5065; x_wconf 79' lang='grc' dir='ltr'>ὀχύρωσιν</span> <span class='ocrx_word' id='word_1_765' title='bbox 3356 4993 3729 5066; x_wconf 75' lang='grc' dir='ltr'>ἐξειλεγμένοι</span> <span class='ocrx_word' id='word_1_766' title='bbox 3771 4994 3866 5048; x_wconf 74' lang='grc' dir='ltr'><strong>καὶ</strong></span> 
     </span>
    </p>
   </div>
   <div class='ocr_carea' id='block_1_104' title="bbox 2284 5085 3866 5158">
    <p class='ocr_par' dir='ltr' id='par_1_104' title="bbox 2284 5085 3866 5158">
     <span class='ocr_line' id='line_1_105' title="bbox 2284 5085 3866 5158; baseline 0 -20"><span class='ocrx_word' id='word_1_767' title='bbox 2284 5085 2555 5156; x_wconf 83' lang='grc' dir='ltr'>φυλακὴν,</span> <span class='ocrx_word' id='word_1_768' title='bbox 2609 5086 2727 5157; x_wconf 74' lang='grc' dir='ltr'>ἅμα</span> <span class='ocrx_word' id='word_1_769' title='bbox 2758 5086 2816 5139; x_wconf 83' lang='grc' dir='ltr'>δὲ</span> <span class='ocrx_word' id='word_1_770' title='bbox 2850 5087 2987 5158; x_wconf 81' lang='grc' dir='ltr'>ἡλίῳ</span> <span class='ocrx_word' id='word_1_771' title='bbox 3026 5088 3164 5157; x_wconf 88' lang='grc' dir='ltr'><strong>μετά</strong></span> <span class='ocrx_word' id='word_1_772' title='bbox 3207 5086 3413 5143; x_wconf 83' lang='grc' dir='ltr'>τέκνων</span> <span class='ocrx_word' id='word_1_773' title='bbox 3445 5087 3540 5142; x_wconf 80' lang='grc' dir='ltr'><strong>καὶ</strong></span> <span class='ocrx_word' id='word_1_774' title='bbox 3588 5086 3866 5156; x_wconf 84' lang='grc' dir='ltr'>γυναικῶν</span> 
     </span>
    </p>
   </div>
   <div class='ocr_carea' id='block_1_105' title="bbox 2284 5178 3867 5252">
    <p class='ocr_par' dir='ltr' id='par_1_105' title="bbox 2284 5178 3867 5252">
     <span class='ocr_line' id='line_1_106' title="bbox 2284 5178 3867 5252; baseline 0.002 -21"><span class='ocrx_word' id='word_1_775' title='bbox 2284 5178 2379 5231; x_wconf 78' lang='grc' dir='ltr'><strong>ἐπὶ</strong></span> <span class='ocrx_word' id='word_1_776' title='bbox 2403 5179 2473 5233; x_wconf 78' lang='grc' dir='ltr'><strong>τά</strong></span> <span class='ocrx_word' id='word_1_777' title='bbox 2503 5179 2696 5252; x_wconf 84' lang='grc' dir='ltr'>δένδρα</span> <span class='ocrx_word' id='word_1_778' title='bbox 2726 5181 2933 5244; x_wconf 85' lang='grc' dir='ltr'>πάντες</span> <span class='ocrx_word' id='word_1_779' title='bbox 2959 5180 3310 5235; x_wconf 77' lang='grc' dir='ltr'>ἀναϐαίνουσι</span> <span class='ocrx_word' id='word_1_780' title='bbox 3328 5222 3343 5247; x_wconf 95' lang='grc'><strong>,</strong></span> <span class='ocrx_word' id='word_1_781' title='bbox 3376 5182 3582 5249; x_wconf 84' lang='grc' dir='ltr'>σπουδῇ</span> <span class='ocrx_word' id='word_1_782' title='bbox 3630 5181 3867 5234; x_wconf 86' lang='grc' dir='ltr'>καταλα-</span> 
     </span>
    </p>
   </div>
   <div class='ocr_carea' id='block_1_106' title="bbox 2284 5270 3870 5344">
    <p class='ocr_par' dir='ltr' id='par_1_106' title="bbox 2284 5270 3870 5344">
     <span class='ocr_line' id='line_1_107' title="bbox 2284 5270 3870 5344; baseline 0 -20"><span class='ocrx_word' id='word_1_783' title='bbox 2284 5272 2399 5325; x_wconf 79' lang='grc' dir='ltr'>ϐεῖν</span> <span class='ocrx_word' id='word_1_784' title='bbox 2445 5273 2738 5344; x_wconf 85' lang='grc' dir='ltr'>ζητοῦντες</span> <span class='ocrx_word' id='word_1_785' title='bbox 2769 5274 2895 5337; x_wconf 83' lang='grc' dir='ltr'>τοὺς</span> <span class='ocrx_word' id='word_1_786' title='bbox 2924 5272 3129 5343; x_wconf 81' lang='grc' dir='ltr'>ἄκρους</span> <span class='ocrx_word' id='word_1_787' title='bbox 3176 5274 3388 5338; x_wconf 86' lang='grc' dir='ltr'>κλῶνας</span> <span class='ocrx_word' id='word_1_788' title='bbox 3410 5291 3426 5307; x_wconf 79' lang='grc' dir='ltr'><strong>ο</strong></span> <span class='ocrx_word' id='word_1_789' title='bbox 3474 5272 3731 5327; x_wconf 80' lang='grc' dir='ltr'>κάκεῖθεν</span> <span class='ocrx_word' id='word_1_790' title='bbox 3768 5270 3870 5334; x_wconf 79' lang='grc' dir='ltr'><strong>τὴν</strong></span> 
     </span>
    </p>
   </div>
   <div class='ocr_carea' id='block_1_107' title="bbox 1902 5606 2603 5661">
    <p class='ocr_par' dir='ltr' id='par_1_107' title="bbox 1902 5606 2603 5661">
     <span class='ocr_line' id='line_1_108' title="bbox 1902 5606 2603 5661; baseline 0.003 -2"><span class='ocrx_word' id='word_1_791' title='bbox 1902 5607 2141 5661; x_wconf 69' lang='lat' dir='ltr'><strong>VARIA‘I</strong></span> <span class='ocrx_word' id='word_1_792' title='bbox 2198 5606 2490 5660; x_wconf 69' lang='lat' dir='ltr'><strong>LEC&#39;I‘ION</strong></span> <span class='ocrx_word' id='word_1_793' title='bbox 2503 5607 2603 5661; x_wconf 73' lang='lat' dir='ltr'><strong>ES.</strong></span> 
     </span>
    </p>
   </div>
   <div class='ocr_carea' id='block_1_108' title="bbox 705 5748 2507 5823">
    <p class='ocr_par' dir='ltr' id='par_1_108' title="bbox 705 5748 2507 5823">
     <span class='ocr_line' id='line_1_109' title="bbox 705 5748 2507 5823; baseline -0.002 -18"><span class='ocrx_word' id='word_1_794' title='bbox 705 5754 750 5789; x_wconf 81' lang='lat'><strong>&quot;</strong></span> <span class='ocrx_word' id='word_1_795' title='bbox 780 5750 1000 5823; x_wconf 71' lang='grc' dir='ltr'><strong>σφάλλη]</strong></span> <span class='ocrx_word' id='word_1_796' title='bbox 1033 5752 1092 5804; x_wconf 74' lang='grc' dir='ltr'>οὐ</span> <span class='ocrx_word' id='word_1_797' title='bbox 1127 5750 1317 5817; x_wconf 73' lang='grc' dir='ltr'>σφᾱιλλ.</span> <span class='ocrx_word' id='word_1_798' title='bbox 1354 5751 1391 5803; x_wconf 81' lang='grc' dir='ltr'>Β</span> <span class='ocrx_word' id='word_1_799' title='bbox 1421 5761 1473 5805; x_wconf 90' lang='lat' dir='ltr'><strong>et</strong></span> <span class='ocrx_word' id='word_1_800' title='bbox 1505 5764 1582 5804; x_wconf 88' lang='lat' dir='ltr'><strong>rc.</strong></span> <span class='ocrx_word' id='word_1_801' title='bbox 1624 5752 1686 5803; x_wconf 78' lang='grc' dir='ltr'><strong>Α.</strong></span> <span class='ocrx_word' id='word_1_802' title='bbox 1764 5750 1808 5782; x_wconf 74' lang='grc'><strong>’⁸</strong></span> <span class='ocrx_word' id='word_1_803' title='bbox 1840 5748 2124 5821; x_wconf 79' lang='grc' dir='ltr'>εύτυχήσει</span> <span class='ocrx_word' id='word_1_804' title='bbox 2154 5750 2248 5804; x_wconf 75' lang='grc' dir='ltr'>καὶ</span> <span class='ocrx_word' id='word_1_805' title='bbox 2282 5750 2423 5804; x_wconf 82' lang='grc' dir='ltr'>κατά</span> <span class='ocrx_word' id='word_1_806' title='bbox 2450 5768 2507 5815; x_wconf 79' lang='grc' dir='ltr'><strong>ς.</strong></span> 
     </span>
    </p>
   </div>
   <div class='ocr_carea' id='block_1_109' title="bbox 598 5824 1232 5897">
    <p class='ocr_par' dir='ltr' id='par_1_109' title="bbox 598 5824 1232 5897">
     <span class='ocr_line' id='line_1_110' title="bbox 598 5824 1232 5897; baseline -0.005 -19"><span class='ocrx_word' id='word_1_807' title='bbox 598 5824 890 5897; x_wconf 77' lang='grc' dir='ltr'>γινομένην</span> <span class='ocrx_word' id='word_1_808' title='bbox 921 5825 1146 5894; x_wconf 78' lang='grc' dir='ltr'>στερεᾶν</span> <span class='ocrx_word' id='word_1_809' title='bbox 1173 5840 1232 5885; x_wconf 76' lang='grc' dir='ltr'>ς.</span> 
     </span>
    </p>
   </div>
   <div class='ocr_carea' id='block_1_110' title="bbox 2588 5741 3869 5818">
    <p class='ocr_par' dir='ltr' id='par_1_110' title="bbox 2588 5741 3869 5818">
     <span class='ocr_line' id='line_1_111' title="bbox 2588 5741 3869 5818; baseline -0.003 -17"><span class='ocrx_word' id='word_1_810' title='bbox 2588 5749 2632 5781; x_wconf 76' lang='grc'><strong>⁸⁸</strong></span> <span class='ocrx_word' id='word_1_811' title='bbox 2661 5747 2994 5818; x_wconf 84' lang='grc' dir='ltr'>δειλούμενοι</span> <span class='ocrx_word' id='word_1_812' title='bbox 3064 5747 3125 5803; x_wconf 89' lang='grc' dir='ltr'><strong>Β.</strong></span> <span class='ocrx_word' id='word_1_813' title='bbox 3234 5750 3249 5779; x_wconf 86' lang='grc'>¹</span> <span class='ocrx_word' id='word_1_814' title='bbox 3282 5746 3513 5802; x_wconf 74' lang='grc' dir='ltr'>ἅπτεται</span> <span class='ocrx_word' id='word_1_815' title='bbox 3538 5763 3596 5812; x_wconf 82' lang='grc' dir='ltr'>ς.</span> <span class='ocrx_word' id='word_1_816' title='bbox 3698 5745 3719 5777; x_wconf 76' lang='grc'><em>³</em></span> <span class='ocrx_word' id='word_1_817' title='bbox 3750 5741 3869 5814; x_wconf 73' lang='grc' dir='ltr'><strong>τὴνο</strong></span> 
     </span>
    </p>
   </div>
  </div>
