4152 6462
265 413 341 478 45
1401 388 1930 453 BIBLIOTHECA.
1961 417 2031 427 —
2062 391 2227 453 con.
2265 391 2416 454 CCL.
3467 402 3537 467 45

257 509 646 581 ἁπαλωτάτην
688 508 823 581 ὕλην
870 507 1200 580 ἀμέλγοντες
1258 506 1518 578 εὐμαρῶς
1553 502 1847 560 σιτοῦνται.

1991 507 2197 561 tenixe
2241 522 2487 563 summos
2528 509 2745 579 assequi
2780 524 2962 566 ramos
3009 512 3367 573 contendunt.
3404 514 3544 573 Hinc

257 604 550 674 Τοιαύτην
575 602 632 655 δὲ
659 602 725 654 ἐκ
744 600 843 655 τοῦ
867 599 1070 663 παντὸς
1102 598 1219 670 βίου
1252 597 1580 670 πεποίηνται
1601 595 1700 667 τὴν
1721 595 1856 661 ἕξιν,

261 700 413 753 ὥστε
442 697 547 751 καὶ
575 696 645 751 τὰ
668 695 768 764 τῆς
812 694 1126 766 ἀναδρομῆς
1158 692 1389 747 ἄπιστον
1421 690 1566 762 ἔχειν
1593 690 1693 760 τὴν
1731 689 1861 743 θέαν

264 795 361 845 καὶ
414 790 524 861 τὴν
572 787 855 841 συντονίαν
890 786 951 839 οὐ
995 783 1194 856 χειρῶν
1247 783 1408 855 μόνον
1438 784 1534 836 καὶ
1580 779 1861 836 δακτύλων

268 884 365 936 καὶ
422 880 633 943 ποδῶν,
680 877 818 932 ἀλλὰ
864 878 959 931 καὶ
1005 877 1114 931 τῶν
1164 874 1349 947 μερῶν
1390 875 1499 927 τῶν
1552 871 1861 926 ὑπολοίπων

270 974 491 1037 ἁπλῶς.
523 969 897 1042 Μεταπηδῶσι
942 969 1052 1041 γὰρ
1099 970 1350 1039 εὐπόρως
1389 966 1486 1021 ἀπ’
1525 966 1685 1020 ἄλλου
1726 964 1860 1037 πρὸς⁸

269 1068 467 1137 ἕτερον
495 1065 799 1136 ἀκρέμονα,
834 1062 929 1116 καὶ
956 1062 1083 1123 τοὺς
1111 1061 1340 1123 κλάδους
1382 1057 1630 1129 ἀλλήλων
1668 1057 1863 1111 πολλά-

268 1176 362 1221 κις
386 1159 449 1209 ἐν
483 1159 601 1217 τοῖς
631 1152 1123 1223 ἐπισφαλεστάτοις
1149 1151 1333 1213 τόποις
1372 1146 1752 1218 ἀφαιροῦνται,
1773 1147 1865 1198 καὶ

270 1245 512 1303 τοιαῦτα
540 1247 916 1301 ἐνδείκνυνται
941 1245 1084 1300 ὥστε
1114 1242 1206 1297 τὸν
1242 1243 1418 1297 ίδόντα
1448 1240 1610 1294 αὑτὸν
1643 1240 1741 1308 μὲν
1773 1239 1862 1290 ἐκο

273 1341 650 1415 πλήττεσθαι,
700 1339 778 1411 μὴ
810 1339 995 1411 μέντοι
1037 1337 1262 1409 θαρρεῖν
1310 1337 1391 1399 είς
1436 1334 1565 1397 τοὺς
1601 1331 1865 1400 ἀπείρους

275 1432 655 1502 ἐξαγγέλλειν.
695 1431 805 1485 Καὶ
842 1430 1021 1484 πάντα
1066 1428 1124 1481 δὲ
1154 1426 1347 1481 κλάδον
1378 1427 1493 1488 τοῖς
1535 1422 1744 1477 ὀδοῦσιν
1774 1420 1867 1488 ἐγ-

276 1520 439 1593 χυλον
509 1518 949 1590 κατεργάζονται
1007 1517 1107 1572 καὶ
1154 1517 1276 1579 ταῖς
1327 1513 1560 1601 κοιλίαις
1613 1510 1867 1582 εὐπόρως

278 1613 615 1667 πέττουσι³·
653 1612 818 1686 [1555
850 1610 940 1684 IL]
992 1611 1087 1664 καὶ
1117 1609 1177 1663 τὸ
1217 1607 1416 1677 σφαλὲν
1461 1605 1666 1662 ἄνωθεν
1706 1603 1866 1673 σῶμα

278 1708 364 1759 διὰ
384 1705 487 1777 τὴν
521 1706 814 1777 ίσχνέτητα
859 1704 919 1757 οὐ
956 1702 1181 1775 βαρείας
1206 1701 1465 1771 τυγχάνει
1492 1700 1591 1769 τῆς
1623 1695 1863 1768 πληγῆς.

282 1792 444 1852 Οὗτοι
478 1797 538 1850 δὲ
574 1797 776 1868 γυμνοὶ
824 1796 923 1868 μέν
970 1796 1077 1848 εἰσι
1110 1795 1335 1859 πάντες,
1379 1791 1619 1863 χρῶνται
1649 1788 1706 1843 δὲ
1750 1804 1869 1841 κοι-

1965 597 2221 663 decerpta
2245 599 2603 667 virgultarum
2630 601 2943 667 tenerrima,
2968 604 3087 658 sine
3114 603 3335 661 fastidio
3354 607 3544 664 edunt.

1965 685 2209 758 Eamque
2241 706 2306 744 ex
2341 698 2450 744 tota
2478 691 2581 746 sibi
2604 691 2712 745 vita
2739 691 3113 749 habitudinem
3140 709 3551 767 compararunt,

1968 791 2026 835 ut
2056 766 2391 835 incredibilis
2419 784 2490 837 sit
2511 783 2626 838 visa
2655 784 2871 838 illorum
2908 787 2961 839 in
2999 787 3226 844 arbores
3255 766 3549 855 excursus,

1963 882 2018 927 et
2047 874 2186 928 mira
2215 890 2324 928 non
2354 883 2567 930 tantum
2597 892 2887 942 manuum,
2915 877 3211 949 digitorum
3239 892 3295 935 et
3326 882 3544 951 pedum,

1964 966 2058 1021 sed
2103 966 2158 1020 in
2187 966 2502 1023 universum
2537 980 2859 1024 cancrorum
2913 986 3131 1042 quoque
3176 975 3547 1029 membrorum

1964 1060 2261 1113 contentio.
2291 1057 2427 1112 Nam
2458 1061 2710 1131 expedite
2734 1063 2800 1116 de
2827 1077 2979 1117 ramo
3004 1063 3060 1118 in
3091 1079 3304 1119 ramum
3355 1070 3537 1122 transi.

1964 1150 2107 1204 linnt
2138 1189 2154 1215 ,
2233 1160 2288 1205 et
2356 1151 2492 1207 alter
2557 1152 2711 1208 alteri
2762 1156 3043 1224 termites,
3097 1160 3261 1215 etiam
3309 1161 3362 1215 in
3414 1162 3547 1219 locis

1965 1242 2466 1309 periculosissimis,
2512 1245 2718 1314 eripit:
2782 1253 2836 1301 et
2890 1249 2941 1302 id
2993 1265 3165 1318 genus
3214 1253 3319 1308 alia
3355 1265 3544 1309 osten-

1967 1338 2107 1393 tant,
2143 1339 2201 1384 ut
2230 1331 2324 1400 qui
2353 1331 2518 1397 videt,
2550 1332 2666 1402 ipse
2699 1334 2915 1404 quidem
2950 1346 3172 1408 stupore
3221 1343 3549 1410 percellatur

1968 1421 2061 1477 sed
2093 1423 2392 1492 inexpertis
2426 1426 2717 1481 enuntiare
2760 1442 2869 1483 non
2901 1431 3065 1485 ausit.
3101 1430 3213 1488 Nec
3247 1435 3545 1505 quidquam

1968 1514 2177 1570 frondis
2203 1524 2286 1571 est
2319 1518 2471 1573 succi
2515 1518 2758 1587 plenum,
2792 1521 2941 1588 quod
2996 1522 3252 1578 dentibus
3299 1542 3547 1580 commo-

1968 1606 2125 1662 litum
2156 1622 2266 1663 non
2306 1618 2653 1680 concoquant
2682 1612 3023 1668 ventriculis.
3062 1609 3319 1685 Corporis
3342 1632 3408 1672 ex
3438 1618 3549 1672 alte

1970 1697 2177 1769 delapsi
2250 1716 2358 1755 non
2416 1701 2599 1771 gravis
2636 1711 2719 1758 est
2744 1703 2901 1773 plaga
2952 1715 3175 1775 propter
3227 1709 3553 1763 exilitatem.

1972 1790 2257 1849 Nudisunt
2283 1810 2497 1860 omnes,
2526 1796 2947 1867 communisque
2976 1798 3084 1853 illis
3111 1798 3319 1855 sobolis
3349 1810 3403 1854 et
3428 1816 3539 1855 uxo

284 1893 435 1956 νοῖςδ
465 1893 566 1945 καὶ
587 1852 838 1954 ’τέκνοις
884 1890 981 1943 καὶ
1020 1887 1257 1958 γυναιξὶ,
1290 1852 1590 1956 πολεμοῦσι
1637 1882 1694 1935 δὲ
1741 1880 1872 1952 περὶ

1985 1901 2100 1939 rum
2133 1886 2383 1942 educatio
2420 1896 2476 1942 et
2520 1887 2750 1944 fructus.
2802 1888 2888 1944 Fit
2928 1899 2987 1944 ut
3024 1890 3090 1945 de
3139 1891 3274 1946 locis
3322 1892 3464 1948 inter
3503 1909 3563 1949 se

285 1984 396 2036 τῶν
427 1984 614 2036 τόπων
642 1981 961 2053 ἁλλήλοις⁸,
999 1979 1427 2052 μεταλλάττουσι
1458 1976 1516 2029 δὲ
1548 1975 1597 2029 οί
1624 1974 1872 2027 πλεῖστοι

290 2076 432 2148 λιμῷ
451 2076 796 2147 πιεζόμενοι,
819 2073 1237 2145 γλαυκωμάτων
1269 2069 1400 2142 περὶ
1435 2068 1505 2123 τὰ
1531 2068 1871 2139 πεντήκοντα

295 2170 388 2242 ἔτη
415 2171 527 2235 τοῖς
556 2169 802 2241 ὄμμασιν
836 2167 1255 2239 ἐπιτρεχόντων.

542 2304 685 2373 Περὶ
721 2304 843 2358 τῶν
869 2302 1213 2374 λεγομένων
1250 2298 1624 2371 κυνηγετῶν.

382 2414 512 2486 [735
532 2414 621 2486 Ε]
635 2414 761 2468 Ὅτι
796 2412 937 2486 μετὰ
962 2414 1089 2475 τοὺς
1117 2412 1443 2484 εἰρημένους
1474 2410 1615 2463 εἰσὶν
1641 2410 1689 2461 οἱ
1721 2406 1875 2478 παρὰ

319 2509 426 2569 τοῖς
461 2506 738 2577 ἐγχωρίοις
772 2504 1057 2574 λεγόμενοι
1083 2502 1417 2574 Κυνηγέται.
1454 2494 1615 2554 Οὗτοι
1652 2500 1743 2581 διά
1778 2499 1878 2570 τὴν

314 2598 419 2649 τῶν
444 2597 640 2669 θηρίων
670 2596 869 2668 φοράν,
887 2597 954 2665 ἢν
981 2597 1010 2648 ό
1041 2593 1205 2657 τόπος
1226 2592 1459 2648 ἄπλετον
1488 2592 1667 2661 φέρει,
1690 2595 1747 2645 ἐν
1765 2595 1881 2655 τοῖς

307 2689 546 2760 δένδρεσι
579 2689 678 2758 μὲν
714 2687 1028 2759 σκηνοῦσιν,
1055 2685 1116 2751 ἐξ
1141 2685 1363 2755 ἐνέδρας
1384 2684 1442 2738 δὲ
1461 2682 1787 2754 ἀγρεύοντες
1812 2684 1881 2738 τὰ

307 2781 468 2850 θηρία
496 2782 706 2851 τροφὴν
734 2781 953 2842 ἑαυτοῖς
984 2778 1158 2832 ταῦτα
1190 2777 1488 2832 ποιοῦνται.
1521 2778 1641 2830 Εἰσὶ
1670 2778 1764 2829 καὶ
1791 2792 1882 2830 το-

306 2875 451 2939 ξείας
488 2877 877 2946 ἐπιστήμονες.
922 2874 1089 2929 Ἐπὰν
1136 2876 1194 2928 δέ
1238 2876 1414 2946 θήρας
1462 2874 1733 2945 ἀπορῶσι,
1772 2876 1886 2937 τοῖς

304 2963 542 3032 δέρμασι
569 2964 683 3016 τῶν
713 2966 1215 3035 προτεθηραμένων
1256 2965 1355 3035 τὴν
1400 2963 1609 3018 ἔνδειαν
1636 2964 1885 3035 ἀναπλη-

304 3054 482 3123 ροῦσι,
536 3054 827 3125 βρέξαντες
877 3057 976 3120 τὰς
1027 3055 1235 3126 βύρσας
1282 3057 1378 3109 καὶ
1418 3056 1545 3110 sic”
1584 3056 1887 3127 ἀνθρακίαν

303 3143 516 3215 κούφην
546 3146 897 3210 ἐπιϐαλόντες
922 3186 937 3212 ,
970 3142 1093 3200 εἶτα
1119 3145 1472 3210 σποδίσαντες
1502 3147 1597 3200 καὶ
1630 3148 1710 3209 εἰς
1748 3147 1886 3199 διαί-

306 3255 458 3309 ρεσιν
485 3242 598 3310 ἀγα
611 3240 812 3309 τόντες.

664 3444 804 3512 Περὶ
834 3444 953 3498 τῶν
981 3444 1535 3515 Ἐλεφαντοφὰγων.

374 3552 510 3609 Ὅτι
544 3556 683 3624 μετὰ
714 3555 842 3617 τοὺς
876 3556 1219 3626 εἰρημένους,
1246 3554 1382 3608 πολὺ
1406 3554 1614 3606 τούτων
1640 3552 1894 3621 ἀφεστῶ-

302 3661 396 3707 τες
427 3645 527 3699 καὶ
556 3644 693 3716 πρὸς
728 3644 967 3716 ἑσπέραν
1001 3646 1203 3717 μᾶλλον
1234 3644 1640 3707 ἀνατείνοντες,
1680 3644 1817 3696 εἰσὶν
1843 3644 1894 3697 οἳ

309 3739 377 3790 ἐκ
410 3737 512 3805 τῆς
540 3736 649 3790 τῶν
678 3735 988 3806 ἐλεφάντων
1019 3737 1193 3807 θήρας
1218 3738 1309 3791 τὸν
1344 3736 1461 3808 βίον
1490 3736 1796 3791 ποιοῦνται.
1829 3736 1893 3789 υἱ

309 3831 415 3896 μὲν
454 3828 565 3881 ἀπὸ
606 3828 848 3898 δένδρου,
898 3830 985 3899 ἐφ’
1034 3822 1079 3898 ᾦ
1123 3828 1390 3899 κάθηνται
1424 3829 1756 3892 σκοποῦντες
1793 3829 1896 3893 τὰς

307 3921 585 3991 παρόδους
613 3922 723 3975 τῶν
761 3921 991 3993 θηρίων,
1022 3923 1141 3986 ταῖς
1170 3921 1267 3992 μὲν
1297 3922 1456 3993 χερσὶ
1480 3922 1581 3993 τῆς
1608 3921 1775 3993 οὐρᾶς
1802 3920 1897 3974 λα-

309 4012 558 4083 ϐόμενοι,
589 4016 701 4075 τοῖς
734 4015 861 4067 ποσὶ
908 4014 966 4067 δὲ
995 4014 1164 4084 πρὸςτ
1202 4015 1294 4069 τὸν
1323 4014 1498 4086 μηρὸν
1543 4014 1637 4067 τὸν
1682 4014 1898 4085 ἀριστε-

1975 1976 2315 2048 belligerent.
2344 1979 2597 2050 Plerique
2631 1997 2742 2052 pra:
2768 1984 3019 2051 angustia
3049 1982 3212 2040 famis
3238 1986 3403 2039 vitam
3433 2000 3562 2041 cum

1977 2082 2155 2126 morte
2192 2082 2563 2140 commutant,
2590 2076 2808 2144 quando
2854 2075 3192 2144 glaucomata
3237 2078 3322 2146 (ad
3356 2094 3562 2134 annum

1980 2163 2032 2218 id
2076 2164 2591 2234 quinquagesimum
2617 2163 2856 2236 accidit)
2882 2167 3071 2222 oculos
3116 2168 3420 2222 incursant.

1976 2296 2104 2352 CAP.
2130 2296 2323 2352 XXIV.
2375 2298 2450 2352 De
2482 2300 2548 2352 iis
2576 2316 2704 2369 quos
2738 2297 3022 2354 Venatores
3054 2301 3248 2356 incola:
3271 2302 3562 2371 appellant.

2052 2410 2130 2465 De
2162 2411 2481 2466 Venatorum
2510 2423 2681 2483 gente,
2703 2431 2820 2482 qua:
2848 2402 3007 2469 etiam
3034 2417 3192 2471 coriis
3231 2420 3478 2474 vescitur.
3498 2398 3564 2461 -έ-

1981 2503 2116 2561 Post
2155 2506 2266 2571 jam
2316 2505 2649 2575 descriptos,
2680 2518 2806 2561 sunt
2840 2524 2980 2576 quos
3028 2508 3326 2566 Venatores
3372 2513 3567 2568 incola:

1986 2597 2295 2650 nominant.
2321 2596 2387 2649 Hi
2414 2604 2635 2664 propter
2670 2595 2971 2651 bclluarum
3008 2597 3377 2668 h-equeutiam
3411 2604 3561 2673 (nam

1991 2688 2314 2744 innumeras
2365 2688 2469 2742 fert
2520 2688 2695 2759 regio)
2750 2691 2802 2742 in
2853 2690 3150 2747 arboribus
3207 2695 3564 2749 contubernia

1988 2779 2231 2833 habent:
2266 2778 2361 2833 sed
2391 2794 2457 2834 ex
2487 2781 2697 2834 insidiis
2734 2778 2935 2850 4526
2992 2779 3136 2836 feras
3184 2782 3429 2852 capiunt,
3467 2800 3562 2840 ca-

1989 2881 2220 2941 ptasque
2252 2872 2355 2926 sibi
2408 2872 2728 2927 alimentum
2766 2872 2990 2929 faciunt.
3036 2876 3346 2945 Sagittariaa
3387 2878 3554 2933 etiam

1990 2961 2126 3016 artis
2199 2962 2399 3031 peritia
2470 2962 2674 3017 valent.
2749 2962 2807 3017 Si
2871 2963 3073 3019 accidit
3114 2965 3197 3021 ‘ut
3258 2967 3567 3022 venationis

1990 3061 2259 3121 proventu
2295 3062 2543 3119 careant,
2570 3052 2804 3123 pellibus
2842 3063 2967 3108 ante
2995 3065 3282 3124 captorum
3322 3056 3567 3126 inopiam

1993 3141 2233 3209 explent.
2271 3141 2436 3195 Coria
2495 3142 2642 3196 enim
2694 3142 3019 3208 madefacta,
3067 3143 3279 3199 levibus
3330 3144 3570 3201 admotis

1998 3238 2211 3304 prunis,
2239 3236 2482 3291 obruunt
2511 3237 2717 3293 cinere.
2749 3237 2928 3307 Atque
2957 3238 3032 3292 ita
3058 3248 3203 3295 tosta
3238 3240 3306 3295 ad
3338 3240 3569 3297 divisio-

1992 3342 2118 3380 nem
2147 3327 2480 3397 producunt.

2276 3443 2407 3498 ΟΑΡ.
2438 3442 2606 3499 XXV.
2638 3445 2716 3499 De
2751 3444 3258 3516 Elepltantophagis.

2068 3555 2146 3610 De
2178 3554 2658 3627 Elephantophagis
2690 3559 2946 3629 uariaque
2976 3561 3164 3614 [eorum
3205 3564 3572 3619 venatione.—

2000 3647 2316 3717 Sequuntur
2348 3649 2470 3713 hos,
2499 3638 2720 3718 sedper
2752 3649 3101 3704 intervallum
3140 3653 3275 3706 satis
3321 3653 3570 3723 longum,

1997 3748 2054 3794 et
2103 3739 2325 3794 occasui
2368 3740 2541 3810 magis
2577 3739 2799 3808 objecti,
2852 3740 2948 3810 qui
2994 3756 3062 3796 ex
3099 3742 3445 3811 elephantum
3479 3760 3576 3800 ve-

1999 3834 2222 3889 natione
2268 3832 2472 3887 victum
2517 3831 2835 3899 acquirunt.
2867 3832 3007 3887 Nam
3061 3843 3194 3888 sunt
3235 3850 3302 3888 ex
3354 3835 3442 3891 bis
3479 3838 3575 3906 qui

2003 3925 2306 3980 insidentes
2330 3923 2536 3985 arbori,
2563 3922 2869 3979 belluarum
2902 3928 3167 3982 transitus
3196 3929 3571 3997 speculantur:

2000 4014 2258 4084 factoque
2305 4013 2601 4084 perniciter
2655 4012 2946 4086 descensu,
3003 4017 3260 4072 manibus
3306 4020 3577 4089 complexi

317 4105 413 4173 ρὸν
460 4104 868 4159 ἐπιϐαίνουσιν
914 4100 1034 4159 εἶτα
1072 4106 1316 4172 πελέκει,
1346 4106 1406 4160 ὃν
1453 4106 1762 4177 ἐπιτήδειον
1800 4108 1880 4161 καὶ

2001 4110 2255 4173 caudam,
2300 4117 2354 4161 et
2398 4107 2626 4177 pedibus
2666 4108 2720 4161 in
2765 4106 2943 4162 femen
2997 4109 3285 4165 sinistrum
3329 4114 3577 4176 connixi,

313 4199 538 4268 ἕτοιμον
564 4197 767 4269 έχουσι,
797 4199 897 4268 τὴν
921 4198 1102 4263 δεξιὰν
1136 4199 1307 4268 ἰγνὺν,
1340 4201 1574 4263 πυκναῖς
1598 4201 1721 4262 ταῖς
1757 4198 1880 4269 πλη‹

2002 4201 2276 4271 bipennis.
2307 4208 2449 4268 apta:
2490 4199 2557 4253 ad
2604 4199 2709 4255 hoc
2760 4208 2816 4254 et
2856 4208 3081 4269 paratae,
3131 4201 3339 4255 crebris
3378 4201 3581 4259 ictibus

316 4291 445 4356 ταῖς
477 4290 773 4359 χρώμενοι,
818 4291 1263 4361 νευροκοποῦσιν,
1292 4289 1435 4343 οὕτω
1470 4290 1527 4343 δὲ
1558 4289 1794 4353 ἐκτενῶς
1829 4292 1880 4360 τῇ

2004 4293 2229 4364 poplitis
2263 4292 2443 4346 dextri
2494 4306 2693 4346 nervos
2739 4291 3080 4347 succidunt:
3135 4301 3357 4363 tamque
3402 4296 3582 4350 valide

321 4382 424 4449 μὲν
455 4381 859 4453 καταφέροντες
901 4385 967 4452 τῇ
1000 4382 1057 4436 δὲ
1084 4382 1185 4453 τῆς
1234 4383 1403 4454 οὐρᾶς
1429 4379 1782 4453 κρατοῦντες,
1824 4380 1880 4433 ὡς

2010 4386 2115 4439 hac
2151 4384 2383 4437 vulnera
2415 4381 2679 4445 inferunt,
2730 4381 2854 4434 illac
2888 4382 3119 4435 caudam
3168 4392 3375 4446 tenent,
3413 4400 3579 4456 quam

318 4472 489 4525 ἄθλου
519 4474 883 4544 προκειμένου
906 4474 1007 4543 τῆς
1035 4473 1213 4545 ψυχῆς
1231 4474 1294 4545 ’ἦ
1322 4475 1427 4544 γὰρ
1448 4475 1769 4528 ἀποκτεῖναι
1792 4471 1880 4543 χρὶ

2007 4479 2051 4533 si
2079 4480 2143 4531 de
2178 4477 2285 4529 vita
2317 4486 2592 4530 certamen
2627 4474 2699 4528 sit
2729 4473 3061 4527 institutum.
3087 4476 3194 4528 Aut
3223 4478 3368 4528 enim
3412 4477 3584 4531 inter-

319 4566 353 4635 ἦ
382 4542 674 4636 τελευτᾷν,
708 4542 874 4638 ἀλλην
901 4542 996 4620 τοῦ
1030 4542 1225 4639 καιροῦ
1258 4542 1494 4632 διέξοδον
1526 4567 1626 4619 οὐκ
1656 4542 1873 4635 ἔχοντος

2004 4568 2284 4623 imendum
2339 4574 2422 4621 est
2452 4604 2467 4629 ,
2503 4573 2598 4619 aut
2644 4566 3047 4634 oppetcndum,
3096 4566 3369 4636 siquidem
3415 4560 3636 4623 alium”

332 4656 508 4710 Ἐπὰν
539 4656 595 4710 δὲ
612 4658 634 4689 ⁸
655 4658 716 4711 τὸ
746 4658 885 4723 ζῶον
920 4660 984 4713 ἐκ
1016 4661 1116 4731 τῆς
1146 4659 1359 4731 πληγῆς
1383 4660 1478 4712 καὶ
1501 4658 1603 4729 τῆς
1628 4659 1880 4730 αἱμορῤαι

2004 4660 2268 4730 temporis
2304 4657 2391 4713 hic
2433 4656 2700 4713 articulus
2747 4658 2954 4712 exitum
2992 4674 3099 4713 non
3136 4659 3408 4727 patefacit.
3444 4659 3581 4715 Pro-

320 4747 448 4813 γίας
507 4748 684 4820 πέσῃ,
732 4750 782 4803 oi
844 4750 1184 4821 συνθηραταὶ
1241 4749 1635 4820 παραγίνονται
1693 4749 1787 4801 ἐπὶ
1840 4749 1880 4802 τε

2006 4749 2154 4818 lapsa
2199 4747 2364 4816 igitur
2408 4760 2476 4798 ex
2511 4748 2830 4799 continente
2875 4757 3138 4814 percussu
3189 4754 3241 4799 et
3296 4747 3583 4816 sanguinis

323 4839 666 4911 πτῶμα,καὶ
690 4841 784 4895 τοῦ
815 4842 1004 4913 θηρίου
1032 4841 1231 4907 ζῶντος
1264 4841 1344 4895 ἔτι
1372 4842 1817 4913 παρατέμνοντες
1838 4843 1880 4894 ἐι

2007 4838 2277 4911 proﬂuvio
2332 4839 2541 4903 bestia,
2597 4837 2747 4892 illico
2801 4838 3111 4893 venationis
3168 4841 3399 4894 comites
3453 4846 3584 4893 sunt

322 4932 435 4985 τῶν
461 4933 725 4989 ὀπισθίων
756 4935 856 4999 τὰς
895 4935 1104 5006 σάρκας
1146 4934 1501 5005 εὐωχοῦνται,
1535 4934 1627 4987 τὸν
1676 4932 1880 5004 ἔσχατα

2008 4942 2231 5004 praesto,
2276 4930 2520 5002 dumque
2560 4930 2742 4985 adhuc
2782 4930 2935 4993 vivit,
2968 4945 3162 4986 carnes
3209 4946 3276 4985 ex
3319 4931 3587 5001 posterio-

320 5022 419 5075 τοῦ
463 5023 942 5095 καταπονηθέντος
989 5024 1165 5088 οὕτως
1216 5024 1599 5095 ὁπομένοτος⁹
1651 5025 1905 5079 θάνατον.

349 5115 480 5168 AD.’
506 5118 556 5170 οἱ
587 5119 685 5188 μὲν
716 5118 854 5188 μετὰ
884 5119 979 5172 τοῦ
1007 5118 1236 5188 ἐσχάτου
1264 5118 1512 5172 κινδύνου
1541 5117 1907 5189 ἐλεφαντοθῆ-

326 5225 418 5279 ραι
444 5210 715 5264 τοιοῦτοι·
740 5212 922 5284 ἕτεροι
951 5212 1008 5266 δὲ
1035 5212 1277 5285 θηρῶσιν
1307 5212 1504 5275 αὐτοὺς
1525 5210 1721 5275 οὕτως·
1744 5209 1910 5282 Τρεῖς

324 5300 522 5373 ἄνδρες
554 5302 614 5357 ἐν
649 5303 751 5373 μὲν
779 5303 995 5375 ἔχοντες
1029 5304 1203 5371 τόξον,
1246 5304 1461 5368 ὀϊστοὺς
1506 5304 1564 5357 δὲ
1616 5303 1903 5367 πλείους¹⁰

328 5395 729 5466 κεχρισμένους
773 5400 838 5468 τῇ
887 5398 1018 5469 χολῇ
1078 5397 1189 5451 τῶν
1240 5396 1441 5466 ὄφεων,
1510 5394 1799 5450 ἐστᾶσιν¹¹
1850 5396 1909 5449 ἐν

330 5483 523 5558 δρυμῷ
554 5487 709 5559 παρὰ
744 5487 844 5553 τὰς
897 5489 1007 5544 τῶν
1038 5488 1244 5560 θηρίων
1272 5488 1561 5553 διεξόδους.
1606 5488 1775 5540 Ἐπὰν
1810 5483 1909 5540 οῦν

2012 5025 2165 5079 rillus
2200 5034 2453 5079 resecant
2485 5042 2498 5078 :
2539 5031 2593 5077 et
2634 5021 2865 5077 hilarem
2894 5023 2961 5077 ad
2990 5022 3213 5077 modum
3242 5021 3367 5076 inde
3396 5022 3588 5075 convi-

2010 5127 2227 5170 vantur.
2260 5118 2439 5185 Atque
2481 5114 2597 5169 fera
2638 5114 2713 5168 ita
2748 5113 2955 5169 domita
2995 5115 3218 5183 longum
3262 5122 3315 5167 et
3344 5121 3586 5181 atrocem

2011 5208 2296 5262 interitum
2326 5207 2588 5263 sustinet.
2618 5204 2711 5259 Sic
2746 5221 2878 5276 ergo
2916 5221 2976 5261 se
3013 5205 3217 5259 habent
3258 5205 3397 5259 inter
3444 5205 3589 5273 peri-

2012 5299 2133 5355 cula
2168 5308 2414 5354 extrema
2442 5297 2795 5367 elephantum
2828 5308 3139 5353 venatores.
3177 5295 3319 5350 Sunt
3367 5297 3459 5350 alii
3491 5297 3585 5366 qui

2020 5391 2290 5445 diversam
2320 5404 2415 5444 eos
2442 5389 2692 5459 capiendi
2732 5387 2997 5442 rationem
3046 5387 3260 5441 ineunt.
3298 5386 3414 5441 Viri
3442 5388 3589 5441 enim

2021 5484 2184 5548 terni,
2217 5497 2327 5538 uno
2358 5481 2615 5537 instrueti
2649 5496 2805 5545 arcu,
2836 5489 2892 5535 et
2931 5482 3148 5549 sagittis
3189 5481 3459 5550 pluribus,
3487 5495 3592 5533 an-

1633 5641 1867 5699 VABIE
1922 5639 2329 5698 LECTIONES.

404 5755 424 5786 ’
452 5756 718 5830 πέπτουσι
751 5775 812 5821 ς’.
885 5758 1145 5830 [κοινοῖς
1177 5760 1413 5830 χρῶνται
1445 5759 1501 5811 δέ
1525 5778 1587 5823 ς.

332 5823 732 5897 ’ὑπομένοντες
758 5847 820 5893 ς.
855 5828 949 5883 τοῦ
984 5830 1112 5885 add.
1150 5823 1223 5885 An.-
1296 5832 1339 5863 ’θ
1364 5830 1419 5884 δὲ
1455 5834 1546 5883 καὶ
1576 5829 1794 5894 πλείους
1820 5823 1879 5894 ςέ

1694 5759 1715 5831 ἔ
1754 5758 2020 5831 ἀλλήλους
2045 5756 2110 5831 Β.

2209 5756 2229 5787 ⁸
2254 5755 2361 5827 ἐπ’]
2393 5757 2449 5818 ἐς
2481 5755 2543 5809 Β.
2639 5755 2660 5785 ⁷
2692 5755 2828 5827 πρός
2866 5756 2911 5811 A
2945 5773 2956 5809 :
2983 5754 3058 5819 ὡς
3089 5772 3150 5819 ς.
3254 5752 3345 5806 ⁸δῖ
3378 5768 3489 5809 om.
3526 5752 3592 5812 Β.

1958 5829 2000 5861 ¹¹
2038 5828 2254 5881 ἑστᾶσιν
2280 5828 2363 5881 A:
2409 5827 2620 5881 ἱστᾶσιν
2656 5842 2716 5888 ς.
