4152 6428
608 353 680 418 39

1759 337 2023 399 ΡΗΟΤΙΙ
2055 335 2557 396 PATRIARCH/E
2591 336 2701 398 CP.

3787 308 3857 396 to

600 467 791 537 guium
823 461 949 519 felle
996 458 1201 524 tinctis,
1236 456 1303 510 ad
1349 456 1529 511 exitus
1581 454 1882 510 belluarum
1938 455 1990 505 in
2037 453 2175 505 saltu

2285 451 2534 522 προσάγῃ
2564 450 2685 504 τὸυ
2736 450 2897 515 ζῶον,
2928 452 2957 503 ὁ
2989 450 3088 520 μὲν
3126 442 3207 513 εἷς
3240 449 3463 520 κατέχει
3496 448 3556 503 τὺ
3588 449 3740 517 τόξον
3779 449 3859 519 τῷ

600 556 935 612 consistunt.
970 549 1028 605 Si
1061 566 1169 619 qua
1208 547 1375 617 igitur
1403 546 1636 609 accedit,
1674 561 1816 599 unus
1842 558 2025 598 arcum
2053 539 2176 611 pedi

601 648 880 702 admotum
914 649 1082 706 tenet,
1115 639 1224 693 duo
1252 638 1447 707 reliqui
1478 652 1689 691 summa
1718 635 1767 688 vi
1806 644 1979 689 tracto
2010 650 2177 689 nervo

600 737 767 790 telum
797 734 1074 795 emittunt,
1108 730 1173 784 ad
1205 730 1348 782 latus
1383 727 1622 781 medium
1678 724 1840 779 unice
1882 723 2175 788 directum,

602 838 665 881 ut
715 826 782 880 ad
844 824 1106 879 interiora
1154 820 1475 890 complexus
1524 824 1796 887 penetret,
1839 825 1893 870 et
1944 815 2179 869 devexas

602 920 724 974 illas
763 926 909 973 secet
965 932 1029 970 ac
1080 914 1327 967 vulneret
1357 920 1561 980 partes.
1614 907 1752 962 llinc
1794 916 2004 963 tantum
2052 906 2182 960 tera:

600 1018 912 1065 monstrant
955 1008 1146 1062 dolore
1192 1004 1518 1059 convulsum
1567 1010 1620 1057 et
1669 1001 1970 1070 agitatum,
2026 998 2181 1053 elan-

603 1102 812 1172 guescit
841 1111 895 1155 et
940 1097 1265 1169 procumbit.
1300 1094 1540 1149 Tertium
1590 1107 1809 1161 quoque
1852 1090 2180 1158 Elephanto-

604 1193 842 1261 phagum
876 1203 1049 1258 genus
1099 1194 1211 1247 est,
1262 1184 1355 1251 qui
1404 1183 1551 1236 hunc
1601 1180 1908 1233 venationis
1956 1181 2180 1233 modum

605 1288 830 1340 servant
862 1293 877 1332 :
906 1276 1137 1344 Quando
1192 1275 1508 1345 elephantes
1555 1272 1622 1325 ad
1676 1271 1979 1325 satietatem
2017 1269 2179 1339 pasti,

603 1375 844 1431 cubitum
872 1386 931 1427 se
952 1370 1248 1438 recipiunt,
1282 1382 1389 1422 non
1424 1366 1575 1419 humi
1608 1364 2029 1435 procumbentes
2058 1363 2180 1416 dor-

604 1472 801 1534 miunt,
844 1465 936 1521 sed
979 1461 1348 1519 crassissimis
1393 1469 1447 1514 et
1490 1458 1745 1514 maximis
1792 1457 2080 1512 arboribus
2125 1470 2183 1511 se

604 1560 901 1622 acclinant,
934 1564 994 1610 ut
1038 1554 1228 1625 pedes,
1263 1551 1435 1622 stipiti
1480 1549 1740 1621 proximi,
1795 1559 1954 1604 terra:
1994 1547 2183 1602 leviter

604 1652 932 1713 iunitantur,
963 1657 1018 1701 ct
1058 1646 1200 1699 latus
1249 1643 1391 1711 quod
1441 1652 1613 1695 totum
1650 1655 1851 1707 corpus
1897 1638 2122 1707 excipit,
2151 1652 2182 1691 a

600 1740 748 1810 ligno
777 1744 1134 1798 sustentetur,
1168 1734 1353 1801 itaque
1373 1729 1570 1802 453α
1593 1744 1703 1782 non
1729 1729 2006 1783 sincerum
2038 1728 2185 1781 hunc

2281 542 2404 596 ποδὶ
2431 542 2911 613 προσϐεδηκὼςη,
2951 544 3002 596 οἱ
3030 543 3087 596 δὲ
3114 542 3208 596 δύο
3239 542 3338 613 τὴν
3364 542 3564 613 νευρὰν
3597 543 3861 598 ἑλκύσαν-

2278 653 2369 699 τες
2401 637 2467 689 ἐκ
2500 635 2599 706 τῆς
2629 637 2846 707 ἁπάσης
2891 636 3011 705 βίας
3040 635 3263 706 ἀφῆκαν
3288 635 3349 689 τὸ
3399 634 3573 703 βέλος,
3611 635 3708 687 ἕνα
3735 653 3861 689 σκο-

2279 727 2383 781 πον
2411 727 2627 797 ἔχοντες
2676 730 2768 781 ἐπὶ
2797 729 2971 797 μέσην
3000 726 3099 796 τὴν
3126 727 3394 797 πλευρὰν,
3440 726 3582 780 ὥστε
3607 728 3861 780 διανύσαι

2280 821 2379 892 τῆς
2430 821 2693 891 περιοχῆς
2743 821 2892 883 ἐντὸς
2940 821 3033 874 καὶ
3076 820 3204 885 τοὺς
3245 821 3481 889 κυρτοὺς
3526 823 3715 890 τεμεῖν
3762 820 3861 873 καὶ

2279 913 2491 982 τρῶσαι
2517 914 2719 975 τόπους
2739 926 2753 942 ⁶
2805 910 3017 964 ἐκεῖθεν
3049 912 3109 963 τὺ
3136 909 3456 980 τηλικοῦτον
3484 910 3669 980 θηρίον
3701 909 3863 963 ἐλαυ-

2280 1004 2508 1073 νόμενόν
2533 1022 2591 1058 τε
2626 1004 2724 1058 καὶ
2750 1003 3195 1074 σπαραττόμενον
3216 1001 3496 1055 διαλύεται
3523 1003 3617 1056 καὶ
3644 1001 3858 1055 πίπτει.

2281 1095 2479 1166 Τρίτον
2515 1096 2573 1150 δέ
2603 1096 2719 1149 ἐστι
2752 1096 2909 1164 γένος
2954 1095 3437 1164 έλεφαντοφάγων,
3477 1094 3506 1147 ὃ
3556 1094 3772 1147 ἐπειδὰν
3810 1092 3860 1146 οἱ

2281 1188 2577 1258 ἐλέφαντες
2630 1189 2733 1258 τῆς
2788 1187 2963 1257 νόμης
3026 1187 3436 1258 ὲμφορηθέντες
3492 1185 3629 1257 πρὸς
3690 1185 3860 1238 ῦπνον

2282 1282 2589 1352 τραπέσθαι
2619 1280 2882 1351 ζητῶσιν,
2903 1310 2973 1321 ——
2998 1281 3099 1334 οὐκ
3136 1282 3230 1333 ἐπὶ
3266 1281 3371 1349 γῆς
3407 1279 3464 1331 δὲ
3496 1280 3864 1340 άναπεσόντες

2284 1373 2568 1439 ὑπνοῦσιν,
2602 1373 2739 1427 ἀλλὰ
2775 1375 2889 1435 τοῖς
2920 1374 3253 1442 παχυτάτοις
3287 1374 3382 1425 καὶ
3419 1372 3702 1442 μέγιστοις
3742 1370 3863 1423 δέν-

2282 1464 2436 1535 δρεσι
2463 1464 2989 1534 προσανακλίνοντες
3018 1462 3266 1527 ἑαυτοὺς,
3302 1462 3444 1515 ὥστε
3470 1462 3599 1526 τοὺς
3640 1462 3736 1531 μὲν
3769 1459 3865 1514 δύο

2284 1555 2452 1618 πόδας
2490 1555 2616 1617 τοὺς
2657 1553 2886 1622 πλησίον
2924 1552 3019 1606 τοῦ
3040 1553 3083 1583 ¹δ
3124 1552 3411 1622 στελέχους
3444 1552 3579 1621 πρὸς
3618 1550 3716 1621 τὴν
3754 1549 3863 1618 γῆν

2284 1646 2537 1718 ἐλαφρῶς
2559 1645 2963 1716 ὑπερείδεσθαι,
2996 1645 3094 1717 τὴν
3116 1645 3172 1699 δὲ
3207 1643 3448 1714 πλευρὰν
3477 1644 3538 1697 τὸ
3560 1645 3671 1696 πᾶν
3700 1642 3864 1711 σῶμα

2285 1738 2653 1809 ἐκδεχομένην
2679 1737 2924 1807 ὀχεῖσθαι
2951 1737 3089 1809 πρὸς
3104 1737 3146 1769 ¹⁸
3166 1738 3231 1808 τῇ
3255 1736 3415 1805 φύσει
3442 1734 3537 1788 τοῦ
3570 1734 3749 1800 ξύλου,
3770 1733 3867 1786 καὶ

613 1809 707 1883 sed
735 1827 1103 1882 adulterinum
1126 1822 1329 1877 dixeris
1353 1819 1586 1875 cubandi
1612 1819 1831 1873 modum
1858 1837 1871 1872 :
1900 1828 2181 1888 propterea

2285 1830 2479 1884 τοῦτον
2508 1830 2600 1882 τὸν
2631 1829 2832 1900 τρόπον
2860 1829 2961 1899 τῆς
3008 1830 3325 1898 καταφορᾶς
3347 1829 3389 1859 ¹⁶
3431 1827 3724 1897 τυγχάνειν
3763 1826 3868 1878 οὐκ

601 1920 749 1991 quod
808 1932 1002 1974 somno
1065 1913 1406 1987 profundiori
1471 1913 1726 1982 adjuncta
1789 1912 1860 1965 sit
1889 1912 2185 1965 vehemens

610 2010 920 2066 sollicitudo
950 2016 1006 2064 et
1042 2017 1223 2062 metus
1270 2006 1447 2073 exitii,
1489 2006 1635 2076 quod
1687 2006 2001 2075 prolapsum
2041 2004 2186 2059 illico

605 2101 832 2171 excipit,
865 2108 1086 2170 propter
1120 2098 1428 2153 naturalem
1480 2097 1722 2167 erigeudi
1758 2112 1877 2151 sese
1916 2096 2186 2165 impoten-

608 2194 763 2249 tiam.
809 2191 949 2263 Ergo
998 2190 1091 2261 qui
1146 2192 1273 2243 vita:
1316 2205 1380 2244 ex
1434 2189 1631 2243 horum
1677 2196 1875 2241 venatu
1929 2189 2184 2242 alimenta

607 2294 879 2352 quaerunt,
911 2283 966 2336 in
1000 2281 1316 2335 nemoribus
1347 2280 1830 2350 circumvagando,
1874 2279 2187 2347 ubicunque

608 2378 793 2434 instita
818 2378 1187 2430 observarunt
1214 2373 1411 2437 cubile,
1445 2388 1693 2428 aversam
1726 2371 1939 2426 arboris
1976 2381 2184 2440 partem

605 2488 760 2528 serra
799 2470 1070 2533 incidunt,
1119 2468 1250 2522 dum
1280 2482 1381 2521 nec
1424 2476 1535 2522 tota
1589 2466 1833 2529 inclinet,
1875 2480 1976 2519 nec
2006 2463 2183 2517 valida

604 2567 770 2621 nimis
788 2573 842 2620 et
869 2564 1023 2618 ﬁrma
1049 2569 1285 2625 maneat,
1311 2560 1403 2616 sed
1427 2558 1493 2613 ad
1517 2559 1777 2631 exiguum
1806 2556 2187 2613 tantummodo

606 2656 905 2727 impulsum
942 2662 1129 2709 restet.
1174 2652 1363 2706 Bellua
1410 2652 1577 2720 igitur
1629 2666 1659 2703 e
1708 2650 1929 2719 pascuis
1969 2662 2186 2703 reversa

606 2766 728 2805 cum
757 2749 823 2803 ad
858 2743 1225 2802 assuefactam
1259 2744 1499 2799 cubandi
1525 2742 1816 2799 stationem
1848 2756 1907 2796 se
1930 2741 2184 2811 applicat,

607 2840 794 2909 stipite
845 2836 1135 2892 confestim
1188 2835 1442 2890 diﬂ‘racto
1491 2834 1777 2899 evertitur,
1823 2832 1890 2887 ad
1939 2843 2185 2903 paratam

606 2930 934 2985 venantibus
963 2944 1175 2984 coenam
1207 2928 1477 2997 exposita.
1512 2925 1853 2981 Posteriores
1882 2925 2025 2978 enim
2061 2938 2185 2977 mox

609 3034 806 3075 carnes
839 3018 1181 3082 rescindunt,
1215 3028 1269 3071 et
1300 3018 1408 3069 vita
1439 3030 1563 3070 cum
1595 3013 1864 3084 sanguine
1896 3012 2184 3077 exhausta,

607 3119 803 3165 caetera
837 3107 1081 3164 defuncti
1122 3107 1391 3173 membra,
1420 3106 1489 3161 ad
1532 3121 1691 3162 suum
1726 3104 1961 3175 quisque
1997 3118 2179 3169 usum,

605 3202 897 3255 distributa
922 3198 1197 3254 auferunt.

680 3381 793 3436 Hos
831 3379 1135 3434 Venatores
1165 3376 1493 3432 Ptolemaaus
1528 3394 1623 3431 rex
1648 3376 1870 3447 IEgypti
1907 3377 2086 3430 edicto
2115 3375 2184 3431 ab

608 3476 958 3543 elephantum
1009 3473 1153 3527 cwde
1199 3471 1473 3526 abstinere
1530 3469 1711 3535 iussit,
1766 3478 1823 3522 ut
1876 3468 2031 3523 vivos
2078 3469 2181 3523 sibi

610 3568 856 3628 haberet,
890 3565 1173 3634 multaque
1212 3571 1266 3618 et
1312 3562 1675 3617 admiratione
1720 3562 1881 3629 digna
1929 3560 2007 3615 eis
2050 3575 2179 3629 pro-

611 3660 780 3715 misit.
810 3658 925 3712 Non
956 3658 1117 3711 modo
1145 3666 1328 3711 tamen
1359 3670 1467 3709 non
1500 3654 1990 3725 persuasit,verum
2016 3654 2180 3707 etiam

608 3770 731 3807 cum
770 3761 883 3806 toto
921 3750 1139 3821 IEgypti
1160 3764 1329 3819 regno
1362 3762 1421 3803 se
1453 3756 1777 3817 praesentem
1809 3747 1954 3800 hunc
1978 3747 2181 3800 victum

611 3860 717 3898 non
757 3850 1165 3913 permutaturos
1212 3853 1358 3903 esse,
1419 3838 1488 3892 ab
1540 3837 1650 3891 illis
1701 3851 2028 3905 responsum
2089 3850 2183 3890 ac-

609 3935 771 4007 cepit.

645 4049 773 4104 CAP.
806 4042 1003 4102 XXVI.
1037 4073 1110 4086 —
1158 4041 1237 4097 De
1280 4040 1596 4167 [SEthjopum
1634 4040 2061 4114 Struthiophagis
2101 4054 2150 4099 et

1324 4130 1467 4167 nnis.

1324 4130 1467 4167 ιιηιδ.

680 4211 756 4264 De
782 4206 1152 4264 Venatoribus
1185 4206 1291 4270 Itis,
1330 4219 1470 4274 quos
1498 4202 1771 4259 Nomades
1801 4203 2044 4273 impuros
2078 4218 2183 4259 no-

608 4301 820 4355 minare
860 4300 1058 4361 solent,
1101 4312 1229 4367 pars
1283 4296 1531 4366 quaedam
1564 4295 1629 4349 ad
1671 4293 2064 4362 Occidentem,
2114 4297 2185 4351 ab

612 4393 963 4462 EthiOpibus
995 4392 1206 4456 avulsa,
1241 4390 1404 4458 degit,
1439 4398 1493 4443 et
1530 4387 1667 4442 Simi
1712 4398 1978 4443 vocantur
2013 4406 2027 4443 :
2058 4405 2184 4458 pars

2210 3149 2254 3209 C

2285 1920 2612 1993 εἰλικρινοῦς
2642 1921 2778 1975 ἀλλὰ
2801 1921 3285 1993 παρεψευσμένης,
3303 1919 3391 1973 διὰ
3414 1918 3475 1972 τὸ
3503 1917 3868 1987 προσκεῖσθαι

2285 2017 2397 2078 τοῖς
2427 2013 2648 2085 βαθέσιν
2681 2014 2870 2076 ὕπνοις
2905 2012 3034 2085 [756
3060 2011 3155 2084 Η.]
3190 2012 3429 2079 ἀγωνίαν
3460 2010 3708 2080 ἰσχυρὰν,
3734 2009 3868 2078 φθο-

2289 2108 2389 2177 ρᾶς
2424 2107 2794 2177 ὑποκειμένης
2825 2106 3171 2177 παραχρῆμα
3220 2105 3298 2176 τῷ
3348 2104 3604 2174 σφαλέντι
3640 2103 3729 2157 διὰ
3765 2102 3868 2172 τὴν

2288 2199 2511 2254 ἔκλυσιν
2537 2200 2635 2269 τὴν
2667 2201 2925 2269 φυσικήν.
2960 2198 3122 2271 [1556
3157 2196 3247 2270 8.]
3273 2198 3335 2251 Oi
3362 2192 3457 2250 οῦν
3491 2197 3597 2250 ἀπὸ
3624 2197 3722 2266 τῆς
3741 2194 3869 2248 τού-

2287 2309 2396 2345 των
2430 2293 2606 2362 θήρας
2633 2292 2725 2344 τὸν
2762 2290 2875 2360 βίον
2913 2291 3253 2361 ποιούμενοι,
3286 2290 3412 2353 τοὺς
3442 2290 3681 2361 δρυμοὺς
3709 2304 3870 2358 περι-

2288 2383 2637 2455 πλανώμενοι
2670 2384 2763 2436 καὶ
2795 2384 2895 2452 τὴν
2923 2383 3017 2436 τοῦ
3049 2382 3239 2452 θηρίου
3276 2383 3468 2452 κοίτην
3518 2380 3869 2450 ἐπισημηνά-

2291 2494 2462 2546 μενοι,
2491 2477 2557 2528 ὲκ
2594 2476 2703 2529 τῶν
2732 2476 2956 2528 δπισθεν
2979 2474 3074 2527 τοῦ
3112 2474 3330 2544 δένδρου
3361 2474 3545 2527 τόπων
3588 2473 3865 2543 πρίουσιν,

2287 2568 2393 2632 ἕως
2427 2567 2492 2622 ἂν
2521 2569 2658 2639 μήτε
2692 2566 2849 2637 κλίνῃ
2894 2566 2955 2619 τὸ
2995 2568 3103 2619 πᾶν
3143 2568 3280 2635 μήτε
3332 2565 3514 2635 ίσχῦον
3547 2565 3688 2632 ἄγαν
3726 2563 3869 2635 [καὶ

2293 2656 2535 2728 ἰσχυρὸν]
2572 2656 2946 2717 ἀπολείποιτο,
2979 2657 3113 2727 μένῃ
3143 2656 3200 2708 δὲ
3221 2658 3262 2687 ¹⁷
3295 2655 3584 2727 έστηκὸς¹⁸
3615 2657 3708 2708 ἐπὶ
3729 2654 3867 2725 βρα-

2288 2750 2442 2820 χείας
2492 2749 2689 2821 ῥοπῆς.
2739 2748 2812 2801 Τὸ
2846 2747 2903 2801 δὲ
2941 2747 3083 2810 ζῶον
3132 2747 3240 2799 ἀπὸ
3282 2747 3382 2815 τῆς
3429 2747 3599 2817 νομῆς
3644 2748 3735 2799 ἐπὶ
3771 2746 3867 2798 τὸν

2290 2840 2496 2911 συνήθη
2526 2840 2626 2909 τῆς
2648 2841 2834 2910 κοίτης
2865 2840 3030 2893 τόπον
3060 2838 3484 2909 ἀνακλινόμενον
3519 2837 3782 2906 αἰφνίδιόν
3804 2854 3866 2888 τε

2288 2933 2479 2986 πίπτει
2513 2933 2606 2986 τοῦ
2634 2932 2793 2997 ξύλου
2826 2933 3175 2996 κλασθέντος,
3225 2928 3321 2985 καί
3361 2931 3709 3002 πρόκειται¹⁹
3747 2930 3868 2992 τοῖς

2290 3024 2564 3096 θηράσασι
2605 3024 2820 3077 δεῖπνον
2877 3025 3125 3096 ἕτοιμον·
3156 3024 3254 3086 τὰς
3282 3024 3389 3094 γὰρ
3422 3021 3733 3085 ὁπισθίας¹⁰
3770 3020 3869 3074 κό-

2287 3116 2489 3186 ψαντες
2538 3110 2684 3170 οὗτοι
2727 3119 2971 3187 σάρκας,
3022 3117 3116 3170 καὶ
3163 3117 3489 3184 ποιήσαντες
3538 3113 3761 3184 ἔξαιμον

2286 3207 2445 3275 ζῶον,
2475 3204 2595 3262 εἷτα
2626 3210 2841 3280 νεκρὸν,
2876 3209 3014 3281 πρὸς
3040 3212 3139 3281 τὴν
3182 3208 3381 3263 ἑαυτοῦ
3417 3209 3607 3281 χρείαν
3632 3209 3869 3273 ἕκαστος

2284 3304 2352 3358 τὰ
2395 3304 2531 3375 μέλη
2568 3304 2888 3376 διαιροῦσιν.

2360 3399 2479 3452 Ὀτι
2498 3398 2720 3461 τούτους
2744 3399 2870 3461 τοὺς
2908 3397 3198 3467 Κυνηγοὺς
3243 3395 3579 3465 Πτολεμαῖος
3627 3395 3656 3448 ὁ
3692 3391 3869 3461 Αίγύ-

2285 3507 2421 3543 πτου
2453 3488 2705 3558 βασιλεὺς
2732 3486 3071 3558 ἀποσχέσθαι
3103 3486 3147 3517 ¹¹
3190 3484 3285 3538 τοῦ
3315 3484 3479 3554 φόνου
3507 3483 3614 3536 τῶν
3642 3484 3871 3554 ἐλεφάν-

2283 3598 2393 3634 των
2423 3580 2726 3651 παραινῶν,
2779 3579 2845 3633 ἶν’
2872 3580 2987 3649 έχοι
3015 3580 3059 3610 ¹²
3084 3577 3247 3640 αὐτὸς
3302 3574 3530 3640 ζῶντας,
3569 3576 3664 3629 καὶ
3697 3577 3870 3630 πολλὰ

2284 3673 2381 3726 καὶ
2412 3669 2701 3742 θαυμαστά
2730 3670 2914 3733 αὐτοῖς
2964 3667 3416 3738 ὑπισχνούμενος,
3448 3668 3511 3719 οὐ
3562 3667 3720 3736 μόνον
3766 3669 3870 3720 ούκ

2286 3764 2523 3827 ἔπεισεν,
2554 3762 2670 3814 ἀλλ’
2701 3762 2809 3814 οὐδ’
2841 3761 2908 3813 ἂν
2930 3759 3029 3830 τὴν
3066 3759 3194 3829 ὅλην
3222 3756 3557 3824 ἀλλάξασθαι
3589 3758 3869 3828 βασιλείαν

2287 3853 2422 3923 πρὸς
2449 3852 2540 3906 τὸν
2572 3850 2843 3905 ἐνεστῶτα
2863 3851 2908 3882 ³³
2941 3848 3053 3920 βίον
3082 3848 3345 3902 εἰπόντων
3378 3848 3671 3919 ἀπόκρισιν
3703 3848 3869 3918 ἣκου-

2288 3961 2400 3998 σεν.

2286 4054 2429 4123 Περὶ
2473 4055 2768 4110 Αἰθιόπων
2816 4052 2945 4108 ’τῶν
2988 4054 3203 4139 Σιμῶν,
3260 4054 3360 4107 καὶ
3412 4052 3532 4107 τῶν
3580 4055 3871 4119 Στρουθο-

2968 4141 3193 4192 φαγων.

2362 4219 2484 4271 Ὀτι
2514 4216 2625 4270 τῶν
2659 4215 2930 4286 Κυνηγῶν
2968 4215 3191 4280 τούτων,
3225 4214 3316 4277 οὒς
3344 4217 3391 4267 oi
3422 4213 3672 4286 Νομάδες
3725 4216 3869 4268 ἀκα-

2287 4310 2519 4380 θάρτους
2552 4310 2734 4363 καλεῖν
2764 4309 3007 4374 εἰώθασι,
3042 4308 3103 4360 τὸ
3132 4308 3231 4379 μὲν
3258 4308 3393 4377 πρὸς
3422 4309 3661 4377 ἑσπέραν
3720 4309 3861 4361 ἀπό-

2289 4418 2515 4472 σπασμα
2537 4400 2808 4455 Αἰθιόπων
2838 4399 3168 4469 νέμεταιοῦς
3199 4399 3424 4451 καλοῦσι
3444 4400 3666 4469 Σιμοὺς,
3700 4401 3768 4452 τὰ
3810 4400 3868 4452 δὲ

609 4486 857 4557 quredam
907 4484 1109 4536 Austro
1157 4482 1392 4551 objacet,
1443 4497 1577 4551 gens
1611 4497 1717 4534 non
1766 4481 1839 4535 ita
1874 4497 2097 4553 magna,
2133 4482 2181 4537 lii

2297 4495 2433 4564 πρὸς
2489 4492 2834 4562 μεσημὸρίαν
2884 4493 2943 4544 ού
2997 4492 3139 4561 μέγα
3195 4491 3366 4557 ἔθνος,
3436 4492 3485 4542 oi
3539 4490 3867 4561 καλούμενοι

611 4574 1022 4645 StrutltiOpbagi
1071 4582 1482 4643 nuncupantur.
1518 4571 1651 4627 Nam
1685 4572 2021 4627 struthiones
2047 4575 2184 4627 arti-

612 4672 735 4724 ﬁcio
782 4677 837 4724 et
901 4667 1028 4722 dolo
1086 4666 1363 4734 clavisque
1423 4665 1712 4733 subigunt,
1778 4665 1923 4719 unde
1978 4665 2179 4719 vivant.

608 4763 814 4818 Carnes
845 4762 991 4815 enim
1027 4760 1179 4815 cibos
1227 4759 1524 4828 pellesque,
1559 4757 1874 4812 indumenta
1909 4766 1963 4813 et
1999 4757 2183 4812 lectis-

607 4856 787 4910 ternia
830 4854 1126 4909 sulIiciuut.
1180 4852 1381 4906 Inl'eusi
1427 4861 1556 4905 sunt
1606 4851 1690 4906 his
1727 4850 1883 4917 Simi,
1931 4851 2181 4921 bellaque

610 4946 878 5002 inferunt.
910 4944 1147 5016 Orygum
1191 4944 1451 5000 cornibus
1504 4952 1733 4999 utuntur
1784 4932 1839 4998 1ιί
1890 4960 1988 5014 pro
2031 4944 2177 5000 telis.

605 5037 845 5094 Grandia
890 5040 1047 5092 enim
1086 5047 1215 5093 sunt
1264 5049 1319 5092 et
1363 5039 1429 5093 ad
1476 5036 1827 5091 incidendum
1892 5045 2176 5107 peracuta.

605 5129 777 5200 Regio
803 5129 893 5184 illa
918 5130 972 5183 in
1003 5145 1196 5199 magna
1233 5129 1387 5199 copia
1418 5127 1621 5183 animal
1655 5127 1758 5182 ltoc
1790 5127 1984 5183 nutrit.

882 5242 1010 5295 ΟΑΡ.
1044 5240 1255 5295 XXVII.
1291 5274 1359 5282 —-
1396 5241 1475 5295 De
1503 5240 1911 5312 Acridopltagis.

678 5335 881 5405 Exiguo
934 5336 1058 5389 inde
1105 5335 1389 5390 intervallo
1454 5335 1713 5404 disjuncti
1773 5344 1902 5389 sunt
1949 5332 2179 5387 Acrido-

2294 4583 2715 4655 Στρουθοφάγοι,
2742 4583 2790 4635 οἳ
2819 4583 3020 4646 ταύτας
3070 4584 3230 4653 τέχνη
3262 4583 3353 4635 καὶ
3386 4582 3521 4652 δόλῳ
3553 4585 3647 4636 καὶ
3698 4584 3867 4654 ῥοπά-

2289 4672 2402 4736 λοις
2432 4671 2755 4742 θηρεύοντες
2809 4672 2871 4723 ὲκ
2913 4671 3117 4725 τούτων
3181 4671 3375 4742 βιοῦσι,
3417 4673 3721 4742 σιτούμενοι
3765 4678 3867 4744 μὲν

2289 4762 2387 4826 τὰς
2438 4763 2667 4831 σάρκας,
2714 4760 2923 4813 ὲνδύσει
2953 4760 3009 4813 δὲ
3068 4761 3161 4812 καὶ
3221 4762 3478 4830 στρωμνῇ
3525 4764 3635 4823 τοῖς
3687 4763 3867 4814 αὐτῶν

2287 4853 2560 4925 χρώμενοι
2585 4852 2839 4923 δέρμασι.
2873 4851 3278 4923 Πολεμούμενοι
3307 4851 3361 4904 δὲ
3408 4850 3509 4904 ὑπὸ
3541 4853 3647 4904 τῶν
3681 4852 3867 4920 Σιμῶν

2287 4939 2433 5000 οὗτοι
2464 4948 2575 5010 τοῖς
2604 4945 2712 4999 τῶν
2760 4945 2976 5017 ὀρύγων
3019 4946 3239 5016 κέρασιν
3290 4945 3473 5008 ὅπλοις
3528 4945 3765 5015 χρῶνται
3795 4949 3861 5011 ⁸⁸,

2290 5035 2545 5108 μεγάλοις
2608 5036 2701 5089 καὶ
2749 5039 3035 5107 τμητικοῖς
3092 5034 3247 5088 οῦσιο
3300 5036 3489 5105 τρέφει
3532 5036 3590 5089 δὲ
3640 5038 3674 5107 ἡ
3712 5040 3869 5108 χωρᾶι

2286 5126 2631 5198 πολυπληθὲς
2660 5129 2721 5180 τὸ
2772 5128 2911 5191 ζῶον
2939 5128 3116 5183 τοῦτο.

2764 5238 2903 5306 Περὶ
2944 5237 3393 5307 Ἀκριδοφάγων.

2361 5333 2485 5385 Ὀτι
2514 5330 2621 5385 τῶν
2670 5332 2978 5401 εἰρημένων
3003 5330 3064 5382 οὐ
3118 5329 3250 5382 πολὺ
3300 5328 3587 5393 διεστῶτές
3637 5330 3776 5384 εἰσιν
3822 5331 3872 5383 oi

1884 5485 2124 5541 VARUE
2162 5485 2459 5542 LECTION
2466 5486 2570 5540 ES.

1577 5632 1620 5661 ¹³
1648 5626 2073 5699 προσϐεόοηκώς
2102 5645 2161 5691 ς.

1904 5702 2055 5769 μένει
2080 5715 2152 5769 ῖς.

702 5631 745 5662 ³⁸
769 5630 829 5683 τὸ
857 5642 979 5699 post
1013 5631 1229 5700 κατέχει
1264 5631 1388 5685 add.
1416 5632 1478 5683 Α.

606 5701 905 5771 μένουςᾼς.
984 5702 1049 5771 Ῠ¹⁶
1072 5702 1412 5770 τυγχάνεις.
1497 5703 1536 5731 ¹⁷
1594 5702 1732 5771 μένῃ
1780 5701 1860 5756 Β;

2260 5628 2301 5657 ¹⁸
2326 5628 2451 5689 τοὺς
2495 5625 2720 5695 πλησίον
2753 5626 2847 5678 τοῦ
2879 5625 2920 5675 Α
2951 5641 2963 5675 :
2993 5622 3086 5675 τοῦ
3112 5620 3432 5695 πλησίονῌςκ

2266 5698 2307 5736 ’⁸
2347 5697 2578 5765 ἑστηκός
2628 5696 2670 5747 Α
2729 5714 2744 5749 :

3532 5621 3574 5652 ¹⁸
3602 5636 3868 5691 προειρη-

2805 5696 2898 5747 καὶ
2930 5695 3157 5761 ἕστηκεν
3196 5708 3257 5753 ς.
3335 5690 3377 5721 ¹⁹
3429 5690 3771 5760 πρόσκειται
3804 5690 3866 5759 ς.

602 5759 648 5802 ⁵⁸
683 5759 960 5835 ὀπισθῖους
981 5770 1044 5827 Β.
1114 5759 1554 5840 Τξὶτιοεῖχεῖσθςιι
1704 5759 1761 5803 ’δ
1790 5759 1969 5841 Emi}.
2051 5759 2404 5836 ’δ’ἐφεστῶτα
2578 5766 2623 5797 ’⁸
2651 5766 2885 5836 χρῶνται
2921 5764 3011 5815 καὶ
3046 5759 3300 5832 μεγάλοις
3336 5776 3395 5822 ς.
