4152 6456
250 441 317 506 41
1380 447 1913 509 BIBLIOTHECA.
1943 474 2013 484 —
2044 450 2209 512 COD.
2244 450 2399 512 CCL.
3448 452 3517 514 42

260 558 689 629 ’Δκριδοφάγον
731 558 795 613 τὸ
821 559 879 614 δὲ
907 559 1058 625 ἔθνος
1105 560 1430 634 βραχύτεροι
1464 564 1565 633 μὲν
1592 564 1704 617 τῶν
1736 564 1847 616 λοι-

1954 565 2133 635 phagi,
2161 581 2296 637 gens
2321 564 2534 621 caeteris
2571 563 2815 620 brevior.
2847 564 3019 620 Tenui
3068 564 3213 619 enim
3257 576 3311 622 et
3358 570 3532 624 maci-

247 652 395 715 πῶν,
438 652 610 721 ἰσχνοὶ
654 651 709 707 δὲ
748 655 862 718 τοῖς
905 655 1072 708 είδεσι
1102 696 1119 721 ,
1169 657 1400 727 μέλανες
1450 657 1507 709 δὲ
1558 657 1838 723 ἐξαισίως.

261 744 407 796 Ὑπὸ
434 742 613 813 δὲτὴν
644 743 867 814 ἐαρινὴν
919 747 1229 817 ἰσημερίαν,
1277 748 1366 801 ὅτε
1422 747 1573 812 λίϐες
1632 749 1678 780 ’⁵
1711 748 1842 819 παρ’

248 835 441 896 animi;
485 834 583 887 καὶ
612 832 838 905 ζέφυροι
875 838 1119 903 πνέουσι,
1174 839 1552 909 παμμεγεθῶν
1600 837 1842 908 ἀκρίδων

247 927 462 997 πλῆθος
497 926 779 997 ἀμύθητον
800 930 864 981 ὲκ
891 930 991 1000 τῆς
1023 931 1388 1001 ἁνιστορήτου
1423 931 1561 1000 μετά
1580 930 1691 983 τῶν
1713 929 1846 982 ἀνέ-

249 1036 371 1088 μων
401 1018 769 1087 παραγίνεται
802 1019 1006 1089 χώρας,
1034 1024 1100 1091 τῇ
1143 1021 1242 1092 μὲν
1272 1021 1501 1091 δυνάμει
1561 1021 1660 1091 τῆς
1705 1022 1844 1092 πτή-

245 1126 391 1173 σεως
416 1111 524 1164 τῶν
560 1110 789 1181 ὀρνίθων
826 1112 1024 1183 μικρὸν
1080 1113 1481 1183 παραλλάττον,
1520 1113 1729 1184 μακρὸν
1784 1115 1841 1166 δὲ

242 1202 325 1271 τῷ
361 1202 605 1271 σώματι.
667 1204 798 1256 Ἀπὸ
821 1204 1013 1258 τούτου
1037 1205 1133 1258 τοῦ
1166 1205 1305 1270 ζώου
1339 1207 1632 1277 τρέφονται
1660 1204 1840 1260 πάντα

242 1298 339 1346 τὸν
387 1296 607 1366 χρόνον,
634 1296 809 1359 ἄλλως
866 1315 926 1350 τε
969 1297 1181 1361 τούτοις
1227 1298 1323 1352 καὶ
1364 1297 1844 1369 τεταριχευμένοις

244 1385 548 1456 χρώμενοι.
638 1387 847 1459 Καπνῷ
906 1388 963 1441 δὲ
1007 1389 1214 1453 ταύτας
1241 1392 1286 1422 ’⁸
1325 1390 1587 1460 θηρῶσιν,
1645 1392 1711 1443 ὲκ
1752 1389 1846 1443 τοῦ

244 1477 415 1547 ἀέρος
438 1478 538 1530 ἐπὶ
573 1478 679 1548 γῆν
703 1479 1128 1550 καταφέροντες.
1162 1472 1321 1534 Οὗτοι
1350 1479 1543 1548 κοῦφοι
1576 1480 1675 1550 μὲν
1701 1475 1840 1534 εἶναι

245 1568 501 1635 λέγονται
531 1570 627 1622 κα)⁸
657 1572 769 1633 τοῖς
802 1572 962 1622 ποσὶν
992 1571 1257 1641 ὀξύτεροι,
1309 1570 1444 1635 ζῶσι
1475 1572 1532 1625 δὲ
1562 1573 1623 1624 οὐ
1659 1572 1843 1626 πλεῖον

246 1661 661 1729 τεσσαράκοντα
691 1662 847 1726 ἑτῶν,
879 1660 1048 1734 ξηρᾶς
1079 1661 1459 1725 κοινωνοῦντες
1486 1661 1699 1726 τελείως
1729 1681 1850 1734 τρο-

248 1752 375 1819 φῆς.
408 1751 720 1803 Τελευτῶσι
785 1751 840 1803 δὲ
868 1753 960 1805 τοῦ
1009 1751 1106 1823 ζῇν
1157 1752 1494 1823 ἀθλιώτερον
1520 1769 1533 1782 ·
1566 1753 1685 1824 ἃμα
1740 1754 1849 1824 γὰρ

252 1842 586 1913 πλησιάζειν
617 1841 679 1894 τὸ
707 1843 886 1912 γῆρας
916 1843 1198 1911 ἐγγίνεται
1250 1845 1362 1906 τοῖς
1390 1842 1635 1913 σώμασιν
1670 1843 1849 1897 αὐτῶν

1944 658 2094 712 lento
2123 667 2250 713 sunt
2276 657 2524 727 corporis
2558 656 2769 723 habitu,
2802 666 2855 711 et
2883 668 3034 712 extra
3088 658 3309 712 modum
3362 660 3525 730 nigri.

1944 746 2247 817 Appetente
2307 748 2638 818 mquinoetio
2706 762 2903 810 verno.
2971 748 3339 802 inenarrabile
3378 748 3530 803 locu-

1946 848 2152 896 starum
2184 840 2585 911 praegrandium
2612 855 2824 910 agmen,
2847 855 2913 895 ex
2938 839 3098 896 terris
3138 841 3378 895 nondum
3402 857 3529 910 per-

1947 930 2229 1002 vestigatis
2282 945 2391 984 una
2440 945 2564 985 cum
2617 930 2796 986 ventis
2838 930 3080 996 advolat,
3125 941 3179 986 et
3216 931 3270 985 vi
3307 932 3527 1002 quidem

1948 1023 2186 1090 volatus,
2211 1022 2279 1077 ab
2305 1023 2499 1079 avibus
2524 1038 2721 1093 parum
2748 1024 2987 1091 variant,
3015 1023 3111 1079 sed
3142 1038 3371 1093 corpore
3408 1040 3533 1094 per-

1949 1117 2204 1171 multum.
2264 1114 2344 1169 Ex
2385 1116 2488 1170 hoc
2547 1115 2743 1171 insecti
2801 1130 3001 1186 genere
3045 1116 3243 1184 quovis
3284 1125 3530 1184 tempore

1948 1207 2188 1271 aluntur,
2237 1221 2361 1261 cum
2410 1206 2532 1261 aliis
2582 1208 2779 1270 modis,
2822 1214 2940 1260 tum
2983 1207 3148 1260 etiam
3195 1205 3251 1258 in
3298 1204 3527 1259 salitura

1949 1310 2269 1371 praeparato.
2302 1297 2496 1371 453!)
2530 1297 2806 1353 Venantur
2853 1312 2969 1364 eas,
2997 1296 3151 1351 fumo
3189 1311 3255 1351 ex
3290 1311 3415 1350 aere
3460 1295 3525 1349 ad

1952 1401 2154 1445 terram
2192 1391 2535 1458 degravatas.
2568 1388 2753 1457 Agiles
2784 1404 2907 1443 esse
2935 1387 3317 1457 perhibentur,
3346 1395 3399 1439 et
3437 1399 3529 1454 pe-

1950 1484 2113 1540 dibus
2162 1483 2473 1539 celeriores.
2548 1480 2748 1535 Verum
2816 1480 2958 1534 ultra
3027 1479 3097 1533 40
3178 1490 3354 1531 annos
3418 1490 3527 1528 non

1949 1580 2161 1633 vivunt.
2192 1577 2403 1631 Etenim
2431 1575 2595 1629 simul
2627 1590 2692 1629 ac
2722 1574 2935 1628 senium
2983 1573 3252 1635 imminet,
3295 1571 3352 1623 in
3404 1583 3529 1623 cor—

1951 1657 2176 1739 poribus
2238 1668 2482 1737 ipsorum
2539 1666 2757 1721 volatile
2806 1663 3181 1734 pediculorum
3235 1678 3406 1733 genus
3454 1661 3532 1714 in-

1951 1760 2194 1815 nascitur
2227 1759 2326 1829 (2).
2358 1758 2568 1812 Ricinis
2621 1758 2674 1810 hi
2721 1773 2829 1809 non
2868 1755 3186 1817 dissimiles,
3224 1752 3318 1806 sed
3365 1751 3529 1820 paulo

1956 1852 2198 1906 minores
2247 1860 2375 1905 sunt
2430 1849 2653 1914 muscis,
2705 1863 2827 1918 qua:
2876 1848 2930 1901 in
2982 1844 3212 1899 canibus
3241 1850 3526 1913 apparent.

253 1912 513 2005 πτερωτὰ
536 1936 671 2006 γένη
713 1934 973 2007 φθειρῶν,
1006 1934 1129 2007 [757
1162 1934 1255 2008 Η.]
1286 1937 1449 2007 ὃμοια
1476 1912 1600 2007 μὲν
1632 1936 1710 2005 τῷ
1758 1937 1851 1990 τύ·

1955 1943 2227 2014 lncipiunt
2256 1960 2285 1997 a
2316 1941 2632 2012 praecordiis
2664 1949 2718 1995 et
2751 1941 2891 2003 alvo,
2934 1945 2989 1992 et
3022 1950 3242 1992 omnem
3274 1912 3527 2004 protinus

252 2045 337 2097 πῳ
362 2030 480 2091 τοῖς
524 2028 786 2099 κρότωσι,
820 2028 1015 2099 βραχεῖ
1044 2029 1088 2060 ’⁸
1121 2029 1178 2082 δὲ
1220 2027 1428 2083 ἐλάττω
1462 2029 1572 2082 τῶν
1636 2030 1695 2081 ὲν
1736 2031 1847 2091 τοῖς

256 2121 383 2174 κυσὶ
422 2119 795 2191 φαινομένων,
832 2122 1113 2192 ἀρχόμενα
1165 2122 1267 2192 μὲν
1297 2121 1405 2175 ἀπὸ
1460 2121 1555 2174 τοῦ
1616 2120 1848 2192 στήθους

258 2213 348 2265 καὶ
392 2214 495 2282 τῆς
529 2211 761 2277 κοιλίας,
791 2213 1166 2283 ὲπινεμόμενα
1197 2213 1254 2266 δὲ
1281 2213 1562 2283 συντόμως
1588 2212 1729 2282 μετά
1748 2209 1843 2265 τοῦ

264 2307 463 2369 παντὸς
495 2303 787 2375 προσώπου
818 2304 918 2377 τὴν
944 2306 1292 2375 ἐπιφάνειαν.
1328 2304 1392 2359 Οἳ
1423 2304 1492 2357 τὰ
1522 2305 1622 2374 μὲν
1656 2303 1850 2375 πρῶτα

270 2402 382 2461 τοῖς
427 2399 530 2451 ὑπὸ
578 2398 766 2469 ψώρας
824 2397 1211 2469 ἠρεθισμένοις
1264 2397 1468 2467 ὁμοίως
1520 2398 1843 2462 διάκεινται,

278 2490 503 2562 ὕστερον
534 2490 577 2542 δ’
620 2491 894 2555 ἐπιπόνως
943 2491 1175 2555 ἑαυτοὺς
1234 2491 1673 2560 σπαράττουσιν
1730 2484 1848 2541 εἶτα

269 2582 360 2636 τοῦ
397 2583 593 2647 πάθους
624 2587 704 2647 εἰς
733 2583 919 2655 ἀκμὴν
944 2583 1261 2652 ἑλκομένου,
1292 2582 1387 2635 καὶ
1429 2581 1571 2652 μετά
1597 2582 1696 2650 τῆς
1740 2581 1849 2634 τῶν

264 2676 466 2746 θηρίων
496 2677 779 2744 ἐκφύσεως
806 2679 899 2730 καὶ
949 2676 1161 2730 λεπτῶν
1200 2675 1584 2745 ἀναχεομένων
1637 2672 1849 2746 ἰχώρων

261 2769 672 2841 ἀκαρτερήτους
702 2770 1033 2840 ὑφίστασθαι
1060 2769 1187 2831 τοὺς
1214 2767 1434 2830 ἀθλίους
1459 2768 1557 2829 τάς
1589 2767 1634 2798 ²⁹
1652 2766 1850 2837 δριμύ-

256 2877 423 2929 τητας
458 2861 766 2932 ωμόαίνει.
805 2855 964 2913 Οὗτοι
987 2859 1085 2929 μὲν
1125 2853 1217 2911 οὖν
1251 2860 1295 2889 ³ο
1330 2856 1441 2909 εἴτε
1470 2857 1598 2920 τοὺς
1626 2857 1835 2927 χυμοὺς

255 2954 361 3005 εἴτε
392 2952 495 3022 τὴν
522 2952 734 3023 τροφὴν
770 2950 883 3004 εἴτε
933 2951 1022 3003 τὸν
1055 2949 1194 3021 ἀέρα
1246 2950 1347 3020 τῆς
1384 2948 1585 3010 κακίας
1632 2948 1851 3018 ἔχοντες

258 3047 454 3112 αἴτιον,
485 3043 660 3108 οὕτως
691 3042 1040 3097 ἀπόλλυνται.

310 3158 457 3226 Περὶ
486 3157 599 3227 τῆς
632 3156 1090 3241 πλησιαζούσςης
1122 3155 1316 3225 χώρας
1350 3155 1478 3221 τοῖς
1530 3152 1791 3223 Ἀκριδο-

934 3242 1172 3296 φάγοις.

326 3341 493 3414 [1357
524 3339 617 3413 8.]
663 3341 781 3393 Ὀτι
831 3338 941 3392 τῶν
977 3338 1407 3410 Ἀκριδοφάγων,
1456 3336 1847 3409 φησὶν,ῗ”ἁστυ-

256 3434 458 3502 γείτων
498 3432 655 3503 χώρα
683 3432 853 3501 πολλὴ
892 3432 984 3484 καὶ
1033 3431 1201 3501 νομὰς
1227 3430 1424 3500 ἔχουσα
1472 3428 1714 3499 ποικιλίᾳ
1733 3428 1851 3481 δια-

262 3524 565 3596 φερούσας,
605 3522 811 3597 ἔρημος
843 3523 901 3575 δὲ
936 3522 1135 3585 τελέως
1166 3522 1262 3575 καὶ
1301 3521 1440 3573 πᾶσι
1475 3521 1590 3583 τοῖς
1643 3517 1851 3588 περιοί-

267 3632 380 3679 κοις
412 3614 644 3682 ἄσατος,
683 3616 784 3667 οὐκ
818 3614 913 3667 ἀπ’
942 3615 1118 3683 ἀρχῆς
1150 3612 1459 3665 σπανίσασα
1507 3610 1850 3681 ἀνθρωπίνου

267 3709 483 3776 γένους,
530 3707 646 3761 ἀλλ’
694 3707 800 3761 ὑπὸ
862 3705 1100 3777 πλήθους
1156 3706 1388 3759 ἀπίστου
1426 3704 1704 3776 σκορπίων
1758 3703 1875 3756 και

267 3799 616 3866 φαλαγγίων,
654 3796 721 3861 ἃς
760 3796 1160 3868 τετραγνάθους
1199 3794 1556 3865 ὀνομάζουσιν
1606 3794 1649 3826 ³⁸
1698 3791 1850 3847 ἔνιοι.

269 3890 447 3943 Τοῦτο
506 3890 615 3960 γὰρ
652 3889 712 3941 τὸ
770 3888 935 3957 φῦλον
975 3887 1037 3941 ἔκ
1087 3904 1232 3950 τινος
1289 3887 1598 3957 ὲπομὸρίας
1634 3886 1855 3953 λέγουσι

262 3982 626 4046 ἐπιπολάσαι,
685 3983 782 4035 καὶ
840 3980 951 4033 τῶν
995 3978 1350 4034 ἐνοικούντων
1408 3978 1549 4048 πρὸς
1589 3977 1651 4030 τὸ
1687 3977 1857 4031 κακὸν

264 4075 548 4144 ἀντισχεῖν
601 4073 663 4127 οὐ
715 4072 1048 4144 δυναμένων,
1126 4071 1263 4125 ἀλλὰ
1326 4072 1470 4141 φυγῇ
1502 4069 1630 4122 τῶν
1683 4070 1727 4101 ³¹
1765 4070 1859 4122 ἐκ-

269 4168 554 4221 πεσόντων
578 4164 672 4219 τοῦ
718 4164 942 4235 ὀλέθρου
973 4164 1072 4235 τὴν
1106 4163 1379 4234 σωτηρίαν
1423 4164 1545 4215 ἀντὶ
1594 4163 1692 4232 τῆς
1746 4178 1855 4215 πα·-

268 4262 453 4332 τρίδος
487 4260 758 4330 ἑλομένων
809 4258 1016 4330 ἔρημον
1057 4258 1116 4323 ἐξ
1148 4259 1356 4311 ἐκείνου
1405 4258 1595 4326 γένους
1649 4254 1860 4325 ἀνθρώ-

272 4370 393 4406 πων
426 4352 523 4422 τὴν
547 4350 730 4423 χώραν
752 4350 1142 4420 ὑπολειφθῆναι
1172 4351 1237 4401 ³³.
1260 4350 1369 4403 Καὶ
1401 4349 1551 4417 μυῶν
1577 4348 1632 4401 δὲ
1654 4348 1859 4418 πλῆθος

271 4444 603 4515 ἀρουραίων,
626 4444 702 4507 ὡς
730 4446 841 4507 τοῖς
858 4443 903 4474 ³⁸
932 4443 1062 4513 περὶ
1076 4443 1120 4475 ³⁵
1150 4441 1378 4496 Ἰταλίαν
1398 4441 1463 4505 ⁸⁸,
1487 4439 1585 4494 καὶ
1613 4438 1862 4509 στρουθοὶ

271 4507 343 4591 τά
372 4507 668 4606 σπέρματα
693 4507 1070 4597 κατεσθίοντες
1097 4533 1175 4598 ὡς
1199 4534 1325 4604 περὶ
1360 4532 1601 4602 Μηδίαν,
1633 4507 1731 4584 καὶ
1769 4530 1861 4601 βά·
1888 4507 1901 4517 ’

1948 2036 2297 2105 superficiem
2330 2033 2585 2103 corporis
2625 2047 2751 2087 cum
2791 2040 2901 2084 tota
2947 2028 3089 2083 facie
3137 2028 3524 2097 depascuntur.

1948 2128 2031 2182 Illi
2056 2128 2223 2198 igitur
2253 2127 2430 2196 primo
2457 2124 2637 2179 affecti
2677 2132 2828 2186 sunt,
2867 2128 2925 2174 ut
2950 2135 3089 2190 quos
3138 2118 3351 2181 scabies
3390 2131 3523 2187 pru-

1949 2222 2058 2275 ritu
2096 2236 2197 2275 suo
2225 2219 2462 2273 lacessit.
2494 2216 2696 2271 Verum
2731 2213 3001 2282 temporis
3026 2226 3285 2266 successu
3318 2208 3527 2278 aliquo,

1948 2330 2058 2371 non
2128 2315 2337 2381 absque
2398 2309 2651 2365 molestia
2691 2308 2901 2377 seipsos
2937 2305 3212 2359 lacerant.
3285 2300 3528 2354 Tandem

1950 2406 2148 2461 morbo
2180 2408 2291 2459 hoc
2320 2407 2387 2457 ad
2416 2405 2787 2456 maturitatem
2813 2406 3080 2463 extracto,
3108 2403 3305 2465 pra-ter
3329 2400 3530 2464 pustu-

1950 2499 2129 2554 larum
2159 2497 2526 2566 eruptionem,
2553 2504 2607 2549 et
2640 2494 2821 2548 tenuis
2854 2490 3027 2547 saniei
3060 2490 3343 2553 eﬂluxum,
3384 2487 3530 2541 into-

1950 2591 2203 2646 lerabiles
2251 2590 2525 2645 sustinere
2583 2586 2913 2641 acerbitates
2960 2583 3190 2638 miseros
3238 2580 3527 2650 contingit.

1954 2684 2141 2739 Talem
2173 2685 2355 2753 itaque
2381 2682 2665 2735 interitum
2712 2679 2849 2748 (sive
2895 2677 3146 2747 corporis
3192 2674 3366 2741 succi,
3413 2673 3531 2727 sive

1952 2780 2296 2839 alimentum,
2324 2784 2417 2829 attt
2449 2776 2617 2829 etiam
2652 2789 2768 2836 aer,
2801 2772 2936 2828 vitio
2959 2779 3013 2825 et
3041 2766 3376 2838 corruptioni
3405 2765 3533 2821 huic

1952 2886 2175 2927 causam
2206 2866 2464 2939 praebeat)
2494 2864 2861 2935 AcridOphagi
2889 2863 3220 2918 sortiuntur.

2128 3161 2260 3216 CAP.
2298 3156 2536 3215 XXVIII.
2574 3156 2750 3210 -Ὠε
2786 3155 2994 3225 regione
3032 3151 3361 3206 contermina

2480 3278 2487 3285 .
2544 3227 2949 3296 Acridophagis.

2020 3344 2099 3400 De
2122 3347 2331 3416 regione
2350 3345 2560 3400 deserta
2577 3354 2789 3411 propter
2833 3349 3097 3409 serpentes
3128 3347 3177 3391 et
3225 3335 3531 3406 phalangia.

1962 3466 2009 3476 -
2047 3436 2400 3491 Contermina
2460 3435 2567 3491 illis
2612 3443 2696 3488 est
2751 3431 2899 3502 regio
2945 3430 3195 3499 quaedam
3245 3426 3485 3495 spatiosa
3519 3466 3535 3490 ,

1953 3542 2075 3594 qua:
2115 3527 2253 3581 mira
2307 3524 2527 3596 quidem
2568 3536 2902 3595 pascuorum
2941 3520 3202 3572 varietate
3258 3516 3537 3578 abundat,

1954 3618 2049 3675 sed
2086 3618 2299 3673 deserta
2347 3626 2431 3672 est
2468 3615 2714 3677 omnino,
2748 3613 3025 3680 nullisque
3068 3626 3133 3664 eo
3164 3610 3358 3664 incolis
3394 3616 3541 3677 patet

1955 3726 2233 3776 accessus,
2262 3726 2371 3765 non
2394 3709 2539 3779 quod
2574 3708 2643 3762 ab
2664 3706 2822 3760 initio
2850 3703 3025 3759 defuit
3054 3704 3102 3757 ei
3135 3717 3306 3772 genus
3333 3712 3542 3755 morta-

1956 3804 2110 3869 lium,
2150 3801 2246 3857 sed
2277 3801 2423 3871 quod
2456 3799 2798 3854 incredibilis
2824 3798 2900 3852 ibi
2937 3794 3244 3865 frequentia
3267 3802 3349 3847 est
3386 3806 3539 3847 scor-

1954 3895 2179 3965 pionum
2216 3901 2271 3947 et
2309 3891 2745 3962 phalangiorum.
2781 3886 3247 3955 Quadrimaxillas
3291 3881 3538 3938 nonnulli

1957 3996 2155 4043 vocant
2200 3987 2301 4040 hos
2340 4000 2572 4046 vermes,
2610 3998 2817 4051 eosque
2859 3997 2927 4036 ex
2965 3979 3223 4035 imbrium
3255 3994 3305 4031 v1
3351 3985 3404 4032 et
3441 3990 3537 4029 co-

1959 4079 2046 4151 pia
2082 4076 2418 4132 redundasse
2447 4082 2695 4128 narrant.
2728 4071 2977 4142 Cumque
3008 4070 3201 4124 incolae
3231 4068 3369 4137 pesti
3409 4065 3541 4120 huic

1960 4172 2215 4227 resiSIerc
2243 4184 2352 4223 non
2382 4169 2641 4233 valerent,
2674 4168 2909 4238 fugaque
2937 4164 3127 4233 elapsi,
3166 4161 3340 4217 exsilii
3395 4160 3543 4214 salu-

1963 4273 2068 4319 tem
2097 4265 2284 4333 patriae
2314 4260 2672 4325 anteferrent,
2708 4260 2908 4314 factum
2961 4273 3081 4313 esse
3139 4266 3196 4309 ut
3225 4256 3439 4308 deserta
3474 4253 3547 4306 ab

1962 4355 2276 4409 hominibus
2305 4362 2451 4408 terra
2484 4368 2549 4407 ex
2585 4366 2651 4406 eo
2699 4359 2942 4418 tempore
2993 4346 3414 4416 relinqueretur.
3454 4341 3545 4396 Sic

1962 4446 2126 4500 etiam
2149 4444 2387 4499 murium
2406 4443 2583 4512 copia,
2616 4448 2677 4495 ul.
2707 4441 2761 4494 in
2780 4438 2931 4493 Italia
2963 4447 3019 4494 et
3044 4453 3300 4509 passeres
3333 4435 3548 4491 semina

1963 4536 2383 4599 devorantes,ut
2408 4536 2462 4588 in
2496 4532 2689 4595 Media,
2718 4540 2772 4586 et
2803 4547 2952 4586 ranae
2974 4530 3121 4602 quod
3157 4528 3544 4599 Aphthariatis

270 4645 490 4698 τραχοι,
518 4627 548 4681 ὅ
574 4627 764 4697 γέγονε
797 4626 1063 4697 περὶτοὺς
1119 4625 1461 4695 Αὐταριάτας
1483 4626 1549 4656 ³⁷·
1598 4624 1695 4677 καὶ
1755 4623 1851 4676 ὑπὲ

1965 4648 2068 4688 usu
2096 4631 2266 4695 venit,
2301 4638 2356 4684 et.
2399 4629 2621 4683 leonum
2668 4626 3082 4681 increbrescens
3124 4623 3440 4685 multitudo,
3485 4627 3545 4674 ut

272 4721 505 4774 λεόντων
534 4720 981 4774 ἐπιπολασάντων
1004 4717 1187 4781 πόλεις
1216 4716 1643 4787 μετανέστησαν,
1669 4716 1744 4779 ὡς
1773 4716 1866 4768 ἐπὶ

272 4813 482 4883 Λιϐύης
507 4828 523 4842 ·
556 4814 650 4866 καὶ
678 4811 850 4864 πολλά
881 4810 1017 4864 ἄλλα
1037 4810 1081 4843 ³⁸
1114 4810 1408 4862 ἀνέλπιστα
1440 4808 1586 4878 πάθη
1623 4807 1864 4862 καταλα-

273 4907 440 4962 ϐόντα
466 4908 672 4971 πολλὰς
702 4907 889 4978 χώρας
924 4907 1034 4961 τῶν
1055 4906 1357 4977 οἰκητόρων
1390 4906 1783 4977 ὲξηρήμωσαν.

742 5021 878 5090 Περὶ
907 5026 953 5076 Κ
958 5020 1339 5089 υναμολγῶιν.

341 5124 468 5176 Ὀτι
502 5117 747 5179 ὕστατοι,
783 5121 936 5185 φησὶ,
967 5115 1075 5168 τῶν
1102 5116 1237 5185 πρὸς
1270 5114 1619 5185 μεσημϐρίαν
1650 5116 1864 5169 οἰκούν-

274 5234 376 5270 των
410 5212 556 5265 εἰσὶν
593 5208 689 5272 οὓς
711 5209 972 5277 Ἕλληνες
1014 5207 1114 5277 μὲν
1147 5207 1546 5276 Κυναμολγοὺς
1582 5206 1860 5273 καλοῦσιν,

277 5305 382 5357 οίδ⁴
416 5300 826 5369 ἀστυγείτονες,
858 5300 934 5362 ώς
963 5299 1029 5350 ἄν
1059 5315 1143 5361 τις
1183 5296 1329 5350 εἴποι
1362 5298 1429 5363 ³⁸,
1458 5297 1684 5367 ἀγρίους
1716 5298 1852 5369 βαρι

1969 4725 2021 4779 in
2055 4721 2260 4785 Africa,
2286 4735 2451 4774 causa
2478 4718 2629 4772 fuere
2667 4727 2727 4770 ut
2765 4716 3016 4772 civitates
3069 4715 3176 4769 alio
3210 4713 3546 4783 commigra-

1968 4822 2109 4869 rent.
2157 4811 2446 4881 Multreque
2494 4810 2614 4863 alia:
2656 4808 2994 4863 calamitates
3036 4808 3329 4875 insperata:
3364 4818 3543 4860 terras

1964 4922 2102 4977 quas
2131 4903 2487 4973 corriperent,
2522 4901 2921 4957 habitatoribus
2946 4900 3261 4955 viduarunt.

2250 5015 2403 5073 CAP.
2442 5015 2636 5071 XXIX.
2666 5046 2738 5057 —
2766 5015 2843 5069 De
2879 5013 3242 5085 Cynamolgis.

2035 5108 2322 5164 Postremo
2346 5108 2629 5162 meridiem
2657 5122 2849 5162 versus
2888 5107 3155 5168 habitant,
3199 5119 3340 5174 quos
3372 5099 3547 5156 ϐπερὶ

1966 5201 2363 5273 Cynamolgos,
2413 5199 2656 5266 finitimi,
2701 5210 2947 5267 agrestes
2986 5208 3039 5252 et
3088 5197 3235 5250 feros
3291 5195 3375 5263 (ut
3419 5193 3546 5263 quis

1968 5295 2043 5350 ita
2095 5292 2502 5365 interpretetur)
2561 5292 2828 5348 barbaros
2876 5291 3173 5362 appellant.
3243 5288 3307 5342 lli
3357 5303 3546 5343 comas

1586 5410 1819 5465 νΑιιιΑι
1867 5408 2264 5467 LECTIONES.

372 5516 423 5591 :5
471 5511 601 5591 libri
652 5504 1028 5591 λίὸυες.“νί(1.
1085 5503 1415 5591 motion},
1474 5505 1545 5560 29
1607 5523 1624 5591 ξ

280 5583 486 5647 σιάζειν
518 5584 673 5635 deest
699 5577 979 5631 articulus.
1085 5576 1130 5607 ’⁸
1160 5576 1419 5647 βραχεῖαν
1443 5593 1502 5639 ς.

277 5655 483 5708 τούτων
513 5654 571 5705 Β.
686 5650 730 5680 ³⁸
756 5645 1152 5715 ἀπολειφθῆναι
1184 5666 1247 5712 ς.
1347 5646 1393 5678 ³⁵
1424 5649 1502 5699 τοί

1347 5646 1393 5678 ³⁵
1424 5644 1557 5716 τοῖς]
1590 5645 1713 5711 τούς
1741 5649 1806 5701 Α.

280 5727 323 5757 ³⁸
354 5727 491 5779 ἄλλα
521 5722 650 5777 add.
681 5721 747 5772 A.
823 5719 867 5750 "
901 5716 1032 5786 εἴπῃ
1058 5734 1122 5781 ς’.

1676 5507 1770 5575 qui
1834 5522 1959 5560 mox
2030 5505 2429 5575 παμμεγέθεις.

1613 5578 1658 5608 ’θ
1690 5578 1789 5640 τὰς
1811 5592 1923 5631 om.
1961 5577 2023 5629 Α.

1922 5647 1967 5679 ³⁵
1999 5645 2150 5719 περὶ]
2191 5663 2318 5717 περ.
2348 5646 2409 5702 Β.

2529 5504 2575 5535 ²⁶
2605 5502 2779 5555 ταῦτα
2822 5518 2903 5569 pr.
2962 5501 3027 5553 Α.
3121 5500 3167 5530 ¹⁷
3218 5506 3357 5569 ante
3408 5496 3546 5569 πλητ

2145 5562 2190 5607 a'o
2220 5562 2312 5628 ὀῦν
2371 5562 2496 5630 a'dd,
2541 5574 2600 5626 Β,
2679 5576 2721 5603 ³⁸
2749 5562 3177 5639 ἐπονομάζουσιν
3204 5587 3266 5633 ς.
3345 5568 3389 5600 ³’
3412 5562 3546 5636 τῶν]

2517 5645 2563 5676 ³⁵
2590 5642 2836 5714 Μήδειαν
2865 5644 2931 5698 Α.
3006 5642 3050 5672 ³⁷
3084 5639 3453 5710 Ἀφθαριάτας
3482 5653 3542 5700 ς.

1850 5804 2075 5861 NOT/E.

354 5910 428 5977 (ιι)
461 5908 531 5960 Et
565 5906 760 5959 Graeco
791 5902 907 5956 btrc
961 5902 1197 5957 desunt;
1227 5914 1327 5970 pro
1355 5896 1605 5953 siccitate
1636 5896 1907 5961 alimenti,
1948 5896 2223 5968 vitamque
2256 5898 2453 5953 finiunt
2484 5897 2733 5954 acerbius
2769 5912 2932 5967 quam
2970 5904 3028 5950 ut
3057 5893 3260 5947 vivant.
