  <div class='ocr_page' id='page_1' title='image "/cluster/home/n/w/nwhite01/storage/ocr_20150623/104/hvd.32044018872853/033.png"; bbox 0 0 4036 6318; ppageno 0'>
   <div class='ocr_carea' id='block_1_1' title="bbox 592 404 2187 472">
    <p class='ocr_par' dir='ltr' id='par_1_1' title="bbox 592 404 2187 472">
     <span class='ocr_line' id='line_1_1' title="bbox 592 404 2187 472; baseline -0.006 0"><span class='ocrx_word' id='word_1_1' title='bbox 592 410 652 472; x_wconf 81' lang='grc'><strong>51</strong></span> <span class='ocrx_word' id='word_1_2' title='bbox 1740 406 2001 466; x_wconf 78' lang='grc' dir='ltr'><strong>ΡΙΙΟΤΙΙ</strong></span> <span class='ocrx_word' id='word_1_3' title='bbox 2036 404 2187 463; x_wconf 73' lang='grc' dir='ltr'><strong>ΡΑΤέ</strong></span> 
     </span>
    </p>
   </div>
   <div class='ocr_carea' id='block_1_2' title="bbox 2296 404 2685 472">
    <p class='ocr_par' dir='ltr' id='par_1_2' title="bbox 2296 404 2685 466">
     <span class='ocr_line' id='line_1_2' title="bbox 2296 404 2685 466; baseline 0.01 -4"><span class='ocrx_word' id='word_1_4' title='bbox 2296 404 2541 465; x_wconf 68' lang='lat' dir='ltr'><strong>lRCH/E</strong></span> <span class='ocrx_word' id='word_1_5' title='bbox 2575 405 2685 466; x_wconf 78' lang='grc' dir='ltr'><strong>ΟΡ.</strong></span> 
     </span>
    </p>
   </div>
   <div class='ocr_carea' id='block_1_3' title="bbox 3770 402 3841 467">
    <p class='ocr_par' dir='ltr' id='par_1_3' title="bbox 3770 402 3841 467">
     <span class='ocr_line' id='line_1_3' title="bbox 3770 402 3841 467; baseline 0.014 -1"><span class='ocrx_word' id='word_1_6' title='bbox 3770 402 3841 467; x_wconf 76' lang='grc'><strong>52</strong></span> 
     </span>
    </p>
   </div>
   <div class='ocr_carea' id='block_1_4' title="bbox 592 513 2187 591">
    <p class='ocr_par' dir='ltr' id='par_1_4' title="bbox 592 518 2166 591">
     <span class='ocr_line' id='line_1_4' title="bbox 592 518 2166 591; baseline -0.001 -18"><span class='ocrx_word' id='word_1_7' title='bbox 592 519 917 591; x_wconf 83' lang='lat' dir='ltr'><strong>promissas,</strong></span> <span class='ocrx_word' id='word_1_8' title='bbox 962 527 1015 573; x_wconf 86' lang='lat' dir='ltr'><strong>et</strong></span> <span class='ocrx_word' id='word_1_9' title='bbox 1071 518 1266 573; x_wconf 82' lang='lat' dir='ltr'><strong>barbas</strong></span> <span class='ocrx_word' id='word_1_10' title='bbox 1313 526 1530 588; x_wconf 80' lang='lat' dir='ltr'><strong>gestant</strong></span> <span class='ocrx_word' id='word_1_11' title='bbox 1577 518 1931 582; x_wconf 89' lang='lat' dir='ltr'><strong>immodicas,</strong></span> <span class='ocrx_word' id='word_1_12' title='bbox 1970 532 2166 572; x_wconf 72' lang='lat' dir='ltr'><strong>canes-</strong></span> 
     </span>
    </p>
   </div>
   <div class='ocr_carea' id='block_1_5' title="bbox 2296 513 3844 591">
    <p class='ocr_par' dir='ltr' id='par_1_5' title="bbox 2296 513 3844 588">
     <span class='ocr_line' id='line_1_5' title="bbox 2296 513 3844 588; baseline -0.001 -17"><span class='ocrx_word' id='word_1_13' title='bbox 2296 518 2492 586; x_wconf 72' lang='grc' dir='ltr'>ἱάρους.</span> <span class='ocrx_word' id='word_1_14' title='bbox 2524 514 2683 573; x_wconf 74' lang='grc' dir='ltr'>Οὗτοι</span> <span class='ocrx_word' id='word_1_15' title='bbox 2711 515 2949 588; x_wconf 80' lang='grc' dir='ltr'><strong>κομῆται</strong></span> <span class='ocrx_word' id='word_1_16' title='bbox 3001 516 3100 587; x_wconf 89' lang='grc' dir='ltr'><strong>μέν</strong></span> <span class='ocrx_word' id='word_1_17' title='bbox 3139 515 3247 568; x_wconf 74' lang='grc' dir='ltr'>εἱσι</span> <span class='ocrx_word' id='word_1_18' title='bbox 3303 516 3399 569; x_wconf 75' lang='grc' dir='ltr'>καὶ</span> <span class='ocrx_word' id='word_1_19' title='bbox 3432 513 3700 583; x_wconf 83' lang='grc' dir='ltr'><strong>πώγωνας</strong></span> <span class='ocrx_word' id='word_1_20' title='bbox 3740 516 3844 584; x_wconf 80' lang='grc' dir='ltr'>φέ-</span> 
     </span>
    </p>
   </div>
   <div class='ocr_carea' id='block_1_6' title="bbox 590 609 2159 683">
    <p class='ocr_par' dir='ltr' id='par_1_6' title="bbox 590 609 2159 683">
     <span class='ocr_line' id='line_1_6' title="bbox 590 609 2159 683; baseline -0.001 -18"><span class='ocrx_word' id='word_1_21' title='bbox 590 627 698 683; x_wconf 86' lang='lat' dir='ltr'><strong>qne</strong></span> <span class='ocrx_word' id='word_1_22' title='bbox 736 611 938 666; x_wconf 87' lang='lat' dir='ltr'><strong>multos</strong></span> <span class='ocrx_word' id='word_1_23' title='bbox 979 610 1131 666; x_wconf 92' lang='lat' dir='ltr'><strong>alunt</strong></span> <span class='ocrx_word' id='word_1_24' title='bbox 1172 618 1226 665; x_wconf 88' lang='lat' dir='ltr'><strong>et</strong></span> <span class='ocrx_word' id='word_1_25' title='bbox 1271 626 1518 680; x_wconf 85' lang='lat' dir='ltr'><strong>magnos,</strong></span> <span class='ocrx_word' id='word_1_26' title='bbox 1563 609 1940 681; x_wconf 81' lang='lat' dir='ltr'><strong>Hyrcanorum</strong></span> <span class='ocrx_word' id='word_1_27' title='bbox 1988 624 2159 671; x_wconf 88' lang='lat' dir='ltr'><strong>more.</strong></span> 
     </span>
    </p>
   </div>
   <div class='ocr_carea' id='block_1_7' title="bbox 591 700 2167 773">
    <p class='ocr_par' dir='ltr' id='par_1_7' title="bbox 591 700 2167 773">
     <span class='ocr_line' id='line_1_7' title="bbox 591 700 2167 773; baseline -0.001 -18"><span class='ocrx_word' id='word_1_28' title='bbox 591 717 827 773; x_wconf 89' lang='lat' dir='ltr'><strong>quorum</strong></span> <span class='ocrx_word' id='word_1_29' title='bbox 886 716 1049 771; x_wconf 88' lang='lat' dir='ltr'><strong>opera</strong></span> <span class='ocrx_word' id='word_1_30' title='bbox 1096 711 1386 772; x_wconf 81' lang='lat' dir='ltr'><strong>evagantes</strong></span> <span class='ocrx_word' id='word_1_31' title='bbox 1435 701 1489 755; x_wconf 95' lang='lat' dir='ltr'><strong>in</strong></span> <span class='ocrx_word' id='word_1_32' title='bbox 1540 700 1874 771; x_wconf 79' lang='lat' dir='ltr'><strong>provinciam</strong></span> <span class='ocrx_word' id='word_1_33' title='bbox 1920 701 2167 770; x_wconf 91' lang='lat' dir='ltr'><strong>ipsorum</strong></span> 
     </span>
    </p>
   </div>
   <div class='ocr_carea' id='block_1_8' title="bbox 592 792 2167 865">
    <p class='ocr_par' dir='ltr' id='par_1_8' title="bbox 592 792 2167 865">
     <span class='ocr_line' id='line_1_8' title="bbox 592 792 2167 865; baseline -0.001 -18"><span class='ocrx_word' id='word_1_34' title='bbox 592 810 655 847; x_wconf 81' lang='lat' dir='ltr'><strong>ex</strong></span> <span class='ocrx_word' id='word_1_35' title='bbox 701 792 853 847; x_wconf 83' lang='lat' dir='ltr'><strong>India</strong></span> <span class='ocrx_word' id='word_1_36' title='bbox 898 793 1065 854; x_wconf 78' lang='lat' dir='ltr'><strong>boves</strong></span> <span class='ocrx_word' id='word_1_37' title='bbox 1107 803 1395 847; x_wconf 74' lang='lat' dir='ltr'><strong>venantur.</strong></span> <span class='ocrx_word' id='word_1_38' title='bbox 1436 792 1635 865; x_wconf 68' lang='grc' dir='ltr'><strong>454α</strong></span> <span class='ocrx_word' id='word_1_39' title='bbox 1686 792 1976 848; x_wconf 87' lang='lat' dir='ltr'><strong>Innumera</strong></span> <span class='ocrx_word' id='word_1_40' title='bbox 2020 793 2167 847; x_wconf 88' lang='lat' dir='ltr'><strong>enim</strong></span> 
     </span>
    </p>
   </div>
   <div class='ocr_carea' id='block_1_9' title="bbox 593 884 2167 948">
    <p class='ocr_par' dir='ltr' id='par_1_9' title="bbox 593 884 2167 948">
     <span class='ocr_line' id='line_1_9' title="bbox 593 884 2167 948; baseline -0.001 -8"><span class='ocrx_word' id='word_1_41' title='bbox 593 887 787 943; x_wconf 88' lang='lat' dir='ltr'><strong>deinde</strong></span> <span class='ocrx_word' id='word_1_42' title='bbox 834 896 1118 948; x_wconf 87' lang='lat' dir='ltr'><strong>armenta,</strong></span> <span class='ocrx_word' id='word_1_43' title='bbox 1171 902 1201 941; x_wconf 90' lang='lat' dir='ltr'><strong>a</strong></span> <span class='ocrx_word' id='word_1_44' title='bbox 1250 886 1485 941; x_wconf 89' lang='lat' dir='ltr'><strong>solstitio</strong></span> <span class='ocrx_word' id='word_1_45' title='bbox 1531 885 1760 940; x_wconf 89' lang='lat' dir='ltr'><strong>hiberno</strong></span> <span class='ocrx_word' id='word_1_46' title='bbox 1812 885 1879 940; x_wconf 91' lang='lat' dir='ltr'><strong>ad</strong></span> <span class='ocrx_word' id='word_1_47' title='bbox 1934 884 2167 940; x_wconf 89' lang='lat' dir='ltr'><strong>mediam</strong></span> 
     </span>
    </p>
   </div>
   <div class='ocr_carea' id='block_1_10' title="bbox 597 978 2166 1049">
    <p class='ocr_par' dir='ltr' id='par_1_10' title="bbox 597 978 2166 1049">
     <span class='ocr_line' id='line_1_10' title="bbox 597 978 2166 1049; baseline -0.001 -16"><span class='ocrx_word' id='word_1_48' title='bbox 597 993 773 1049; x_wconf 87' lang='lat' dir='ltr'><strong>usque</strong></span> <span class='ocrx_word' id='word_1_49' title='bbox 807 979 1061 1044; x_wconf 86' lang='lat' dir='ltr'><strong>hiemem,</strong></span> <span class='ocrx_word' id='word_1_50' title='bbox 1087 980 1271 1033; x_wconf 90' lang='lat' dir='ltr'><strong>videre</strong></span> <span class='ocrx_word' id='word_1_51' title='bbox 1298 988 1402 1033; x_wconf 89' lang='lat' dir='ltr'><strong>est.</strong></span> <span class='ocrx_word' id='word_1_52' title='bbox 1432 978 1512 1032; x_wconf 78' lang='lat' dir='ltr'><strong>Ad</strong></span> <span class='ocrx_word' id='word_1_53' title='bbox 1544 979 1659 1033; x_wconf 65' lang='lat' dir='ltr'><strong>haec</strong></span> <span class='ocrx_word' id='word_1_54' title='bbox 1691 978 1936 1035; x_wconf 82' lang='lat' dir='ltr'><strong>femellas</strong></span> <span class='ocrx_word' id='word_1_55' title='bbox 1967 994 2166 1034; x_wconf 89' lang='lat' dir='ltr'><strong>canum</strong></span> 
     </span>
    </p>
   </div>
   <div class='ocr_carea' id='block_1_11' title="bbox 596 1068 2171 1140">
    <p class='ocr_par' dir='ltr' id='par_1_11' title="bbox 596 1068 2171 1140">
     <span class='ocr_line' id='line_1_11' title="bbox 596 1068 2171 1140; baseline 0.001 -19"><span class='ocrx_word' id='word_1_56' title='bbox 596 1072 860 1140; x_wconf 74' lang='lat' dir='ltr'><strong>mulgent,</strong></span> <span class='ocrx_word' id='word_1_57' title='bbox 899 1077 952 1121; x_wconf 86' lang='lat' dir='ltr'><strong>et</strong></span> <span class='ocrx_word' id='word_1_58' title='bbox 982 1069 1048 1123; x_wconf 90' lang='lat' dir='ltr'><strong>de</strong></span> <span class='ocrx_word' id='word_1_59' title='bbox 1081 1070 1219 1123; x_wconf 85' lang='lat' dir='ltr'><strong>lacte</strong></span> <span class='ocrx_word' id='word_1_60' title='bbox 1258 1068 1595 1123; x_wconf 88' lang='lat' dir='ltr'><strong>nutriuntur.</strong></span> <span class='ocrx_word' id='word_1_61' title='bbox 1629 1069 1807 1123; x_wconf 87' lang='lat' dir='ltr'><strong>Nihilo</strong></span> <span class='ocrx_word' id='word_1_62' title='bbox 1840 1078 2021 1124; x_wconf 83' lang='lat' dir='ltr'><strong>tamen</strong></span> <span class='ocrx_word' id='word_1_63' title='bbox 2065 1069 2171 1122; x_wconf 84' lang='lat' dir='ltr'><strong>mi-</strong></span> 
     </span>
    </p>
   </div>
   <div class='ocr_carea' id='block_1_12' title="bbox 599 1159 2171 1232">
    <p class='ocr_par' dir='ltr' id='par_1_12' title="bbox 599 1159 2171 1232">
     <span class='ocr_line' id='line_1_12' title="bbox 599 1159 2171 1232; baseline 0 -17"><span class='ocrx_word' id='word_1_64' title='bbox 599 1179 705 1217; x_wconf 88' lang='lat' dir='ltr'><strong>nus</strong></span> <span class='ocrx_word' id='word_1_65' title='bbox 751 1178 817 1216; x_wconf 86' lang='lat' dir='ltr'><strong>ex</strong></span> <span class='ocrx_word' id='word_1_66' title='bbox 850 1162 1080 1216; x_wconf 86' lang='lat' dir='ltr'><strong>aliarum</strong></span> <span class='ocrx_word' id='word_1_67' title='bbox 1134 1176 1355 1232; x_wconf 89' lang='lat' dir='ltr'><strong>quoque</strong></span> <span class='ocrx_word' id='word_1_68' title='bbox 1402 1159 1641 1216; x_wconf 78' lang='lat' dir='ltr'><strong>ferarum</strong></span> <span class='ocrx_word' id='word_1_69' title='bbox 1693 1172 1919 1231; x_wconf 91' lang='lat' dir='ltr'><strong>captura</strong></span> <span class='ocrx_word' id='word_1_70' title='bbox 1960 1162 2171 1216; x_wconf 83' lang='lat' dir='ltr'><strong>vivunt.</strong></span> 
     </span>
    </p>
   </div>
   <div class='ocr_carea' id='block_1_13' title="bbox 599 1250 2173 1323">
    <p class='ocr_par' dir='ltr' id='par_1_13' title="bbox 599 1250 2173 1323">
     <span class='ocr_line' id='line_1_13' title="bbox 599 1250 2173 1323; baseline 0.003 -17"><span class='ocrx_word' id='word_1_71' title='bbox 599 1250 776 1322; x_wconf 82' lang='lat' dir='ltr'><strong>Atque</strong></span> <span class='ocrx_word' id='word_1_72' title='bbox 797 1252 870 1306; x_wconf 91' lang='lat' dir='ltr'><strong>ita</strong></span> <span class='ocrx_word' id='word_1_73' title='bbox 893 1261 1164 1323; x_wconf 87' lang='lat' dir='ltr'><strong>postrema</strong></span> <span class='ocrx_word' id='word_1_74' title='bbox 1192 1253 1257 1307; x_wconf 89' lang='lat' dir='ltr'><strong>ad</strong></span> <span class='ocrx_word' id='word_1_75' title='bbox 1282 1253 1561 1308; x_wconf 88' lang='lat' dir='ltr'><strong>meridiem</strong></span> <span class='ocrx_word' id='word_1_76' title='bbox 1584 1254 1853 1322; x_wconf 87' lang='lat' dir='ltr'><strong>descripta</strong></span> <span class='ocrx_word' id='word_1_77' title='bbox 1881 1253 2173 1310; x_wconf 87' lang='lat' dir='ltr'><strong>habentur.</strong></span> 
     </span>
    </p>
   </div>
   <div class='ocr_carea' id='block_1_14' title="bbox 945 1368 1877 1441">
    <p class='ocr_par' dir='ltr' id='par_1_14' title="bbox 945 1368 1877 1441">
     <span class='ocr_line' id='line_1_14' title="bbox 945 1368 1877 1441; baseline 0.003 -18"><span class='ocrx_word' id='word_1_78' title='bbox 945 1368 1074 1423; x_wconf 60' lang='lat' dir='ltr'><strong>Car.</strong></span> <span class='ocrx_word' id='word_1_79' title='bbox 1105 1368 1279 1424; x_wconf 78' lang='lat' dir='ltr'><strong>XXX.</strong></span> <span class='ocrx_word' id='word_1_80' title='bbox 1314 1399 1383 1411; x_wconf 90' lang='lat'><strong>-—</strong></span> <span class='ocrx_word' id='word_1_81' title='bbox 1416 1371 1489 1425; x_wconf 84' lang='lat' dir='ltr'><strong>De</strong></span> <span class='ocrx_word' id='word_1_82' title='bbox 1520 1369 1877 1441; x_wconf 80' lang='lat' dir='ltr'><strong>Troglodylis.</strong></span> 
     </span>
    </p>
   </div>
   <div class='ocr_carea' id='block_1_15' title="bbox 675 1458 2177 1531">
    <p class='ocr_par' dir='ltr' id='par_1_15' title="bbox 675 1458 2177 1531">
     <span class='ocr_line' id='line_1_15' title="bbox 675 1458 2177 1531; baseline 0.003 -20"><span class='ocrx_word' id='word_1_83' title='bbox 675 1460 749 1513; x_wconf 84' lang='lat' dir='ltr'><strong>De</strong></span> <span class='ocrx_word' id='word_1_84' title='bbox 775 1458 1222 1531; x_wconf 81' lang='lat' dir='ltr'><strong>Troglodytarum</strong></span> <span class='ocrx_word' id='word_1_85' title='bbox 1247 1462 1407 1524; x_wconf 73' lang='lat' dir='ltr'><strong>rictu,</strong></span> <span class='ocrx_word' id='word_1_86' title='bbox 1446 1462 1861 1524; x_wconf 77' lang='lat' dir='ltr'><strong>circumcisione,</strong></span> <span class='ocrx_word' id='word_1_87' title='bbox 1888 1464 1995 1515; x_wconf 80' lang='lat' dir='ltr'><strong>ritu</strong></span> <span class='ocrx_word' id='word_1_88' title='bbox 2021 1464 2177 1531; x_wconf 77' lang='lat' dir='ltr'><strong>fune-</strong></span> 
     </span>
    </p>
   </div>
   <div class='ocr_carea' id='block_1_16' title="bbox 602 1552 2181 1624">
    <p class='ocr_par' dir='ltr' id='par_1_16' title="bbox 602 1552 2181 1624">
     <span class='ocr_line' id='line_1_16' title="bbox 602 1552 2181 1624; baseline 0.003 -21"><span class='ocrx_word' id='word_1_89' title='bbox 602 1553 788 1614; x_wconf 81' lang='lat' dir='ltr'><strong>randi,</strong></span> <span class='ocrx_word' id='word_1_90' title='bbox 804 1552 1195 1620; x_wconf 80' lang='lat' dir='ltr'><strong>paciﬁcatione,</strong></span> <span class='ocrx_word' id='word_1_91' title='bbox 1214 1569 1416 1615; x_wconf 79' lang='lat' dir='ltr'><strong>somno,</strong></span> <span class='ocrx_word' id='word_1_92' title='bbox 1440 1562 1607 1607; x_wconf 83' lang='lat' dir='ltr'><strong>morte</strong></span> <span class='ocrx_word' id='word_1_93' title='bbox 1632 1553 2181 1624; x_wconf 79' lang='lat' dir='ltr'><strong>violenta.—Troglo-</strong></span> 
     </span>
    </p>
   </div>
   <div class='ocr_carea' id='block_1_17' title="bbox 603 1644 2180 1715">
    <p class='ocr_par' dir='ltr' id='par_1_17' title="bbox 603 1644 2180 1715">
     <span class='ocr_line' id='line_1_17' title="bbox 603 1644 2180 1715; baseline 0 -19"><span class='ocrx_word' id='word_1_94' title='bbox 603 1644 849 1713; x_wconf 85' lang='lat' dir='ltr'><strong>dytarum</strong></span> <span class='ocrx_word' id='word_1_95' title='bbox 877 1661 1039 1714; x_wconf 88' lang='lat' dir='ltr'><strong>porro</strong></span> <span class='ocrx_word' id='word_1_96' title='bbox 1075 1645 1314 1701; x_wconf 87' lang='lat' dir='ltr'><strong>conditio</strong></span> <span class='ocrx_word' id='word_1_97' title='bbox 1346 1645 1461 1699; x_wconf 87' lang='lat' dir='ltr'><strong>haec</strong></span> <span class='ocrx_word' id='word_1_98' title='bbox 1483 1655 1586 1700; x_wconf 83' lang='lat' dir='ltr'><strong>est.</strong></span> <span class='ocrx_word' id='word_1_99' title='bbox 1622 1644 1738 1711; x_wconf 87' lang='lat' dir='ltr'><strong>Qua</strong></span> <span class='ocrx_word' id='word_1_100' title='bbox 1771 1662 1902 1715; x_wconf 81' lang='lat' dir='ltr'><strong>gens</strong></span> <span class='ocrx_word' id='word_1_101' title='bbox 1929 1647 2043 1700; x_wconf 76' lang='lat' dir='ltr'><strong>haec</strong></span> <span class='ocrx_word' id='word_1_102' title='bbox 2079 1646 2180 1698; x_wconf 86' lang='lat' dir='ltr'><strong>im-</strong></span> 
     </span>
    </p>
   </div>
   <div class='ocr_carea' id='block_1_18' title="bbox 607 1724 2179 1807">
    <p class='ocr_par' dir='ltr' id='par_1_18' title="bbox 607 1724 2179 1807">
     <span class='ocr_line' id='line_1_18' title="bbox 607 1724 2179 1807; baseline 0.001 -20"><span class='ocrx_word' id='word_1_103' title='bbox 607 1735 740 1805; x_wconf 88' lang='lat' dir='ltr'><strong>pcrii</strong></span> <span class='ocrx_word' id='word_1_104' title='bbox 774 1735 947 1791; x_wconf 82' lang='lat' dir='ltr'><strong>forma</strong></span> <span class='ocrx_word' id='word_1_105' title='bbox 989 1736 1294 1791; x_wconf 90' lang='lat' dir='ltr'><strong>continetur</strong></span> <span class='ocrx_word' id='word_1_106' title='bbox 1342 1724 1585 1807; x_wconf 86' lang='lat' dir='ltr'><strong>tyrannis</strong></span> <span class='ocrx_word' id='word_1_107' title='bbox 1622 1746 1727 1791; x_wconf 90' lang='lat' dir='ltr'><strong>est.</strong></span> <span class='ocrx_word' id='word_1_108' title='bbox 1763 1734 1992 1796; x_wconf 82' lang='lat' dir='ltr'><strong>Uxores.</strong></span> <span class='ocrx_word' id='word_1_109' title='bbox 2021 1746 2079 1789; x_wconf 90' lang='lat' dir='ltr'><strong>ut</strong></span> <span class='ocrx_word' id='word_1_110' title='bbox 2110 1736 2179 1789; x_wconf 90' lang='lat' dir='ltr'><strong>li-</strong></span> 
     </span>
    </p>
   </div>
   <div class='ocr_carea' id='block_1_19' title="bbox 607 1828 2181 1900">
    <p class='ocr_par' dir='ltr' id='par_1_19' title="bbox 607 1828 2181 1900">
     <span class='ocr_line' id='line_1_19' title="bbox 607 1828 2181 1900; baseline 0.001 -17"><span class='ocrx_word' id='word_1_111' title='bbox 607 1828 745 1892; x_wconf 86' lang='lat' dir='ltr'><strong>beri,</strong></span> <span class='ocrx_word' id='word_1_112' title='bbox 777 1839 905 1884; x_wconf 88' lang='lat' dir='ltr'><strong>sunt</strong></span> <span class='ocrx_word' id='word_1_113' title='bbox 933 1844 1277 1884; x_wconf 88' lang='lat' dir='ltr'><strong>communes.</strong></span> <span class='ocrx_word' id='word_1_114' title='bbox 1320 1829 1452 1884; x_wconf 89' lang='lat' dir='ltr'><strong>Cum</strong></span> <span class='ocrx_word' id='word_1_115' title='bbox 1486 1832 1705 1900; x_wconf 86' lang='lat' dir='ltr'><strong>tyranni</strong></span> <span class='ocrx_word' id='word_1_116' title='bbox 1752 1830 2017 1885; x_wconf 75' lang='lat' dir='ltr'><strong>duntaxat</strong></span> <span class='ocrx_word' id='word_1_117' title='bbox 2044 1845 2181 1884; x_wconf 82' lang='lat' dir='ltr'><strong>con-</strong></span> 
     </span>
    </p>
   </div>
   <div class='ocr_carea' id='block_1_20' title="bbox 605 1918 2183 1991">
    <p class='ocr_par' dir='ltr' id='par_1_20' title="bbox 605 1918 2183 1991">
     <span class='ocr_line' id='line_1_20' title="bbox 605 1918 2183 1991; baseline 0.003 -19"><span class='ocrx_word' id='word_1_118' title='bbox 605 1920 735 1989; x_wconf 86' lang='lat' dir='ltr'><strong>juge</strong></span> <span class='ocrx_word' id='word_1_119' title='bbox 766 1935 878 1973; x_wconf 89' lang='lat' dir='ltr'><strong>rem</strong></span> <span class='ocrx_word' id='word_1_120' title='bbox 908 1919 1108 1974; x_wconf 89' lang='lat' dir='ltr'><strong>habere</strong></span> <span class='ocrx_word' id='word_1_121' title='bbox 1133 1920 1387 1974; x_wconf 88' lang='lat' dir='ltr'><strong>vetitum.</strong></span> <span class='ocrx_word' id='word_1_122' title='bbox 1437 1918 1550 1975; x_wconf 82' lang='lat' dir='ltr'><strong>Hoc</strong></span> <span class='ocrx_word' id='word_1_123' title='bbox 1588 1929 1770 1975; x_wconf 89' lang='lat' dir='ltr'><strong>tamen</strong></span> <span class='ocrx_word' id='word_1_124' title='bbox 1814 1936 1968 1985; x_wconf 88' lang='lat' dir='ltr'><strong>auso,</strong></span> <span class='ocrx_word' id='word_1_125' title='bbox 2016 1921 2183 1991; x_wconf 85' lang='lat' dir='ltr'><strong>depo-</strong></span> 
     </span>
    </p>
   </div>
   <div class='ocr_carea' id='block_1_21' title="bbox 608 2011 2184 2082">
    <p class='ocr_par' dir='ltr' id='par_1_21' title="bbox 608 2011 2184 2082">
     <span class='ocr_line' id='line_1_21' title="bbox 608 2011 2184 2082; baseline 0.003 -19"><span class='ocrx_word' id='word_1_126' title='bbox 608 2012 800 2065; x_wconf 69' lang='lat' dir='ltr'><strong>ncndze</strong></span> <span class='ocrx_word' id='word_1_127' title='bbox 826 2012 945 2066; x_wconf 90' lang='lat' dir='ltr'><strong>ovis</strong></span> <span class='ocrx_word' id='word_1_128' title='bbox 979 2012 1147 2066; x_wconf 88' lang='lat' dir='ltr'><strong>multa</strong></span> <span class='ocrx_word' id='word_1_129' title='bbox 1180 2011 1473 2082; x_wconf 90' lang='lat' dir='ltr'><strong>irrogatur.</strong></span> <span class='ocrx_word' id='word_1_130' title='bbox 1500 2011 1617 2067; x_wconf 89' lang='lat' dir='ltr'><strong>Mos</strong></span> <span class='ocrx_word' id='word_1_131' title='bbox 1638 2013 1759 2066; x_wconf 72' lang='lat' dir='ltr'><strong>vita:</strong></span> <span class='ocrx_word' id='word_1_132' title='bbox 1789 2013 1929 2067; x_wconf 87' lang='lat' dir='ltr'><strong>talis.</strong></span> <span class='ocrx_word' id='word_1_133' title='bbox 1959 2011 2184 2079; x_wconf 83' lang='lat' dir='ltr'><strong>Quando</strong></span> 
     </span>
    </p>
   </div>
   <div class='ocr_carea' id='block_1_22' title="bbox 608 2101 2185 2176">
    <p class='ocr_par' dir='ltr' id='par_1_22' title="bbox 608 2101 2185 2176">
     <span class='ocr_line' id='line_1_22' title="bbox 608 2101 2185 2176; baseline 0.003 -21"><span class='ocrx_word' id='word_1_134' title='bbox 608 2103 783 2157; x_wconf 90' lang='lat' dir='ltr'><strong>hiems</strong></span> <span class='ocrx_word' id='word_1_135' title='bbox 810 2111 893 2157; x_wconf 89' lang='lat' dir='ltr'><strong>est</strong></span> <span class='ocrx_word' id='word_1_136' title='bbox 931 2101 1023 2174; x_wconf 92' lang='lat' dir='ltr'><strong>(id</strong></span> <span class='ocrx_word' id='word_1_137' title='bbox 1070 2103 1214 2174; x_wconf 89' lang='lat' dir='ltr'><strong>quod</strong></span> <span class='ocrx_word' id='word_1_138' title='bbox 1263 2105 1367 2160; x_wconf 91' lang='lat' dir='ltr'><strong>sub</strong></span> <span class='ocrx_word' id='word_1_139' title='bbox 1412 2106 1701 2160; x_wconf 85' lang='lat' dir='ltr'><strong>etesiarum</strong></span> <span class='ocrx_word' id='word_1_140' title='bbox 1734 2114 1946 2176; x_wconf 87' lang='lat' dir='ltr'><strong>tempus</strong></span> <span class='ocrx_word' id='word_1_141' title='bbox 1992 2115 2185 2161; x_wconf 87' lang='lat' dir='ltr'><strong>natura</strong></span> 
     </span>
    </p>
   </div>
   <div class='ocr_carea' id='block_1_23' title="bbox 608 2195 2186 2268">
    <p class='ocr_par' dir='ltr' id='par_1_23' title="bbox 608 2195 2186 2268">
     <span class='ocr_line' id='line_1_23' title="bbox 608 2195 2186 2268; baseline 0.003 -21"><span class='ocrx_word' id='word_1_142' title='bbox 608 2202 981 2263; x_wconf 86' lang='lat' dir='ltr'><strong>comparatum</strong></span> <span class='ocrx_word' id='word_1_143' title='bbox 1037 2195 1164 2263; x_wconf 87' lang='lat' dir='ltr'><strong>est),</strong></span> <span class='ocrx_word' id='word_1_144' title='bbox 1213 2196 1321 2249; x_wconf 87' lang='lat' dir='ltr'><strong>Deo</strong></span> <span class='ocrx_word' id='word_1_145' title='bbox 1377 2195 1653 2265; x_wconf 81' lang='lat' dir='ltr'><strong>regionem</strong></span> <span class='ocrx_word' id='word_1_146' title='bbox 1717 2197 1961 2266; x_wconf 90' lang='lat' dir='ltr'><strong>ipsorum</strong></span> <span class='ocrx_word' id='word_1_147' title='bbox 2020 2198 2186 2268; x_wconf 87' lang='lat' dir='ltr'><strong>largis</strong></span> 
     </span>
    </p>
   </div>
   <div class='ocr_carea' id='block_1_24' title="bbox 608 2286 2187 2357">
    <p class='ocr_par' dir='ltr' id='par_1_24' title="bbox 608 2286 2187 2357">
     <span class='ocr_line' id='line_1_24' title="bbox 608 2286 2187 2357; baseline 0.003 -18"><span class='ocrx_word' id='word_1_148' title='bbox 608 2286 907 2340; x_wconf 89' lang='lat' dir='ltr'><strong>inundante</strong></span> <span class='ocrx_word' id='word_1_149' title='bbox 937 2287 1114 2355; x_wconf 87' lang='lat' dir='ltr'><strong>aquis,</strong></span> <span class='ocrx_word' id='word_1_150' title='bbox 1144 2302 1173 2340; x_wconf 91' lang='lat' dir='ltr'><strong>e</strong></span> <span class='ocrx_word' id='word_1_151' title='bbox 1221 2288 1486 2357; x_wconf 80' lang='lat' dir='ltr'><strong>sanguine</strong></span> <span class='ocrx_word' id='word_1_152' title='bbox 1517 2296 1571 2341; x_wconf 90' lang='lat' dir='ltr'><strong>et</strong></span> <span class='ocrx_word' id='word_1_153' title='bbox 1606 2289 1745 2342; x_wconf 91' lang='lat' dir='ltr'><strong>lacte</strong></span> <span class='ocrx_word' id='word_1_154' title='bbox 1775 2288 2031 2356; x_wconf 87' lang='lat' dir='ltr'><strong>pabulum</strong></span> <span class='ocrx_word' id='word_1_155' title='bbox 2063 2291 2187 2343; x_wconf 66' lang='lat' dir='ltr'><strong>vita:</strong></span> 
     </span>
    </p>
   </div>
   <div class='ocr_carea' id='block_1_25' title="bbox 609 2376 2181 2447">
    <p class='ocr_par' dir='ltr' id='par_1_25' title="bbox 609 2376 2181 2447">
     <span class='ocr_line' id='line_1_25' title="bbox 609 2376 2181 2447; baseline 0.001 -17"><span class='ocrx_word' id='word_1_156' title='bbox 609 2376 852 2445; x_wconf 87' lang='lat' dir='ltr'><strong>capiunt,</strong></span> <span class='ocrx_word' id='word_1_157' title='bbox 885 2392 1006 2445; x_wconf 65' lang='lat' dir='ltr'><strong>quae</strong></span> <span class='ocrx_word' id='word_1_158' title='bbox 1030 2377 1081 2430; x_wconf 91' lang='lat' dir='ltr'><strong>in</strong></span> <span class='ocrx_word' id='word_1_159' title='bbox 1112 2392 1273 2431; x_wconf 91' lang='lat' dir='ltr'><strong>unam</strong></span> <span class='ocrx_word' id='word_1_160' title='bbox 1303 2379 1460 2431; x_wconf 85' lang='lat' dir='ltr'><strong>mista</strong></span> <span class='ocrx_word' id='word_1_161' title='bbox 1489 2387 1815 2447; x_wconf 83' lang='lat' dir='ltr'><strong>versataque</strong></span> <span class='ocrx_word' id='word_1_162' title='bbox 1871 2380 2181 2444; x_wconf 86' lang='lat' dir='ltr'><strong>colluviem,</strong></span> 
     </span>
    </p>
   </div>
   <div class='ocr_carea' id='block_1_26' title="bbox 608 2466 2188 2537">
    <p class='ocr_par' dir='ltr' id='par_1_26' title="bbox 608 2466 2188 2537">
     <span class='ocr_line' id='line_1_26' title="bbox 608 2466 2188 2537; baseline 0.003 -17"><span class='ocrx_word' id='word_1_163' title='bbox 608 2467 665 2520; x_wconf 90' lang='lat' dir='ltr'><strong>in</strong></span> <span class='ocrx_word' id='word_1_164' title='bbox 699 2467 825 2521; x_wconf 92' lang='lat' dir='ltr'><strong>ollis</strong></span> <span class='ocrx_word' id='word_1_165' title='bbox 872 2469 939 2521; x_wconf 91' lang='lat' dir='ltr'><strong>ad</strong></span> <span class='ocrx_word' id='word_1_166' title='bbox 984 2468 1163 2537; x_wconf 83' lang='lat' dir='ltr'><strong>ignem</strong></span> <span class='ocrx_word' id='word_1_167' title='bbox 1213 2469 1403 2523; x_wconf 87' lang='lat' dir='ltr'><strong>leviter</strong></span> <span class='ocrx_word' id='word_1_168' title='bbox 1434 2466 1783 2524; x_wconf 81' lang='lat' dir='ltr'><strong>calefaciunt.</strong></span> <span class='ocrx_word' id='word_1_169' title='bbox 1832 2469 1902 2524; x_wconf 82' lang='lat' dir='ltr'><strong>At</strong></span> <span class='ocrx_word' id='word_1_170' title='bbox 1931 2470 1974 2525; x_wconf 91' lang='lat' dir='ltr'><strong>si</strong></span> <span class='ocrx_word' id='word_1_171' title='bbox 2026 2482 2188 2525; x_wconf 66' lang='lat' dir='ltr'><strong>testas</strong></span> 
     </span>
    </p>
   </div>
   <div class='ocr_carea' id='block_1_27' title="bbox 608 2558 2189 2628">
    <p class='ocr_par' dir='ltr' id='par_1_27' title="bbox 608 2558 2189 2628">
     <span class='ocr_line' id='line_1_27' title="bbox 608 2558 2189 2628; baseline 0.003 -17"><span class='ocrx_word' id='word_1_172' title='bbox 608 2559 800 2623; x_wconf 84' lang='lat' dir='ltr'><strong>instat,</strong></span> <span class='ocrx_word' id='word_1_173' title='bbox 842 2559 896 2611; x_wconf 93' lang='lat' dir='ltr'><strong>in</strong></span> <span class='ocrx_word' id='word_1_174' title='bbox 941 2558 1061 2612; x_wconf 89' lang='lat' dir='ltr'><strong>udis</strong></span> <span class='ocrx_word' id='word_1_175' title='bbox 1089 2566 1379 2613; x_wconf 72' lang='lat' dir='ltr'><strong>versantur</strong></span> <span class='ocrx_word' id='word_1_176' title='bbox 1421 2558 1577 2623; x_wconf 86' lang='lat' dir='ltr'><strong>locis,</strong></span> <span class='ocrx_word' id='word_1_177' title='bbox 1597 2558 1665 2613; x_wconf 89' lang='lat' dir='ltr'><strong>de</strong></span> <span class='ocrx_word' id='word_1_178' title='bbox 1697 2560 1897 2628; x_wconf 89' lang='lat' dir='ltr'><strong>pabulo</strong></span> <span class='ocrx_word' id='word_1_179' title='bbox 1945 2560 2087 2614; x_wconf 88' lang='lat' dir='ltr'><strong>inter</strong></span> <span class='ocrx_word' id='word_1_180' title='bbox 2129 2576 2189 2616; x_wconf 89' lang='lat' dir='ltr'><strong>se</strong></span> 
     </span>
    </p>
   </div>
   <div class='ocr_carea' id='block_1_28' title="bbox 608 2651 2186 2720">
    <p class='ocr_par' dir='ltr' id='par_1_28' title="bbox 608 2651 2186 2720">
     <span class='ocr_line' id='line_1_28' title="bbox 608 2651 2186 2720; baseline 0.001 -15"><span class='ocrx_word' id='word_1_181' title='bbox 608 2651 1006 2720; x_wconf 77' lang='lat' dir='ltr'><strong>depugnantes,</strong></span> <span class='ocrx_word' id='word_1_182' title='bbox 1030 2659 1083 2704; x_wconf 88' lang='lat' dir='ltr'><strong>et</strong></span> <span class='ocrx_word' id='word_1_183' title='bbox 1109 2659 1223 2704; x_wconf 89' lang='lat' dir='ltr'><strong>tum</strong></span> <span class='ocrx_word' id='word_1_184' title='bbox 1254 2665 1508 2719; x_wconf 88' lang='lat' dir='ltr'><strong>pecorum</strong></span> <span class='ocrx_word' id='word_1_185' title='bbox 1537 2652 1831 2706; x_wconf 91' lang='lat' dir='ltr'><strong>annosiora</strong></span> <span class='ocrx_word' id='word_1_186' title='bbox 1853 2662 1907 2707; x_wconf 90' lang='lat' dir='ltr'><strong>et</strong></span> <span class='ocrx_word' id='word_1_187' title='bbox 1936 2653 2186 2707; x_wconf 88' lang='lat' dir='ltr'><strong>morbida</strong></span> 
     </span>
    </p>
   </div>
   <div class='ocr_carea' id='block_1_29' title="bbox 609 2740 2189 2811">
    <p class='ocr_par' dir='ltr' id='par_1_29' title="bbox 609 2740 2189 2811">
     <span class='ocr_line' id='line_1_29' title="bbox 609 2740 2189 2811; baseline 0.002 -17"><span class='ocrx_word' id='word_1_188' title='bbox 609 2741 926 2803; x_wconf 86' lang='lat' dir='ltr'><strong>absumunt,</strong></span> <span class='ocrx_word' id='word_1_189' title='bbox 968 2740 1239 2794; x_wconf 89' lang='lat' dir='ltr'><strong>laniorum</strong></span> <span class='ocrx_word' id='word_1_190' title='bbox 1278 2741 1389 2809; x_wconf 89' lang='lat' dir='ltr'><strong>(qui</strong></span> <span class='ocrx_word' id='word_1_191' title='bbox 1427 2741 1693 2795; x_wconf 86' lang='lat' dir='ltr'><strong>immundi</strong></span> <span class='ocrx_word' id='word_1_192' title='bbox 1737 2741 1869 2811; x_wconf 89' lang='lat' dir='ltr'><strong>ipsis</strong></span> <span class='ocrx_word' id='word_1_193' title='bbox 1896 2743 2189 2797; x_wconf 89' lang='lat' dir='ltr'><strong>nominan-</strong></span> 
     </span>
    </p>
   </div>
   <div class='ocr_carea' id='block_1_30' title="bbox 614 2832 2191 2905">
    <p class='ocr_par' dir='ltr' id='par_1_30' title="bbox 614 2832 2191 2905">
     <span class='ocr_line' id='line_1_30' title="bbox 614 2832 2191 2905; baseline 0.003 -19"><span class='ocrx_word' id='word_1_194' title='bbox 614 2833 724 2902; x_wconf 86' lang='lat' dir='ltr'><strong>tur)</strong></span> <span class='ocrx_word' id='word_1_195' title='bbox 753 2848 917 2902; x_wconf 87' lang='lat' dir='ltr'><strong>opera</strong></span> <span class='ocrx_word' id='word_1_196' title='bbox 975 2842 1229 2888; x_wconf 87' lang='lat' dir='ltr'><strong>mactata.</strong></span> <span class='ocrx_word' id='word_1_197' title='bbox 1274 2832 1560 2888; x_wconf 88' lang='lat' dir='ltr'><strong>Neminem</strong></span> <span class='ocrx_word' id='word_1_198' title='bbox 1614 2850 1678 2889; x_wconf 74' lang='lat' dir='ltr'><strong>ex</strong></span> <span class='ocrx_word' id='word_1_199' title='bbox 1729 2836 2054 2891; x_wconf 78' lang='lat' dir='ltr'><strong>mortalibus</strong></span> <span class='ocrx_word' id='word_1_200' title='bbox 2101 2851 2191 2905; x_wconf 90' lang='lat' dir='ltr'><strong>pa-</strong></span> 
     </span>
    </p>
   </div>
   <div class='ocr_carea' id='block_1_31' title="bbox 613 2922 2191 2994">
    <p class='ocr_par' dir='ltr' id='par_1_31' title="bbox 613 2922 2191 2994">
     <span class='ocr_line' id='line_1_31' title="bbox 613 2922 2191 2994; baseline 0.003 -19"><span class='ocrx_word' id='word_1_201' title='bbox 613 2930 828 2975; x_wconf 64' lang='lat' dir='ltr'><strong>rentum</strong></span> <span class='ocrx_word' id='word_1_202' title='bbox 878 2923 1098 2976; x_wconf 88' lang='lat' dir='ltr'><strong>nomine</strong></span> <span class='ocrx_word' id='word_1_203' title='bbox 1146 2922 1454 2993; x_wconf 87' lang='lat' dir='ltr'><strong>dignantur,</strong></span> <span class='ocrx_word' id='word_1_204' title='bbox 1489 2933 1845 2994; x_wconf 58' lang='lat' dir='ltr'><strong>praeterquam</strong></span> <span class='ocrx_word' id='word_1_205' title='bbox 1893 2935 2103 2979; x_wconf 87' lang='lat' dir='ltr'><strong>laurum</strong></span> <span class='ocrx_word' id='word_1_206' title='bbox 2136 2936 2191 2980; x_wconf 91' lang='lat' dir='ltr'><strong>et</strong></span> 
     </span>
    </p>
   </div>
   <div class='ocr_carea' id='block_1_32' title="bbox 612 3011 2191 3081">
    <p class='ocr_par' dir='ltr' id='par_1_32' title="bbox 612 3011 2191 3081">
     <span class='ocr_line' id='line_1_32' title="bbox 612 3011 2191 3081; baseline 0.005 -19"><span class='ocrx_word' id='word_1_207' title='bbox 612 3026 855 3067; x_wconf 88' lang='lat' dir='ltr'><strong>vaccam.</strong></span> <span class='ocrx_word' id='word_1_208' title='bbox 902 3011 1058 3065; x_wconf 87' lang='lat' dir='ltr'><strong>Illum</strong></span> <span class='ocrx_word' id='word_1_209' title='bbox 1088 3012 1231 3065; x_wconf 87' lang='lat' dir='ltr'><strong>enim</strong></span> <span class='ocrx_word' id='word_1_210' title='bbox 1264 3019 1469 3081; x_wconf 88' lang='lat' dir='ltr'><strong>patrem</strong></span> <span class='ocrx_word' id='word_1_211' title='bbox 1513 3052 1529 3079; x_wconf 94' lang='lat'><strong>,</strong></span> <span class='ocrx_word' id='word_1_212' title='bbox 1579 3013 1720 3068; x_wconf 88' lang='lat' dir='ltr'><strong>hanc</strong></span> <span class='ocrx_word' id='word_1_213' title='bbox 1765 3023 1994 3069; x_wconf 87' lang='lat' dir='ltr'><strong>matrem</strong></span> <span class='ocrx_word' id='word_1_214' title='bbox 2043 3018 2191 3071; x_wconf 88' lang='lat' dir='ltr'><strong>voci-</strong></span> 
     </span>
    </p>
   </div>
   <div class='ocr_carea' id='block_1_33' title="bbox 615 3104 2191 3179">
    <p class='ocr_par' dir='ltr' id='par_1_33' title="bbox 615 3104 2191 3179">
     <span class='ocr_line' id='line_1_33' title="bbox 615 3104 2191 3179; baseline 0.005 -23"><span class='ocrx_word' id='word_1_215' title='bbox 615 3114 750 3157; x_wconf 85' lang='lat' dir='ltr'><strong>tant.</strong></span> <span class='ocrx_word' id='word_1_216' title='bbox 812 3105 1015 3159; x_wconf 88' lang='lat' dir='ltr'><strong>Eodem</strong></span> <span class='ocrx_word' id='word_1_217' title='bbox 1046 3104 1254 3160; x_wconf 85' lang='lat' dir='ltr'><strong>honore</strong></span> <span class='ocrx_word' id='word_1_218' title='bbox 1281 3106 1506 3160; x_wconf 89' lang='lat' dir='ltr'><strong>arietem</strong></span> <span class='ocrx_word' id='word_1_219' title='bbox 1552 3114 1607 3160; x_wconf 83' lang='lat' dir='ltr'><strong>et</strong></span> <span class='ocrx_word' id='word_1_220' title='bbox 1644 3107 1879 3170; x_wconf 87' lang='lat' dir='ltr'><strong>hircum,</strong></span> <span class='ocrx_word' id='word_1_221' title='bbox 1925 3125 2191 3179; x_wconf 89' lang='lat' dir='ltr'><strong>ovemque</strong></span> 
     </span>
    </p>
   </div>
   <div class='ocr_carea' id='block_1_34' title="bbox 2272 608 3848 679">
    <p class='ocr_par' dir='ltr' id='par_1_34' title="bbox 2272 608 3848 679">
     <span class='ocr_line' id='line_1_34' title="bbox 2272 608 3848 679; baseline -0.002 -17"><span class='ocrx_word' id='word_1_222' title='bbox 2272 624 2457 677; x_wconf 88' lang='grc' dir='ltr'>ρουσιν</span> <span class='ocrx_word' id='word_1_223' title='bbox 2489 610 2779 675; x_wconf 78' lang='grc' dir='ltr'><strong>ἐξαισίους,</strong></span> <span class='ocrx_word' id='word_1_224' title='bbox 2829 609 2998 673; x_wconf 91' lang='grc' dir='ltr'>κύνας</span> <span class='ocrx_word' id='word_1_225' title='bbox 3052 609 3108 662; x_wconf 83' lang='grc' dir='ltr'><strong>δὲ</strong></span> <span class='ocrx_word' id='word_1_226' title='bbox 3142 609 3402 679; x_wconf 78' lang='grc' dir='ltr'><strong>τρέφουσι</strong></span> <span class='ocrx_word' id='word_1_227' title='bbox 3462 609 3691 673; x_wconf 80' lang='grc' dir='ltr'>πολλοὺς</span> <span class='ocrx_word' id='word_1_228' title='bbox 3748 608 3848 661; x_wconf 75' lang='grc' dir='ltr'><strong>καὶ</strong></span> 
     </span>
    </p>
   </div>
   <div class='ocr_carea' id='block_1_35' title="bbox 2275 701 3848 772">
    <p class='ocr_par' dir='ltr' id='par_1_35' title="bbox 2275 701 3848 772">
     <span class='ocr_line' id='line_1_35' title="bbox 2275 701 3848 772; baseline -0.003 -17"><span class='ocrx_word' id='word_1_229' title='bbox 2275 702 2568 772; x_wconf 88' lang='grc' dir='ltr'>μεγάλους,</span> <span class='ocrx_word' id='word_1_230' title='bbox 2610 702 2810 771; x_wconf 81' lang='grc' dir='ltr'>ὁμοίως</span> <span class='ocrx_word' id='word_1_231' title='bbox 2836 703 2949 765; x_wconf 89' lang='grc' dir='ltr'>τοῖς</span> <span class='ocrx_word' id='word_1_232' title='bbox 2991 701 3298 772; x_wconf 81' lang='grc' dir='ltr'>Ὑρκανοῖς,</span> <span class='ocrx_word' id='word_1_233' title='bbox 3328 702 3423 756; x_wconf 80' lang='grc' dir='ltr'>καὶ</span> <span class='ocrx_word' id='word_1_234' title='bbox 3469 702 3595 764; x_wconf 79' lang='grc' dir='ltr'>τοὺς</span> <span class='ocrx_word' id='word_1_235' title='bbox 3627 701 3848 767; x_wconf 82' lang='grc' dir='ltr'>ἐπιφοι-</span> 
     </span>
    </p>
   </div>
   <div class='ocr_carea' id='block_1_36' title="bbox 2270 792 3855 866">
    <p class='ocr_par' dir='ltr' id='par_1_36' title="bbox 2270 792 3855 866">
     <span class='ocr_line' id='line_1_36' title="bbox 2270 792 3855 866; baseline -0.003 -18"><span class='ocrx_word' id='word_1_236' title='bbox 2270 794 2483 858; x_wconf 85' lang='grc' dir='ltr'>τῶντας</span> <span class='ocrx_word' id='word_1_237' title='bbox 2509 794 2691 848; x_wconf 86' lang='grc' dir='ltr'>αὐτῶν</span> <span class='ocrx_word' id='word_1_238' title='bbox 2727 794 2826 862; x_wconf 84' lang='grc' dir='ltr'><strong>τὴν</strong></span> <span class='ocrx_word' id='word_1_239' title='bbox 2853 794 3038 866; x_wconf 84' lang='grc' dir='ltr'>χώραν</span> <span class='ocrx_word' id='word_1_240' title='bbox 3077 794 3333 859; x_wconf 81' lang='grc' dir='ltr'><strong>Ἰνδικοὺς</strong></span> <span class='ocrx_word' id='word_1_241' title='bbox 3367 793 3495 866; x_wconf 79' lang='grc' dir='ltr'>βόας</span> <span class='ocrx_word' id='word_1_242' title='bbox 3527 794 3597 847; x_wconf 82' lang='grc' dir='ltr'>δι’</span> <span class='ocrx_word' id='word_1_243' title='bbox 3664 792 3855 847; x_wconf 83' lang='grc' dir='ltr'>αὐτῶν</span> 
     </span>
    </p>
   </div>
   <div class='ocr_carea' id='block_1_37' title="bbox 2275 884 3855 958">
    <p class='ocr_par' dir='ltr' id='par_1_37' title="bbox 2275 884 3855 958">
     <span class='ocr_line' id='line_1_37' title="bbox 2275 884 3855 958; baseline -0.002 -18"><span class='ocrx_word' id='word_1_244' title='bbox 2275 887 2506 958; x_wconf 87' lang='grc' dir='ltr'>θηρῶσι,</span> <span class='ocrx_word' id='word_1_245' title='bbox 2538 886 2746 957; x_wconf 86' lang='grc' dir='ltr'>πλῆθος</span> <span class='ocrx_word' id='word_1_246' title='bbox 2773 887 3226 957; x_wconf 74' lang='grc' dir='ltr'><strong>ἐπιφαινομένους</strong></span> <span class='ocrx_word' id='word_1_247' title='bbox 3256 886 3537 957; x_wconf 88' lang='grc' dir='ltr'>ἀμύθητον</span> <span class='ocrx_word' id='word_1_248' title='bbox 3567 885 3676 939; x_wconf 81' lang='grc' dir='ltr'><strong>ἀπὸ</strong></span> <span class='ocrx_word' id='word_1_249' title='bbox 3724 884 3855 955; x_wconf 76' lang='grc' dir='ltr'><strong>τρόο</strong></span> 
     </span>
    </p>
   </div>
   <div class='ocr_carea' id='block_1_38' title="bbox 2275 974 3856 1052">
    <p class='ocr_par' dir='ltr' id='par_1_38' title="bbox 2275 974 3856 1052">
     <span class='ocr_line' id='line_1_38' title="bbox 2275 974 3856 1052; baseline -0.006 -17"><span class='ocrx_word' id='word_1_250' title='bbox 2275 980 2393 1035; x_wconf 89' lang='grc' dir='ltr'><strong>πῶν</strong></span> <span class='ocrx_word' id='word_1_251' title='bbox 2415 980 2741 1052; x_wconf 82' lang='grc' dir='ltr'>χειμερινῶν</span> <span class='ocrx_word' id='word_1_252' title='bbox 2781 979 2888 1043; x_wconf 80' lang='grc' dir='ltr'>ἓως</span> <span class='ocrx_word' id='word_1_253' title='bbox 2949 980 3112 1050; x_wconf 81' lang='grc' dir='ltr'>μέσου</span> <span class='ocrx_word' id='word_1_254' title='bbox 3157 978 3425 1051; x_wconf 88' lang='grc' dir='ltr'>χειμῶνος</span> <span class='ocrx_word' id='word_1_255' title='bbox 3456 978 3501 1011; x_wconf 73' lang='grc' dir='ltr'><strong>’⁵ο</strong></span> <span class='ocrx_word' id='word_1_256' title='bbox 3526 994 3542 1010; x_wconf 76' lang='grc' dir='ltr'><strong><em>ο</em></strong></span> <span class='ocrx_word' id='word_1_257' title='bbox 3577 974 3696 1032; x_wconf 73' lang='grc' dir='ltr'>εἶτα</span> <span class='ocrx_word' id='word_1_258' title='bbox 3756 975 3856 1029; x_wconf 79' lang='grc' dir='ltr'><strong>καὶ</strong></span> 
     </span>
    </p>
   </div>
   <div class='ocr_carea' id='block_1_39' title="bbox 2275 1067 3859 1142">
    <p class='ocr_par' dir='ltr' id='par_1_39' title="bbox 2275 1067 3859 1142">
     <span class='ocr_line' id='line_1_39' title="bbox 2275 1067 3859 1142; baseline -0.006 -15"><span class='ocrx_word' id='word_1_259' title='bbox 2275 1075 2378 1137; x_wconf 75' lang='grc' dir='ltr'><strong>τὰς</strong></span> <span class='ocrx_word' id='word_1_260' title='bbox 2408 1073 2516 1126; x_wconf 87' lang='grc' dir='ltr'><strong>τῶν</strong></span> <span class='ocrx_word' id='word_1_261' title='bbox 2543 1072 2723 1125; x_wconf 86' lang='grc' dir='ltr'>κυνῶν</span> <span class='ocrx_word' id='word_1_262' title='bbox 2750 1071 2970 1142; x_wconf 83' lang='grc' dir='ltr'>θηλείας</span> <span class='ocrx_word' id='word_1_263' title='bbox 2998 1069 3332 1141; x_wconf 88' lang='grc' dir='ltr'>ἀμέλγοντες</span> <span class='ocrx_word' id='word_1_264' title='bbox 3355 1069 3433 1141; x_wconf 83' lang='grc' dir='ltr'>τῷ</span> <span class='ocrx_word' id='word_1_265' title='bbox 3461 1068 3693 1137; x_wconf 88' lang='grc' dir='ltr'>γάλακτι</span> <span class='ocrx_word' id='word_1_266' title='bbox 3724 1067 3859 1135; x_wconf 78' lang='grc' dir='ltr'>τρέ-</span> 
     </span>
    </p>
   </div>
   <div class='ocr_carea' id='block_1_40' title="bbox 2277 1157 3861 1234">
    <p class='ocr_par' dir='ltr' id='par_1_40' title="bbox 2277 1157 3861 1234">
     <span class='ocr_line' id='line_1_40' title="bbox 2277 1157 3861 1234; baseline -0.006 -15"><span class='ocrx_word' id='word_1_267' title='bbox 2277 1182 2495 1234; x_wconf 84' lang='grc' dir='ltr'>φονται,</span> <span class='ocrx_word' id='word_1_268' title='bbox 2526 1166 2619 1218; x_wconf 73' lang='grc' dir='ltr'><strong>καὶ</strong></span> <span class='ocrx_word' id='word_1_269' title='bbox 2648 1162 2708 1227; x_wconf 81' lang='grc' dir='ltr'><strong>ἐξ</strong></span> <span class='ocrx_word' id='word_1_270' title='bbox 2759 1162 2934 1216; x_wconf 81' lang='grc' dir='ltr'>ἄλλων</span> <span class='ocrx_word' id='word_1_271' title='bbox 2960 1162 3017 1215; x_wconf 82' lang='grc' dir='ltr'><strong>δέ</strong></span> <span class='ocrx_word' id='word_1_272' title='bbox 3048 1161 3220 1233; x_wconf 84' lang='grc' dir='ltr'>θήρας</span> <span class='ocrx_word' id='word_1_273' title='bbox 3254 1160 3430 1225; x_wconf 82' lang='grc' dir='ltr'>ζώων.</span> <span class='ocrx_word' id='word_1_274' title='bbox 3483 1158 3595 1213; x_wconf 76' lang='grc' dir='ltr'><strong>Καὶ</strong></span> <span class='ocrx_word' id='word_1_275' title='bbox 3655 1157 3725 1211; x_wconf 84' lang='grc' dir='ltr'>τὰ</span> <span class='ocrx_word' id='word_1_276' title='bbox 3757 1157 3861 1228; x_wconf 86' lang='grc' dir='ltr'><strong>μὲν</strong></span> 
     </span>
    </p>
   </div>
   <div class='ocr_carea' id='block_1_41' title="bbox 2278 1249 3534 1325">
    <p class='ocr_par' dir='ltr' id='par_1_41' title="bbox 2278 1249 3534 1325">
     <span class='ocr_line' id='line_1_41' title="bbox 2278 1249 3534 1325; baseline -0.003 -14"><span class='ocrx_word' id='word_1_277' title='bbox 2278 1256 2566 1311; x_wconf 87' lang='grc' dir='ltr'>τελευταῖα</span> <span class='ocrx_word' id='word_1_278' title='bbox 2604 1255 2713 1309; x_wconf 91' lang='grc' dir='ltr'><strong>τῶν</strong></span> <span class='ocrx_word' id='word_1_279' title='bbox 2744 1255 2881 1325; x_wconf 83' lang='grc' dir='ltr'>πρὸς</span> <span class='ocrx_word' id='word_1_280' title='bbox 2910 1252 3264 1324; x_wconf 89' lang='grc' dir='ltr'>μεσημϐρίαν</span> <span class='ocrx_word' id='word_1_281' title='bbox 3287 1249 3534 1307; x_wconf 81' lang='grc' dir='ltr'>τοιαῦτα.</span> 
     </span>
    </p>
   </div>
   <div class='ocr_carea' id='block_1_42' title="bbox 2737 1365 3371 1438">
    <p class='ocr_par' dir='ltr' id='par_1_42' title="bbox 2737 1365 3371 1438">
     <span class='ocr_line' id='line_1_42' title="bbox 2737 1365 3371 1438; baseline -0.005 -15"><span class='ocrx_word' id='word_1_282' title='bbox 2737 1368 2881 1436; x_wconf 78' lang='grc' dir='ltr'>Περὶ</span> <span class='ocrx_word' id='word_1_283' title='bbox 2918 1365 3371 1438; x_wconf 74' lang='grc' dir='ltr'><strong>Τρωγλοδυτῶν.</strong></span> 
     </span>
    </p>
   </div>
   <div class='ocr_carea' id='block_1_43' title="bbox 2357 1456 3865 1532">
    <p class='ocr_par' dir='ltr' id='par_1_43' title="bbox 2357 1456 3865 1532">
     <span class='ocr_line' id='line_1_43' title="bbox 2357 1456 3865 1532; baseline -0.007 -15"><span class='ocrx_word' id='word_1_284' title='bbox 2357 1465 2438 1519; x_wconf 86' lang='grc' dir='ltr'>Τὰ</span> <span class='ocrx_word' id='word_1_285' title='bbox 2475 1462 2695 1518; x_wconf 86' lang='grc' dir='ltr'>δὲκατά</span> <span class='ocrx_word' id='word_1_286' title='bbox 2728 1463 2853 1523; x_wconf 83' lang='grc' dir='ltr'>τοὺς</span> <span class='ocrx_word' id='word_1_287' title='bbox 2899 1459 3289 1532; x_wconf 81' lang='grc' dir='ltr'>Τρωγλοδύτας</span> <span class='ocrx_word' id='word_1_288' title='bbox 3332 1458 3581 1513; x_wconf 80' lang='grc' dir='ltr'>τοιαῦτα.</span> <span class='ocrx_word' id='word_1_289' title='bbox 3628 1456 3702 1510; x_wconf 82' lang='grc' dir='ltr'><strong>Τὸ</strong></span> <span class='ocrx_word' id='word_1_290' title='bbox 3761 1456 3865 1526; x_wconf 82' lang='grc' dir='ltr'><strong>μὲν</strong></span> 
     </span>
    </p>
   </div>
   <div class='ocr_carea' id='block_1_44' title="bbox 2287 1552 3866 1626">
    <p class='ocr_par' dir='ltr' id='par_1_44' title="bbox 2287 1552 3866 1626">
     <span class='ocr_line' id='line_1_44' title="bbox 2287 1552 3866 1626; baseline -0.006 -16"><span class='ocrx_word' id='word_1_291' title='bbox 2287 1559 2440 1626; x_wconf 86' lang='grc' dir='ltr'>γένος</span> <span class='ocrx_word' id='word_1_292' title='bbox 2469 1556 2568 1625; x_wconf 83' lang='grc' dir='ltr'>τῆς</span> <span class='ocrx_word' id='word_1_293' title='bbox 2599 1557 2911 1616; x_wconf 84' lang='grc' dir='ltr'>συστάσεως</span> <span class='ocrx_word' id='word_1_294' title='bbox 2939 1555 3215 1624; x_wconf 70' lang='grc' dir='ltr'>τυραννὶς,</span> <span class='ocrx_word' id='word_1_295' title='bbox 3250 1552 3306 1605; x_wconf 89' lang='grc' dir='ltr'>αἱ</span> <span class='ocrx_word' id='word_1_296' title='bbox 3339 1552 3398 1605; x_wconf 85' lang='grc' dir='ltr'>δὲ</span> <span class='ocrx_word' id='word_1_297' title='bbox 3434 1552 3694 1619; x_wconf 87' lang='grc' dir='ltr'>γυναῖκες</span> <span class='ocrx_word' id='word_1_298' title='bbox 3742 1566 3866 1602; x_wconf 88' lang='grc' dir='ltr'>κοι-</span> 
     </span>
    </p>
   </div>
   <div class='ocr_carea' id='block_1_45' title="bbox 2284 1640 3868 1715">
    <p class='ocr_par' dir='ltr' id='par_1_45' title="bbox 2284 1640 3868 1715">
     <span class='ocr_line' id='line_1_45' title="bbox 2284 1640 3868 1715; baseline -0.007 -13"><span class='ocrx_word' id='word_1_299' title='bbox 2284 1650 2373 1702; x_wconf 71' lang='grc' dir='ltr'><strong>ναὶ</strong></span> <span class='ocrx_word' id='word_1_300' title='bbox 2413 1648 2507 1700; x_wconf 69' lang='grc' dir='ltr'><strong>καὶ</strong></span> <span class='ocrx_word' id='word_1_301' title='bbox 2536 1646 2586 1698; x_wconf 86' lang='grc' dir='ltr'><strong>οί</strong></span> <span class='ocrx_word' id='word_1_302' title='bbox 2636 1645 2826 1709; x_wconf 87' lang='grc' dir='ltr'>παῖδες</span> <span class='ocrx_word' id='word_1_303' title='bbox 2853 1661 2867 1675; x_wconf 75' lang='grc' dir='ltr'><strong><em>ο</em></strong></span> <span class='ocrx_word' id='word_1_304' title='bbox 2902 1644 3038 1715; x_wconf 82' lang='grc' dir='ltr'>μόνῃ</span> <span class='ocrx_word' id='word_1_305' title='bbox 3085 1642 3131 1697; x_wconf 85' lang='grc' dir='ltr'>δ’</span> <span class='ocrx_word' id='word_1_306' title='bbox 3186 1642 3288 1696; x_wconf 84' lang='grc' dir='ltr'><strong>οὑκ</strong></span> <span class='ocrx_word' id='word_1_307' title='bbox 3324 1641 3503 1707; x_wconf 78' lang='grc' dir='ltr'>ἔξεστι</span> <span class='ocrx_word' id='word_1_308' title='bbox 3563 1640 3868 1710; x_wconf 82' lang='grc' dir='ltr'>πλησιάσαι</span> 
     </span>
    </p>
   </div>
   <div class='ocr_carea' id='block_1_46' title="bbox 2285 1732 3868 1811">
    <p class='ocr_par' dir='ltr' id='par_1_46' title="bbox 2285 1732 3868 1811">
     <span class='ocr_line' id='line_1_46' title="bbox 2285 1732 3868 1811; baseline -0.004 -19"><span class='ocrx_word' id='word_1_309' title='bbox 2285 1743 2352 1811; x_wconf 83' lang='grc' dir='ltr'>τῇ</span> <span class='ocrx_word' id='word_1_310' title='bbox 2391 1739 2483 1792; x_wconf 85' lang='grc' dir='ltr'>τοῦ</span> <span class='ocrx_word' id='word_1_311' title='bbox 2516 1739 2782 1810; x_wconf 90' lang='grc' dir='ltr'>τυράννου</span> <span class='ocrx_word' id='word_1_312' title='bbox 2803 1754 2818 1769; x_wconf 78' lang='grc' dir='ltr'><strong><em>ο</em></strong></span> <span class='ocrx_word' id='word_1_313' title='bbox 2847 1736 2925 1806; x_wconf 83' lang='grc' dir='ltr'>τῷ</span> <span class='ocrx_word' id='word_1_314' title='bbox 2950 1735 3008 1789; x_wconf 78' lang='grc' dir='ltr'>δὲ</span> <span class='ocrx_word' id='word_1_315' title='bbox 3060 1735 3396 1805; x_wconf 84' lang='grc' dir='ltr'>τολμήσαντι</span> <span class='ocrx_word' id='word_1_316' title='bbox 3442 1732 3717 1804; x_wconf 83' lang='grc' dir='ltr'>πρόϐατον</span> <span class='ocrx_word' id='word_1_317' title='bbox 3767 1746 3868 1785; x_wconf 83' lang='grc' dir='ltr'>κα-</span> 
     </span>
    </p>
   </div>
   <div class='ocr_carea' id='block_1_47' title="bbox 2286 1824 3863 1899">
    <p class='ocr_par' dir='ltr' id='par_1_47' title="bbox 2286 1824 3863 1899">
     <span class='ocr_line' id='line_1_47' title="bbox 2286 1824 3863 1899; baseline -0.008 -13"><span class='ocrx_word' id='word_1_318' title='bbox 2286 1832 2546 1886; x_wconf 84' lang='grc' dir='ltr'>ταθέσθαι</span> <span class='ocrx_word' id='word_1_319' title='bbox 2576 1830 2637 1884; x_wconf 72' lang='grc' dir='ltr'>τὸ</span> <span class='ocrx_word' id='word_1_320' title='bbox 2667 1830 2941 1899; x_wconf 88' lang='grc' dir='ltr'>ἐπιτίμιον</span> <span class='ocrx_word' id='word_1_321' title='bbox 2970 1827 3172 1881; x_wconf 77' lang='grc' dir='ltr'>δίδοται</span> <span class='ocrx_word' id='word_1_322' title='bbox 3200 1828 3266 1881; x_wconf 73' lang='grc'><strong>⁸⁸.</strong></span> <span class='ocrx_word' id='word_1_323' title='bbox 3308 1827 3374 1879; x_wconf 85' lang='grc' dir='ltr'><strong>Ἦ</strong></span> <span class='ocrx_word' id='word_1_324' title='bbox 3429 1824 3487 1878; x_wconf 83' lang='grc' dir='ltr'>δὲ</span> <span class='ocrx_word' id='word_1_325' title='bbox 3539 1824 3863 1894; x_wconf 72' lang='grc' dir='ltr'>ἀναστροφὴ</span> 
     </span>
    </p>
   </div>
   <div class='ocr_carea' id='block_1_48' title="bbox 2287 1908 3869 1989">
    <p class='ocr_par' dir='ltr' id='par_1_48' title="bbox 2287 1908 3869 1989">
     <span class='ocr_line' id='line_1_48' title="bbox 2287 1908 3869 1989; baseline -0.006 -13"><span class='ocrx_word' id='word_1_326' title='bbox 2287 1923 2467 1977; x_wconf 78' lang='grc' dir='ltr'>αὐτῶν</span> <span class='ocrx_word' id='word_1_327' title='bbox 2490 1938 2505 1952; x_wconf 86' lang='grc'><em>’</em></span> <span class='ocrx_word' id='word_1_328' title='bbox 2538 1921 2629 1974; x_wconf 82' lang='grc' dir='ltr'><strong>τὸν</strong></span> <span class='ocrx_word' id='word_1_329' title='bbox 2658 1920 2758 1989; x_wconf 86' lang='grc' dir='ltr'><strong>μὲν</strong></span> <span class='ocrx_word' id='word_1_330' title='bbox 2792 1920 2923 1989; x_wconf 81' lang='grc' dir='ltr'>παρ’</span> <span class='ocrx_word' id='word_1_331' title='bbox 2953 1919 3139 1981; x_wconf 82' lang='grc' dir='ltr'>αὐτοῖς</span> <span class='ocrx_word' id='word_1_332' title='bbox 3187 1916 3435 1988; x_wconf 87' lang='grc' dir='ltr'>χειμῶνα</span> <span class='ocrx_word' id='word_1_333' title='bbox 3462 1915 3599 1986; x_wconf 75' lang='grc' dir='ltr'>(ἐστι</span> <span class='ocrx_word' id='word_1_334' title='bbox 3627 1915 3671 1967; x_wconf 77' lang='grc' dir='ltr'>δ’</span> <span class='ocrx_word' id='word_1_335' title='bbox 3709 1908 3869 1975; x_wconf 71' lang='grc' dir='ltr'>οὗτος</span> 
     </span>
    </p>
   </div>
   <div class='ocr_carea' id='block_1_49' title="bbox 2288 2003 3867 2086">
    <p class='ocr_par' dir='ltr' id='par_1_49' title="bbox 2288 2003 3867 2086">
     <span class='ocr_line' id='line_1_49' title="bbox 2288 2003 3867 2086; baseline -0.008 -18"><span class='ocrx_word' id='word_1_336' title='bbox 2288 2014 2393 2068; x_wconf 79' lang='grc' dir='ltr'><strong>ὑπὸ</strong></span> <span class='ocrx_word' id='word_1_337' title='bbox 2421 2013 2550 2086; x_wconf 77' lang='lat'><strong>[738</strong></span> <span class='ocrx_word' id='word_1_338' title='bbox 2580 2011 2672 2084; x_wconf 71' lang='lat'><strong>[1.]</strong></span> <span class='ocrx_word' id='word_1_339' title='bbox 2706 2013 2832 2075; x_wconf 80' lang='grc' dir='ltr'>τοὺς</span> <span class='ocrx_word' id='word_1_340' title='bbox 2859 2010 3106 2080; x_wconf 86' lang='grc' dir='ltr'>ἐτησίας)</span> <span class='ocrx_word' id='word_1_341' title='bbox 3143 2010 3326 2062; x_wconf 81' lang='grc' dir='ltr'>πᾶσαν</span> <span class='ocrx_word' id='word_1_342' title='bbox 3380 2006 3561 2060; x_wconf 83' lang='grc' dir='ltr'>αὐτῶν</span> <span class='ocrx_word' id='word_1_343' title='bbox 3607 2004 3699 2059; x_wconf 78' lang='grc' dir='ltr'>τοῦ</span> <span class='ocrx_word' id='word_1_344' title='bbox 3726 2003 3867 2057; x_wconf 73' lang='grc' dir='ltr'>Θεοῦ</span> 
     </span>
    </p>
   </div>
   <div class='ocr_carea' id='block_1_50' title="bbox 2286 2096 3873 2179">
    <p class='ocr_par' dir='ltr' id='par_1_50' title="bbox 2286 2096 3873 2179">
     <span class='ocr_line' id='line_1_50' title="bbox 2286 2096 3873 2179; baseline -0.009 -18"><span class='ocrx_word' id='word_1_345' title='bbox 2286 2108 2384 2179; x_wconf 85' lang='grc' dir='ltr'>τὴν</span> <span class='ocrx_word' id='word_1_346' title='bbox 2409 2106 2591 2177; x_wconf 86' lang='grc' dir='ltr'>χώραν</span> <span class='ocrx_word' id='word_1_347' title='bbox 2647 2103 2804 2157; x_wconf 76' lang='grc' dir='ltr'>ὕδασι</span> <span class='ocrx_word' id='word_1_348' title='bbox 2860 2102 3084 2175; x_wconf 88' lang='grc' dir='ltr'>λάϐροις</span> <span class='ocrx_word' id='word_1_349' title='bbox 3142 2100 3456 2172; x_wconf 75' lang='grc' dir='ltr'>ἐπέχοντος,</span> <span class='ocrx_word' id='word_1_350' title='bbox 3506 2096 3599 2166; x_wconf 82' lang='grc' dir='ltr'>ἀφ’</span> <span class='ocrx_word' id='word_1_351' title='bbox 3634 2096 3873 2167; x_wconf 73' lang='grc' dir='ltr'>αἵματος</span> 
     </span>
    </p>
   </div>
   <div class='ocr_carea' id='block_1_51' title="bbox 2288 2186 3871 2266">
    <p class='ocr_par' dir='ltr' id='par_1_51' title="bbox 2288 2186 3871 2266">
     <span class='ocr_line' id='line_1_51' title="bbox 2288 2186 3871 2266; baseline -0.008 -15"><span class='ocrx_word' id='word_1_352' title='bbox 2288 2198 2384 2251; x_wconf 72' lang='grc' dir='ltr'><strong>καὶ</strong></span> <span class='ocrx_word' id='word_1_353' title='bbox 2433 2197 2703 2266; x_wconf 89' lang='grc' dir='ltr'>γάλακτος</span> <span class='ocrx_word' id='word_1_354' title='bbox 2729 2194 2921 2261; x_wconf 83' lang='grc' dir='ltr'>ζῶσιν,</span> <span class='ocrx_word' id='word_1_355' title='bbox 2962 2195 3043 2255; x_wconf 84' lang='grc' dir='ltr'><strong>είς</strong></span> <span class='ocrx_word' id='word_1_356' title='bbox 3072 2190 3237 2245; x_wconf 77' lang='grc' dir='ltr'>ταύτδ</span> <span class='ocrx_word' id='word_1_357' title='bbox 3290 2188 3542 2261; x_wconf 82' lang='grc' dir='ltr'>μίξαντες</span> <span class='ocrx_word' id='word_1_358' title='bbox 3575 2188 3670 2241; x_wconf 73' lang='grc' dir='ltr'><strong>καὶ</strong></span> <span class='ocrx_word' id='word_1_359' title='bbox 3712 2186 3871 2240; x_wconf 87' lang='grc' dir='ltr'>κυλί-</span> 
     </span>
    </p>
   </div>
   <div class='ocr_carea' id='block_1_52' title="bbox 2289 2279 3874 2356">
    <p class='ocr_par' dir='ltr' id='par_1_52' title="bbox 2289 2279 3874 2356">
     <span class='ocr_line' id='line_1_52' title="bbox 2289 2279 3874 2356; baseline -0.007 -14"><span class='ocrx_word' id='word_1_360' title='bbox 2289 2307 2483 2353; x_wconf 88' lang='grc' dir='ltr'>σαντες</span> <span class='ocrx_word' id='word_1_361' title='bbox 2530 2290 2589 2341; x_wconf 89' lang='grc' dir='ltr'><strong>ἐν</strong></span> <span class='ocrx_word' id='word_1_362' title='bbox 2637 2288 2881 2356; x_wconf 85' lang='grc' dir='ltr'>ἀγγείοις</span> <span class='ocrx_word' id='word_1_363' title='bbox 2923 2285 3046 2355; x_wconf 84' lang='grc' dir='ltr'>είκῆ</span> <span class='ocrx_word' id='word_1_364' title='bbox 3110 2282 3548 2354; x_wconf 87' lang='grc' dir='ltr'>πεπυρωμένοις.</span> <span class='ocrx_word' id='word_1_365' title='bbox 3593 2280 3760 2334; x_wconf 83' lang='grc' dir='ltr'>Ἐπὰν</span> <span class='ocrx_word' id='word_1_366' title='bbox 3811 2279 3874 2331; x_wconf 73' lang='grc' dir='ltr'>δὲ</span> 
     </span>
    </p>
   </div>
   <div class='ocr_carea' id='block_1_53' title="bbox 2289 2372 3874 2453">
    <p class='ocr_par' dir='ltr' id='par_1_53' title="bbox 2289 2372 3874 2453">
     <span class='ocr_line' id='line_1_53' title="bbox 2289 2372 3874 2453; baseline -0.009 -16"><span class='ocrx_word' id='word_1_367' title='bbox 2289 2385 2485 2453; x_wconf 79' lang='grc' dir='ltr'>ἐπιστῇ</span> <span class='ocrx_word' id='word_1_368' title='bbox 2517 2381 2578 2434; x_wconf 85' lang='grc' dir='ltr'>τὸ</span> <span class='ocrx_word' id='word_1_369' title='bbox 2608 2381 2791 2453; x_wconf 82' lang='grc' dir='ltr'>θέρος,</span> <span class='ocrx_word' id='word_1_370' title='bbox 2828 2380 2887 2432; x_wconf 81' lang='grc' dir='ltr'><strong>ἐν</strong></span> <span class='ocrx_word' id='word_1_371' title='bbox 2916 2381 3029 2440; x_wconf 86' lang='grc' dir='ltr'>τοῖς</span> <span class='ocrx_word' id='word_1_372' title='bbox 3059 2373 3461 2446; x_wconf 86' lang='grc' dir='ltr'>τελματώδεσιν</span> <span class='ocrx_word' id='word_1_373' title='bbox 3492 2372 3874 2443; x_wconf 82' lang='grc' dir='ltr'>ἀναστρέφου-</span> 
     </span>
    </p>
   </div>
   <div class='ocr_carea' id='block_1_54' title="bbox 2288 2465 3874 2546">
    <p class='ocr_par' dir='ltr' id='par_1_54' title="bbox 2288 2465 3874 2546">
     <span class='ocr_line' id='line_1_54' title="bbox 2288 2465 3874 2546; baseline -0.009 -17"><span class='ocrx_word' id='word_1_374' title='bbox 2288 2494 2378 2530; x_wconf 85' lang='grc' dir='ltr'><strong>ται</strong></span> <span class='ocrx_word' id='word_1_375' title='bbox 2406 2475 2648 2546; x_wconf 88' lang='grc' dir='ltr'>χωρίοις,</span> <span class='ocrx_word' id='word_1_376' title='bbox 2686 2470 2987 2542; x_wconf 86' lang='grc' dir='ltr'>μαχόμενοι</span> <span class='ocrx_word' id='word_1_377' title='bbox 3020 2469 3158 2539; x_wconf 78' lang='grc' dir='ltr'>πρὸς</span> <span class='ocrx_word' id='word_1_378' title='bbox 3184 2466 3447 2539; x_wconf 85' lang='grc' dir='ltr'>ἀλλήλους</span> <span class='ocrx_word' id='word_1_379' title='bbox 3476 2466 3607 2538; x_wconf 80' lang='grc' dir='ltr'>περὶ</span> <span class='ocrx_word' id='word_1_380' title='bbox 3653 2465 3747 2518; x_wconf 83' lang='grc' dir='ltr'>τοῦ</span> <span class='ocrx_word' id='word_1_381' title='bbox 3778 2482 3874 2533; x_wconf 88' lang='grc' dir='ltr'>χι-</span> 
     </span>
    </p>
   </div>
   <div class='ocr_carea' id='block_1_55' title="bbox 2290 2558 3876 2638">
    <p class='ocr_par' dir='ltr' id='par_1_55' title="bbox 2290 2558 3876 2638">
     <span class='ocr_line' id='line_1_55' title="bbox 2290 2558 3876 2638; baseline -0.008 -17"><span class='ocrx_word' id='word_1_382' title='bbox 2290 2569 2561 2638; x_wconf 84' lang='grc' dir='ltr'>λώματος.</span> <span class='ocrx_word' id='word_1_383' title='bbox 2598 2566 2709 2619; x_wconf 77' lang='grc' dir='ltr'>Καὶ</span> <span class='ocrx_word' id='word_1_384' title='bbox 2738 2564 2809 2616; x_wconf 85' lang='grc' dir='ltr'><strong>τά</strong></span> <span class='ocrx_word' id='word_1_385' title='bbox 2836 2561 3191 2633; x_wconf 87' lang='grc' dir='ltr'>πρεσϐύτερα</span> <span class='ocrx_word' id='word_1_386' title='bbox 3217 2560 3326 2613; x_wconf 90' lang='grc' dir='ltr'><strong>τῶν</strong></span> <span class='ocrx_word' id='word_1_387' title='bbox 3363 2558 3725 2629; x_wconf 84' lang='grc' dir='ltr'>βοσκημάτων</span> <span class='ocrx_word' id='word_1_388' title='bbox 3774 2560 3876 2609; x_wconf 75' lang='grc' dir='ltr'><strong>καὶ</strong></span> 
     </span>
    </p>
   </div>
   <div class='ocr_carea' id='block_1_56' title="bbox 2289 2648 3880 2721">
    <p class='ocr_par' dir='ltr' id='par_1_56' title="bbox 2289 2648 3880 2721">
     <span class='ocr_line' id='line_1_56' title="bbox 2289 2648 3880 2721; baseline -0.006 -9"><span class='ocrx_word' id='word_1_389' title='bbox 2289 2658 2551 2711; x_wconf 77' lang='grc' dir='ltr'>νοσοῦντα</span> <span class='ocrx_word' id='word_1_390' title='bbox 2608 2655 2932 2720; x_wconf 84' lang='grc' dir='ltr'>δαπανῶσι,</span> <span class='ocrx_word' id='word_1_391' title='bbox 2974 2653 3064 2707; x_wconf 84' lang='grc' dir='ltr'><strong>διὰ</strong></span> <span class='ocrx_word' id='word_1_392' title='bbox 3123 2652 3230 2704; x_wconf 89' lang='grc' dir='ltr'><strong>τῶν</strong></span> <span class='ocrx_word' id='word_1_393' title='bbox 3260 2650 3306 2682; x_wconf 60' lang='grc' dir='ltr'><strong>ι’</strong></span> <span class='ocrx_word' id='word_1_394' title='bbox 3363 2650 3641 2721; x_wconf 86' lang='grc' dir='ltr'>μαγείρων</span> <span class='ocrx_word' id='word_1_395' title='bbox 3695 2648 3880 2702; x_wconf 71' lang='grc' dir='ltr'>ταῦτα</span> 
     </span>
    </p>
   </div>
   <div class='ocr_carea' id='block_1_57' title="bbox 2293 2736 3882 2814">
    <p class='ocr_par' dir='ltr' id='par_1_57' title="bbox 2293 2736 3882 2814">
     <span class='ocr_line' id='line_1_57' title="bbox 2293 2736 3882 2814; baseline -0.008 -12"><span class='ocrx_word' id='word_1_396' title='bbox 2293 2749 2619 2809; x_wconf 86' lang='grc' dir='ltr'>κτείνοντες,</span> <span class='ocrx_word' id='word_1_397' title='bbox 2655 2744 2748 2808; x_wconf 82' lang='grc' dir='ltr'><strong>οὓς</strong></span> <span class='ocrx_word' id='word_1_398' title='bbox 2784 2744 3046 2798; x_wconf 77' lang='grc' dir='ltr'>καλοῦσιν</span> <span class='ocrx_word' id='word_1_399' title='bbox 3080 2742 3442 2814; x_wconf 86' lang='grc' dir='ltr'>ἀκαθάρτους.</span> <span class='ocrx_word' id='word_1_400' title='bbox 3477 2736 3635 2795; x_wconf 77' lang='grc' dir='ltr'>Οὗτοι</span> <span class='ocrx_word' id='word_1_401' title='bbox 3659 2739 3882 2811; x_wconf 77' lang='grc' dir='ltr'>ἀνθρώο</span> 
     </span>
    </p>
   </div>
   <div class='ocr_carea' id='block_1_58' title="bbox 2295 2832 3883 2912">
    <p class='ocr_par' dir='ltr' id='par_1_58' title="bbox 2295 2832 3883 2912">
     <span class='ocr_line' id='line_1_58' title="bbox 2295 2832 3883 2912; baseline -0.008 -16"><span class='ocrx_word' id='word_1_402' title='bbox 2295 2859 2412 2896; x_wconf 83' lang='grc' dir='ltr'><strong>πων</strong></span> <span class='ocrx_word' id='word_1_403' title='bbox 2440 2841 2538 2912; x_wconf 85' lang='grc' dir='ltr'><strong>μὲν</strong></span> <span class='ocrx_word' id='word_1_404' title='bbox 2571 2839 2744 2893; x_wconf 77' lang='grc' dir='ltr'>ούδενὶ</span> <span class='ocrx_word' id='word_1_405' title='bbox 2778 2837 3119 2908; x_wconf 81' lang='grc' dir='ltr'>περιτιθέασι</span> <span class='ocrx_word' id='word_1_406' title='bbox 3155 2837 3199 2869; x_wconf 71' lang='grc'><strong>⁸³</strong></span> <span class='ocrx_word' id='word_1_407' title='bbox 3232 2836 3330 2905; x_wconf 84' lang='grc' dir='ltr'>τὴν</span> <span class='ocrx_word' id='word_1_408' title='bbox 3358 2835 3468 2887; x_wconf 89' lang='grc' dir='ltr'><strong>τῶν</strong></span> <span class='ocrx_word' id='word_1_409' title='bbox 3490 2835 3692 2903; x_wconf 83' lang='grc' dir='ltr'>γονέων</span> <span class='ocrx_word' id='word_1_410' title='bbox 3737 2832 3883 2901; x_wconf 80' lang='grc' dir='ltr'>κλῆ-</span> 
     </span>
    </p>
   </div>
   <div class='ocr_carea' id='block_1_59' title="bbox 2295 2924 3880 3003">
    <p class='ocr_par' dir='ltr' id='par_1_59' title="bbox 2295 2924 3880 3003">
     <span class='ocr_line' id='line_1_59' title="bbox 2295 2924 3880 3003; baseline -0.007 -17"><span class='ocrx_word' id='word_1_411' title='bbox 2295 2951 2402 2998; x_wconf 89' lang='grc' dir='ltr'>σιν,</span> <span class='ocrx_word' id='word_1_412' title='bbox 2420 2933 2605 3003; x_wconf 88' lang='grc' dir='ltr'>ταύρῳ</span> <span class='ocrx_word' id='word_1_413' title='bbox 2632 2931 2691 2984; x_wconf 81' lang='grc' dir='ltr'><strong>δὲ</strong></span> <span class='ocrx_word' id='word_1_414' title='bbox 2721 2930 2817 2983; x_wconf 74' lang='grc' dir='ltr'><strong>καὶ</strong></span> <span class='ocrx_word' id='word_1_415' title='bbox 2849 2928 2953 2998; x_wconf 80' lang='grc' dir='ltr'>βοῒ,</span> <span class='ocrx_word' id='word_1_416' title='bbox 2985 2929 3077 2982; x_wconf 83' lang='grc' dir='ltr'><strong>τὸν</strong></span> <span class='ocrx_word' id='word_1_417' title='bbox 3123 2928 3222 2999; x_wconf 80' lang='grc' dir='ltr'><strong>μὲν</strong></span> <span class='ocrx_word' id='word_1_418' title='bbox 3285 2927 3500 2997; x_wconf 79' lang='grc' dir='ltr'>πατέρα</span> <span class='ocrx_word' id='word_1_419' title='bbox 3554 2924 3880 2985; x_wconf 71' lang='grc' dir='ltr'>καλοῦντες,</span> 
     </span>
    </p>
   </div>
   <div class='ocr_carea' id='block_1_60' title="bbox 2292 3014 3887 3095">
    <p class='ocr_par' dir='ltr' id='par_1_60' title="bbox 2292 3014 3887 3095">
     <span class='ocr_line' id='line_1_60' title="bbox 2292 3014 3887 3095; baseline -0.008 -18"><span class='ocrx_word' id='word_1_420' title='bbox 2292 3025 2390 3095; x_wconf 83' lang='grc' dir='ltr'>τὴν</span> <span class='ocrx_word' id='word_1_421' title='bbox 2419 3024 2476 3076; x_wconf 86' lang='grc' dir='ltr'>δὲ</span> <span class='ocrx_word' id='word_1_422' title='bbox 2508 3021 2741 3092; x_wconf 87' lang='grc' dir='ltr'>μητέρα,</span> <span class='ocrx_word' id='word_1_423' title='bbox 2773 3018 3034 3081; x_wconf 82' lang='grc' dir='ltr'>ὡσαύτως</span> <span class='ocrx_word' id='word_1_424' title='bbox 3066 3016 3205 3087; x_wconf 84' lang='grc' dir='ltr'>κριῷ</span> <span class='ocrx_word' id='word_1_425' title='bbox 3232 3034 3292 3070; x_wconf 88' lang='grc' dir='ltr'><strong>τε</strong></span> <span class='ocrx_word' id='word_1_426' title='bbox 3320 3016 3416 3069; x_wconf 70' lang='lat' dir='ltr'><strong>xui.</strong></span> <span class='ocrx_word' id='word_1_427' title='bbox 3448 3015 3724 3085; x_wconf 85' lang='grc' dir='ltr'>προϐάτῳ,</span> <span class='ocrx_word' id='word_1_428' title='bbox 3782 3014 3887 3066; x_wconf 63' lang='grc' dir='ltr'><strong>διὰ</strong></span> 
     </span>
    </p>
   </div>
   <div class='ocr_carea' id='block_1_61' title="bbox 2292 3107 3889 3184">
    <p class='ocr_par' dir='ltr' id='par_1_61' title="bbox 2292 3107 3889 3184">
     <span class='ocr_line' id='line_1_61' title="bbox 2292 3107 3889 3184; baseline -0.006 -17"><span class='ocrx_word' id='word_1_429' title='bbox 2292 3116 2355 3167; x_wconf 76' lang='grc' dir='ltr'><strong>τὸ</strong></span> <span class='ocrx_word' id='word_1_430' title='bbox 2386 3115 2687 3184; x_wconf 86' lang='grc' dir='ltr'>λαμϐάνειν</span> <span class='ocrx_word' id='word_1_431' title='bbox 2721 3112 2823 3182; x_wconf 80' lang='grc' dir='ltr'>τὴν</span> <span class='ocrx_word' id='word_1_432' title='bbox 2848 3110 3054 3184; x_wconf 78' lang='grc' dir='ltr'>τροφὴν</span> <span class='ocrx_word' id='word_1_433' title='bbox 3084 3110 3183 3179; x_wconf 83' lang='grc' dir='ltr'><strong>τὴν</strong></span> <span class='ocrx_word' id='word_1_434' title='bbox 3215 3109 3337 3162; x_wconf 81' lang='grc' dir='ltr'>καθ’</span> <span class='ocrx_word' id='word_1_435' title='bbox 3370 3107 3684 3179; x_wconf 70' lang='grc' dir='ltr'><strong>⁴ἡμέραν,ού</strong></span> <span class='ocrx_word' id='word_1_436' title='bbox 3719 3110 3889 3176; x_wconf 83' lang='grc' dir='ltr'><strong>παρά</strong></span> 
     </span>
    </p>
   </div>
   <div class='ocr_carea' id='block_1_62' title="bbox 615 3192 2187 3274">
    <p class='ocr_par' dir='ltr' id='par_1_62' title="bbox 615 3195 2187 3267">
     <span class='ocr_line' id='line_1_62' title="bbox 615 3195 2187 3267; baseline 0.004 -21"><span class='ocrx_word' id='word_1_437' title='bbox 615 3204 668 3247; x_wconf 88' lang='lat' dir='ltr'><strong>ct</strong></span> <span class='ocrx_word' id='word_1_438' title='bbox 722 3195 983 3264; x_wconf 79' lang='lat' dir='ltr'><strong>capellam</strong></span> <span class='ocrx_word' id='word_1_439' title='bbox 1033 3196 1293 3250; x_wconf 86' lang='lat' dir='ltr'><strong>alliciunt.</strong></span> <span class='ocrx_word' id='word_1_440' title='bbox 1346 3195 1461 3251; x_wconf 84' lang='lat' dir='ltr'><strong>Hoc</strong></span> <span class='ocrx_word' id='word_1_441' title='bbox 1491 3196 1614 3251; x_wconf 86' lang='lat' dir='ltr'><strong>ideo</strong></span> <span class='ocrx_word' id='word_1_442' title='bbox 1662 3199 1986 3263; x_wconf 87' lang='lat' dir='ltr'><strong>observant,</strong></span> <span class='ocrx_word' id='word_1_443' title='bbox 2043 3200 2187 3267; x_wconf 84' lang='lat' dir='ltr'><strong>quod</strong></span> 
     </span>
    </p>
   </div>
   <div class='ocr_carea' id='block_1_63' title="bbox 2296 3192 3891 3274">
    <p class='ocr_par' dir='ltr' id='par_1_63' title="bbox 2296 3192 3891 3273">
     <span class='ocr_line' id='line_1_63' title="bbox 2296 3192 3891 3273; baseline -0.009 -10"><span class='ocrx_word' id='word_1_444' title='bbox 2296 3210 2402 3263; x_wconf 85' lang='grc' dir='ltr'><strong>τῶν</strong></span> <span class='ocrx_word' id='word_1_445' title='bbox 2429 3209 2654 3271; x_wconf 82' lang='grc' dir='ltr'>τοκέων,</span> <span class='ocrx_word' id='word_1_446' title='bbox 2686 3207 2822 3261; x_wconf 88' lang='grc' dir='ltr'><strong>ἀλλά</strong></span> <span class='ocrx_word' id='word_1_447' title='bbox 2854 3205 2984 3273; x_wconf 87' lang='grc' dir='ltr'>παρ’</span> <span class='ocrx_word' id='word_1_448' title='bbox 3004 3201 3250 3256; x_wconf 86' lang='grc' dir='ltr'>ἐκείνων.</span> <span class='ocrx_word' id='word_1_449' title='bbox 3285 3192 3448 3253; x_wconf 73' lang='grc' dir='ltr'>Οὗτοι</span> <span class='ocrx_word' id='word_1_450' title='bbox 3480 3199 3575 3253; x_wconf 75' lang='grc' dir='ltr'><strong>καὶ</strong></span> <span class='ocrx_word' id='word_1_451' title='bbox 3630 3197 3803 3268; x_wconf 81' lang='grc' dir='ltr'>ποτῷ,</span> <span class='ocrx_word' id='word_1_452' title='bbox 3853 3200 3891 3249; x_wconf 85' lang='grc' dir='ltr'>ὁ</span> 
     </span>
    </p>
   </div>
   <div class='ocr_carea' id='block_1_64' title="bbox 616 3285 2193 3359">
    <p class='ocr_par' dir='ltr' id='par_1_64' title="bbox 616 3285 2193 3359">
     <span class='ocr_line' id='line_1_64' title="bbox 616 3285 2193 3359; baseline 0.003 -19"><span class='ocrx_word' id='word_1_453' title='bbox 616 3285 932 3340; x_wconf 86' lang='lat' dir='ltr'><strong>alimentum</strong></span> <span class='ocrx_word' id='word_1_454' title='bbox 959 3301 1063 3340; x_wconf 91' lang='lat' dir='ltr'><strong>non</strong></span> <span class='ocrx_word' id='word_1_455' title='bbox 1093 3302 1124 3341; x_wconf 90' lang='lat' dir='ltr'><strong>a</strong></span> <span class='ocrx_word' id='word_1_456' title='bbox 1155 3288 1492 3356; x_wconf 72' lang='lat' dir='ltr'><strong>parentibus,</strong></span> <span class='ocrx_word' id='word_1_457' title='bbox 1521 3290 1617 3343; x_wconf 91' lang='lat' dir='ltr'><strong>sed</strong></span> <span class='ocrx_word' id='word_1_458' title='bbox 1663 3291 1732 3342; x_wconf 90' lang='lat' dir='ltr'><strong>ab</strong></span> <span class='ocrx_word' id='word_1_459' title='bbox 1768 3289 1873 3343; x_wconf 91' lang='lat' dir='ltr'><strong>illis</strong></span> <span class='ocrx_word' id='word_1_460' title='bbox 1925 3291 2193 3359; x_wconf 89' lang='lat' dir='ltr'><strong>quotidia-</strong></span> 
     </span>
    </p>
   </div>
   <div class='ocr_carea' id='block_1_65' title="bbox 619 3376 2192 3449">
    <p class='ocr_par' dir='ltr' id='par_1_65' title="bbox 619 3376 2192 3449">
     <span class='ocr_line' id='line_1_65' title="bbox 619 3376 2192 3449; baseline 0.004 -20"><span class='ocrx_word' id='word_1_461' title='bbox 619 3392 746 3429; x_wconf 88' lang='lat' dir='ltr'><strong>num</strong></span> <span class='ocrx_word' id='word_1_462' title='bbox 777 3377 1098 3446; x_wconf 35' lang='lat' dir='ltr'><strong>‘accipiunt.</strong></span> <span class='ocrx_word' id='word_1_463' title='bbox 1146 3376 1283 3431; x_wconf 87' lang='lat' dir='ltr'><strong>Potu</strong></span> <span class='ocrx_word' id='word_1_464' title='bbox 1339 3379 1513 3432; x_wconf 90' lang='lat' dir='ltr'><strong>utitur</strong></span> <span class='ocrx_word' id='word_1_465' title='bbox 1571 3379 1719 3449; x_wconf 88' lang='lat' dir='ltr'><strong>vulgi</strong></span> <span class='ocrx_word' id='word_1_466' title='bbox 1768 3395 1893 3449; x_wconf 90' lang='lat' dir='ltr'><strong>pars</strong></span> <span class='ocrx_word' id='word_1_467' title='bbox 1956 3382 2192 3435; x_wconf 80' lang='lat' dir='ltr'><strong>maxima</strong></span> 
     </span>
    </p>
   </div>
   <div class='ocr_carea' id='block_1_66' title="bbox 616 3468 2194 3541">
    <p class='ocr_par' dir='ltr' id='par_1_66' title="bbox 616 3468 2194 3541">
     <span class='ocr_line' id='line_1_66' title="bbox 616 3468 2194 3541; baseline 0.005 -23"><span class='ocrx_word' id='word_1_468' title='bbox 616 3468 817 3538; x_wconf 82' lang='lat' dir='ltr'><strong>paliuri</strong></span> <span class='ocrx_word' id='word_1_469' title='bbox 864 3468 1029 3523; x_wconf 88' lang='lat' dir='ltr'><strong>herba</strong></span> <span class='ocrx_word' id='word_1_470' title='bbox 1082 3479 1376 3523; x_wconf 87' lang='lat' dir='ltr'><strong>macerato.</strong></span> <span class='ocrx_word' id='word_1_471' title='bbox 1434 3468 1679 3541; x_wconf 83' lang='lat' dir='ltr'><strong>Tyranni</strong></span> <span class='ocrx_word' id='word_1_472' title='bbox 1737 3471 1804 3525; x_wconf 92' lang='lat' dir='ltr'><strong>de</strong></span> <span class='ocrx_word' id='word_1_473' title='bbox 1856 3470 2110 3525; x_wconf 81' lang='lat' dir='ltr'><strong>confecto</strong></span> <span class='ocrx_word' id='word_1_474' title='bbox 2163 3487 2194 3526; x_wconf 80' lang='grc' dir='ltr'><strong>ο</strong></span> 
     </span>
    </p>
   </div>
   <div class='ocr_carea' id='block_1_67' title="bbox 618 3559 2195 3633">
    <p class='ocr_par' dir='ltr' id='par_1_67' title="bbox 618 3559 2195 3633">
     <span class='ocr_line' id='line_1_67' title="bbox 618 3559 2195 3633; baseline 0.003 -20"><span class='ocrx_word' id='word_1_475' title='bbox 618 3560 754 3619; x_wconf 84' lang='lat' dir='ltr'><strong>ﬂore</strong></span> <span class='ocrx_word' id='word_1_476' title='bbox 783 3559 1022 3630; x_wconf 90' lang='lat' dir='ltr'><strong>quodam</strong></span> <span class='ocrx_word' id='word_1_477' title='bbox 1077 3560 1291 3624; x_wconf 88' lang='lat' dir='ltr'><strong>bibunt,</strong></span> <span class='ocrx_word' id='word_1_478' title='bbox 1328 3564 1421 3632; x_wconf 93' lang='lat' dir='ltr'><strong>qui</strong></span> <span class='ocrx_word' id='word_1_479' title='bbox 1474 3562 1715 3617; x_wconf 88' lang='lat' dir='ltr'><strong>mustum</strong></span> <span class='ocrx_word' id='word_1_480' title='bbox 1770 3562 1939 3617; x_wconf 77' lang='lat' dir='ltr'><strong>refert</strong></span> <span class='ocrx_word' id='word_1_481' title='bbox 1987 3564 2195 3633; x_wconf 85' lang='lat' dir='ltr'><strong>impro-</strong></span> 
     </span>
    </p>
   </div>
   <div class='ocr_carea' id='block_1_68' title="bbox 617 3649 2196 3723">
    <p class='ocr_par' dir='ltr' id='par_1_68' title="bbox 617 3649 2196 3723">
     <span class='ocr_line' id='line_1_68' title="bbox 617 3649 2196 3723; baseline -0.001 -18"><span class='ocrx_word' id='word_1_482' title='bbox 617 3651 771 3705; x_wconf 88' lang='lat' dir='ltr'><strong>bum.</strong></span> <span class='ocrx_word' id='word_1_483' title='bbox 799 3649 943 3705; x_wconf 88' lang='lat' dir='ltr'><strong>Nudi</strong></span> <span class='ocrx_word' id='word_1_484' title='bbox 976 3666 1175 3722; x_wconf 90' lang='lat' dir='ltr'><strong>corpus</strong></span> <span class='ocrx_word' id='word_1_485' title='bbox 1217 3654 1510 3723; x_wconf 84' lang='lat' dir='ltr'><strong>reliquum,</strong></span> <span class='ocrx_word' id='word_1_486' title='bbox 1545 3664 1697 3708; x_wconf 89' lang='lat' dir='ltr'><strong>nates</strong></span> <span class='ocrx_word' id='word_1_487' title='bbox 1745 3653 2010 3707; x_wconf 81' lang='lat' dir='ltr'><strong>duntaxat</strong></span> <span class='ocrx_word' id='word_1_488' title='bbox 2038 3654 2196 3723; x_wconf 87' lang='lat' dir='ltr'><strong>pelli-</strong></span> 
     </span>
    </p>
   </div>
   <div class='ocr_carea' id='block_1_69' title="bbox 619 3745 2195 3816">
    <p class='ocr_par' dir='ltr' id='par_1_69' title="bbox 619 3745 2195 3816">
     <span class='ocr_line' id='line_1_69' title="bbox 619 3745 2195 3816; baseline 0.001 -18"><span class='ocrx_word' id='word_1_489' title='bbox 619 3746 721 3798; x_wconf 86' lang='lat' dir='ltr'><strong>bus</strong></span> <span class='ocrx_word' id='word_1_490' title='bbox 752 3746 1102 3815; x_wconf 88' lang='lat' dir='ltr'><strong>succingunt.</strong></span> <span class='ocrx_word' id='word_1_491' title='bbox 1142 3746 1380 3800; x_wconf 88' lang='lat' dir='ltr'><strong>Membra</strong></span> <span class='ocrx_word' id='word_1_492' title='bbox 1415 3747 1661 3815; x_wconf 88' lang='lat' dir='ltr'><strong>corporis</strong></span> <span class='ocrx_word' id='word_1_493' title='bbox 1695 3746 1950 3816; x_wconf 82' lang='lat' dir='ltr'><strong>genitalia</strong></span> <span class='ocrx_word' id='word_1_494' title='bbox 1981 3745 2195 3800; x_wconf 72' lang='lat' dir='ltr'><strong>caneris</strong></span> 
     </span>
    </p>
   </div>
   <div class='ocr_carea' id='block_1_70' title="bbox 621 3837 2193 3911">
    <p class='ocr_par' dir='ltr' id='par_1_70' title="bbox 621 3837 2193 3911">
     <span class='ocr_line' id='line_1_70' title="bbox 621 3837 2193 3911; baseline -0.001 -19"><span class='ocrx_word' id='word_1_495' title='bbox 621 3838 840 3906; x_wconf 84' lang='lat' dir='ltr'><strong>quidem</strong></span> <span class='ocrx_word' id='word_1_496' title='bbox 872 3837 1221 3911; x_wconf 84' lang='lat' dir='ltr'><strong>Troglodytis</strong></span> <span class='ocrx_word' id='word_1_497' title='bbox 1261 3840 1558 3909; x_wconf 70' lang='lat' dir='ltr'><strong>praecidere</strong></span> <span class='ocrx_word' id='word_1_498' title='bbox 1601 3854 1751 3893; x_wconf 85' lang='lat' dir='ltr'><strong>more</strong></span> <span class='ocrx_word' id='word_1_499' title='bbox 1781 3847 1865 3893; x_wconf 93' lang='lat' dir='ltr'><strong>est</strong></span> <span class='ocrx_word' id='word_1_500' title='bbox 1890 3847 2193 3907; x_wconf 90' lang='lat' dir='ltr'><strong>receptum,</strong></span> 
     </span>
    </p>
   </div>
   <div class='ocr_carea' id='block_1_71' title="bbox 621 3927 2196 4000">
    <p class='ocr_par' dir='ltr' id='par_1_71' title="bbox 621 3927 2196 4000">
     <span class='ocr_line' id='line_1_71' title="bbox 621 3927 2196 4000; baseline -0.002 -17"><span class='ocrx_word' id='word_1_501' title='bbox 621 3940 676 3983; x_wconf 86' lang='lat' dir='ltr'><strong>ut</strong></span> <span class='ocrx_word' id='word_1_502' title='bbox 708 3932 892 3985; x_wconf 85' lang='lat' dir='ltr'><strong>cuncti</strong></span> <span class='ocrx_word' id='word_1_503' title='bbox 927 3931 1104 3985; x_wconf 88' lang='lat' dir='ltr'><strong>solent</strong></span> <span class='ocrx_word' id='word_1_504' title='bbox 1137 3929 1403 4000; x_wconf 63' lang='lat' dir='ltr'><strong>Egyptii.</strong></span> <span class='ocrx_word' id='word_1_505' title='bbox 1462 3929 1532 3983; x_wconf 85' lang='lat' dir='ltr'><strong>At</strong></span> <span class='ocrx_word' id='word_1_506' title='bbox 1584 3944 1723 4000; x_wconf 85' lang='lat' dir='ltr'><strong>quos</strong></span> <span class='ocrx_word' id='word_1_507' title='bbox 1770 3928 1993 3989; x_wconf 87' lang='lat' dir='ltr'><strong>mutilos</strong></span> <span class='ocrx_word' id='word_1_508' title='bbox 2022 3927 2196 3982; x_wconf 55' lang='lat' dir='ltr'><strong>Grazci</strong></span> 
     </span>
    </p>
   </div>
   <div class='ocr_carea' id='block_1_72' title="bbox 620 4020 2197 4091">
    <p class='ocr_par' dir='ltr' id='par_1_72' title="bbox 620 4020 2197 4091">
     <span class='ocr_line' id='line_1_72' title="bbox 620 4020 2197 4091; baseline -0.004 -13"><span class='ocrx_word' id='word_1_509' title='bbox 620 4023 928 4087; x_wconf 88' lang='lat' dir='ltr'><strong>nominant,</strong></span> <span class='ocrx_word' id='word_1_510' title='bbox 962 4030 1131 4085; x_wconf 88' lang='lat' dir='ltr'><strong>totam</strong></span> <span class='ocrx_word' id='word_1_511' title='bbox 1178 4022 1326 4076; x_wconf 90' lang='lat' dir='ltr'><strong>illam</strong></span> <span class='ocrx_word' id='word_1_512' title='bbox 1372 4030 1606 4091; x_wconf 87' lang='lat' dir='ltr'><strong>partem,</strong></span> <span class='ocrx_word' id='word_1_513' title='bbox 1648 4036 1809 4091; x_wconf 85' lang='lat' dir='ltr'><strong>quam</strong></span> <span class='ocrx_word' id='word_1_514' title='bbox 1856 4020 2048 4089; x_wconf 87' lang='lat' dir='ltr'><strong>reliqui</strong></span> <span class='ocrx_word' id='word_1_515' title='bbox 2089 4020 2197 4074; x_wconf 88' lang='lat' dir='ltr'><strong>cir-</strong></span> 
     </span>
    </p>
   </div>
   <div class='ocr_carea' id='block_1_73' title="bbox 620 4110 2198 4181">
    <p class='ocr_par' dir='ltr' id='par_1_73' title="bbox 620 4110 2198 4181">
     <span class='ocr_line' id='line_1_73' title="bbox 620 4110 2198 4181; baseline -0.004 -13"><span class='ocrx_word' id='word_1_516' title='bbox 620 4114 977 4181; x_wconf 90' lang='lat' dir='ltr'><strong>cumcidunt,</strong></span> <span class='ocrx_word' id='word_1_517' title='bbox 1037 4113 1301 4169; x_wconf 83' lang='lat' dir='ltr'><strong>novacula</strong></span> <span class='ocrx_word' id='word_1_518' title='bbox 1342 4111 1645 4166; x_wconf 81' lang='lat' dir='ltr'><strong>infantibus</strong></span> <span class='ocrx_word' id='word_1_519' title='bbox 1711 4118 1993 4180; x_wconf 87' lang='lat' dir='ltr'><strong>amputare</strong></span> <span class='ocrx_word' id='word_1_520' title='bbox 2068 4110 2198 4163; x_wconf 79' lang='lat' dir='ltr'><strong>reli-</strong></span> 
     </span>
    </p>
   </div>
   <div class='ocr_carea' id='block_1_74' title="bbox 620 4200 2198 4279">
    <p class='ocr_par' dir='ltr' id='par_1_74' title="bbox 620 4200 2198 4279">
     <span class='ocr_line' id='line_1_74' title="bbox 620 4200 2198 4279; baseline -0.003 -19"><span class='ocrx_word' id='word_1_521' title='bbox 620 4207 784 4279; x_wconf 89' lang='lat' dir='ltr'><strong>gione</strong></span> <span class='ocrx_word' id='word_1_522' title='bbox 813 4216 868 4262; x_wconf 88' lang='lat' dir='ltr'><strong>et</strong></span> <span class='ocrx_word' id='word_1_523' title='bbox 912 4221 1067 4269; x_wconf 85' lang='lat' dir='ltr'><strong>more</strong></span> <span class='ocrx_word' id='word_1_524' title='bbox 1098 4206 1370 4260; x_wconf 86' lang='lat' dir='ltr'><strong>sancitum</strong></span> <span class='ocrx_word' id='word_1_525' title='bbox 1402 4204 1623 4258; x_wconf 88' lang='lat' dir='ltr'><strong>habent.</strong></span> <span class='ocrx_word' id='word_1_526' title='bbox 1667 4200 1819 4257; x_wconf 90' lang='lat' dir='ltr'><strong>Unde</strong></span> <span class='ocrx_word' id='word_1_527' title='bbox 1862 4217 2198 4272; x_wconf 88' lang='lat' dir='ltr'><strong>cognomen-</strong></span> 
     </span>
    </p>
   </div>
   <div class='ocr_carea' id='block_1_75' title="bbox 622 4297 1603 4367">
    <p class='ocr_par' dir='ltr' id='par_1_75' title="bbox 622 4297 1603 4367">
     <span class='ocr_line' id='line_1_75' title="bbox 622 4297 1603 4367; baseline -0.006 -14"><span class='ocrx_word' id='word_1_528' title='bbox 622 4310 736 4353; x_wconf 88' lang='lat' dir='ltr'><strong>tum</strong></span> <span class='ocrx_word' id='word_1_529' title='bbox 770 4298 902 4352; x_wconf 88' lang='lat' dir='ltr'><strong>illud</strong></span> <span class='ocrx_word' id='word_1_530' title='bbox 932 4298 1032 4353; x_wconf 88' lang='lat' dir='ltr'><strong>sibi</strong></span> <span class='ocrx_word' id='word_1_531' title='bbox 1062 4298 1166 4367; x_wconf 86' lang='lat' dir='ltr'><strong>ipsi</strong></span> <span class='ocrx_word' id='word_1_532' title='bbox 1197 4297 1603 4352; x_wconf 86' lang='lat' dir='ltr'><strong>consciverunt.</strong></span> 
     </span>
    </p>
   </div>
   <div class='ocr_carea' id='block_1_76' title="bbox 694 4378 2201 4461">
    <p class='ocr_par' dir='ltr' id='par_1_76' title="bbox 694 4378 2201 4461">
     <span class='ocr_line' id='line_1_76' title="bbox 694 4378 2201 4461; baseline -0.006 -16"><span class='ocrx_word' id='word_1_533' title='bbox 694 4391 834 4446; x_wconf 89' lang='lat' dir='ltr'><strong>Hinc</strong></span> <span class='ocrx_word' id='word_1_534' title='bbox 884 4378 1227 4461; x_wconf 74' lang='lat' dir='ltr'><strong>digressidne</strong></span> <span class='ocrx_word' id='word_1_535' title='bbox 1264 4389 1408 4449; x_wconf 82' lang='lat' dir='ltr'><strong>facta</strong></span> <span class='ocrx_word' id='word_1_536' title='bbox 1447 4397 1639 4442; x_wconf 88' lang='lat' dir='ltr'><strong>auctor</strong></span> <span class='ocrx_word' id='word_1_537' title='bbox 1684 4395 1868 4438; x_wconf 88' lang='lat' dir='ltr'><strong>monet</strong></span> <span class='ocrx_word' id='word_1_538' title='bbox 1893 4400 1973 4447; x_wconf 88' lang='lat' dir='ltr'><strong>se,</strong></span> <span class='ocrx_word' id='word_1_539' title='bbox 2006 4400 2201 4453; x_wconf 87' lang='lat' dir='ltr'><strong>quam-</strong></span> 
     </span>
    </p>
   </div>
   <div class='ocr_carea' id='block_1_77' title="bbox 619 4475 2197 4555">
    <p class='ocr_par' dir='ltr' id='par_1_77' title="bbox 619 4475 2197 4555">
     <span class='ocr_line' id='line_1_77' title="bbox 619 4475 2197 4555; baseline -0.006 -14"><span class='ocrx_word' id='word_1_540' title='bbox 619 4487 704 4542; x_wconf 86' lang='lat' dir='ltr'><strong>vis</strong></span> <span class='ocrx_word' id='word_1_541' title='bbox 723 4486 900 4541; x_wconf 86' lang='lat' dir='ltr'><strong>Attice</strong></span> <span class='ocrx_word' id='word_1_542' title='bbox 934 4485 1208 4555; x_wconf 86' lang='lat' dir='ltr'><strong>loquatur,</strong></span> <span class='ocrx_word' id='word_1_543' title='bbox 1244 4481 1482 4539; x_wconf 75' lang='lat' dir='ltr'><strong>Camera:</strong></span> <span class='ocrx_word' id='word_1_544' title='bbox 1514 4481 1679 4552; x_wconf 67' lang='lat' dir='ltr'><strong>(urbis</strong></span> <span class='ocrx_word' id='word_1_545' title='bbox 1718 4479 1771 4531; x_wconf 84' lang='lat' dir='ltr'><strong>in</strong></span> <span class='ocrx_word' id='word_1_546' title='bbox 1802 4475 1980 4547; x_wconf 82' lang='lat' dir='ltr'><strong>Creta)</strong></span> <span class='ocrx_word' id='word_1_547' title='bbox 2018 4484 2197 4532; x_wconf 88' lang='lat' dir='ltr'><strong>tamen</strong></span> 
     </span>
    </p>
   </div>
   <div class='ocr_carea' id='block_1_78' title="bbox 618 4574 1341 4635">
    <p class='ocr_par' dir='ltr' id='par_1_78' title="bbox 618 4574 1341 4635">
     <span class='ocr_line' id='line_1_78' title="bbox 618 4574 1341 4635; baseline -0.011 0"><span class='ocrx_word' id='word_1_548' title='bbox 618 4579 850 4635; x_wconf 88' lang='lat' dir='ltr'><strong>dialecto</strong></span> <span class='ocrx_word' id='word_1_549' title='bbox 873 4575 1215 4633; x_wconf 80' lang='lat' dir='ltr'><strong>familiariter</strong></span> <span class='ocrx_word' id='word_1_550' title='bbox 1240 4574 1341 4628; x_wconf 93' lang='lat' dir='ltr'><strong>uti.</strong></span> 
     </span>
    </p>
   </div>
   <div class='ocr_carea' id='block_1_79' title="bbox 691 4666 2197 4736">
    <p class='ocr_par' dir='ltr' id='par_1_79' title="bbox 691 4666 2197 4736">
     <span class='ocr_line' id='line_1_79' title="bbox 691 4666 2197 4736; baseline -0.004 -13"><span class='ocrx_word' id='word_1_551' title='bbox 691 4670 820 4725; x_wconf 88' lang='lat' dir='ltr'><strong>Inde</strong></span> <span class='ocrx_word' id='word_1_552' title='bbox 850 4670 918 4724; x_wconf 90' lang='lat' dir='ltr'><strong>ad</strong></span> <span class='ocrx_word' id='word_1_553' title='bbox 949 4668 1257 4726; x_wconf 88' lang='lat' dir='ltr'><strong>institutum</strong></span> <span class='ocrx_word' id='word_1_554' title='bbox 1290 4680 1564 4731; x_wconf 87' lang='lat' dir='ltr'><strong>reversus,</strong></span> <span class='ocrx_word' id='word_1_555' title='bbox 1596 4681 1717 4736; x_wconf 76' lang='lat' dir='ltr'><strong>qua:</strong></span> <span class='ocrx_word' id='word_1_556' title='bbox 1741 4666 1887 4721; x_wconf 88' lang='lat' dir='ltr'><strong>circa</strong></span> <span class='ocrx_word' id='word_1_557' title='bbox 1909 4666 2197 4720; x_wconf 81' lang='lat' dir='ltr'><strong>defunctos</strong></span> 
     </span>
    </p>
   </div>
   <div class='ocr_carea' id='block_1_80' title="bbox 618 4758 2199 4834">
    <p class='ocr_par' dir='ltr' id='par_1_80' title="bbox 618 4758 2199 4834">
     <span class='ocr_line' id='line_1_80' title="bbox 618 4758 2199 4834; baseline -0.006 -15"><span class='ocrx_word' id='word_1_558' title='bbox 618 4774 784 4834; x_wconf 83' lang='lat' dir='ltr'><strong>agant</strong></span> <span class='ocrx_word' id='word_1_559' title='bbox 841 4762 1206 4833; x_wconf 73' lang='lat' dir='ltr'><strong>Troglodytze,</strong></span> <span class='ocrx_word' id='word_1_560' title='bbox 1264 4759 1540 4815; x_wconf 88' lang='lat' dir='ltr'><strong>edisserit.</strong></span> <span class='ocrx_word' id='word_1_561' title='bbox 1572 4758 1809 4829; x_wconf 82' lang='lat' dir='ltr'><strong>Laqueis</strong></span> <span class='ocrx_word' id='word_1_562' title='bbox 1864 4774 1931 4814; x_wconf 76' lang='lat' dir='ltr'><strong>ex</strong></span> <span class='ocrx_word' id='word_1_563' title='bbox 1983 4760 2199 4829; x_wconf 87' lang='lat' dir='ltr'><strong>paliuro</strong></span> 
     </span>
    </p>
   </div>
   <div class='ocr_carea' id='block_1_81' title="bbox 617 4849 2198 4923">
    <p class='ocr_par' dir='ltr' id='par_1_81' title="bbox 617 4849 2198 4923">
     <span class='ocr_line' id='line_1_81' title="bbox 617 4849 2198 4923; baseline -0.004 -13"><span class='ocrx_word' id='word_1_564' title='bbox 617 4857 892 4911; x_wconf 83' lang='lat' dir='ltr'><strong>contextis</strong></span> <span class='ocrx_word' id='word_1_565' title='bbox 926 4856 1066 4910; x_wconf 89' lang='lat' dir='ltr'><strong>colla</strong></span> <span class='ocrx_word' id='word_1_566' title='bbox 1102 4864 1440 4909; x_wconf 86' lang='lat' dir='ltr'><strong>mortuorum</strong></span> <span class='ocrx_word' id='word_1_567' title='bbox 1475 4854 1729 4910; x_wconf 90' lang='lat' dir='ltr'><strong>cruribus</strong></span> <span class='ocrx_word' id='word_1_568' title='bbox 1774 4853 2019 4923; x_wconf 86' lang='lat' dir='ltr'><strong>alligant.</strong></span> <span class='ocrx_word' id='word_1_569' title='bbox 2058 4849 2198 4904; x_wconf 89' lang='lat' dir='ltr'><strong>Tum</strong></span> 
     </span>
    </p>
   </div>
   <div class='ocr_carea' id='block_1_82' title="bbox 618 4944 2198 5017">
    <p class='ocr_par' dir='ltr' id='par_1_82' title="bbox 618 4944 2198 5017">
     <span class='ocr_line' id='line_1_82' title="bbox 618 4944 2198 5017; baseline -0.004 -14"><span class='ocrx_word' id='word_1_570' title='bbox 618 4949 745 5003; x_wconf 90' lang='lat' dir='ltr'><strong>colli</strong></span> <span class='ocrx_word' id='word_1_571' title='bbox 773 4957 869 5003; x_wconf 87' lang='lat' dir='ltr'><strong>aut</strong></span> <span class='ocrx_word' id='word_1_572' title='bbox 905 4949 1117 5003; x_wconf 90' lang='lat' dir='ltr'><strong>tumulo</strong></span> <span class='ocrx_word' id='word_1_573' title='bbox 1154 4948 1320 5017; x_wconf 90' lang='lat' dir='ltr'><strong>aliqui</strong></span> <span class='ocrx_word' id='word_1_574' title='bbox 1358 4948 1679 5017; x_wconf 89' lang='lat' dir='ltr'><strong>impositos,</strong></span> <span class='ocrx_word' id='word_1_575' title='bbox 1719 4945 2021 5003; x_wconf 88' lang='lat' dir='ltr'><strong>manuariis</strong></span> <span class='ocrx_word' id='word_1_576' title='bbox 2058 4944 2198 5012; x_wconf 88' lang='lat' dir='ltr'><strong>lapi-</strong></span> 
     </span>
    </p>
   </div>
   <div class='ocr_carea' id='block_1_83' title="bbox 619 5037 2193 5116">
    <p class='ocr_par' dir='ltr' id='par_1_83' title="bbox 619 5037 2193 5116">
     <span class='ocr_line' id='line_1_83' title="bbox 619 5037 2193 5116; baseline -0.005 -18"><span class='ocrx_word' id='word_1_577' title='bbox 619 5045 781 5099; x_wconf 90' lang='lat' dir='ltr'><strong>dibus</strong></span> <span class='ocrx_word' id='word_1_578' title='bbox 809 5044 1073 5106; x_wconf 88' lang='lat' dir='ltr'><strong>obruunt,</strong></span> <span class='ocrx_word' id='word_1_579' title='bbox 1108 5057 1217 5097; x_wconf 91' lang='lat' dir='ltr'><strong>non</strong></span> <span class='ocrx_word' id='word_1_580' title='bbox 1249 5042 1454 5116; x_wconf 86' lang='lat' dir='ltr'><strong>absque</strong></span> <span class='ocrx_word' id='word_1_581' title='bbox 1505 5039 1810 5109; x_wconf 87' lang='lat' dir='ltr'><strong>salso-joco</strong></span> <span class='ocrx_word' id='word_1_582' title='bbox 1856 5046 1911 5093; x_wconf 88' lang='lat' dir='ltr'><strong>et</strong></span> <span class='ocrx_word' id='word_1_583' title='bbox 1955 5037 2138 5091; x_wconf 87' lang='lat' dir='ltr'><strong>derisu</strong></span> <span class='ocrx_word' id='word_1_584' title='bbox 2175 5053 2193 5091; x_wconf 87' lang='lat'><strong>:</strong></span> 
     </span>
    </p>
   </div>
   <div class='ocr_carea' id='block_1_84' title="bbox 619 5130 2196 5202">
    <p class='ocr_par' dir='ltr' id='par_1_84' title="bbox 619 5130 2196 5202">
     <span class='ocr_line' id='line_1_84' title="bbox 619 5130 2196 5202; baseline -0.006 -11"><span class='ocrx_word' id='word_1_585' title='bbox 619 5137 797 5191; x_wconf 83' lang='lat' dir='ltr'><strong>donec</strong></span> <span class='ocrx_word' id='word_1_586' title='bbox 825 5136 894 5191; x_wconf 89' lang='lat' dir='ltr'><strong>de</strong></span> <span class='ocrx_word' id='word_1_587' title='bbox 924 5136 1097 5188; x_wconf 84' lang='lat' dir='ltr'><strong>forma</strong></span> <span class='ocrx_word' id='word_1_588' title='bbox 1125 5137 1206 5189; x_wconf 79' lang='lat' dir='ltr'><strong>eis</strong></span> <span class='ocrx_word' id='word_1_589' title='bbox 1241 5134 1379 5187; x_wconf 90' lang='lat' dir='ltr'><strong>nihil</strong></span> <span class='ocrx_word' id='word_1_590' title='bbox 1413 5133 1647 5202; x_wconf 86' lang='lat' dir='ltr'><strong>amplius</strong></span> <span class='ocrx_word' id='word_1_591' title='bbox 1678 5132 1947 5188; x_wconf 89' lang='lat' dir='ltr'><strong>videatur.</strong></span> <span class='ocrx_word' id='word_1_592' title='bbox 1972 5130 2196 5198; x_wconf 65' lang='lat' dir='ltr'><strong>Capreae</strong></span> 
     </span>
    </p>
   </div>
   <div class='ocr_carea' id='block_1_85' title="bbox 618 5223 2202 5295">
    <p class='ocr_par' dir='ltr' id='par_1_85' title="bbox 618 5223 2202 5295">
     <span class='ocr_line' id='line_1_85' title="bbox 618 5223 2202 5295; baseline -0.005 -12"><span class='ocrx_word' id='word_1_593' title='bbox 618 5229 818 5284; x_wconf 88' lang='lat' dir='ltr'><strong>dehinc</strong></span> <span class='ocrx_word' id='word_1_594' title='bbox 870 5243 1043 5282; x_wconf 88' lang='lat' dir='ltr'><strong>cornu</strong></span> <span class='ocrx_word' id='word_1_595' title='bbox 1095 5228 1152 5283; x_wconf 95' lang='lat' dir='ltr'><strong>in</strong></span> <span class='ocrx_word' id='word_1_596' title='bbox 1220 5226 1404 5295; x_wconf 87' lang='lat' dir='ltr'><strong>cipum</strong></span> <span class='ocrx_word' id='word_1_597' title='bbox 1444 5225 1581 5292; x_wconf 81' lang='lat' dir='ltr'><strong>ﬁxo,</strong></span> <span class='ocrx_word' id='word_1_598' title='bbox 1633 5225 1752 5280; x_wconf 91' lang='lat' dir='ltr'><strong>sine</strong></span> <span class='ocrx_word' id='word_1_599' title='bbox 1792 5223 2202 5294; x_wconf 86' lang='lat' dir='ltr'><strong>perturbatione</strong></span> 
     </span>
    </p>
   </div>
   <div class='ocr_carea' id='block_1_86' title="bbox 620 5316 2203 5389">
    <p class='ocr_par' dir='ltr' id='par_1_86' title="bbox 620 5316 2203 5389">
     <span class='ocr_line' id='line_1_86' title="bbox 620 5316 2203 5389; baseline -0.003 -15"><span class='ocrx_word' id='word_1_600' title='bbox 620 5321 849 5375; x_wconf 88' lang='lat' dir='ltr'><strong>omnino</strong></span> <span class='ocrx_word' id='word_1_601' title='bbox 880 5320 1083 5374; x_wconf 86' lang='lat' dir='ltr'><strong>hilares</strong></span> <span class='ocrx_word' id='word_1_602' title='bbox 1119 5321 1441 5375; x_wconf 86' lang='lat' dir='ltr'><strong>abscedunt.</strong></span> <span class='ocrx_word' id='word_1_603' title='bbox 1481 5318 1572 5373; x_wconf 92' lang='lat' dir='ltr'><strong>Sic</strong></span> <span class='ocrx_word' id='word_1_604' title='bbox 1604 5316 1801 5389; x_wconf 58' lang='grc' dir='ltr'><strong>ἥξω)</strong></span> <span class='ocrx_word' id='word_1_605' title='bbox 1840 5316 2203 5370; x_wconf 81' lang='lat' dir='ltr'><strong>funerationis</strong></span> 
     </span>
    </p>
   </div>
   <div class='ocr_carea' id='block_1_87' title="bbox 622 5412 2201 5484">
    <p class='ocr_par' dir='ltr' id='par_1_87' title="bbox 622 5412 2201 5484">
     <span class='ocr_line' id='line_1_87' title="bbox 622 5412 2201 5484; baseline -0.005 -15"><span class='ocrx_word' id='word_1_606' title='bbox 622 5428 783 5469; x_wconf 89' lang='lat' dir='ltr'><strong>usum</strong></span> <span class='ocrx_word' id='word_1_607' title='bbox 810 5412 1087 5484; x_wconf 88' lang='lat' dir='ltr'><strong>sapienter</strong></span> <span class='ocrx_word' id='word_1_608' title='bbox 1125 5414 1424 5479; x_wconf 87' lang='lat' dir='ltr'><strong>invertunt,</strong></span> <span class='ocrx_word' id='word_1_609' title='bbox 1450 5412 1721 5482; x_wconf 85' lang='lat' dir='ltr'><strong>siquidem</strong></span> <span class='ocrx_word' id='word_1_610' title='bbox 1750 5412 1821 5464; x_wconf 90' lang='lat' dir='ltr'><strong>ob</strong></span> <span class='ocrx_word' id='word_1_611' title='bbox 1844 5425 1932 5464; x_wconf 90' lang='lat' dir='ltr'><strong>res</strong></span> <span class='ocrx_word' id='word_1_612' title='bbox 1962 5422 2201 5464; x_wconf 83' lang='lat' dir='ltr'><strong>maerore</strong></span> 
     </span>
    </p>
   </div>
   <div class='ocr_carea' id='block_1_88' title="bbox 2300 3289 3886 3373">
    <p class='ocr_par' dir='ltr' id='par_1_88' title="bbox 2300 3289 3886 3373">
     <span class='ocr_line' id='line_1_88' title="bbox 2300 3289 3886 3373; baseline -0.009 -20"><span class='ocrx_word' id='word_1_613' title='bbox 2300 3302 2397 3373; x_wconf 77' lang='grc' dir='ltr'>μὲν</span> <span class='ocrx_word' id='word_1_614' title='bbox 2421 3300 2589 3361; x_wconf 81' lang='grc' dir='ltr'>πολὺς</span> <span class='ocrx_word' id='word_1_615' title='bbox 2614 3297 2769 3369; x_wconf 75' lang='grc' dir='ltr'>ὄχλος</span> <span class='ocrx_word' id='word_1_616' title='bbox 2797 3295 3181 3364; x_wconf 84' lang='grc' dir='ltr'>ἀποϐρέγματι</span> <span class='ocrx_word' id='word_1_617' title='bbox 3239 3290 3536 3361; x_wconf 85' lang='grc' dir='ltr'>παλιούρου</span> <span class='ocrx_word' id='word_1_618' title='bbox 3593 3289 3837 3360; x_wconf 87' lang='grc' dir='ltr'>χρῶνται</span> <span class='ocrx_word' id='word_1_619' title='bbox 3868 3306 3886 3318; x_wconf 64' lang='grc' dir='ltr'>θ</span> 
     </span>
    </p>
   </div>
   <div class='ocr_carea' id='block_1_89' title="bbox 2296 3382 3895 3462">
    <p class='ocr_par' dir='ltr' id='par_1_89' title="bbox 2296 3382 3895 3462">
     <span class='ocr_line' id='line_1_89' title="bbox 2296 3382 3895 3462; baseline -0.009 -15"><span class='ocrx_word' id='word_1_620' title='bbox 2296 3396 2345 3448; x_wconf 78' lang='lat' dir='ltr'><strong>oi</strong></span> <span class='ocrx_word' id='word_1_621' title='bbox 2392 3394 2449 3446; x_wconf 83' lang='grc' dir='ltr'>δὲ</span> <span class='ocrx_word' id='word_1_622' title='bbox 2476 3392 2733 3462; x_wconf 88' lang='grc' dir='ltr'>τύραννοι</span> <span class='ocrx_word' id='word_1_623' title='bbox 2770 3389 2878 3443; x_wconf 88' lang='grc' dir='ltr'>ἀπό</span> <span class='ocrx_word' id='word_1_624' title='bbox 2937 3404 3080 3449; x_wconf 89' lang='grc' dir='ltr'>τινος</span> <span class='ocrx_word' id='word_1_625' title='bbox 3113 3385 3307 3447; x_wconf 81' lang='grc' dir='ltr'>ἄνθους</span> <span class='ocrx_word' id='word_1_626' title='bbox 3348 3382 3744 3444; x_wconf 74' lang='grc' dir='ltr'>σκευασθέντθς</span> <span class='ocrx_word' id='word_1_627' title='bbox 3787 3384 3895 3435; x_wconf 84' lang='grc' dir='ltr'>πί-</span> 
     </span>
    </p>
   </div>
   <div class='ocr_carea' id='block_1_90' title="bbox 2296 3471 3895 3552">
    <p class='ocr_par' dir='ltr' id='par_1_90' title="bbox 2296 3471 3895 3552">
     <span class='ocr_line' id='line_1_90' title="bbox 2296 3471 3895 3552; baseline -0.008 -12"><span class='ocrx_word' id='word_1_628' title='bbox 2296 3504 2468 3552; x_wconf 87' lang='grc' dir='ltr'>νουσι,</span> <span class='ocrx_word' id='word_1_629' title='bbox 2496 3482 2881 3551; x_wconf 83' lang='grc' dir='ltr'>παραπλησίου</span> <span class='ocrx_word' id='word_1_630' title='bbox 2926 3478 3186 3549; x_wconf 88' lang='grc' dir='ltr'>μοχθηρῷ</span> <span class='ocrx_word' id='word_1_631' title='bbox 3215 3477 3426 3546; x_wconf 88' lang='grc' dir='ltr'>γλυκεῖ.</span> <span class='ocrx_word' id='word_1_632' title='bbox 3463 3471 3665 3546; x_wconf 79' lang='grc' dir='ltr'>Γυμνοῖ</span> <span class='ocrx_word' id='word_1_633' title='bbox 3713 3475 3772 3529; x_wconf 80' lang='grc' dir='ltr'>δὲ</span> <span class='ocrx_word' id='word_1_634' title='bbox 3816 3476 3895 3528; x_wconf 77' lang='grc' dir='ltr'>τὸ</span> 
     </span>
    </p>
   </div>
   <div class='ocr_carea' id='block_1_91' title="bbox 2297 3564 3894 3644">
    <p class='ocr_par' dir='ltr' id='par_1_91' title="bbox 2297 3564 3894 3644">
     <span class='ocr_line' id='line_1_91' title="bbox 2297 3564 3894 3644; baseline -0.009 -14"><span class='ocrx_word' id='word_1_635' title='bbox 2297 3577 2425 3633; x_wconf 78' lang='grc' dir='ltr'>ἄλλο</span> <span class='ocrx_word' id='word_1_636' title='bbox 2460 3575 2621 3644; x_wconf 85' lang='grc' dir='ltr'>σῶμα</span> <span class='ocrx_word' id='word_1_637' title='bbox 2647 3573 3008 3642; x_wconf 86' lang='grc' dir='ltr'>τυγχάνοντες</span> <span class='ocrx_word' id='word_1_638' title='bbox 3043 3571 3111 3622; x_wconf 80' lang='grc' dir='ltr'><strong>τά</strong></span> <span class='ocrx_word' id='word_1_639' title='bbox 3147 3568 3295 3638; x_wconf 90' lang='grc' dir='ltr'>ἰσχία</span> <span class='ocrx_word' id='word_1_640' title='bbox 3324 3566 3591 3637; x_wconf 88' lang='grc' dir='ltr'>δέρμασίν</span> <span class='ocrx_word' id='word_1_641' title='bbox 3628 3566 3737 3617; x_wconf 83' lang='grc' dir='ltr'>είσι</span> <span class='ocrx_word' id='word_1_642' title='bbox 3795 3564 3894 3617; x_wconf 86' lang='grc' dir='ltr'>δι-</span> 
     </span>
    </p>
   </div>
   <div class='ocr_carea' id='block_1_92' title="bbox 2298 3655 3897 3740">
    <p class='ocr_par' dir='ltr' id='par_1_92' title="bbox 2298 3655 3897 3740">
     <span class='ocr_line' id='line_1_92' title="bbox 2298 3655 3897 3740; baseline -0.011 -15"><span class='ocrx_word' id='word_1_643' title='bbox 2298 3668 2708 3740; x_wconf 79' lang='grc' dir='ltr'>εζωσμένοι.Τὰ</span> <span class='ocrx_word' id='word_1_644' title='bbox 2722 3666 2779 3719; x_wconf 86' lang='grc' dir='ltr'>δὲ</span> <span class='ocrx_word' id='word_1_645' title='bbox 2799 3664 2974 3717; x_wconf 82' lang='grc' dir='ltr'>αἰδοῖα</span> <span class='ocrx_word' id='word_1_646' title='bbox 2989 3664 3101 3724; x_wconf 84' lang='grc' dir='ltr'>τοῖς</span> <span class='ocrx_word' id='word_1_647' title='bbox 3134 3661 3232 3731; x_wconf 84' lang='grc' dir='ltr'><strong>μὲν</strong></span> <span class='ocrx_word' id='word_1_648' title='bbox 3260 3660 3441 3722; x_wconf 78' lang='grc' dir='ltr'>ἄλλοις</span> <span class='ocrx_word' id='word_1_649' title='bbox 3466 3655 3897 3729; x_wconf 83' lang='grc' dir='ltr'>Τρωγλοδύταις</span> 
     </span>
    </p>
   </div>
   <div class='ocr_carea' id='block_1_93' title="bbox 2299 3751 3900 3830">
    <p class='ocr_par' dir='ltr' id='par_1_93' title="bbox 2299 3751 3900 3830">
     <span class='ocr_line' id='line_1_93' title="bbox 2299 3751 3900 3830; baseline -0.009 -13"><span class='ocrx_word' id='word_1_650' title='bbox 2299 3765 2447 3817; x_wconf 70' lang='grc' dir='ltr'>ἐστὶν</span> <span class='ocrx_word' id='word_1_651' title='bbox 2469 3760 2775 3830; x_wconf 78' lang='grc' dir='ltr'>εἰθισμένον</span> <span class='ocrx_word' id='word_1_652' title='bbox 2797 3755 3244 3828; x_wconf 81' lang='grc' dir='ltr'>περιτέμνεσθαι,</span> <span class='ocrx_word' id='word_1_653' title='bbox 3270 3753 3522 3821; x_wconf 88' lang='grc' dir='ltr'>καθάπερ</span> <span class='ocrx_word' id='word_1_654' title='bbox 3547 3751 3900 3819; x_wconf 67' lang='grc' dir='ltr'>Αἰγυπτίους</span> 
     </span>
    </p>
   </div>
   <div class='ocr_carea' id='block_1_94' title="bbox 2301 3842 3903 3923">
    <p class='ocr_par' dir='ltr' id='par_1_94' title="bbox 2301 3842 3903 3923">
     <span class='ocr_line' id='line_1_94' title="bbox 2301 3842 3903 3923; baseline -0.009 -15"><span class='ocrx_word' id='word_1_655' title='bbox 2301 3855 2512 3916; x_wconf 86' lang='grc' dir='ltr'>πάντας</span> <span class='ocrx_word' id='word_1_656' title='bbox 2534 3870 2547 3883; x_wconf 92' lang='grc'><strong>·</strong></span> <span class='ocrx_word' id='word_1_657' title='bbox 2582 3850 2746 3923; x_wconf 78' lang='grc'><strong>[1560</strong></span> <span class='ocrx_word' id='word_1_658' title='bbox 2778 3848 2874 3922; x_wconf 65' lang='grc' dir='ltr'><strong>Κ]</strong></span> <span class='ocrx_word' id='word_1_659' title='bbox 2900 3849 3027 3911; x_wconf 78' lang='grc' dir='ltr'>τοὺς</span> <span class='ocrx_word' id='word_1_660' title='bbox 3079 3846 3124 3899; x_wconf 90' lang='grc' dir='ltr'>δ’</span> <span class='ocrx_word' id='word_1_661' title='bbox 3162 3845 3267 3899; x_wconf 79' lang='grc' dir='ltr'>ὑπὸ</span> <span class='ocrx_word' id='word_1_662' title='bbox 3302 3844 3411 3897; x_wconf 87' lang='grc' dir='ltr'><strong>τῶν</strong></span> <span class='ocrx_word' id='word_1_663' title='bbox 3465 3842 3733 3914; x_wconf 82' lang='grc' dir='ltr'>Ἐλλήνων</span> <span class='ocrx_word' id='word_1_664' title='bbox 3787 3860 3903 3895; x_wconf 81' lang='grc' dir='ltr'>κα-</span> 
     </span>
    </p>
   </div>
   <div class='ocr_carea' id='block_1_95' title="bbox 2300 3933 3901 4017">
    <p class='ocr_par' dir='ltr' id='par_1_95' title="bbox 2300 3933 3901 4017">
     <span class='ocr_line' id='line_1_95' title="bbox 2300 3933 3901 4017; baseline -0.009 -17"><span class='ocrx_word' id='word_1_665' title='bbox 2300 3946 2596 4017; x_wconf 88' lang='grc' dir='ltr'>λουμένους</span> <span class='ocrx_word' id='word_1_666' title='bbox 2631 3943 2888 4005; x_wconf 81' lang='grc' dir='ltr'>κολοϐοὺς</span> <span class='ocrx_word' id='word_1_667' title='bbox 2929 3942 2976 3972; x_wconf 69' lang='grc'><strong>⁸⁸</strong></span> <span class='ocrx_word' id='word_1_668' title='bbox 3009 3942 3119 3994; x_wconf 86' lang='grc' dir='ltr'>πᾶν</span> <span class='ocrx_word' id='word_1_669' title='bbox 3166 3938 3228 3991; x_wconf 86' lang='grc' dir='ltr'>τὸ</span> <span class='ocrx_word' id='word_1_670' title='bbox 3282 3938 3395 3999; x_wconf 87' lang='grc' dir='ltr'>τοῖς</span> <span class='ocrx_word' id='word_1_671' title='bbox 3447 3935 3657 3997; x_wconf 82' lang='grc' dir='ltr'>λοιποῖς</span> <span class='ocrx_word' id='word_1_672' title='bbox 3714 3933 3901 4005; x_wconf 81' lang='grc' dir='ltr'>μέρος</span> 
     </span>
    </p>
   </div>
   <div class='ocr_carea' id='block_1_96' title="bbox 2303 4026 3903 4108">
    <p class='ocr_par' dir='ltr' id='par_1_96' title="bbox 2303 4026 3903 4108">
     <span class='ocr_line' id='line_1_96' title="bbox 2303 4026 3903 4108; baseline -0.009 -18"><span class='ocrx_word' id='word_1_673' title='bbox 2303 4036 2606 4108; x_wconf 84' lang='grc' dir='ltr'>περιτομῆς</span> <span class='ocrx_word' id='word_1_674' title='bbox 2632 4035 2902 4104; x_wconf 87' lang='grc' dir='ltr'>τυγχάνον</span> <span class='ocrx_word' id='word_1_675' title='bbox 2934 4032 3116 4101; x_wconf 82' lang='grc' dir='ltr'>ξυροῖς</span> <span class='ocrx_word' id='word_1_676' title='bbox 3150 4031 3408 4100; x_wconf 84' lang='grc' dir='ltr'>ἀφαιρεῖν</span> <span class='ocrx_word' id='word_1_677' title='bbox 3438 4028 3587 4079; x_wconf 73' lang='grc' dir='ltr'>ἐστὶν</span> <span class='ocrx_word' id='word_1_678' title='bbox 3625 4026 3747 4089; x_wconf 77' lang='grc' dir='ltr'>ἔθος</span> <span class='ocrx_word' id='word_1_679' title='bbox 3787 4042 3903 4096; x_wconf 81' lang='grc' dir='ltr'>νη-</span> 
     </span>
    </p>
   </div>
   <div class='ocr_carea' id='block_1_97' title="bbox 2302 4114 3903 4191">
    <p class='ocr_par' dir='ltr' id='par_1_97' title="bbox 2302 4114 3903 4191">
     <span class='ocr_line' id='line_1_97' title="bbox 2302 4114 3903 4191; baseline -0.009 -12"><span class='ocrx_word' id='word_1_680' title='bbox 2302 4127 2443 4179; x_wconf 91' lang='grc' dir='ltr'>πίων</span> <span class='ocrx_word' id='word_1_681' title='bbox 2474 4126 2667 4191; x_wconf 78' lang='grc' dir='ltr'>ὅντων,</span> <span class='ocrx_word' id='word_1_682' title='bbox 2699 4123 2759 4188; x_wconf 82' lang='grc' dir='ltr'><strong>ἐξ</strong></span> <span class='ocrx_word' id='word_1_683' title='bbox 2788 4115 2849 4176; x_wconf 77' lang='grc' dir='ltr'><strong>οὗ</strong></span> <span class='ocrx_word' id='word_1_684' title='bbox 2884 4122 2978 4175; x_wconf 73' lang='grc' dir='ltr'><strong>καὶ</strong></span> <span class='ocrx_word' id='word_1_685' title='bbox 2998 4120 3096 4190; x_wconf 80' lang='grc' dir='ltr'>τὴν</span> <span class='ocrx_word' id='word_1_686' title='bbox 3125 4117 3424 4189; x_wconf 80' lang='grc' dir='ltr'>εἰρημένην</span> <span class='ocrx_word' id='word_1_687' title='bbox 3446 4114 3638 4186; x_wconf 84' lang='grc' dir='ltr'>κλῆσιν</span> <span class='ocrx_word' id='word_1_688' title='bbox 3668 4115 3903 4178; x_wconf 80' lang='grc' dir='ltr'>ἑαυτοῖς</span> 
     </span>
    </p>
   </div>
   <div class='ocr_carea' id='block_1_98' title="bbox 2302 4214 2647 4284">
    <p class='ocr_par' dir='ltr' id='par_1_98' title="bbox 2302 4214 2647 4284">
     <span class='ocr_line' id='line_1_98' title="bbox 2302 4214 2647 4284; baseline -0.02 -12"><span class='ocrx_word' id='word_1_689' title='bbox 2302 4214 2647 4284; x_wconf 85' lang='grc' dir='ltr'>πεποίηνται.</span> 
     </span>
    </p>
   </div>
   <div class='ocr_carea' id='block_1_99' title="bbox 2374 4383 3906 4463">
    <p class='ocr_par' dir='ltr' id='par_1_99' title="bbox 2374 4383 3906 4463">
     <span class='ocr_line' id='line_1_99' title="bbox 2374 4383 3906 4463; baseline -0.006 -17"><span class='ocrx_word' id='word_1_690' title='bbox 2374 4393 2497 4462; x_wconf 79' lang='grc' dir='ltr'>Ὀτι</span> <span class='ocrx_word' id='word_1_691' title='bbox 2533 4393 2798 4463; x_wconf 87' lang='grc' dir='ltr'>κέχρηται</span> <span class='ocrx_word' id='word_1_692' title='bbox 2830 4392 2859 4444; x_wconf 84' lang='grc' dir='ltr'><strong>ὁ</strong></span> <span class='ocrx_word' id='word_1_693' title='bbox 2895 4388 3268 4458; x_wconf 72' lang='grc' dir='ltr'>συγγραφεὺς,</span> <span class='ocrx_word' id='word_1_694' title='bbox 3326 4383 3640 4455; x_wconf 82' lang='grc' dir='ltr'>ἀττικιστὴς</span> <span class='ocrx_word' id='word_1_695' title='bbox 3701 4383 3906 4437; x_wconf 77' lang='grc' dir='ltr'>καίτοι</span> 
     </span>
    </p>
   </div>
   <div class='ocr_carea' id='block_1_100' title="bbox 2234 4478 3137 4611">
    <p class='ocr_par' dir='ltr' id='par_1_100' title="bbox 2234 4478 3137 4611">
     <span class='ocr_line' id='line_1_100' title="bbox 2234 4478 3137 4611; baseline -0.003 -75"><span class='ocrx_word' id='word_1_696' title='bbox 2234 4478 2275 4611; x_wconf 47' lang='grc' dir='ltr'>ὁ</span> <span class='ocrx_word' id='word_1_697' title='bbox 2303 4485 2400 4550; x_wconf 81' lang='grc' dir='ltr'>ὢν,</span> <span class='ocrx_word' id='word_1_698' title='bbox 2435 4486 2503 4554; x_wconf 81' lang='grc' dir='ltr'>τῇ</span> <span class='ocrx_word' id='word_1_699' title='bbox 2533 4484 2630 4555; x_wconf 80' lang='grc' dir='ltr'>τῆς</span> <span class='ocrx_word' id='word_1_700' title='bbox 2661 4480 2942 4552; x_wconf 81' lang='grc' dir='ltr'>Καμάρας</span> <span class='ocrx_word' id='word_1_701' title='bbox 2971 4480 3137 4545; x_wconf 81' lang='grc' dir='ltr'>λέξει.</span> 
     </span>
    </p>
   </div>
   <div class='ocr_carea' id='block_1_101' title="bbox 2378 4652 3904 4730">
    <p class='ocr_par' dir='ltr' id='par_1_101' title="bbox 2378 4652 3904 4730">
     <span class='ocr_line' id='line_1_101' title="bbox 2378 4652 3904 4730; baseline -0.01 -14"><span class='ocrx_word' id='word_1_702' title='bbox 2378 4662 2506 4715; x_wconf 82' lang='grc' dir='ltr'>’Ότι</span> <span class='ocrx_word' id='word_1_703' title='bbox 2561 4662 2611 4714; x_wconf 88' lang='grc' dir='ltr'>οἱ</span> <span class='ocrx_word' id='word_1_704' title='bbox 2667 4658 3050 4730; x_wconf 78' lang='grc' dir='ltr'>Τρωγλοδῦται</span> <span class='ocrx_word' id='word_1_705' title='bbox 3097 4656 3227 4728; x_wconf 73' lang='grc' dir='ltr'>περὶ</span> <span class='ocrx_word' id='word_1_706' title='bbox 3277 4658 3403 4719; x_wconf 69' lang='grc' dir='ltr'>τοὺς</span> <span class='ocrx_word' id='word_1_707' title='bbox 3456 4652 3904 4724; x_wconf 82' lang='grc' dir='ltr'>μετηλλαχότας,</span> 
     </span>
    </p>
   </div>
   <div class='ocr_carea' id='block_1_102' title="bbox 2304 4746 3909 4826">
    <p class='ocr_par' dir='ltr' id='par_1_102' title="bbox 2304 4746 3909 4826">
     <span class='ocr_line' id='line_1_102' title="bbox 2304 4746 3909 4826; baseline -0.007 -18"><span class='ocrx_word' id='word_1_708' title='bbox 2304 4756 2493 4826; x_wconf 72' lang='grc' dir='ltr'>φησὶν,</span> <span class='ocrx_word' id='word_1_709' title='bbox 2520 4755 2662 4807; x_wconf 76' lang='grc' dir='ltr'>οὕτω</span> <span class='ocrx_word' id='word_1_710' title='bbox 2693 4754 3011 4820; x_wconf 88' lang='grc' dir='ltr'>πράττουσι.</span> <span class='ocrx_word' id='word_1_711' title='bbox 3044 4749 3178 4811; x_wconf 90' lang='grc' dir='ltr'>Ταῖς</span> <span class='ocrx_word' id='word_1_712' title='bbox 3208 4751 3272 4802; x_wconf 87' lang='grc' dir='ltr'><strong>ἐκ</strong></span> <span class='ocrx_word' id='word_1_713' title='bbox 3296 4747 3404 4801; x_wconf 84' lang='grc' dir='ltr'><strong>τῶν</strong></span> <span class='ocrx_word' id='word_1_714' title='bbox 3451 4747 3765 4813; x_wconf 83' lang='grc' dir='ltr'>παλιούρων</span> <span class='ocrx_word' id='word_1_715' title='bbox 3797 4746 3909 4797; x_wconf 81' lang='grc' dir='ltr'>λύ-</span> 
     </span>
    </p>
   </div>
   <div class='ocr_carea' id='block_1_103' title="bbox 2304 4837 3909 4919">
    <p class='ocr_par' dir='ltr' id='par_1_103' title="bbox 2304 4837 3909 4919">
     <span class='ocr_line' id='line_1_103' title="bbox 2304 4837 3909 4919; baseline -0.007 -16"><span class='ocrx_word' id='word_1_716' title='bbox 2304 4868 2422 4919; x_wconf 84' lang='grc' dir='ltr'>γοις</span> <span class='ocrx_word' id='word_1_717' title='bbox 2452 4850 2497 4882; x_wconf 71' lang='grc'><strong>⁸³</strong></span> <span class='ocrx_word' id='word_1_718' title='bbox 2526 4850 2617 4902; x_wconf 86' lang='grc' dir='ltr'><strong>τὸν</strong></span> <span class='ocrx_word' id='word_1_719' title='bbox 2645 4847 2849 4917; x_wconf 82' lang='grc' dir='ltr'>αὐχένα</span> <span class='ocrx_word' id='word_1_720' title='bbox 2890 4847 3025 4917; x_wconf 87' lang='grc' dir='ltr'>πρὸς</span> <span class='ocrx_word' id='word_1_721' title='bbox 3074 4846 3145 4898; x_wconf 87' lang='grc' dir='ltr'><strong>τά</strong></span> <span class='ocrx_word' id='word_1_722' title='bbox 3171 4845 3335 4915; x_wconf 89' lang='grc' dir='ltr'>σκέλη</span> <span class='ocrx_word' id='word_1_723' title='bbox 3389 4842 3707 4913; x_wconf 79' lang='grc' dir='ltr'>συνέδησαν,</span> <span class='ocrx_word' id='word_1_724' title='bbox 3768 4837 3909 4893; x_wconf 75' lang='grc' dir='ltr'>εἶτα</span> 
     </span>
    </p>
   </div>
   <div class='ocr_carea' id='block_1_104' title="bbox 2306 4934 3906 5014">
    <p class='ocr_par' dir='ltr' id='par_1_104' title="bbox 2306 4934 3906 5014">
     <span class='ocr_line' id='line_1_104' title="bbox 2306 4934 3906 5014; baseline -0.006 -16"><span class='ocrx_word' id='word_1_725' title='bbox 2306 4948 2393 4998; x_wconf 76' lang='grc' dir='ltr'>ἐπ’</span> <span class='ocrx_word' id='word_1_726' title='bbox 2430 4944 2588 5014; x_wconf 75' lang='grc' dir='ltr'>ὄχθον</span> <span class='ocrx_word' id='word_1_727' title='bbox 2619 4942 2901 5005; x_wconf 87' lang='grc' dir='ltr'>ἐπιθέντες</span> <span class='ocrx_word' id='word_1_728' title='bbox 2936 4940 3189 5010; x_wconf 84' lang='grc' dir='ltr'>βάλλουσι</span> <span class='ocrx_word' id='word_1_729' title='bbox 3240 4936 3627 5008; x_wconf 86' lang='grc' dir='ltr'>χειροπληθέσι</span> <span class='ocrx_word' id='word_1_730' title='bbox 3691 4934 3906 4999; x_wconf 84' lang='grc' dir='ltr'>λίθοις,</span> 
     </span>
    </p>
   </div>
   <div class='ocr_carea' id='block_1_105' title="bbox 2307 5028 3917 5108">
    <p class='ocr_par' dir='ltr' id='par_1_105' title="bbox 2307 5028 3917 5108">
     <span class='ocr_line' id='line_1_105' title="bbox 2307 5028 3917 5108; baseline -0.007 -16"><span class='ocrx_word' id='word_1_731' title='bbox 2307 5036 2583 5108; x_wconf 81' lang='grc' dir='ltr'>τωθασμῴ</span> <span class='ocrx_word' id='word_1_732' title='bbox 2616 5036 2887 5107; x_wconf 87' lang='grc' dir='ltr'>χρώμενοι</span> <span class='ocrx_word' id='word_1_733' title='bbox 2918 5035 3013 5087; x_wconf 71' lang='grc' dir='ltr'><strong>καὶ</strong></span> <span class='ocrx_word' id='word_1_734' title='bbox 3042 5032 3262 5102; x_wconf 84' lang='grc' dir='ltr'>γέλωτι,</span> <span class='ocrx_word' id='word_1_735' title='bbox 3314 5032 3419 5093; x_wconf 73' lang='grc' dir='ltr'><strong>ἕως</strong></span> <span class='ocrx_word' id='word_1_736' title='bbox 3451 5031 3495 5061; x_wconf 73' lang='grc'><strong>⁸⁸</strong></span> <span class='ocrx_word' id='word_1_737' title='bbox 3523 5028 3917 5098; x_wconf 61' lang='grc' dir='ltr'>ἀποκρύψωσι</span> 
     </span>
    </p>
   </div>
   <div class='ocr_carea' id='block_1_106' title="bbox 2308 5120 3920 5199">
    <p class='ocr_par' dir='ltr' id='par_1_106' title="bbox 2308 5120 3920 5199">
     <span class='ocr_line' id='line_1_106' title="bbox 2308 5120 3920 5199; baseline -0.006 -16"><span class='ocrx_word' id='word_1_738' title='bbox 2308 5129 2404 5184; x_wconf 79' lang='grc' dir='ltr'>τοῦ</span> <span class='ocrx_word' id='word_1_739' title='bbox 2429 5128 2880 5199; x_wconf 81' lang='grc' dir='ltr'>τετελευτηκότος</span> <span class='ocrx_word' id='word_1_740' title='bbox 2910 5126 3007 5197; x_wconf 84' lang='grc' dir='ltr'>τὴν</span> <span class='ocrx_word' id='word_1_741' title='bbox 3064 5126 3280 5196; x_wconf 80' lang='grc' dir='ltr'>μορφήν</span> <span class='ocrx_word' id='word_1_742' title='bbox 3316 5140 3329 5153; x_wconf 88' lang='grc'><strong>·</strong></span> <span class='ocrx_word' id='word_1_743' title='bbox 3392 5122 3627 5176; x_wconf 84' lang='grc' dir='ltr'>κᾶπειτα</span> <span class='ocrx_word' id='word_1_744' title='bbox 3681 5120 3920 5174; x_wconf 79' lang='grc' dir='ltr'>ἄνωθεν</span> 
     </span>
    </p>
   </div>
   <div class='ocr_carea' id='block_1_107' title="bbox 2309 5211 3921 5287">
    <p class='ocr_par' dir='ltr' id='par_1_107' title="bbox 2309 5211 3921 5287">
     <span class='ocr_line' id='line_1_107' title="bbox 2309 5211 3921 5287; baseline -0.008 -12"><span class='ocrx_word' id='word_1_745' title='bbox 2309 5221 2588 5280; x_wconf 82' lang='grc' dir='ltr'>ἐπιθέντες</span> <span class='ocrx_word' id='word_1_746' title='bbox 2620 5219 2788 5287; x_wconf 88' lang='grc' dir='ltr'>κέρας</span> <span class='ocrx_word' id='word_1_747' title='bbox 2818 5218 2973 5285; x_wconf 84' lang='grc' dir='ltr'>αἰγὸς</span> <span class='ocrx_word' id='word_1_748' title='bbox 3004 5216 3233 5278; x_wconf 81' lang='grc' dir='ltr'>ἀπαθεῖς</span> <span class='ocrx_word' id='word_1_749' title='bbox 3267 5214 3595 5268; x_wconf 85' lang='grc' dir='ltr'>ἀπολύονται</span> <span class='ocrx_word' id='word_1_750' title='bbox 3616 5211 3716 5264; x_wconf 71' lang='grc' dir='ltr'><strong>καὶ</strong></span> <span class='ocrx_word' id='word_1_751' title='bbox 3758 5229 3921 5263; x_wconf 79' lang='grc' dir='ltr'>παν-</span> 
     </span>
    </p>
   </div>
   <div class='ocr_carea' id='block_1_108' title="bbox 2307 5302 3927 5382">
    <p class='ocr_par' dir='ltr' id='par_1_108' title="bbox 2307 5302 3927 5382">
     <span class='ocr_line' id='line_1_108' title="bbox 2307 5302 3927 5382; baseline -0.009 -15"><span class='ocrx_word' id='word_1_752' title='bbox 2307 5314 2478 5374; x_wconf 87' lang='grc' dir='ltr'>τελῶς</span> <span class='ocrx_word' id='word_1_753' title='bbox 2506 5311 2698 5382; x_wconf 84' lang='grc' dir='ltr'>ἱλαροί.</span> <span class='ocrx_word' id='word_1_754' title='bbox 2735 5309 2911 5373; x_wconf 72' lang='grc' dir='ltr'>Οὕτω,</span> <span class='ocrx_word' id='word_1_755' title='bbox 2945 5310 3099 5378; x_wconf 61' lang='grc' dir='ltr'>φησι,</span> <span class='ocrx_word' id='word_1_756' title='bbox 3130 5312 3250 5371; x_wconf 84' lang='grc' dir='ltr'>ταῖς</span> <span class='ocrx_word' id='word_1_757' title='bbox 3279 5306 3525 5373; x_wconf 87' lang='grc' dir='ltr'>κηδείαις</span> <span class='ocrx_word' id='word_1_758' title='bbox 3568 5302 3927 5373; x_wconf 86' lang='grc' dir='ltr'>καταχρῶν-</span> 
     </span>
    </p>
   </div>
   <div class='ocr_carea' id='block_1_109' title="bbox 2309 5395 3924 5475">
    <p class='ocr_par' dir='ltr' id='par_1_109' title="bbox 2309 5395 3924 5475">
     <span class='ocr_line' id='line_1_109' title="bbox 2309 5395 3924 5475; baseline -0.009 -15"><span class='ocrx_word' id='word_1_759' title='bbox 2309 5424 2400 5461; x_wconf 91' lang='grc' dir='ltr'><strong>ται</strong></span> <span class='ocrx_word' id='word_1_760' title='bbox 2435 5403 2721 5475; x_wconf 84' lang='grc' dir='ltr'>νουνεχῶς,</span> <span class='ocrx_word' id='word_1_761' title='bbox 2757 5404 2918 5474; x_wconf 81' lang='grc' dir='ltr'>είπερ</span> <span class='ocrx_word' id='word_1_762' title='bbox 2950 5401 3025 5472; x_wconf 84' lang='grc' dir='ltr'>μὴ</span> <span class='ocrx_word' id='word_1_763' title='bbox 3049 5401 3240 5454; x_wconf 86' lang='grc' dir='ltr'>λυπεῖν</span> <span class='ocrx_word' id='word_1_764' title='bbox 3272 5400 3317 5430; x_wconf 70' lang='grc'><strong>⁸⁷</strong></span> <span class='ocrx_word' id='word_1_765' title='bbox 3353 5397 3584 5459; x_wconf 76' lang='grc' dir='ltr'>ἑαυτοὺς</span> <span class='ocrx_word' id='word_1_766' title='bbox 3626 5395 3722 5447; x_wconf 79' lang='grc' dir='ltr'>ἐπὶ</span> <span class='ocrx_word' id='word_1_767' title='bbox 3784 5396 3924 5458; x_wconf 80' lang='grc' dir='ltr'>τοῖς</span> 
     </span>
    </p>
   </div>
   <div class='ocr_carea' id='block_1_110' title="bbox 1926 5519 2576 5575">
    <p class='ocr_par' dir='ltr' id='par_1_110' title="bbox 1926 5519 2576 5575">
     <span class='ocr_line' id='line_1_110' title="bbox 1926 5519 2576 5575; baseline -0.005 0"><span class='ocrx_word' id='word_1_768' title='bbox 1926 5521 2160 5575; x_wconf 55' lang='grc' dir='ltr'>νΑιιιΑΕ</span> <span class='ocrx_word' id='word_1_769' title='bbox 2188 5519 2576 5575; x_wconf 80' lang='lat' dir='ltr'><strong>LECTIONES</strong></span> 
     </span>
    </p>
   </div>
   <div class='ocr_carea' id='block_1_111' title="bbox 702 5601 3921 5691">
    <p class='ocr_par' dir='ltr' id='par_1_111' title="bbox 702 5601 3921 5691">
     <span class='ocr_line' id='line_1_111' title="bbox 702 5601 3921 5691; baseline 0.001 -40"><span class='ocrx_word' id='word_1_770' title='bbox 702 5622 749 5652; x_wconf 71' lang='lat' dir='ltr'><strong>to</strong></span> <span class='ocrx_word' id='word_1_771' title='bbox 772 5622 882 5675; x_wconf 78' lang='grc' dir='ltr'>ἀπὸ</span> <span class='ocrx_word' id='word_1_772' title='bbox 908 5621 1124 5691; x_wconf 80' lang='grc' dir='ltr'>τροπῶν</span> <span class='ocrx_word' id='word_1_773' title='bbox 1149 5619 1477 5690; x_wconf 84' lang='grc' dir='ltr'>χειμερινῶν</span> <span class='ocrx_word' id='word_1_774' title='bbox 1515 5619 1621 5680; x_wconf 69' lang='grc' dir='ltr'><strong>ἕως</strong></span> <span class='ocrx_word' id='word_1_775' title='bbox 1650 5619 1815 5688; x_wconf 84' lang='grc' dir='ltr'>μέσου</span> <span class='ocrx_word' id='word_1_776' title='bbox 1849 5612 2139 5691; x_wconf 67' lang='grc' dir='ltr'>χειμῶνος]</span> <span class='ocrx_word' id='word_1_777' title='bbox 2175 5613 2540 5691; x_wconf 41' lang='lat' dir='ltr'><strong>(&quot;Admodum</strong></span> <span class='ocrx_word' id='word_1_778' title='bbox 2577 5610 2813 5691; x_wconf 59' lang='lat' dir='ltr'><strong>absurde</strong></span> <span class='ocrx_word' id='word_1_779' title='bbox 2839 5627 2854 5675; x_wconf 90' lang='lat'><strong>;</strong></span> <span class='ocrx_word' id='word_1_780' title='bbox 2891 5609 3095 5691; x_wconf 57' lang='lat' dir='ltr'><strong>rgctins</strong></span> <span class='ocrx_word' id='word_1_781' title='bbox 3129 5605 3380 5691; x_wconf 56' lang='lat' dir='ltr'><strong>@lianus</strong></span> <span class='ocrx_word' id='word_1_782' title='bbox 3408 5602 3498 5672; x_wconf 83' lang='grc' dir='ltr'><strong>(Η.</strong></span> <span class='ocrx_word' id='word_1_783' title='bbox 3524 5602 3590 5656; x_wconf 81' lang='grc' dir='ltr'>Δ.</span> <span class='ocrx_word' id='word_1_784' title='bbox 3615 5601 3853 5691; x_wconf 44' lang='lat'><strong>16;?!)</strong></span> 
     </span>
    </p>
   </div>
   <div class='ocr_carea' id='block_1_112' title="bbox 622 5672 3927 5763">
    <p class='ocr_par' dir='ltr' id='par_1_112' title="bbox 622 5672 3927 5763">
     <span class='ocr_line' id='line_1_112' title="bbox 622 5672 3927 5763; baseline -0.006 -17"><span class='ocrx_word' id='word_1_785' title='bbox 622 5692 734 5746; x_wconf 81' lang='grc' dir='ltr'>ἀπὸ</span> <span class='ocrx_word' id='word_1_786' title='bbox 760 5672 875 5745; x_wconf 70' lang='grc' dir='ltr'><strong>τῶν</strong></span> <span class='ocrx_word' id='word_1_787' title='bbox 898 5672 1125 5760; x_wconf 78' lang='grc' dir='ltr'>θέρινῶν</span> <span class='ocrx_word' id='word_1_788' title='bbox 1150 5672 1367 5763; x_wconf 62' lang='grc' dir='ltr'><strong>⁴ἷξρόέπιῖξιν</strong></span> <span class='ocrx_word' id='word_1_789' title='bbox 1394 5692 1473 5752; x_wconf 85' lang='grc' dir='ltr'>εἰς</span> <span class='ocrx_word' id='word_1_790' title='bbox 1514 5672 1797 5763; x_wconf 48' lang='grc' dir='ltr'>μεεῐοέςντορ</span> <span class='ocrx_word' id='word_1_791' title='bbox 1824 5672 2150 5763; x_wconf 50' lang='grc' dir='ltr'>χὲιμῖὡναξξ</span> <span class='ocrx_word' id='word_1_792' title='bbox 2180 5682 2501 5763; x_wconf 73' lang='lat' dir='ltr'><strong>Wesseling.</strong></span> <span class='ocrx_word' id='word_1_793' title='bbox 2556 5683 2627 5763; x_wconf 78' lang='lat' dir='ltr'><strong>ad</strong></span> <span class='ocrx_word' id='word_1_794' title='bbox 2653 5672 2875 5763; x_wconf 37' lang='lat' dir='ltr'><strong>Dio‘dor.</strong></span> <span class='ocrx_word' id='word_1_795' title='bbox 2909 5682 2960 5740; x_wconf 78' lang='lat'><strong>5,</strong></span> <span class='ocrx_word' id='word_1_796' title='bbox 2999 5676 3533 5763; x_wconf 37' lang='grc' dir='ltr'>ὄιν.“⁸¹.δέδοταιις.</span> <span class='ocrx_word' id='word_1_797' title='bbox 3680 5672 3782 5763; x_wconf 51' lang='grc' dir='ltr'>διὰ</span> <span class='ocrx_word' id='word_1_798' title='bbox 3813 5674 3860 5763; x_wconf 53' lang='grc' dir='ltr'><strong>ἐξ</strong></span> <span class='ocrx_word' id='word_1_799' title='bbox 3904 5690 3927 5725; x_wconf 88' lang='lat'>:</span> 
     </span>
    </p>
   </div>
   <div class='ocr_carea' id='block_1_113' title="bbox 622 5754 2171 5832">
    <p class='ocr_par' dir='ltr' id='par_1_113' title="bbox 622 5754 2171 5832">
     <span class='ocr_line' id='line_1_113' title="bbox 622 5754 2171 5832; baseline -0.005 -16"><span class='ocrx_word' id='word_1_800' title='bbox 622 5767 715 5818; x_wconf 73' lang='grc' dir='ltr'><strong>καὶ</strong></span> <span class='ocrx_word' id='word_1_801' title='bbox 742 5763 833 5817; x_wconf 91' lang='grc' dir='ltr'><strong>διά</strong></span> <span class='ocrx_word' id='word_1_802' title='bbox 862 5781 923 5830; x_wconf 81' lang='grc' dir='ltr'><strong>ς.</strong></span> <span class='ocrx_word' id='word_1_803' title='bbox 966 5754 977 5760; x_wconf 75' lang='grc'><em>’</em></span> <span class='ocrx_word' id='word_1_804' title='bbox 1020 5762 1063 5793; x_wconf 74' lang='grc'><strong>⁵⁸</strong></span> <span class='ocrx_word' id='word_1_805' title='bbox 1089 5754 1465 5832; x_wconf 80' lang='grc' dir='ltr'>περιτιθέασιν</span> <span class='ocrx_word' id='word_1_806' title='bbox 1515 5754 1640 5829; x_wconf 79' lang='lat' dir='ltr'><strong>post</strong></span> <span class='ocrx_word' id='word_1_807' title='bbox 1677 5754 1879 5829; x_wconf 80' lang='grc' dir='ltr'>γονέων</span> <span class='ocrx_word' id='word_1_808' title='bbox 1916 5754 2085 5827; x_wconf 63' lang='grc' dir='ltr'>⁷ρηιιίι</span> <span class='ocrx_word' id='word_1_809' title='bbox 2116 5754 2171 5815; x_wconf 73' lang='grc' dir='ltr'>Β.</span> 
     </span>
    </p>
   </div>
   <div class='ocr_carea' id='block_1_114' title="bbox 616 5832 1500 5903">
    <p class='ocr_par' dir='ltr' id='par_1_114' title="bbox 616 5832 1500 5903">
     <span class='ocr_line' id='line_1_114' title="bbox 616 5832 1500 5903; baseline 0.003 -19"><span class='ocrx_word' id='word_1_810' title='bbox 616 5834 750 5897; x_wconf 82' lang='grc' dir='ltr'>τέως</span> <span class='ocrx_word' id='word_1_811' title='bbox 783 5850 845 5899; x_wconf 83' lang='grc' dir='ltr'><strong>ς.</strong></span> <span class='ocrx_word' id='word_1_812' title='bbox 919 5833 966 5865; x_wconf 72' lang='grc'><strong>⁴⁷</strong></span> <span class='ocrx_word' id='word_1_813' title='bbox 989 5832 1165 5903; x_wconf 87' lang='grc' dir='ltr'>λύπην</span> <span class='ocrx_word' id='word_1_814' title='bbox 1196 5832 1407 5895; x_wconf 78' lang='grc' dir='ltr'>ἑαυτοῖς</span> <span class='ocrx_word' id='word_1_815' title='bbox 1440 5848 1500 5893; x_wconf 73' lang='grc' dir='ltr'><strong>ς.</strong></span> 
     </span>
    </p>
   </div>
   <div class='ocr_carea' id='block_1_115' title="bbox 2276 5742 3927 5822">
    <p class='ocr_par' dir='ltr' id='par_1_115' title="bbox 2276 5742 3927 5822">
     <span class='ocr_line' id='line_1_115' title="bbox 2276 5742 3927 5822; baseline -0.007 -14"><span class='ocrx_word' id='word_1_816' title='bbox 2276 5754 2320 5785; x_wconf 58' lang='grc'><strong>⁵³⁸</strong></span> <span class='ocrx_word' id='word_1_817' title='bbox 2354 5742 2499 5807; x_wconf 69' lang='grc' dir='ltr'>Ἑλλ.</span> <span class='ocrx_word' id='word_1_818' title='bbox 2544 5752 2638 5806; x_wconf 75' lang='grc' dir='ltr'><strong>καὶ</strong></span> <span class='ocrx_word' id='word_1_819' title='bbox 2672 5751 2901 5822; x_wconf 84' lang='grc' dir='ltr'>καλουμ.</span> <span class='ocrx_word' id='word_1_820' title='bbox 2941 5768 3001 5812; x_wconf 81' lang='grc' dir='ltr'><strong>ς.</strong></span> <span class='ocrx_word' id='word_1_821' title='bbox 3106 5747 3151 5779; x_wconf 59' lang='grc'><strong>⁸⁵</strong></span> <span class='ocrx_word' id='word_1_822' title='bbox 3208 5746 3399 5814; x_wconf 83' lang='grc' dir='ltr'>λύγαις</span> <span class='ocrx_word' id='word_1_823' title='bbox 3438 5746 3502 5799; x_wconf 74' lang='grc' dir='ltr'>Α.</span> <span class='ocrx_word' id='word_1_824' title='bbox 3608 5745 3652 5774; x_wconf 77' lang='grc'><strong>⁵⁵</strong></span> <span class='ocrx_word' id='word_1_825' title='bbox 3680 5742 3793 5805; x_wconf 78' lang='grc' dir='ltr'><strong>ἕως</strong></span> <span class='ocrx_word' id='word_1_826' title='bbox 3824 5745 3871 5795; x_wconf 82' lang='grc' dir='ltr'>Α</span> <span class='ocrx_word' id='word_1_827' title='bbox 3902 5762 3927 5796; x_wconf 81' lang='lat' dir='ltr'><em>z</em></span> 
     </span>
    </p>
   </div>
  </div>
