4152 6462
330 436 413 499 53
1460 431 1938 494 BlBLIO'l‘HECl

2040 456 2087 466 —
2112 428 2256 490 con
2335 428 2492 488 CCL.
3049 499 3058 518 δ
3535 422 3604 489 54

320 535 638 606 ἁλυπήτοις
654 538 927 605 συνέσεως
946 557 1012 611 οη
1020 542 1187 613 μεῖον.
1209 542 1320 607 Τὰς
1341 543 1385 598 δ’
1410 545 1550 619 ὑπὲρ
1565 546 1666 619 τῆς
1687 550 1927 615 ἀναφυο-

2040 560 2234 600 vacuas
2266 557 2504 598 marrore
2546 555 2605 596 se
2638 554 2746 594 non
2786 538 3023 609 allligere
3059 533 3358 607 prudentiae
3385 543 3493 590 est.
3532 532 3610 589 De

327 627 516 697 μενος
542 630 826 698 αἰφνιδίως
852 635 1025 706 νομῆς
1060 634 1260 708 ἔχθρας
1280 653 1339 690 τε
1371 637 1470 691 καὶ
1502 640 1679 709 μάχας
1706 640 1801 692 καὶ
1824 655 1924 690 πο-

324 719 543 789 λέμους
577 722 757 776 αὐτῶν
799 726 937 796 πρὸς
978 727 1238 800 ἀλλήλους
1274 728 1425 801 (οὐδὲ
1455 731 1566 802 γὰρ
1597 730 1737 801 ὑπὲρ
1764 730 1925 784 ἄλλου

333 811 486 874 τινος
523 813 788 884 μάχονται
814 817 959 885 )ἀλλ⁹
984 818 1075 873 οὖν
1107 821 1311 885 ταύτας
1349 822 1405 874 αί
1430 821 1798 892 πρεσϐύτεραι
1829 838 1929 888 γυ-

325 905 529 967 ναῖκες
559 907 921 977 προπηδῶσαι
961 910 1259 977 διαλύουσι,
1288 913 1433 967 κατά
1454 914 1515 966 τὸ
1545 914 1711 983 μέσον
1743 913 1929 966 ἐλθοῦ-

324 1009 454 1054 σαι,
474 997 571 1048 καὶ¹
616 998 730 1061 τοῖς
756 1000 1055 1070 πραΰνουσι
1083 1002 1263 1073 λόγοις
1286 1005 1414 1069 τοὺς
1436 1006 1642 1075 θυμοὺς
1672 1004 1930 1075 ἀνηρεθι-

328 1087 576 1154 σμένους
622 1091 1103 1151 καταστέλλουσαι.
1147 1096 1339 1167 Ὕπνῳ
1373 1097 1460 1164 δὲ,
1484 1098 1669 1168 φησὶν,
1701 1098 1760 1150 οὐ
1781 1098 1930 1152 ’κατά

325 1180 468 1242 τοὺς
507 1179 704 1245 ἄλλους
736 1181 846 1238 τῶν
876 1184 1185 1257 ἀνθρώπων
1206 1189 1467 1259 χρῶνται,
1501 1188 1639 1247 ἀλλὰ
1680 1189 1932 1261 θρεμμά-

326 1284 450 1321 των
482 1268 585 1339 μὲν
610 1270 810 1342 πλῆθος
852 1274 1065 1341 ἑαυτοῖς
1103 1276 1284 1349 έχουσι
1326 1281 1711 1352 συνεπόμενον,
1746 1281 1933 1335 κώδω-

328 1374 443 1422 νας
492 1359 551 1413 δὲ
607 1361 870 1433 ὲξέδησαν
916 1368 983 1420 ὲκ
1029 1368 1140 1422 τῶν
1192 1370 1441 1441 κεράτων
1505 1371 1616 1425 τῶν
1681 1372 1929 1447 ἀρρένων

333 1456 587 1521 πάντων,
623 1460 772 1523 ὅπως
802 1462 830 1514 ὁ
867 1462 965 1516 ἀπ’
996 1464 1175 1518 αὐτῶν
1205 1465 1377 1535 ψόφος
1407 1463 1579 1537 διώκῃ
1625 1464 1695 1519 τὰ
1728 1466 1893 1537 θηρία
1913 1482 1929 1498 θ

336 1548 486 1602 ἐπὰν
517 1549 576 1602 δὲ
602 1551 700 1617 νὺξ
732 1551 837 1625 ἐπῇ
865 1553 937 1621 ⁸⁸,
973 1557 1054 1620 εἰς
1086 1557 1327 1628 μάνδρας
1362 1558 1459 1628 μὲν
1508 1557 1803 1627 συνάγουσι
1832 1559 1932 1629 τὴν

337 1639 519 1703 λείαν,
548 1641 758 1697 ἀνωθεν
785 1644 841 1697 δὲ
880 1646 1232 1700 ἐπιϐάλλουσι
1286 1648 1479 1719 ριποίις
1531 1649 1596 1701 ἐκ
1651 1648 1928 1720 φοινίκων.

342 1728 457 1781 Καὶ
482 1730 541 1781 αἱ
571 1730 673 1799 μὲν
698 1734 958 1800 γυναῖκες
987 1736 1125 1805 μετά
1162 1736 1272 1791 τῶν
1297 1737 1509 1807 νηπίων
1531 1739 1742 1802 τούτοις
1806 1739 1929 1789 ὲπι-

340 1817 656 1872 ϐαίνουσιν·
691 1822 741 1873 οἱ
773 1821 831 1874 δὲ
880 1822 1077 1894 ἄνδρες
1129 1824 1279 1897 πυρά
1328 1825 1514 1897 κύκλῳ
1564 1826 1811 1879 καίουσιν
1840 1825 1885 1857 ‘9
1911 1864 1928 1890 ,

343 1910 568 1982 ᾄδοντες
596 1912 862 1982 πατρίους
891 1914 1043 1978 τινὰς
1086 1915 1311 1985 μύθους,
1344 1917 1438 1970 καὶ
1466 1917 1558 1970 τὸν
1582 1915 1748 1970 ὕπνον
1787 1914 1930 1969 οὕτω
1959 1902 2008 1961 Β

343 2001 754 2073 παρωθοῦνται,
793 2003 921 2075 [739
950 2004 1041 2078 11.]
1083 2008 1141 2061 ὲν
1172 2007 1388 2072 πολλοῖς
1431 2008 1530 2079 τῆς
1573 2008 1802 2079 μελέτης
1843 2007 1932 2061 διὰ

342 2096 658 2163 τάναγκαῖα
688 2095 733 2128 ⁸⁸
759 2095 859 2166 τὴν
887 2096 1050 2165 φύσιν
1073 2097 1331 2168 νικώσης.
1373 2098 1541 2153 Ἐπάν
1569 2098 1628 2152 δέ
1655 2098 1931 2165 τινες,τοῦ

347 2189 516 2242 πᾶσιν
558 2186 914 2256 ὀφειλομένου
950 2189 1155 2260 γήρους
1197 2188 1546 2259 βαρύνοντος,
1584 2189 1785 2260 μηκέτι
1838 2190 1937 2242 δύ-

348 2296 551 2333 νωπαι
578 2282 700 2345 ταῖς
731 2281 990 2351 ποίμναις
1012 2281 1422 2346 ἐπακολουθεῖν,
1450 2281 1771 2352 περιθέντες
1814 2282 1935 2352 βοὸς

358 2370 527 2440 οὺρὰν
550 2362 688 2443 napi.
715 2371 809 2427 τὸν
839 2373 1044 2443 αὐχένα
1088 2372 1180 2426 τὸν
1226 2372 1429 2436 αὐτῶν,
1485 2373 1581 2426 καὶ
1627 2374 1719 2426 τὸν
1762 2374 1936 2427 ὀπίσω

361 2461 460 2513 τοῦ
490 2464 748 2532 τραχήλου
780 2464 980 2533 δεσμὸν
1005 2460 1064 2518 εὗ
1101 2464 1246 2534 μάλα
1284 2463 1763 2535 περισφίγξαντες,
1795 2467 1942 2519 ἀπό-λ

360 2552 545 2606 λύουσι
573 2554 659 2608 τοῦ
693 2555 831 2626 βίου.
868 2557 928 2609 Et
955 2555 1012 2609 δέ
1041 2573 1126 2619 τις
1149 2555 1330 2609 αὐτῶν
1358 2558 1460 2625 τὴν
1482 2556 1740 2628 τελευτὴν
1767 2558 1937 2629 ὑπερ-

356 2644 572 2710 ϐάλλοι,
597 2647 887 2718 παραστὰς
914 2649 942 2701 ὁ
964 2647 1134 2702 θέλων
1173 2648 1349 2717 ἄφνω,
1384 2648 1460 2712 ὡς
1482 2650 1571 2700 ἐπ’
1613 2648 1799 2721 εὐνοίᾳ
1844 2650 1936 2702 τὸν

346 2737 506 2793 ὄκνον
552 2738 993 2811 ἀφαιρούμενος,
1048 2739 1313 2794 νουθετῶν
1351 2741 1469 2812 ἅμα
1512 2740 1592 2811 τῷ
1651 2740 1793 2813 λόγῳ
1838 2744 1938 2811 τῆς

345 2832 722 2902 ἀναστροφῆς,
751 2832 843 2886 διὰ
870 2832 972 2903 τῆς
997 2832 1169 2904 αὐτῆς
1199 2831 1319 2886 ὁδοῦ
1348 2832 1675 2904 παρέλυσεν.
1712 2835 1787 2886 Οὐ
1809 2836 1938 2899 τοὺς

345 2925 735 2996 γηράσκοντας
762 2925 820 2979 δὲ
865 2926 1027 2995 μόνον
1060 2924 1203 2979 οὕτω
1250 2924 1346 2978 τοῦ
1390 2926 1491 2997 ζῇν
1546 2925 1934 2994 ὑπεξάγουσιν,

345 3016 487 3070 ἀλλά
521 3018 617 3071 καὶ
656 3016 752 3081 οὓς
803 3017 838 3088 ἢ
864 3018 1023 3082 νόσος
1051 3018 1317 3088 ἐπίμονος
1364 3018 1397 3089 ἢ
1429 3017 1607 3089 μελῶν
1640 3035 1785 3081 τινος
1829 3020 1939 3089 πή-

348 3126 520 3177 ρωσις
572 3111 885 3180 ἀχρήστους
917 3112 997 3174 εἰς
1028 3111 1088 3165 τὸ
1113 3114 1233 3176 ταῖς
1257 3112 1487 3181 ἀγέλαις
1513 3117 1941 3187 παρασκευάσει

348 3202 704 3257 συνέπεσθαι.

421 3295 546 3347 Ὅτι
572 3296 734 3365 φησί·
767 3297 879 3368 Τῆς
904 3296 1034 3369 ὅλης
1065 3299 1393 3370 οἰκουμένης
1424 3302 1483 3353 ὲν
1530 3301 1787 3373 τέτταρσι
1837 3321 1936 3356 κυ-

346 3385 680 3456 κλιζομένης
710 3388 955 3458 μέρεσιν,
980 3390 1247 3460 ἀνατολῆς
1270 3392 1437 3460 λέγω,
1476 3393 1710 3458 δύσεως,
1729 3396 1935 3465 ἄρκτου

347 3478 442 3535 καὶ
474 3478 850 3548 μεσημϐρίας,
888 3480 957 3534 τά
994 3481 1094 3551 μὲν
1124 3483 1262 3554 πρὸς
1310 3484 1551 3555 ἑσπέραν
1586 3485 1939 3557 ἐξείργασται

347 3572 531 3637 Λύκος
561 3590 621 3627 τε
658 3573 754 3626 καὶ
795 3574 1048 3644 Τίμαιος,
1078 3574 1146 3629 τὰ
1177 3575 1234 3628 δὲ
1284 3576 1423 3647 πρὸς
1469 3578 1734 3641 ἀνατολὰς
1776 3580 1938 3633 Ἐκα-

348 3662 499 3725 ταῖός
526 3665 573 3694 δ’
597 3680 654 3716 τε
698 3665 744 3696 ⁸³
773 3666 864 3717 καὶ
896 3665 1159 3729 Βασιλεὺς
1187 3666 1257 3732 ⁸δ,
1298 3666 1367 3719 τὰ
1413 3666 1470 3720 δὲ
1520 3669 1658 3738 πρὸς
1690 3668 1790 3733 τὰς
1835 3670 1940 3742 ἀρ-

350 3772 517 3819 κτους
555 3757 847 3825 Διόφαντος
880 3759 976 3811 κα)⁸
1004 3760 1336 3831 Δημήτριος,
1368 3760 1437 3813 τὰ
1467 3761 1524 3814 δὲ
1557 3762 1693 3834 πρὸς
1721 3780 1938 3836 μεσημ-

351 3844 539 3918 ϐρίαν,
571 3848 850 3919 φορτικὸν,
881 3850 1036 3920 φησὶ,
1066 3851 1128 3904 τὸ
1152 3850 1375 3923 ἀληθὲς,
1422 3854 1605 3924 ἡμεῖς.

428 4132 556 4187 Ὀτι
593 4132 722 4197 τοὺς
750 4132 860 4188 τῶν
902 4131 1209 4207 ἀνθρώπων
1240 4136 1683 4209 διαφορωτάτους
1707 4141 1855 4214 βίους
1877 4145 1941 4198 οὐ

355 4225 527 4290 πολὺς
556 4226 841 4298 διαμετρεῖ
876 4228 972 4281 καὶ
1027 4228 1255 4301 διορίζει
1295 4231 1483 4293 τόπος.
1561 4234 1657 4287 Ἐκ
1701 4236 1812 4307 γὰρ
1842 4236 1943 4307 τῆς

355 4318 665 4383 Μαιώτιδος
693 4320 889 4391 λίμνης
916 4320 1104 4375 πολλοὶ
1139 4322 1250 4376 τῶν
1276 4325 1683 4395 φορτιζομένων
1712 4329 1772 4380 ὲν
1811 4345 1943 4398 φορ-

356 4416 549 4483 τηγοῖς
575 4413 621 4445 ⁸⁸
649 4412 874 4477 ἀκάτοις
929 4413 1209 4468 δεκαταῖοι
1268 4417 1516 4487 κατῆραν
1558 4418 1639 4482 εἰς
1679 4418 1773 4471 τὸν
1817 4419 1943 4474 Ῥο-

356 4505 487 4555 δίων
515 4502 731 4573 λιμένα,
773 4503 869 4571 ἀφ’
909 4495 985 4557 ὧν
1019 4504 1126 4557 ὑπὸ
1151 4504 1245 4559 τὸν
1278 4506 1472 4577 καιρὸν
1500 4510 1816 4578 τεταρταῖοι
1843 4510 1943 4581 μὲν

2028 637 2247 707 pascuis
2274 636 2455 692 subito
2496 633 3044 704 repullulascentibus
3068 628 3388 685 inimicitias
3419 637 3471 683 et
3501 642 3604 697 pu-

2027 743 2162 800 gnas
2210 735 2373 798 atque
2428 727 2570 781 bella
2601 725 2819 796 quando
2856 724 3096 778 excitant
3129 721 3276 793 (nam
3316 721 3422 774 alia
3456 720 3523 775 de
3554 734 3615 774 re

2029 821 2170 874 inter
2198 834 2257 874 se
2279 832 2386 872 non
2421 816 2725 887 dimicant),
2756 824 3016 871 matronae
3048 822 3207 869 aetate
3221 811 3613 882 provectiores,

2030 911 2085 965 in
2123 910 2361 964 medium
2400 909 2774 980 prosiliemcs,
2802 915 3079 963 certamen
3105 905 3392 965 dirimunt,
3415 909 3467 956 et
3487 916 3614 955 ver-

2030 1003 2116 1059 bis
2142 1004 2209 1059 ad
2250 1003 2525 1061 lenitatem
2557 1000 2875 1071 compositis
2916 1000 3162 1054 irritatos
3190 996 3407 1051 animos
3434 994 3612 1065 repri-

2033 1105 2211 1152 munt.
2251 1097 2518 1151 Somnum
2565 1111 2675 1150 non
2710 1110 2808 1166 pro
2841 1092 3075 1147 aliorum
3122 1091 3411 1146 hominum
3460 1103 3616 1143 more

2032 1190 2274 1264 capiunt,
2313 1190 2404 1245 sed
2436 1204 2693 1259 pecorum
2739 1203 2931 1259 greges
2968 1197 3229 1259 perpetuo
3270 1199 3457 1240 secum
3502 1181 3616 1237 cir-

2033 1283 2387 1339 cumducunt.
2412 1279 2692 1351 Quotquot
2723 1296 2784 1335 ex
2823 1280 2911 1334 bis
2932 1288 3061 1333 sunt
3080 1294 3284 1344 mares,
3312 1277 3506 1333 borum
3546 1276 3617 1330 de

2034 1374 2293 1430 cornibus
2327 1371 2692 1427 tintinnabula
2738 1372 3102 1438 suspendunt,
3141 1380 3199 1423 ut
3249 1370 3464 1424 sonitus
3515 1369 3616 1421 ho-

2030 1480 2157 1520 rum
2200 1464 2349 1520 fures
2394 1465 2651 1520 abarceat
2684 1462 2966 1534 fugetque.
2999 1460 3117 1515 Jam
3162 1463 3207 1517 si
3240 1478 3343 1517 nox
3388 1459 3615 1529 ingruit,

2033 1557 2089 1611 in
2123 1557 2310 1613 caulas
2350 1557 2585 1626 praedam
2625 1565 2846 1626 cogunt,
2900 1564 2953 1610 et
2980 1563 3191 1610 storcas
3238 1569 3268 1608 e
3298 1554 3495 1623 palmis
3525 1550 3619 1605 de-

2034 1662 2203 1719 super
2256 1647 2530 1717 injiciunt.
2581 1646 2700 1703 Huc
2753 1645 2966 1701 feminae
3029 1660 3152 1700 cum
3203 1643 3506 1697 infantibus
3560 1657 3621 1696 se

2033 1740 2322 1810 recipiunt.
2356 1738 2462 1793 Viri
2495 1747 2675 1794 autem
2704 1738 2920 1809 ignibus
2943 1736 3299 1791 circumcirca
3332 1735 3579 1789 accensis
3600 1772 3618 1802 ,

2033 1836 2235 1904 patrias
2270 1843 2323 1888 et
2373 1835 2603 1905 gentiles
2656 1834 2921 1903 quasdam
2972 1831 3186 1886 fabulas
3235 1828 3614 1893 decantando,

2035 1942 2288 1983 somnum
2322 1943 2352 1981 a
2383 1942 2442 1982 se
2486 1928 2775 1997 repellunt.
2803 1927 2896 1981 Sic
2939 1926 2993 1978 in
3046 1925 3232 1980 multis
3287 1921 3619 1977 assuefactio

2034 2026 2288 2073 naturam
2342 2034 2439 2089 per
2481 2018 2789 2074 necessaria
2845 2018 3093 2089 quaedam
3156 2016 3343 2070 vincit.
3410 2012 3467 2067 Si
3523 2010 3620 2081 qui

2034 2110 2449 2178 ingravescente
2478 2112 2632 2177 senio
2682 2111 2851 2181 (quod
2901 2109 3159 2164 omnibus
3213 2123 3279 2161 ex
3324 2120 3483 2173 aequo
3523 2105 3619 2160 de-

2034 2205 2215 2275 betur)
2248 2220 2437 2274 greges
2476 2204 2695 2274 assequi
2749 2218 2856 2256 non
2898 2200 3130 2271 possint,
3166 2200 3268 2254 bos
3306 2199 3481 2252 cauda
3522 2196 3621 2250 bo-

2034 2295 2119 2348 vis
2135 2295 2273 2349 collo
2290 2294 2509 2363 injecta,
2538 2292 2791 2361 nodoque
2816 2292 2869 2345 in
2889 2295 3089 2345 vertice
3117 2297 3267 2344 arcte
3293 2286 3625 2349 constricto,

2037 2403 2067 2441 e
2088 2388 2199 2441 vita
2228 2388 2532 2441 exsolvunt.
2566 2384 2721 2451 Quod
2752 2385 2796 2438 si
2841 2384 2963 2453 quis
3000 2398 3187 2437 eorum
3211 2382 3415 2435 exitum
3443 2397 3475 2433 e
3513 2380 3626 2434 vita

2037 2480 2255 2549 longius
2290 2478 2566 2543 extendat,
2588 2477 2903 2545 quicunque
2929 2475 3054 2528 velit
3080 2482 3297 2541 repente
3328 2471 3621 2531 assistens,

2038 2570 2194 2639 quasi
2252 2566 2626 2621 benevolentia
2684 2564 2939 2618 inductus
3000 2562 3400 2617 cunctationem
3470 2561 3620 2613 illam

2040 2667 2400 2722 summoveat,
2451 2658 2580 2711 dum
2613 2655 2868 2709 admonet
2916 2655 3077 2709 simul
3126 2663 3180 2709 et
3224 2653 3406 2722 culpat
3447 2650 3613 2722 tergi-

2039 2751 2433 2814 versationem,
2481 2750 2670 2801 eadem
2702 2748 2785 2800 via
2849 2746 3126 2800 hominem
3164 2744 3460 2799 exanimat.
3510 2741 3622 2795 Nec

2040 2844 2192 2901 senio
2224 2851 2435 2897 tantum
2462 2843 2761 2895 exhaustos
2798 2841 2871 2893 ita
2903 2855 2933 2894 e
2982 2839 3120 2893 vivis
3169 2836 3503 2899 subducunl,
3533 2834 3626 2887 ve-

2040 2954 2161 2992 rum
2221 2937 2386 2992 etiam
2436 2951 2576 3005 quos
2635 2936 2883 3002 pertinax
2932 2932 3179 2995 morbus,
3238 2938 3336 2983 aut
3392 2928 3624 2983 membri

2042 3031 2275 3099 alicujus
2314 3030 2505 3086 vitium
2546 3030 2615 3084 ad
2667 3027 3040 3085 comitandum
3098 3031 3346 3079 armenta
3404 3021 3628 3076 inutiles

2042 3120 2238 3176 reddit.

2111 3302 2242 3356 CAP.
2260 3300 2452 3356 XXXI.
2494 3300 2564 3356 De
2581 3300 2923 3369 scriptoribus
2937 3315 3110 3352 rerum
3134 3299 3191 3351 in
3219 3307 3447 3368 quatuor
3471 3313 3630 3350 mun-

2042 3394 2096 3447 di
2124 3394 2317 3463 plagis.
2344 3424 2412 3434 —
2437 3391 2572 3447 Cum
2609 3402 2756 3448 totus
2777 3390 3088 3445 habitabilis
3122 3389 3272 3444 orbis
3304 3400 3542 3463 quatuor
3572 3389 3641 3443 in.

2042 3486 2273 3541 circuitu
2312 3486 2486 3555 plagis
2520 3484 2592 3539 sit
2628 3484 2906 3548 deﬁnitus,
2940 3493 3088 3547 ortu,
3126 3483 3371 3552 inquam,
3422 3491 3476 3537 et
3532 3497 3629 3535 oc—

2043 3593 2196 3643 casu,
2232 3577 2731 3647 septemquetrione
2764 3585 2817 3630 et
2860 3576 3088 3630 meridie
3134 3594 3147 3630 :
3184 3591 3305 3644 quae
3342 3590 3629 3651 vesperam

2044 3668 2362 3739 respiciunt,
2402 3668 2580 3738 Lycus
2617 3677 2669 3722 et
2713 3666 2952 3721 Timaeus
3012 3672 3334 3737 exegerunt,
3387 3680 3508 3733 quae
3560 3667 3630 3721 ad

2044 3770 2225 3817 ortum
2257 3771 2406 3826 sunt,
2442 3760 2722 3814 Hecataeus
2784 3767 2837 3813 et
2883 3757 3077 3813 Basilis
3112 3776 3124 3811 :
3166 3756 3631 3826 septentrionibus

2046 3862 2230 3908 autem
2265 3851 2532 3921 subjecta,
2567 3848 2910 3920 Diophantus
2944 3858 3000 3902 et
3029 3848 3337 3902 Demetrius
3373 3864 3387 3901 :
3420 3857 3475 3899 at
3504 3862 3629 3917 quae

2044 3944 2290 4000 meridiei
2356 3952 2486 3999 sunt
2533 3942 2785 4008 obversa,
2833 3957 2936 3996 nos
2983 3940 3081 4011 (ait
3108 3952 3346 4010 auctor),
3374 3939 3630 4010 quamvis

2044 4039 2271 4094 molesta
2302 4039 2374 4093 sit
2405 4038 2629 4101 veritas,
2664 4035 2937 4106 persecuti
2968 4051 3182 4090 sumus.
3593 4036 3597 4040 ’

2113 4130 2245 4185 CAP.
2286 4129 2504 4184 XXXII.
2569 4128 2724 4195 Quod
2772 4145 2875 4182 non
2940 4138 3091 4181 tanta
3138 4127 3375 4181 locorum
3423 4126 3493 4179 sit
3545 4126 3633 4179 di-

2044 4223 2283 4287 stantia,
2335 4234 2536 4293 quanta
2567 4238 2796 4276 morum.
2832 4251 2904 4262 ——
2936 4221 3204 4274 Caeterum
3245 4218 3636 4273 diversissima:

2045 4316 2331 4370 hominum
2361 4314 2575 4369 vivendi
2610 4315 2852 4367 rationes
2887 4327 2994 4365 non
3032 4312 3107 4365 ita
3156 4311 3336 4382 longis
3368 4311 3631 4366 dividun-

2044 4419 2135 4463 tur
2188 4406 2434 4463 locorum
2472 4404 2792 4459 intervallis.
2833 4401 2970 4457 Nam
3011 4419 3078 4457 ex
3130 4403 3330 4473 palude
3388 4402 3644 4459 Maeotica.

2047 4501 2203 4555 multi
2244 4499 2513 4553 onerariis
2540 4499 2678 4552 vecti
2713 4497 2965 4568 navigiis,
3000 4497 3209 4551 decima
3235 4498 3451 4552 luce-in
3483 4497 3637 4551 Rho—

360 4595 621 4663 ἀφίκοντο
652 4596 731 4658 εἰς
771 4595 870 4666 τὴν
908 4596 1339 4668 Ἀλεξάνδρειαν,
1381 4600 1443 4652 ἐκ
1472 4600 1531 4653 δὲ
1555 4601 1762 4672 ταύτης
1785 4604 1938 4657 ἐναν-

2050 4591 2266 4647 diorum
2318 4598 2511 4659 portus
2552 4588 2779 4642 intrant.
2841 4587 2973 4643 Inde
3023 4588 3218 4643 eadem
3266 4589 3638 4659 navigationis

357 4684 461 4753 τέῳ
502 4682 579 4751 τῷ
612 4683 845 4754 ῥεύματι
879 4685 1135 4750 πλέοντες
1173 4686 1277 4740 ἀνά
1297 4688 1387 4742 τὸν
1429 4690 1674 4759 ποταμὸν
1728 4691 1789 4743 ὲν
1848 4693 1938 4746 ἄλ-

2050 4684 2437 4741 commoditate
2475 4684 2542 4738 ad
2586 4683 2728 4737 diem
2765 4694 3020 4753 quartum
3050 4682 3249 4755 455a
3291 4684 3637 4739 Alexandriae

358 4774 481 4838 λαις
497 4774 629 4829 δέκα
654 4777 1035 4848 παραγένοιντ’
1054 4778 1121 4832 ἂν
1139 4780 1200 4833 οὐ
1231 4780 1481 4852 χαλεπῶς
1508 4784 1589 4846 είς
1612 4782 1902 4839 Αἰθιοπίαν
1926 4804 1941 4817 ο

362 4866 517 4937 ῖιῖιϐί
562 4865 656 4939 R.]
687 4868 824 4922 ὥστε
850 4871 957 4924 ἀπὸ
986 4872 1087 4943 τῆς
1145 4872 1457 4945 ὑπερϐολῆς
1486 4874 1580 4928 τοῦ
1614 4875 1821 4948 ψύχους
1866 4879 1947 4943 είς

359 4958 673 5037 ἀκρανντοῦ
703 4961 982 5032 καύματος
1009 4964 1113 5034 τὴν
1141 4964 1327 5035 ἀκμὴν
1380 4964 1456 5037 μὴ
1495 4966 1716 5032 πλείους
1770 4970 1946 5022 εἴκοσι

359 5050 608 5117 γίνεσθαι
667 5055 760 5106 καὶ
824 5054 986 5109 πέντε
1043 5058 1155 5117 τοῖς
1216 5055 1603 5127 κομιζομένοις
1652 5059 1946 5130 ἐνδελεχῶς

358 5144 578 5213 ἡμέρας
601 5145 669 5199 ⁸⁸.
716 5146 857 5199 Ἀλλ’
880 5148 1051 5218 ὅμως,
1085 5148 1359 5221 τοσαύτης
1386 5148 1552 5221 οὔσης
1578 5152 1677 5221 τῆς
1712 5154 1946 5221 τοπικῆς

358 5235 727 5300 διαστάσεως,
756 5239 1166 5310 ἀνυπέρϐλητον
1196 5241 1383 5312 έχουσι
1420 5242 1558 5312 πρὸς
1584 5243 1851 5315 ἀλλήλους
1895 5247 1945 5299 οἱ

360 5326 643 5391 ἄνθρωποι
673 5328 783 5381 τῶν
829 5347 889 5382 τε
916 5331 1047 5402 βίων
1076 5334 1170 5387 καὶ
1194 5333 1305 5387 τῶν
1344 5333 1484 5389 ὲθῶν
1512 5335 1608 5389 καὶ
1663 5335 1756 5389 τοῦ
1785 5336 1949 5407 ἀέρος

360 5414 461 5485 τὴν
489 5416 778 5488 διαφορὰν,
813 5418 953 5474 ὥστε
982 5423 1118 5493 μηδὲ
1164 5424 1523 5480 πιστεύεσθαι
1552 5428 1682 5497 παρ’
1736 5428 1948 5498 ἑτέροις

362 5508 432 5558 τα
495 5508 629 5579 παρ’
683 5509 864 5575 ἄλλοις
888 5513 933 5545 ⁸⁷
980 5514 1189 5586 συνήθη
1246 5533 1307 5570 τε
1359 5517 1457 5572 καὶ
1510 5518 1945 5589 ὁμολογούμενα,

2053 4778 2352 4848 appellunt.
2400 4777 2483 4831 Ab
2512 4777 2615 4831 hac
2647 4777 2911 4832 adversus
2947 4780 3129 4833 amnis
3164 4779 3457 4832 decursum
3506 4776 3639 4831 sub-

2055 4870 2218 4937 vecti,
2256 4870 2395 4924 intra
2422 4870 2541 4925 dies
2574 4870 2714 4925 alios
2753 4870 2964 4936 decem,
2996 4886 3106 4924 non
3141 4870 3345 4924 dillicili
3394 4869 3635 4939 negotio,

2060 4962 2391 5033 [Etliiopiam
2444 4963 2764 5033 contingere
2813 4972 3065 5032 possunt.
3112 4960 3160 5017 Α
3206 4976 3423 5017 summo
3471 4962 3639 5031 igitur

2054 5056 2260 5124 frigore
2314 5053 2383 5109 ad
2430 5064 2739 5110 extremum
2785 5063 2954 5109 aestus
3010 5053 3248 5122 vigorem
3315 5052 3638 5106 continuum

2055 5146 2160 5200 iter
2189 5145 2541 5213 facientibus,
2567 5146 2912 5205 intercedunt
2936 5161 3043 5199 non
3072 5145 3251 5214 plures
3273 5144 3464 5213 viginti
3485 5145 3640 5212 quin-

2055 5253 2163 5307 que
2200 5238 2337 5294 dies.
2373 5238 2507 5291 Tam
2552 5238 2749 5307 exigua
2788 5255 2918 5291 vero
2965 5237 3216 5307 quamvis
3265 5238 3338 5291 sit
3389 5236 3638 5290 locorum

2055 5332 2337 5397 distantia,
2374 5342 2527 5389 tanta.
2553 5332 2695 5387 inter
2724 5346 2783 5386 se
2828 5331 3079 5384 homines
3117 5340 3295 5384 tamen
3336 5330 3462 5383 vita:
3520 5344 3640 5382 mo-

2055 5440 2288 5493 rumque
2339 5429 2394 5479 et
2450 5422 2595 5477 aeris
2679 5422 2997 5479 discrimina
3033 5408 3269 5485 habent,
3318 5428 3372 5474 ut
3430 5420 3640 5489 majora

2055 5532 2181 5572 esse
2211 5531 2319 5569 non
2367 5515 2597 5585 possint,
2633 5514 2769 5573 adeo
2801 5523 2859 5569 ut
2887 5514 3041 5569 alteri
3078 5528 3186 5569 non
3225 5515 3473 5580 credant,
3516 5530 3640 5584 quae

1678 5633 1915 5690 VARUE
1956 5632 2366 5689 LECTIONES.

436 5717 485 5802 ξ’
671 5720 854 5775 malim
885 5722 1036 5792 ἐπίῃ.
1110 5725 1157 5758 ⁸⁸
1182 5727 1395 5781 καίουσι
1425 5728 1611 5799 κύκλῳ
1643 5747 1703 5795 ς.
1780 5730 1825 5761 ⁵ο
1850 5728 2177 5801 τάναγκαῖα]
2209 5730 2318 5781 τῶν
2351 5726 2670 5795 ἀναγκαίων
2703 5728 2764 5782 Α.
2840 5728 2885 5758 ⁸⁸
2922 5725 3220 5796 ὑπερϐάλοι
3256 5724 3314 5778 Β.
3394 5723 3440 5756 ιι
3478 5721 3641 5776 σεκα-

439 5788 541 5841 ιοςῖ
635 5794 818 5841 maio:
839 5794 903 5841 Α.
978 5797 1024 5826 ⁵³
1059 5812 1116 5841 τε
1149 5800 1275 5841 nihl-
1319 5800 1371 5841 ἢ
1452 5801 1499 5831 δδ
1530 5802 1747 5841 Ωήηολο-
1784 5818 1841 5841 με
1924 5802 1968 5833 ⁸⁸
2006 5803 2299 5841 (sanan-vni:
2340 5798 2393 5841 ll,
2426 5800 2726 5841 ωοοτηναῖε
2754 5801 2786 5841 Δ
2828 5814 2885 5841 σιμ
2961 5797 3009 5832 ⁵⁸
3050 5793 3285 5841 ἠμέοαςῖ
3320 5794 3441 5841 libri
3497 5792 3639 5841 fluis

365 5788 541 5861 ταίος]
568 5788 818 5865 ’ἑκταῖος
839 5794 903 5865 Α,
978 5788 1024 5826 ⁵³
1059 5812 1116 5846 τε
1149 5800 1276 5850 add.
1319 5800 1373 5853 Β.
1452 5801 1499 5831 δδ
1528 5788 1747 5864 Βάσίλις
1784 5818 1844 5865 ς.

374 5874 515 5926 ραις.
588 5860 633 5891 ⁸’
658 5861 835 5925 ἄλλοις
865 5864 1197 5935 Λ,ἀλλήλοις
1230 5885 1287 5931 ς.

1924 5802 1968 5833 ⁸⁸
2000 5792 2299 5871 φορτηγοῖς
2337 5798 2397 5865 Β,
2426 5792 2726 5870 φορτηγαίς
2750 5801 2794 5853 Α
2828 5814 2889 5864 ς.
2961 5797 3009 5832 ⁵⁸
3034 5792 3285 5869 ἡμέρας]
3320 5794 3441 5851 libri
3497 5792 3639 5865 ml“
