4152 6434
517 354 586 417 47
1669 356 1931 417 PIIOTII
1974 353 2478 416 PATRIARCHzE
2508 355 2615 413 CP.
3692 351 3762 413 I8

525 472 668 544 apud
721 473 925 527 alteros
976 487 1126 527 more
1174 482 1229 527 et
1294 489 1399 528 usu
1480 482 1607 528 sunt
1677 474 1801 528 trita
1856 483 2091 543 notaque

2196 470 2332 541 μηδὲ
2365 469 2577 537 στέγειν
2604 468 2743 532 ὅλως
2773 467 3030 523 δύνασθαι
3058 461 3133 523 ὧν
3194 470 3362 540 χωρὶς
3421 470 3599 542 ἕτεροι
3640 473 3762 525 οὐδὲ

526 563 749 633 passim,
782 579 880 617 nec
915 563 1139 618 omnino
1168 563 1398 619 sufferre
1428 565 1645 620 valeant
1678 606 1693 630 ,
1724 565 1842 620 sine
1894 565 2095 635 quibus

522 655 613 709 alii
649 656 813 709 vitam
850 671 1065 726 quoque
1090 656 1346 709 acerbam
1381 656 1483 711 sibi
1526 666 1736 725 putent.
1776 656 1869 714 Sic
1893 672 2094 727 magno

517 749 598 802 sui
636 764 819 802 amore
854 748 1098 816 percellit
1120 748 1299 802 omnis
1325 749 1642 814 assuetudo,
1683 758 1736 803 et
1769 749 2092 809 circumfusi

521 839 663 893 aeris
716 839 931 907 locique
980 838 1349 893 diﬂicultatcm
1398 850 1633 910 tempus,
1686 841 1920 911 primam
1968 841 2092 898 vitzP

516 938 728 989 aetatem
763 930 1067 1000 suscipiens
1101 929 1290 984 vincit.

730 1019 857 1073 CAP.
888 1018 1126 1073 XXXIII.
1161 1049 1231 1059 —
1268 1019 1341 1074 De
1369 1020 1581 1074 Arabia:
1614 1020 1871 1075 leonibus.

588 1109 803 1163 Arabiae
835 1110 1020 1163 leones
1043 1117 1170 1163 sunt
1201 1108 1381 1163 minus
1412 1108 1610 1163 hirsuti
1642 1119 1696 1163 et
1735 1108 1967 1175 feroces,
1997 1108 2092 1163 sed

518 1202 698 1255 colore
732 1201 1005 1256 assimiles
1035 1202 1103 1255 iis
1139 1216 1276 1270 quos
1311 1202 1414 1255 fert
1454 1201 1774 1272 Babylonia,
1805 1202 1931 1269 pilis
1964 1217 2094 1255 vero

518 1310 695 1363 usque
736 1296 872 1347 adeo
913 1293 1112 1357 rutilis,
1157 1304 1217 1346 ut
1246 1294 1520 1348 cervicum
1566 1293 1715 1364 iuba:
1760 1294 1881 1348 auri
1923 1293 2095 1347 instar

519 1389 608 1443 ref
609 1391 845 1460 ulgeant.

686 1585 818 1640 CAP.
857 1583 1102 1641 XXXIV.
1138 1614 1209 1625 -——
1246 1585 1321 1639 De
1360 1587 1881 1655 myrmecoleonibus.

589 1676 661 1729 At
694 1692 882 1729 eorum
906 1676 999 1744 qui
1022 1676 1486 1746 myrmecoleones
1516 1677 1879 1745 appellantur,
1925 1677 2091 1749 pleri.

2196 562 2295 633 ζῇν
2340 562 2406 617 ἂν
2435 562 2659 618 ἕλοιντο.
2692 561 2883 624 Οὕτως
2914 560 3029 632 ἔχει
3068 578 3122 615 τι
3151 561 3374 632 φίλτρον
3426 562 3571 631 μέγα
3614 565 3764 616 πᾶσα

2195 656 2477 727 συνήθεια,
2511 654 2607 708 καὶ⁹
2662 655 2788 726 νικᾴ
2828 654 2928 725 τὴν
2951 653 3060 707 ἀπὸ
3111 652 3206 707 τοῦ
3244 652 3588 723 περιέχοντος
3640 652 3767 705 δυσ-

2193 749 2410 821 χέρειαν
2438 750 2466 802 ὁ
2492 748 2684 819 χρόνος
2731 748 2761 801 ό
2805 745 2903 817 τὴν
2938 746 3162 818 πρώτην
3214 743 3509 815 δεξάμενος
3542 746 3622 807 είς
3673 744 3755 797 et».

2194 840 2306 911 βίον
2345 839 2583 911 ἠλικίαν.

2363 1012 2504 1079 Περὶ
2540 1009 2660 1065 τῶν
2687 1011 2838 1064 κατὰ
2868 1009 2984 1077 τὴν
3006 1009 3277 1077 Ἀραϐίαν
3303 1008 3587 1062 λεόντων.

2270 1104 2391 1156 Ὀτι
2415 1103 2464 1155 οἱ
2494 1099 2637 1154 κατὰ
2660 1099 2758 1171 τὴν
2797 1098 3053 1169 ’Δραδίαν
3092 1097 3327 1163 λέοντες,
3361 1096 3513 1169 φησὶ,
3544 1094 3765 1165 ψιλότε-

2197 1212 2279 1265 ροι
2316 1193 2418 1264 μέν
2454 1194 2559 1245 είσι
2593 1192 2683 1245 καὶ
2714 1191 3063 1261 Θρασύτεροι,
3090 1188 3170 1257 τῷ
3208 1187 3459 1259 χρώματι
3488 1187 3544 1240 δὲ
3574 1186 3771 1255 ὀμαλοὶ

2194 1285 2443 1354 καθάπερ
2472 1284 2521 1336 οἱ
2554 1282 2831 1353 γινόμενοι
2867 1282 2997 1351 περὶ
3014 1280 3113 1350 τὴν
3142 1279 3514 1340 Βαϐυλωνίαν,
3546 1277 3693 1330 οὕτω
3713 1277 3771 1330 δὲ

2192 1378 2305 1439 τοῖς
2347 1375 2657 1445 τριχώμασι
2709 1372 3014 1436 στίλϐοντες
3060 1371 3201 1431 ὥστε
3254 1370 3363 1423 ἀπὸ
3388 1368 3496 1422 τῶν
3529 1368 3771 1439 αὐχένων

2194 1466 2495 1536 ξανθότητα
2530 1464 2878 1533 ἀπολάμπειν
2914 1461 3100 1535 χρυσῷ
3143 1460 3558 1533 παραπλησίαν.

2614 1576 2757 1644 Περὶ
2783 1576 3350 1645 μυρμηκολεόντων.

2267 1666 2389 1720 Τῶν
2417 1668 2475 1723 δὲ
2531 1666 2882 1736 καλουμένων
2928 1667 3238 1736 μυρμήκων
3285 1665 3337 1718 oi
3385 1663 3484 1734 μὲν
3529 1661 3771 1715 πλεῖστοι

518 1780 624 1834 que
647 1766 831 1835 specie
854 1782 883 1820 a
915 1765 1125 1820 cmteris
1156 1766 1291 1820 nihil
1312 1763 1589 1819 differunt.
1619 1756 1886 1821 Genita’lia
1912 1774 2095 1823 tamen

2196 1754 2337 1809 κατὰ
2359 1753 2457 1824 τὴν
2486 1754 2631 1807 ίδέαν
2656 1752 2765 1806 τῶν
2786 1752 2988 1805 λοιπῶν
3019 1752 3147 1822 [740
3168 1752 3260 1823 II.]
3285 1752 3439 1811 οὐδὲν
3460 1750 3772 1823 παραλλάτο

520 1857 607 1912 his
645 1866 774 1912 sunt
800 1870 1013 1923 aversa,
1049 1867 1241 1912 contra
1277 1873 1440 1928 quam
1482 1857 1626 1913 aliis.

826 2054 957 2109 CAP.
987 2052 1204 2109 XXXV.
1241 2086 1312 2096 —
1351 2053 1426 2115 De
1454 2054 1790 2123 pardalibus.

588 2139 849 2196 Pardales
874 2141 962 2196 hic
1001 2157 1110 2195 non
1158 2151 1288 2197 sunt
1312 2144 1506 2211 quales
1536 2144 1589 2197 in
1628 2142 1803 2198 Cariae
1830 2152 1884 2198 et
1918 2142 2098 2214 Lyciae

521 2229 808 2293 tractibus,
849 2229 946 2287 sed
985 2244 1215 2299 corpore
1241 2231 1475 2300 prolixo.
1512 2229 1581 2284 Et
1613 2231 1897 2285 vulnerum
1945 2230 2098 2289 labos

522 2339 751 2395 rumque
782 2323 1061 2379 molestias
1102 2323 1341 2393 perferre
1386 2332 1591 2379 norunt
1632 2323 1805 2379 multo
1834 2332 2097 2379 constan-

521 2418 650 2479 tius,
683 2416 1002 2485 viribusque
1043 2425 1197 2479 tanto
1244 2425 1507 2486 praestant
1532 2416 1676 2483 aliis,
1704 2425 1912 2487 quanto
1944 2416 2096 2471 cicu-

522 2508 672 2563 ribus
704 2516 951 2578 agrestes
992 2518 1044 2561 et
1085 2505 1384 2561 indomitae.

826 2620 951 2674 CAP.
988 2615 1229 2673 XXXVI.
1266 2648 1337 2661 -—-
1367 2616 1440 2670 De
1469 2614 1817 2673 rhinocerote.

593 2709 935 2771 Rhinoceros
960 2709 1216 2764 vastitate
1253 2708 1473 2777 quidem
1504 2722 1615 2761 non
1655 2707 1857 2772 minor,
1883 2706 1980 2763 sed
2015 2708 2097 2762 al-

520 2804 755 2867 titudine
782 2802 1010 2855 inferior
1039 2809 1127 2863 est
1160 2800 1471 2866 elephanto,
1519 2797 1765 2866 buxique
1806 2795 1974 2852 refert
2002 2812 2098 2851 co.

522 2896 715 2959 iorem,
748 2892 907 2961 pellis
933 2892 1099 2957 etiam
1133 2900 1389 2955 contactu
1436 2892 1673 2944 tenuior.
1706 2888 1756 2944 Is
1787 2889 2093 2959 repandum

525 2989 578 3055 in
611 2986 838 3040 naribus
869 2984 973 3038 fert
1008 2999 1183 3038 cornu
1215 2984 1280 3038 ad
1317 2984 1449 3038 ferri
1481 2985 1588 3038 vim
1616 2992 1671 3037 et
1701 2984 1937 3055 rigorem
1963 2998 2099 3052 pro-

527 3084 669 3136 xime
712 3080 1003 3137 accedens.
1041 3080 1181 3146 Quo,
1218 3090 1416 3136 caetero
1469 3081 1689 3151 quidem
1737 3091 2003 3151 tempore,
2026 3080 2098 3136 ad

2121 1829 2368 1910 Βτουσι,
2414 1845 2515 1912 τὴν
2564 1844 2622 1898 δὲ
2668 1843 2778 1898 τῶν
2827 1844 3041 1903 αἰδοίων
3090 1842 3254 1913 φύσιν
3304 1840 3772 1914 ἁπεστραμμένην

2197 1932 2434 2005 ἔχουσιν,
2464 1933 2711 1988 ἐναντίαν
2743 1936 2856 1996 τοῖς
2885 1933 3085 1997 ἄλλοις.

2688 2045 2828 2115 Περὶ
2859 2045 3234 2116 παρδάλεων.

2269 2136 2393 2191 Ὅτι
2421 2137 2479 2191 αί
2503 2136 2799 2207 παρδάλεις
2827 2137 2926 2190 οὐκ
2952 2138 3059 2191 είσὶ
3081 2137 3337 2209 καθάπερ
3370 2136 3431 2191 έν
3453 2138 3566 2199 τοῖς
3586 2135 3772 2201 τόποις

2193 2231 2308 2293 τοῖς
2329 2232 2457 2301 περὶ
2479 2229 2692 2301 Καρίαν
2716 2231 2812 2283 καὶ
2840 2230 3067 2295 Λυκίαν,
3102 2230 3315 2299 μακραὶ
3345 2230 3402 2283 δὲ
3425 2228 3504 2300 τῷ
3534 2228 3770 2299 σώματι,

2197 2324 2291 2381 καὶ
2321 2322 2655 2378 κακοπαθεῖν
2707 2324 2765 2377 ὲν
2802 2323 3081 2395 τραύμασι
3131 2324 3226 2376 καὶ
3270 2324 3451 2387 πόνοις
3478 2324 3773 2393 δυνάμεναι

2196 2413 2333 2481 πολὺ
2365 2412 2564 2484 μᾶλλον
2587 2428 2600 2442 ⁸
2633 2415 2700 2484 τῇ
2750 2412 2811 2465 δὲ
2839 2414 2980 2485 ἀλκῇ
3022 2413 3279 2469 τοσοῦτον
3310 2414 3632 2483 διαφέρουσι
3663 2411 3773 2465 τῶν

2196 2504 2370 2561 ἄλλων
2395 2505 2521 2559 ὅσον,
2548 2504 2739 2573 ἄγριον
2766 2505 2995 2575 ἡμέρου.

2668 2620 2807 2688 Περὶ
2826 2618 3238 2687 ῥινοκέρωτος.

2270 2714 2394 2767 Ὅτι
2422 2714 2453 2766 ὁ
2482 2714 2778 2784 ῥινόκερως
2803 2713 3092 2783 ἐλέφαντος
3146 2714 3243 2782 μὲν
3288 2712 3347 2765 ού
3397 2711 3667 2774 λείπεται,
3696 2710 3775 2781 τῷ

2196 2805 2252 2860 δὲ
2276 2804 2402 2875 ὕψει
2428 2804 2850 2875 καταδεέστερος
2871 2803 3127 2874 ὑπάρχει.
3159 2802 3373 2877 Χρῶμα
3403 2803 3457 2855 δὲ
3482 2802 3596 2872 ἔχει
3623 2801 3775 2871 πύξῳ

2200 2898 2553 2969 παρεμφερὲς
2602 2895 2817 2948 εὐτελεῖ
2836 2895 2903 2958 ³⁸,
2940 2895 3035 2949 καὶ
3064 2896 3110 2927 ⁸⁸
3143 2895 3243 2965 τὴν
3271 2894 3415 2965 ἁφὴν
3445 2893 3538 2946 τοῦ
3570 2894 3777 2964 δέρμαο

2199 3007 2307 3053 τος.
2330 2989 2498 3060 Σιμὸν
2531 2988 2586 3041 δὲ
2618 2988 2706 3041 ἐπ’
2737 2986 2921 3058 ἄκρων
2954 2989 3109 3058 φορεῖ
3126 2986 3235 3039 τῶν
3266 2987 3559 3057 μυκτήρων
3584 2986 3773 3054 κέρας,

2202 3079 2405 3149 σιδήρῳ
2436 3078 2534 3147 τὴν
2570 3076 2692 3147 βίαν
2739 3076 3153 3147 παραπλήσιον·
3189 3070 3232 3143 ᾧ
3260 3076 3303 3107 ⁸⁸
3333 3075 3425 3128 τὸν
3473 3073 3573 3144 μὲν
3618 3073 3776 3127 ἄλλον

524 3188 911 3242 quamcunque
950 3173 1294 3243 approximet
1338 3182 1577 3240 cautem,
1608 3174 1819 3237 limato,
1855 3188 2094 3243 pramor-

2197 3172 2410 3242 χρόνον,
2472 3171 2609 3242 πρὸς
2646 3171 2713 3242 ἢν
2756 3170 2823 3223 ἂν
2869 3168 3075 3240 πέτραν
3138 3168 3538 3238 παραγένηται,
3584 3168 3777 3236 ρησσει

525 3269 615 3327 dia
672 3265 930 3322 verberat
974 3265 1249 3335 impetens
1286 3284 1300 3319 :
1331 3265 1429 3322 sed
1469 3266 1522 3320 in
1569 3264 1925 3320 dimicatione
1969 3280 2095 3321 cum

520 3355 818 3424 elephanto
864 3356 1013 3421 (cum
1043 3355 1146 3411 hoc
1182 3354 1329 3411 enim
1360 3355 1428 3411 de
1462 3356 1681 3423 pascuis
1713 3364 1949 3410 aeternas
1999 3357 2099 3408 ha-

524 3448 615 3507 bet
643 3445 1107 3517 conflictationcs)
1138 3454 1382 3502 ventrem
1407 3447 1575 3512 subit,
1600 3455 1655 3500 et
1690 3455 1948 3516 perrupto
1977 3462 2099 3502 car-

526 3538 677 3593 nium
711 3536 921 3592 ambitu
942 3552 1273 3607 exsanguem
1296 3538 1446 3595 facit.
1473 3537 1813 3609 Plurimique
1840 3539 2101 3609 elephan-

524 3638 639 3695 tum
670 3628 743 3681 ita
786 3626 1085 3682 exanimati
1126 3637 1448 3691 cernuntur.
1492 3632 1561 3683 At
1589 3629 1637 3685 si
1672 3630 1855 3685 alvum
1881 3630 2099 3686 contin-

524 3716 683 3789 gendi
732 3717 893 3787 copia
937 3733 1043 3774 non
1099 3717 1281 3783 datur,
1334 3730 1526 3774 contra
1560 3719 1677 3789 ipse
1707 3734 1739 3774 a
1771 3720 2102 3788 proboscide

524 3818 578 3867 et
635 3807 891 3863 dentibus
946 3809 1087 3863 ictus
1130 3809 1301 3864 variis
1343 3808 1553 3871 modis.
1614 3810 1818 3869 amittit
1843 3810 1988 3865 vires
2045 3818 2102 3865 et

522 3898 718 3977 4551)
748 3899 964 3966 deficit,
995 3900 1125 3970 quia
1185 3900 1383 3956 robore
1430 3908 1489 3957 et
1524 3900 1590 3955 ,vi
1627 3903 1697 3956 ab
1730 3902 1824 3957 illo
1856 3902 2101 3971 permul-

526 4002 639 4047 tum
669 3992 871 4049 differt.

751 4195 883 4252 CAP.
921 4194 1187 4250 XXXVII.
1217 4226 1288 4236 -—-
1326 4195 1399 4250 De
1432 4197 1867 4265 camelopardali.

2198 3264 2520 3337 προσϐαλὼν
2542 3265 2611 3317 τὰ
2639 3264 2857 3333 στέρνα,
2878 3260 3171 3332 συμπεσὼν
3187 3262 3242 3314 δὲ
3273 3261 3550 3329 ἐλέφαντι,
3580 3258 3778 3329 (τούτῳ

2198 3357 2305 3428 γὰρ
2327 3358 2421 3409 τὸν
2438 3356 2616 3409 πάντα
2641 3356 2773 3427 περὶ
2794 3355 2892 3424 τῆς
2913 3354 3086 3423 νομῆς
3107 3351 3454 3423 διαμιλλᾶται
3487 3352 3620 3421 βίον)
3646 3350 3779 3403 ὑποο

2197 3450 2292 3514 δὺς
2321 3451 2423 3520 τὴν
2447 3448 2657 3503 κοιλίαν
2691 3448 2785 3500 καὶ
2810 3446 2890 3516 τῷ
2911 3445 3103 3516 κέρατι
3132 3444 3193 3496 τὸ
3220 3443 3487 3513 κύκλωμα
3516 3445 3614 3513 τῆς
3644 3458 3779 3510 σαρ-

2199 3543 2292 3606 κὸς
2326 3540 2911 3613 ἀναῤῥήξας,ἐξαιμον
2944 3536 3105 3599 εὐθὺς
3135 3537 3312 3588 ποιεῖ’
3352 3532 3449 3587 καὶ
3491 3532 3779 3593 πλείστους

2199 3634 2346 3687 ἔστιν
2394 3634 2698 3702 ἐλέφαντας
2755 3631 2883 3683 ἰδεῖν
2936 3627 3080 3681 οὕτω
3132 3625 3613 3694 τετελευτηκότας.
3677 3622 3777 3676 “Av

2202 3726 2389 3796 μέντοι
2442 3723 2625 3793 συμϐῇ
2654 3721 2734 3791 τῷ
2779 3720 3102 3789 ῥινοκέρωτι
3132 3718 3232 3788 τῆς
3275 3716 3487 3779 κοιλίας
3523 3717 3597 3785 μὴ
3632 3715 3775 3783 ἅψα-

2202 3818 2351 3881 σθαι,
2374 3816 2689 3870 τούναντίον
2719 3813 2881 3877 αὐτὸς
2902 3812 3011 3865 ὑπὸ
3032 3813 3141 3882 τῆς·
3157 3807 3513 3880 προδοσκίδος
3537 3806 3637 3861 καὶ
3665 3804 3775 3858 τῶν

2199 3909 2425 3964 ὀδόντων
2454 3907 2791 3975 τυπτόμενος
2823 3902 3106 3973 πολλαχῶς
3134 3900 3450 3966 ἐξαδυνατεῖ
3476 3900 3570 3952 καὶ
3600 3912 3779 3967 παρα-

2200 3999 2408 4064 λύεται,
2464 3998 2709 4067 μεγάλης
2766 3993 3119 4065 ὑπαρχούσης
3168 3991 3309 4045 κατὰ
3350 3992 3449 4062 τὴν
3504 3989 3658 4059 ίσχὺν
3687 3986 3780 4039 καὶ

2204 4088 2335 4159 βίαν
2350 4088 2453 4158 τῆς
2483 4085 2863 4157 παραλλαγῆς.

2602 4199 2743 4267 Περὶ
2770 4194 3377 4267 καμηλοπαρδάλεως.

597 4286 752 4355 Apud
790 4284 1153 4358 Troglodytas
1173 4288 1349 4343 bestia
1374 4296 1478 4353 est,
1508 4303 1632 4358 qua:
1651 4290 2097 4358 camelopardalis

2278 4294 2401 4348 Ὅτι
2434 4292 2587 4362 παρὰ
2631 4294 2743 4355 τοῖς
2792 4288 3204 4361 Τρωγλοδύταις
3235 4287 3383 4339 ἐστὶν
3424 4285 3459 4355 ἡ
3511 4282 3777 4351 λεγομένη

524 4374 732 4443 Graecis
767 4377 989 4435 dicitur.
1022 4378 1156 4433 Nam
1194 4388 1254 4434 ut
1278 4394 1477 4436 nomen
1520 4380 1596 4436 ita
1640 4390 1701 4436 et
1728 4391 1922 4437 natura
1954 4398 2097 4453 quo.

2203 4385 2334 4455 παρ’
2384 4382 2615 4451 Ἕλλησι
2658 4378 3143 4451 καμηλοπάρδαλις
3174 4378 3242 4442 ⁸⁸,
3278 4374 3530 4428 σύνθετον
3576 4374 3779 4442 τρόπον

522 4468 821 4531 dammodo
838 4471 1139 4538 composita
1155 4480 1257 4527 est.
1278 4470 1609 4528 Varietatem
1640 4475 1786 4528 enim
1818 4490 1853 4529 a
1874 4477 2097 4545 pardale

2200 4479 2324 4532 τινὰ
2354 4476 2495 4531 κατὰ
2518 4476 2621 4546 τὴν
2648 4475 2839 4544 κλῆσιν
2868 4474 2911 4505 ⁸³
2942 4473 3038 4525 καὶ⁵
3063 4472 3162 4540 τὴν
3188 4468 3350 4540 φύσιν
3378 4467 3637 4534 λαχοῦσα.
3668 4465 3780 4532 Τὴν

528 4562 711 4626 habet,
739 4562 1172 4632 magnitudinem
1199 4579 1230 4617 a
1264 4566 1493 4620 camelo.
1530 4566 1839 4623 Monstrosa
1866 4570 1917 4624 ei
1942 4585 2096 4625 cras-

2202 4571 2301 4639 μὶν
2330 4570 2440 4638 γὰρ
2487 4533 2764 4620 ποικιλίαν
2797 4564 2913 4635 ἔχει
2963 4533 3304 4633 παρδάλεως,
3338 4559 3400 4612 τὸ
3450 4533 3683 4628 μέγεθος
3721 4554 3778 4605 δὲ

526 4654 699 4718 sities,
747 4654 1060 4727 collumque
1102 4658 1241 4713 adeo
1273 4659 1633 4730 praelongum,
1670 4670 1731 4715 ut
1781 4677 1813 4717 a
1865 4664 2097 4719 summis

2199 4662 2472 4734 καμήλου,
2499 4660 2561 4713 τὸ
2612 4659 2787 4728 πάχος
2817 4658 2869 4689 ⁸³
2893 4656 2951 4709 δὲ
2989 4653 3288 4724 ὑπερφυὲς,
3323 4651 3415 4704 τὸν
3465 4650 3522 4703 δὲ
3578 4646 3781 4718 αὐχένα

526 4743 814 4811 arboribus
842 4746 1102 4815 pabulum
1132 4754 1342 4816 carpat.

2198 4755 2439 4809 τοιοῦτον
2476 4753 2617 4806 ὥστε
2654 4752 2750 4805 ἀπ’
2797 4749 2982 4821 ἄκρων
3015 4744 3352 4818 ἀμέλγεσθαι
3395 4743 3504 4797 τῶν
3544 4741 3780 4810 δένδρων

1366 4824 1372 4831 ι
2199 4848 2299 4917 τὴν
2325 4846 2554 4917 τροφήν.
3776 4830 3787 4835 ”

2349 4937 2489 5004 Περὶ
2511 4936 2785 5005 again-oc,
2816 4930 3258 5000 κυνοκεφάλου,
3286 4928 3389 4981 καὶ·
3414 4926 3636 4996 κήπου.

2277 5028 2402 5084 Ὅτι
2432 5028 2487 5079 αἱ
2511 5026 2759 5095 σφίγγες,
2786 5026 2938 5095 φησὶ,
2971 5024 3063 5077 καλ⁵
3084 5024 3133 5074 οἱ
3163 5018 3521 5089 κυνοκέφαλοι
3556 5017 3648 5071 καὶ
3677 5014 3779 5081 κῆ-

2208 5137 2303 5173 ποι
2352 5118 2816 5187 παραπέμπονται
2866 5117 2946 5179 εἰς
2984 5114 3079 5184 τὴν
3114 5112 3525 5180 Ἀλεξάνδρειαν
3574 5110 3638 5160 ὲκ
3680 5106 3780 5172 τῆς

2207 5209 2658 5281 Τρωγλοδυτικῆς
2701 5209 2924 5278 καὶτῆς
2972 5206 3277 5269 Αἰθιοπίας.
3318 5203 3441 5256 Eia).
3471 5202 3527 5255 δὲ
3576 5200 3632 5253 αἱ
3678 5198 3779 5267 μὲν

2209 5300 2440 5371 σφίγγες
2465 5301 2595 5362 ταῖς
2617 5298 2993 5371 γραφομέναις
3019 5298 3341 5369 παρόμοιαι,
3386 5292 3524 5362 πλὴν
3550 5290 3634 5344 ὅτι
3668 5288 3779 5341 πᾶ-

525 4916 656 4977 ΟΑΡ.
690 4916 977 4973 XXXVIII.
997 4949 1065 4959 -—
1085 4918 1162 4974 De
1184 4921 1399 4990 sphinge
1423 4933 1473 4976 et
1502 4924 1850 4993 cynocephalo
1877 4936 1927 4979 et
1954 4941 2099 4993 cepa.

602 5008 897 5081 Sphinges,
943 5019 997 5064 et
1034 5013 1412 5082 cynocephali,
1462 5024 1521 5073 et
1538 5014 1685 5083 cepi,
1713 5016 2100 5072 Alexandriam

526 5118 595 5156 ex
628 5100 1078 5175 Troglodytarum
1113 5106 1254 5169 solo,
1283 5115 1336 5161 et
1370 5117 1563 5163 caetera
1588 5108 1885 5180 Ethiopia,
1923 5122 2102 5167 trans-

528 5204 838 5249 mittuntur.
893 5196 1034 5251 Sunt
1057 5205 1239 5251 autem
1290 5199 1548 5269 sphinges
1591 5201 1659 5255 iis
1697 5218 1818 5271 qua:
1864 5220 1893 5258 a
1932 5205 2100 5274 picto-

525 5287 677 5341 ribus
706 5287 1106 5343 adumbrantur
1147 5289 1482 5352 consimiles.
1511 5292 1616 5348 nisi
1648 5295 1797 5363 quod
1822 5305 1945 5352 totae
1972 5299 2089 5353 bir—

1804 5448 2039 5505 VAIlI/E
2077 5449 2489 5507 LECTIONES.

572 5574 644 5654 3'
670 5573 900 5655 εὐτελεῖ]
936 5576 1160 5655 εὐτελὴς
1197 5579 1256 5632 δέ
1286 5578 1326 5633 Β
1351 5588 1405 5633 et
1425 5597 1570 5655 corr.
1606 5582 1671 5637 A.
1719 5587 1790 5655 7”
1815 5586 1906 5637 καὶ
1930 5601 2041 5640 om.
2074 5586 2135 5640 Β.
2207 5588 2253 5619 ⁶⁰
2280 5584 2324 5654 ᾧ
2347 5588 2388 5641 Α
2423 5605 2437 5641 :
2464 5588 2521 5650 ὃς
2542 5604 2602 5650 ς.
2681 5586 2724 5619 ⁶¹
2764 5580 3269 5655 καμηλοπάρδαλις]
3284 5578 3431 5655 Εἶδον
3447 5580 3508 5655 τέ)
3538 5579 3778 5655 τοξοῖδτον

528 5643 854 5728 ζῶονηκάγὼ
881 5643 1037 5717 παρὰ
1061 5643 1155 5728 τού
1185 5651 1577 5728 τυραννοῦντος
1628 5656 1683 5704 ἐν
1716 5654 2092 5728 ’Λνλεξανδρείᾳ
2114 5643 2307 5728 σταλὲν
2326 5657 2404 5728 τῷ
2435 5643 2642 5728 βασιλεῖ
2667 5643 2854 5728 ἡμῶνξ
2877 5643 3107 5726 ζορὰφίν
3128 5655 3173 5708 δ’
3200 5643 3385 5706 ἐκάλει
3404 5650 3563 5706 τοῦτο
3589 5644 3619 5704 ὅ
3642 5650 3777 5720 ἀγα·

533 5714 647 5782 Υὼν
671 5714 945 5788 βάρϐαρος
966 5712 1087 5788 ἐης.
1116 5722 1179 5773 Α.
1256 5712 1303 5752 δ’
1333 5721 1431 5791 τὴν
1481 5712 1669 5791 κλῆσιν
1700 5726 1792 5777 καὶ
1819 5712 1945 5781 add.
2068 5712 2078 5728 ⁸
2118 5726 2161 5757 ⁸³
2195 5712 2386 5799 πάχος]
2409 5712 2495 5782 ιλίι,
2528 5712 2739 5797 τάχος’⁷ἰ
