4152 6424
283 368 365 431 49
1433 375 1960 443 BIBLIOTHECA.
1995 400 2067 411 ·-
2089 375 2255 442 COD.
2294 380 2451 441 CCL.
3012 402 3013 405 ‘
3504 383 3575 448 50

289 503 392 540 σαι
439 485 658 541 δασεῖαι
706 485 802 541 καὶ
853 488 974 552 ταῖς
997 488 1194 560 ψυχαῖς
1228 488 1429 561 ἥμεροι
1475 491 1570 546 καὶ
1600 492 1765 564 [1364
1794 488 1889 563 8.]

2000 500 2161 559 suta,
2225 493 2377 549 lenes
2443 502 2500 549 et
2554 492 2801 565 placidos
2866 494 3082 550 animos
3129 493 3351 550 habent.
3387 494 3567 551 Pluri-

284 580 512 646 πρᾶοι·
563 580 659 637 καὶ
702 580 1043 652 πανουργίας
1097 580 1416 638 κοινωνοῦσι
1470 582 1754 653 πλείστης,
1806 583 1888 639 δι-

282 666 608 731 δασκαλίας
631 687 688 727 τε
710 670 1099 745 μεθοδευτικῆς
1119 673 1211 730 ἐπὶ
1237 674 1409 731 ποσὸν
1425 674 1721 742 ἅπτονται,
1747 676 1892 731 ὥστε

286 763 398 829 τὴν
444 762 753 834 εὐρυθμίαν
776 764 834 822 ἐν
864 767 999 821 πᾶσι
1026 765 1352 837 θαυμάζειν.

378 939 448 995 '0
465 941 529 1001 δὲ
545 943 915 1012 κυνοκέφαλος
931 943 996 999 τὸ
1011 945 1107 1015 μὲν
1128 945 1286 1015 αι’ἱιμα
1309 946 1597 1017 ἀνθρώπου
1614 948 1896 1015 δωειδοῦς

286 1034 642 1106 ὑπογράφει,
666 1036 730 1092 τὸ
750 1038 1044 1109 πρόσωπον
1076 1039 1137 1097 δὲ
1162 1041 1323 1105 κυνός
1349 1057 1362 1072 ·
1390 1044 1577 1113 φωνὴν
1612 1043 1670 1097 δὲ
1700 1044 1893 1113 ἀφίησι

292 1130 519 1201 μυγμῷ
542 1130 934 1201 παραπλησίαν
957 1147 971 1162 ι
995 1133 1188 1199 ἄγριον
1202 1134 1542 1207 δὲὺπερϐολῇ
1561 1139 1655 1191 καὶ
1674 1138 1895 1203 τελείως

288 1222 666 1277 ἀτιθάσευτον
691 1226 755 1287 ⁸⁵,
782 1227 877 1281 καὶ
906 1227 1005 1294 τὴν
1034 1227 1157 1295 ww
1212 1230 1474 1297 ἐμφαῖνον
1520 1232 1628 1283 ἀπό
1678 1250 1739 1286 τε
1783 1232 1894 1286 τῶν

288 1316 529 1387 ὀφρύων
556 1318 653 1371 καὶ
681 1319 792 1371 τῶν
812 1319 1077 1388 ὀμμάτων
1101 1321 1401 1394 αὐστηράν.
1431 1325 1565 1394 Περὶ
1582 1324 1626 1359 ⁸⁸
1655 1328 1755 1395 μὲν
1802 1327 1894 1380 τὸν

264 1410 269 1415 ’
292 1410 515 1479 ἆῤῥενα
539 1407 715 1461 ταῦτα
734 1426 749 1439 ο
774 1410 852 1479 τῷ
872 1409 928 1463 δὲ
958 1411 1110 1481 θήλει
1134 1412 1457 1481 πρόσκειται
1480 1415 1575 1467 καὶ
1593 1415 1654 1467 τὸ
1673 1415 1770 1486 τὴν
1792 1417 1895 1486 μή-

292 1520 441 1574 τραν
458 1502 571 1567 ἔξω
595 1502 689 1556 τοῦ
711 1503 964 1573 σώματος
989 1508 1177 1577 φορεῖν
1207 1507 1305 1559 καὶ
1326 1506 1469 1561 οὕτω
1491 1508 1830 1578 διαγίνεσθαι
1848 1510 1893 1541 ⁸⁸

298 1595 488 1649 πάντα
520 1596 614 1647 τὸν
649 1595 781 1663 βίον.
1494 1647 1498 1651 ,

380 1686 440 1739 ’0
470 1686 528 1739 δὲ
553 1687 731 1756 κῆπος
752 1687 867 1757 ἔχει
894 1689 957 1741 τὸ
981 1691 1079 1761 μὲν
1103 1691 1395 1761 πρόσωπον
1421 1691 1543 1766 [741
1583 1692 1675 1765 IL]
1716 1693 1891 1749 λέοντι

299 1780 775 1849 παραπλήσιονθτ,
802 1783 861 1833 τὸ
889 1782 950 1837 δὲ
980 1782 1141 1851 σῶμα
1171 1784 1437 1856 πάνθηρι,
1484 1786 1546 1842 τὸ
1575 1786 1632 1840 δὲ
1662 1786 1892 1855 μέγεθος

301 1872 547 1942 δορκάδι,
576 1874 721 1929 κατά
770 1876 873 1944 τὴν
924 1876 1199 1933 ποικιλίαν
1227 1879 1321 1932 καὶ
1357 1878 1461 1949 τὴν
1512 1882 1889 1952 προσηγορίαν

304 1965 509 2018 λαϐὼν.

379 2059 611 2111 Πάντων
624 2058 684 2111 δὲ
708 2060 821 2112 τῶν
842 2060 1149 2131 εὲρημένων
1173 2062 1525 2132 ἀγριώτατον
1538 2063 1632 2119 καὶ
1655 2063 1893 2117 δυσκατ-

310 2152 711 2221 εργαστότατον
744 2151 804 2203 τὸ
848 2152 957 2205 τῶν
987 2152 1204 2224 ταύρων
1254 2154 1363 2207 τῶν
1402 2156 1767 2224 σαρκοφάγων
1798 2154 1899 2223 γει-ν

313 2259 425 2304 νος,
451 2240 482 2295 ὃ
510 2241 588 2312 τῷ
620 2241 844 2311 μεγέθει
894 2242 993 2313 μὲν
1023 2245 1258 2315 ὑπάρχει
1291 2245 1401 2297 τῶν
1424 2245 1646 2315 ἡμέρων
1673 2245 1895 2315 ἁδρότε-

327 2351 418 2403 ρον
438 2374 453 2394 ,
483 2335 627 2404 τάχει
659 2335 718 2389 δὲ
756 2334 1117 2405 ὑπερϐάλλον,
1153 2337 1367 2407 πυρρὸν
1390 2338 1447 2389 δὲ
1478 2336 1749 2400 ὲξαισίως.
1787 2336 1897 2390 Καὶ

326 2424 388 2476 τὸ
423 2427 520 2494 μὲν
552 2426 712 2496 στόμα
771 2426 935 2498 μέχρι
992 2428 1103 2479 τῶν
1156 2426 1312 2481 ὤτων
1373 2426 1541 2481 αὐτοῦ
1587 2428 1896 2494 διέστηκεν,

324 2518 483 2587 ὄμμα
512 2517 567 2570 δὲ
593 2520 876 2588 ὑποφαίνει
905 2521 1273 2592 γλαυκότερον
1314 2519 1549 2583 λέοντος.
1585 2519 1669 2572 Τὰ
1695 2520 1751 2573 δὲ
1806 2520 1899 2573 κέ-

316 2628 458 2680 ρατα
493 2610 582 2663 τὸν
611 2612 708 2681 μὲν
752 2612 913 2666 ἄλλον
957 2614 1147 2684 χρόνον
1202 2616 1315 2676 τοῖς
1361 2613 1464 2667 ὠσὶ
1504 2613 1900 2685 παραπλησίως

310 2706 472 2768 κινεῖ,
501 2704 651 2776 μάχῃ
702 2705 759 2758 δὲ
813 2704 1099 2776 χρώμενον
1129 2706 1340 2776 ἵστησιν
1368 2705 1670 2778 ἀραρότως.
1713 2708 1826 2778 Τὴν
1854 2706 1901 2760 δ’

308 2799 613 2867 ἐπαγωγὴν
655 2799 756 2869 τῆς
802 2800 991 2869 τριχὸς
1048 2799 1296 2854 ἐναντίαν
1353 2800 1466 2871 ἔχει
1531 2803 1645 2864 τοῖς
1697 2800 1897 2864 ἄλλοις.

307 2892 483 2947 Τοῦτο
513 2894 572 2947 δὲ
601 2895 715 2956 τοῖς
748 2910 806 2947 τε
836 2893 1239 2961 ἀλκιμωτάτοις
1276 2895 1598 2957 ἐπιτίθεται,
1656 2896 1751 2947 καὶ
1799 2912 1901 2948 κυ-

306 2988 466 3056 νηγεῖ
489 2986 560 3040 τὰ
592 2986 756 3039 λοιπά
787 2986 894 3038 τῶν
930 2984 1214 3050 ζώων,καὶ
1247 2986 1345 3050 τὰς
1375 2987 1613 3058 ποίμνας
1643 2989 1751 3042 τῶν
1776 2991 1900 3042 ἐπι-

309 3079 530 3150 χωρίων
566 3080 802 3149 μάλιστα
848 3082 1161 3145 κακοποιεί,
1200 3080 1293 3133 καὶ
1331 3082 1490 3151 μόνον
1545 3082 1692 3134 ἐστὶν
1721 3084 1900 3154 ἄτρω-

1997 600 2149 639 mum
2186 585 2267 639 eis
2288 586 2549 641 versutia:
2585 586 2749 652 inest,
2776 586 3008 657 ideoque
3055 586 3122 641 ad
3154 586 3414 656 aliquam,
3445 588 3576 641 doc-

1994 678 2152 734 trina:
2182 680 2528 750 compendio,
2571 680 2854 735 scientiam
2885 680 3268 750 perducuntur
3308 718 3323 744 ,
3348 680 3576 735 concin-

1992 773 2219 827 nitatem
2262 775 2317 827 in
2342 774 2599 829 omnibus
2621 788 2785 843 quam
2810 782 3055 841 servant,
3082 788 3193 827 non
3227 772 3327 827 abs
3360 787 3418 827 re
3451 773 3577 842 quis

1992 863 2317 920 admiretur.

2062 958 2124 1013 In
2158 956 2532 1030 cynocephalo
2565 957 2810 1012 hominis
2866 971 3088 1027 corpus,
3144 956 3328 1026 specie
3377 955 3573 1024 turpis,

1995 1049 2379 1106 adumbratur.
2426 1050 2635 1104 Canina
2681 1050 2729 1103 ei
2772 1047 2962 1115 facies,
2995 1063 3184 1102 vocem
3213 1046 3433 1101 Stridori
3459 1062 3581 1099 mn-

1993 1145 2073 1199 ris
2109 1158 2215 1197 non
2278 1142 2601 1197 dissimilem
2660 1141 2938 1211 exprimit.
3004 1140 3108 1193 Sed
3155 1138 3448 1194 immodice
3496 1137 3579 1192 fe-

1996 1250 2118 1289 rum
2154 1242 2240 1289 est
2267 1232 2489 1295 animal,
2524 1247 2624 1285 nec
2654 1232 2765 1284 ullo
2808 1230 2968 1284 modo
2997 1230 3297 1293 cicuratur,
3332 1228 3580 1282 vultum-

1995 1344 2104 1399 que
2158 1343 2189 1383 a
2243 1325 2552 1397 superciliis
2581 1334 2636 1378 et
2680 1324 2858 1377 oculis
2912 1332 3191 1376 austerum
3243 1321 3442 1390 prodit.
3500 1319 3579 1374 lta

1996 1436 2116 1476 mas
2160 1428 2510 1490 comparatus
2540 1426 2646 1472 est.
2686 1415 2947 1471 Femineo
2981 1415 3168 1485 generi
3198 1415 3302 1469 hoc
3340 1428 3423 1469 est
3449 1428 3578 1483 pro-

1994 1513 2198 1582 prium,
2230 1519 2292 1565 ut
2323 1517 2539 1564 uterum
2570 1519 2722 1562 extra
2757 1521 2953 1576 corpus
2985 1513 3159 1575 gestet
3188 1519 3363 1574 eoque
3389 1503 3580 1557 babitu

1996 1612 2168 1659 totam
2202 1603 2384 1672 exigat
2410 1601 2603 1655 vitam.

2065 1699 2245 1766 Cepus
2279 1695 2416 1750 facie
2446 1694 2681 1758 leonem,
2716 1705 2947 1760 corpore
2988 1689 3334 1760 pantberam,
3381 1694 3436 1740 et
3463 1699 3583 1738 ma-

1994 1785 2612 1859 gnitudineidorcadem
2653 1785 2924 1855 (capream
2965 1799 3056 1836 seu
3109 1776 3349 1848 domum)
3398 1778 3582 1831 imita-

1998 1890 2105 1936 tur.
2152 1882 2317 1937 Prout
2363 1880 2551 1935 varius
2599 1888 2705 1941 est,
2749 1878 2821 1931 ita
2857 1884 2911 1929 et
2958 1888 3155 1928 nomen
3208 1872 3385 1942 (cepas
3443 1869 3582 1922 enim

1996 1971 2179 2025 hortus
2209 1979 2285 2024 est
2317 1969 2543 2039 (ἐνίει-ξς)
2574 1968 2678 2023 sibi
2710 1964 2940 2020 inditum
2973 1962 3157 2017 habet.

2066 2061 2197 2118 Clu).
2238 2059 2483 2116 ΧΧ-ΧΙΧ.
2519 2089 2590 2100 -
2619 2058 2697 2113 De
2725 2069 2881 2112 tauro
2914 2056 3216 2110 carnivoro.
3241 2050 3581 2107 ——0mnium

1997 2172 2119 2226 quin
2149 2155 2330 2210 adhuc
2362 2151 2792 2208 commemoravi
2821 2148 3284 2204 humanissimum
3328 2156 3380 2199 et
3411 2144 3585 2198 maxi-

2000 2264 2087 2303 me
2131 2248 2460 2302 indomitum
2508 2255 2592 2300 est
2634 2254 2924 2298 taurorum
2974 2256 3168 2312 genus.
3194 2239 3341 2309 quod
3386 2251 3586 2292 carnes

1998 2348 2173 2404 vorat,
2204 2338 2581 2407 magnitudine
2627 2336 2873 2391 crassius
2935 2332 3277 2394 domesticis,
3299 2338 3353 2384 et
3405 2328 3587 2399 perni-

2000 2434 2164 2489 citate
2203 2430 2559 2491 anteceilens.
2594 2428 2883 2499 insigniter
2912 2426 3119 2482 rufum.
3145 2424 3218 2479 Os
3255 2424 3303 2478 ei
3334 2423 3399 2477 ad
3426 2437 3587 2476 aures

2000 2540 2175 2596 usque
2195 2525 2503 2578 diductum.
2530 2521 2697 2576 Visus
2742 2522 2937 2589 glauco
2987 2520 3176 2585 colore
3197 2517 3375 2585 magis
3397 2515 3588 2568 rutilat

2000 2636 2165 2691 quam
2215 2619 2383 2672 leoni.
2422 2617 2640 2671 Cornua
2689 2614 2827 2669 alias
2866 2628 2973 2667 non
3018 2626 3179 2666 secus
3225 2621 3389 2678 atque
3426 2621 3587 2660 aures

2003 2720 2206 2776 movet,
2243 2710 2335 2765 sed
2385 2709 2439 2763 in
2482 2722 2696 2777 pugna,
2736 2714 2797 2760 ut
2828 2705 2986 2758 ﬁrmo
3034 2713 3222 2757 tenore
3261 2699 3587 2759 consistant,

2006 2805 2154 2860 facit.
2181 2802 2328 2859 Ordo
2352 2803 2590 2872 pilorum
2624 2803 2880 2853 inversus
2911 2806 3102 2851 contra
3130 2808 3292 2863 quam
3319 2791 3441 2845 aliis
3471 2790 3590 2843 ani-

2003 2901 2304 2956 mantibus.
2358 2898 2569 2953 Bestias
2605 2897 2768 2951 etiam
2821 2891 3195 2948 validissimas
3250 2887 3587 2958 aggreditur,

2003 3006 2056 3049 et
2090 3004 2316 3049 cmteras
2360 3006 2555 3047 omnes
2588 2997 2840 3049 venatur,
2894 2984 3242 3051 maximeque
3283 2994 3471 3050 greges
3504 2977 3591 3030 in-

2005 3086 2254 3140 colarum
2280 3082 2509 3137 infestos
2537 3079 2714 3134 reddit
2741 3074 3010 3131 maleﬁcio
3037 3091 3053 3139 ;
3080 3072 3256 3127 solum
3291 3077 3374 3123 est
3404 3069 3591 3120 lancea

305 3188 401 3223 τον
430 3171 605 3242 λόγχῃ
633 3172 728 3223 καὶ
762 3171 921 3241 τόξῳ.
959 3173 1048 3224 Διὸ
1081 3174 1174 3225 καὶ
1202 3173 1426 3243 ποιῆσαι
1460 3173 1558 3243 μὲν
1588 3173 1896 3243 ὑποχείριον

2007 3187 2063 3232 et
2093 3193 2223 3232 arcu
2249 3172 2677 3235 invulnerabile,
2714 3168 2863 3235 quod
2904 3180 3084 3221 causa:
3115 3172 3220 3225 est,
3246 3173 3308 3215 ut
3337 3175 3500 3213 nemo
3537 3156 3592 3210 id

306 3264 486 3327 οὐδεὶς
541 3263 754 3317 πολλῶν
810 3262 1258 3333 ἐπιϐεϐλημένων
1308 3264 1624 3335 κατίσχυσε,
1654 3264 1713 3316 τὸ
1744 3264 1787 3316 δ’
1822 3265 1901 3329 είς

310 3364 536 3435 ὄρυγμα
589 3362 830 3431 ἐμπεσὸν
865 3363 1046 3434 ἦτινα
1102 3361 1255 3413 δόλον
1310 3361 1484 3431 τούτῳ
1518 3361 1899 3431 παραπλήσιον

312 3457 422 3509 ὑπὸ
474 3454 573 3508 τοῦ
628 3454 801 3524 θυμοῦ
848 3455 1129 3524 συντόμως
1156 3454 1364 3521 γίνεται
1409 3455 1751 3522 περιπνιγές.
1789 3453 1899 3505 Καὶ

308 3548 369 3599 τὸ
407 3548 512 3619 μὲν
564 3546 749 3616 θηρίον
781 3546 1005 3609 εἰκότως
1036 3547 1278 3614 κρίνεται
1308 3545 1451 3617 [καὶ]
1476 3545 1626 3615 παρὰ
1658 3544 1898 3615 τρωγλο-

314 3641 501 3702 δύταις
530 3640 701 3710 ἀλκὴν
730 3639 830 3709 μὲν
866 3639 1008 3711 ἔχειν
1031 3639 1264 3702 λέοντος,
1304 3639 1467 3707 τάχος
1488 3637 1545 3691 δὲ
1569 3638 1757 3702 ἵππου,
1788 3637 1896 3709 ῥώ-

316 3751 427 3805 μην
461 3732 520 3787 δὲ
554 3732 782 3803 ταύρου,
816 3732 1020 3803 σιδήρῳ
1049 3733 1105 3787 δὲ
1135 3733 1233 3802 οὐχ
1257 3732 1503 3786 ὑπεῖκον.

744 3848 886 3919 Περὶ
914 3852 1206 3918 κροκόττα
1239 3851 1470 3918 θηρίου.

386 3967 518 4020 Ὀτι
548 3965 576 4019 ό
605 3965 652 3998 ⁸⁸
678 3966 823 4021 κατά
871 3964 972 4037 τὴν
1008 3965 1296 4019 Αἰθιοπίαν
1336 3963 1734 4035 ὀνομαζόμενος
1770 3980 1900 4035 κρο-

314 4059 516 4123 κόττας
563 4059 682 4112 ἐστὶ
716 4059 814 4128 μὲν
860 4058 937 4119 ὼς
969 4059 1034 4111 ὲκ
1081 4058 1248 4110 λύκου
1276 4057 1371 4110 καὶ
1409 4055 1569 4118 κυνὸς
1619 4054 1897 4119 σύνθετον,

316 4154 524 4222 ἀμφοῖν
552 4151 608 4203 δὲ
647 4149 985 4220 ἀγριώτερον
1013 4149 1107 4202 καὶ
1144 4147 1325 4216 πολλῷ
1375 4146 1675 4217 βαρύτερον
1705 4145 1814 4198 ἀπό
1840 4162 1901 4198 τε

316 4246 415 4299 τοῦ
478 4243 774 4313 προσώπου
812 4243 907 4295 καὶ
948 4240 1056 4294 τῶν
1109 4240 1296 4310 ἄκρων
1326 4241 1369 4273 ⁸⁸
1410 4238 1609 4305 ποδῶν,
1661 4237 1800 4308 ἀλκῇ
1845 4238 1902 4291 δὲ

318 4335 658 4407 θαυμαστὸν,
687 4335 869 4389 ὀδοῦσι
911 4334 970 4388 δὲ
1016 4333 1111 4388 καὶ
1157 4333 1337 4404 κοιλία
1378 4332 1753 4387 δυνατώτατον
1788 4332 1897 4385 τῶν

315 4432 493 4486 ἀλλων
512 4430 579 4485 ⁷⁸.
618 4429 731 4483 Καὶ
776 4430 886 4499 γὰρ
913 4426 1252 4496 κατάγνυσιν
1299 4426 1549 4496 εὐπόρως
1578 4424 1687 4479 πᾶν
1736 4423 1896 4478 όστοῦ

316 4525 496 4591 γένος,
545 4522 639 4575 καὶ⁸
686 4522 748 4575 τὸ
791 4518 1061 4590 διαιρεθὲν
1114 4517 1315 4580 εὐθέως
1365 4517 1756 4586 δεδαπάνηται,
1802 4516 1899 4569 καὶ

316 4614 447 4685 περὶ
472 4614 571 4675 τὰς
618 4611 808 4682 πέψεις
836 4611 1148 4682 ἀδιήγητον.
1177 4609 1348 4662 Τοῦτο
1377 4609 1443 4661 δὲ
1478 4609 1573 4661 καὶ
1612 4605 1897 4678 μιμεῖσθαί

2008 3267 2264 3337 subigere
2294 3263 2571 3333 (quamvis
2612 3259 2768 3313 multi
2818 3258 2871 3312 id
2901 3254 3191 3324 tentarint)
3222 3248 3474 3305 valuerit.
3531 3245 3593 3299 In

2008 3336 2213 3411 fossam
2271 3364 2476 3416 tamen,
2529 3360 2623 3404 aut
2670 3349 2904 3404 similem
2954 3345 3004 3401 ei
3060 3344 3266 3405 dolum,
3297 3340 3342 3396 si
3372 3336 3593 3408 quando

2009 3444 2224 3510 incidit,
2255 3457 2368 3514 prae
2416 3440 2586 3495 animi
2611 3436 2814 3492 ferocia
2850 3436 2960 3490 cito
2985 3432 3321 3495 suffocatur;
3354 3429 3477 3482 ideo
3506 3440 3597 3479 re-

2007 3547 2093 3591 cte
2129 3545 2373 3605 putatur,
2392 3534 2555 3587 etiam
2585 3547 2616 3585 a
2652 3528 3018 3599 Troglodytis,
3068 3525 3390 3580 fortitudine
3419 3519 3594 3575 leonis

2005 3630 2205 3704 556a
2242 3671 2255 3690 .
2286 3638 2342 3682 et
2371 3626 2661 3680 velocitate
2697 3623 2821 3693 equi
2852 3632 2941 3687 ,et
2983 3622 3179 3674 robore
3220 3616 3359 3671 tauri
3396 3613 3595 3685 praedi-

2020 3735 2155 3789 tum,
2187 3721 2443 3789 ferroque
2466 3717 2660 3773 cedere
2689 3716 2960 3770 nescium.

2316 3838 2445 3893 CAP.
2478 3835 2594 3891 XL.
2617 3866 2691 3877 —
2719 3832 2797 3888 De
2819 3840 3055 3886 crocotta
3084 3830 3219 3899 fera.

2070 3957 2177 4025 Qui
2212 3963 2491 4012 crocottas
2515 3953 2661 4022 apud
2698 3949 2992 4020 Ethiopes
3024 3956 3275 4012 vocatur,
3324 3943 3449 3999 inde
3485 3957 3593 3999 no-

1999 4064 2124 4104 men
2151 4048 2335 4113 habet,
2370 4042 2517 4116 quod
2540 4059 2608 4098 ex
2631 4043 2765 4112 lupo
2793 4050 2847 4096 et
2880 4054 3016 4095 cane
3056 4046 3249 4093 natura
3287 4034 3406 4104 eius
3458 4050 3593 4090 con-

2001 4151 2134 4208 stat,
2192 4139 2287 4196 sed
2338 4150 2573 4207 utroque
2598 4136 2771 4190 multo
2818 4135 3015 4189 saevior
3058 4141 3162 4195 est,
3212 4140 3267 4184 et
3308 4139 3418 4184 tum
3453 4127 3593 4183 facie

2003 4244 2118 4291 tum
2168 4231 2401 4288 summis
2451 4230 2683 4300 pedibus
2728 4230 2884 4298 longe
2947 4226 3185 4296 gravior,
3235 4233 3289 4278 et
3322 4232 3513 4277 ventre
3536 4229 3592 4275 et

2003 4327 2261 4384 dentibus
2352 4324 2651 4393 antepollet
2718 4335 2936 4375 omnes.
3009 4318 3226 4373 Etenim
3309 4316 3590 4385 quodlibet

2002 4436 2175 4493 genus
2213 4420 2361 4477 ossis
2414 4416 2624 4485 frangit
2664 4413 2809 4467 baud
2844 4410 3153 4477 difﬁculter,
3205 4418 3262 4465 et
3291 4409 3587 4463 dilacerata

2002 4516 2249 4586 protinus
2301 4510 2606 4567 consumit.
2659 4506 2772 4561 Nec
2816 4505 2979 4559 facile
3020 4504 3167 4559 dictu
3203 4518 3367 4572 quam
3400 4500 3591 4555 leviter

2004 4608 2261 4664 conﬁciat
2284 4614 2472 4659 ventre
2497 4612 2553 4655 et
2575 4600 2809 4670 digerat.
2838 4597 2953 4653 Hoc
2975 4612 3197 4667 quoque
3227 4611 3414 4649 vocem
3439 4593 3592 4647 efﬁn-

314 4674 461 4774 τινες
486 4709 589 4779 τὴν
635 4674 986 4777 ἀνθρωπίνην
1022 4674 1308 4758 ’διάλεκτον
1356 4674 1705 4775 διηγούμενοι
1750 4703 1896 4771 ἡμᾶς

2004 4712 2130 4768 gere
2164 4698 2456 4749 humanam
2483 4688 2575 4760 qui
2616 4689 2928 4758 perhibent,
2981 4685 3140 4740 nobis
3162 4685 3321 4738 ﬁdem
3355 4699 3463 4737 non
3506 4681 3592 4736 fa-

318 4802 419 4872 μὲν
447 4802 511 4854 οὺ
544 4801 822 4854 πείθουσιν
842 4816 856 4830 ο
881 4799 1080 4852 ἐκεῖνοι
1105 4797 1162 4850 δὲ
1195 4798 1289 4849 καὶ
1309 4797 1468 4849 τοῦτο
1490 4792 1898 4865 προστιθέασιν,

311 4898 385 4962 ὠς
411 4898 510 4951 καὶ
539 4897 599 4961 ἐξ
625 4898 888 4961 ὀνόματος
913 4894 1054 4947 κατά
1079 4894 1178 4957 τὰς
1202 4892 1405 4954 νύκτας
1436 4888 1750 4953 καλοῦντες,
1773 4891 1901 4954 τοὺς

312 4993 367 5046 δὲ
396 4992 473 5051 ώς
500 4992 587 5043 ἐπ’
639 4988 927 5059 ἀνθρώπου
962 4989 1112 5056 φωνῇ
1158 4984 1508 5057 προσιόντας,
1535 4982 1585 5035 oi.
1619 4981 1677 5035 δὲ
1702 4981 1899 5052 ἀθρόον

314 5083 770 5144 ἐπεισπίπτοντες
802 5078 1202 5134 κατεσθίουσιν.

543 5195 685 5263 Περὶ
712 5194 905 5263 ὄφεων
930 5191 1286 5265 παραδόξων
1308 5188 1386 5253 τῷ
1408 5187 1664 5257 μεγέθει.

384 5288 511 5342 Ὀτι
541 5288 743 5356 ὄφεων,
781 5286 936 5358 φησὶ,
990 5284 1209 5352 λέγεται
1262 5280 1471 5352 μεγέθη
1526 5276 1807 5350 παράδοξα
1840 5279 1899 5331 ὲν

2004 4790 2176 4845 ciunt.
2211 4786 2514 4853 lusuperet
2549 4783 2650 4837 boc
2695 4780 2924 4843 addunt,
2960 4777 3105 4848 quod
3136 4776 3461 4830 nominatim
3490 4775 3591 4829 bo-

2002 4884 2178 4937 mines
2200 4889 2367 4933 noctu
2400 4888 2613 4941 evocet,
2656 4875 2869 4944 hosque
2898 4872 3047 4926 velut
3075 4871 3142 4925 ad
3165 4885 3355 4924 vocem
3390 4868 3589 4921 buma-

2001 4991 2133 5029 nam
2175 4986 2462 5044 egressos,
2518 4968 2799 5027 concitato
2850 4967 3069 5020 irruens
3128 4964 3358 5033 impetu,
3418 4960 3591 5015 devo-

2004 5079 2108 5124 τρι.

2006 5182 2136 5238 CAP.
2166 5176 2301 5233 XLI.
2322 5208 2395 5221 --
2436 5175 2513 5231 De
2538 5173 2860 5245 serpentibus
2889 5170 3159 5241 stupenda:
3181 5168 3586 5240 magnitudinis.

2080 5273 2375 5343 Serpentes
2403 5269 2566 5327 etiam
2614 5265 2989 5337 magnitudine
3032 5262 3354 5334 stupendos,
3402 5270 3456 5317 et
3486 5276 3584 5332 ge-

1608 5477 1841 5535 VARIIE
1882 5477 2287 5536 LECTlONES.

388 5639 434 5671 οδ
470 5635 863 5690 ἀτιθάσσευτον
889 5649 949 5697 ς’.
1047 5630 1093 5664 ⁵⁵
1128 5630 1260 5700 περὶ
1289 5654 1359 5700 -τ-
1388 5625 1560 5700 ταῦτα
1592 5639 1702 5678 om.
1734 5622 1800 5677 A.

1896 5621 1940 5653 ⁸⁵
1964 5619 2246 5687 διὰγεσθαι
2275 5618 2343 5672 Α.
2417 5617 2462 5649 ⁸⁷
2493 5612 2875 5687 παραπλήσιον
2901 5606 3053 5687 _ad_d.
3088 5605 3157 5661 A.

3267 5606 3312 5638 ⁸⁸
3346 5604 3475 5658 ὅτιό
3519 5638 3591 5653 .-

321 5675 1075 5779 ινομξξᾶξιέὖᾷξ⁷ᾆῷὸξόξτας
1245 5675 1369 5779 ⁷μέν
1399 5675 1984 5779 ζδτι-ξ-κροκόττας
2028 5675 2143 5745 ιὰτι
2193 5689 2290 5760 μὲν
2324 5675 2721 5759 ὀνομαζόμενος
2742 5675 2818 5752 ’ς-.
2898 5682 2942 5715 ⁵³
2972 5678 3177 5748 ἄκρων.
3216 5706 3288 5719 --
3315 5677 3361 5709 ⁷⁰
3391 5675 3594 5748 ἄλλων)

314 5766 635 5851 ἀκροπόδίυν
666 5766 833 5828 ἐσθίει
863 5774 920 5827 δὲ
947 5766 1402 5841 θαυμαστὸναῶν
1445 5768 1620 5821 ἄλλων
1651 5780 1792 5821 corr.
1829 5766 1903 5824 A.
