4036 6318
568 344 642 407 59
1726 341 1990 402 PHOTII
2023 340 2147 401 PA'l

2247 340 2531 403 iARCH/E
2559 342 2671 403 (ΖΡ.
3741 336 3813 400 60

567 471 699 510 nere
754 453 952 508 mirum
993 452 1047 509 in
1098 450 1322 508 modum
1362 450 1566 517 varios,
1619 450 1727 506 illis
1768 451 1975 506 inlocis
2024 465 2145 505 esse

2248 454 2361 514 τοῖς
2391 451 2579 513 τόποις
2621 446 2761 503 εἶναι
2789 446 2885 502 καὶ
2923 444 3055 516 γένη
3088 446 3131 479 ⁷¹
3159 443 3470 515 Θαυμαστὰ,
3504 442 3598 498 καὶ
3642 443 3827 499 πάντα

570 558 848 609 narratur,
900 546 995 616 qui
1058 559 1251 600 omnes
1300 544 1424 598 vita:
1472 544 1802 597 nutrimenta
1831 558 1897 595 ex
1942 552 2139 595 venatu

573 648 810 709 captent.
848 636 1140 691 Enimvero
1184 636 1456 690 maximus
1507 635 1745 697 illorum,
1790 633 1884 703 qui
1941 632 2157 687 nostris.

571 733 849 786 exhibitus
876 737 960 783 est
987 727 1183 792 oculis,
1221 726 1439 795 triginta
1485 725 1791 779 cubitorum
1834 723 2142 776 videbatur.

2247 545 2356 599 ἀπὸ
2389 544 2655 614 κυνηγίας
2684 542 2875 611 έχοντα
2910 541 3004 594 τὸν
3034 540 3149 611 βίον
3170 555 3185 569 ·
3214 539 3323 592 τῶν
3352 542 3535 609 μέντοι
3580 538 3686 592 ὑπὸ
3722 539 3824 609 τὴν

2247 635 2544 707 ήμετέραν,
2592 635 2780 705 φησὶν,
2812 632 2937 701 δψιν
2967 630 3333 686 πεπτωκότων
3368 632 3397 685 ό
3435 631 3691 702 μέγιστος
3720 630 3824 682 πέ-

2248 745 2384 800 φηνε
2433 725 2627 798 πηχῶν
2679 725 2996 797 τριάκοντα.
3044 724 3258 777 Γίνεται
3302 722 3380 789 δὲ,
3425 723 3582 793 φησὶ,
3642 724 3749 785 πᾶς
3772 723 3823 754 ⁷³

576 814 767 868 Omnis
798 827 1042 881 serpens,
1073 811 1237 862 etiam
1278 807 1640 873 vastissintus,
1688 804 2145 861 mansuefactioni

2247 819 2385 887 ὕφις,
2419 816 2513 871 καὶ
2554 818 2583 869 ό
2630 818 2907 886 μέγιστος,
2944 813 3254 885 χειροήθης.
3298 810 3478 882 ἐνδείᾳ
3500 811 3609 864 τῶν
3650 812 3827 880 ἀναγ-

575 921 634 961 se
656 903 1069 959 accommodum
1103 901 1328 971 praebet,
1364 900 1410 953 si
1451 898 1634 967 inopia
1668 898 1987 953 nutrimenti
2019 913 2145 968 pre-

577 994 745 1047 mitur
779 1002 835 1046 et
874 999 1201 1045 maceratur.
1243 986 1379 1041 Nam
1420 987 1620 1042 vidisse
1667 1002 1726 1042 se
1771 995 1961 1041 auctor
1988 994 2149 1041 testa-

576 1089 689 1143 tur,
735 1082 827 1149 qui
882 1079 987 1134 cibi
1021 1077 1228 1147 inopia,
1261 1089 1480 1143 semper
1509 1084 1689 1129 tamen
1711 1074 1887 1129 oculis
1924 1073 2145 1142 objecti,

575 1187 703 1227 cum
738 1172 790 1225 in
815 1172 1057 1225 canistro
1083 1169 1335 1223 victimas
1366 1167 1434 1221 ad
1469 1167 1800 1222 desiderium
1831 1167 1951 1235 ejus
1988 1167 2147 1221 undi-

574 1278 683 1332 que
726 1263 1224 1329 circutnponerent,
1275 1260 1438 1313 simul
1491 1270 1544 1313 et
1595 1259 1763 1313 animi
1795 1258 2146 1313 virulentiam

575 1354 941 1416 submitteret,
972 1364 1026 1406 et
1049 1351 1504 1405 vehementiorem
1530 1366 1669 1406 esca:
1688 1352 1985 1420 appetitum
2017 1365 2150 1405 con-

574 1451 798 1515 ciperet,
845 1444 1171 1512 tandemque
1216 1444 1450 1498 belluam
1503 1443 1857 1515 quantumvis
1901 1443 2147 1517 ferocem

574 1546 629 1589 et
673 1551 895 1598 saevam,
950 1544 1059 1587 tam
1094 1535 1331 1589 cicurem
1374 1545 1429 1589 et
1456 1535 1722 1604 placidam
1761 1551 1883 1590 esse
1923 1536 2147 1600 iactam,

573 1637 634 1681 ut
697 1642 800 1680 nec
851 1626 1039 1681 mitius
1083 1626 1226 1680 inter
1272 1626 1377 1680 alia
1419 1635 1638 1692 cuncta,
1691 1642 1791 1682 nec
1847 1627 2149 1683 terribilius

572 1718 868 1787 quidquam
913 1732 1032 1772 esse
1071 1716 1373 1786 judicetur.
1413 1718 1855 1771 Consentaneum
1900 1717 2003 1772 hoc
2042 1725 2147 1781 est,

2244 910 2415 965 καίων
2475 906 2792 978 πιεζόμενός
2835 924 2895 960 τε
2946 905 3044 960 καὶ
3082 902 3542 974 κακουχούμενος.
3570 902 3681 955 Καὶ
3711 902 3825 972 γάρ

2247 1002 2341 1057 καὶ
2376 1001 2435 1054 ὃν
2466 1001 2593 1054 ἰδεῖν
2628 999 2835 1064 ἐκεῖνός
2866 1014 3051 1069 φησιν,
3081 997 3165 1051 ὅτι
3193 996 3284 1049 ὅτε
3319 995 3419 1065 τῆς
3450 994 3656 1064 τροφῆς
3687 996 3826 1047 ἀπο-

2247 1092 2508 1163 κειμένης
2536 1092 2581 1125 ⁷³
2616 1089 2855 1161 συνεχῶς
2893 1090 3012 1160 ἆμα
3055 1088 3147 1142 τὸν
3180 1086 3351 1160 θυμὸν
3399 1086 3685 1140 ἐταπείνου
3730 1084 3828 1138 καὶ

2248 1183 2456 1255 τροφῆς
2478 1182 2658 1253 ὄρεξιν
2678 1181 2913 1236 ἐνεποίει
2941 1180 3326 1251 σφοδροτέραν,
3350 1176 3650 1248 τηνικαῦτα
3672 1175 3827 1239 ἐντὸς

2248 1275 2343 1329 τοῦ
2379 1275 2691 1344 πλέγματος
2721 1271 3108 1343 περιϐαλόντες
3136 1273 3310 1343 ἱερεῖα
3339 1269 3475 1341 πρὸς
3505 1268 3602 1340 τὴν
3635 1266 3833 1322 ἐπιθυ-

2254 1367 2382 1437 μίαν
2431 1366 2595 1438 [1365
2621 1364 2714 1437 8.]
2758 1364 2900 1419 οὑτω
2954 1362 3370 1435 παρεσκεύασαν
3416 1361 3674 1433 χειροήθη
3729 1358 3834 1413 καὶ

2251 1460 2429 1529 πρᾶον
2460 1458 2552 1511 τὸν
2584 1458 2801 1529 ἄγριον,
2828 1458 2968 1512 ὥστε
3022 1455 3192 1527 μηθὲν
3227 1455 3275 1487 ⁷⁸
3296 1454 3407 1507 τῶν
3454 1452 3628 1508 ἄλλων
3665 1448 3831 1520 νομί-

2252 1550 2365 1615 ζειν
2389 1550 2525 1620 μήτε
2561 1546 2915 1620 ἡμερώτερον
2959 1549 3094 1618 μήτε
3126 1545 3523 1617 φοϐερώτερον,
3573 1542 3833 1604 εἰκότως,

2250 1636 2427 1709 οἶμαι,
2456 1643 2569 1703 τοῖς
2603 1640 2940 1710 ὑποχειρίοις
2970 1638 3079 1691 τῶν
3107 1637 3260 1702 ζώων
3296 1636 3485 1690 τούτου
3520 1633 3834 1688 συναντῶν-

2251 1750 2362 1797 τος.
2384 1732 2456 1785 Τὸ
2478 1732 2580 1801 μὲν
2611 1730 2720 1803 γὰρ
2734 1730 3041 1785 άντιϐαῖνον
3060 1729 3430 1798 κακουχείται,
3452 1724 3513 1777 τὺ
3530 1725 3589 1778 δὲ
3619 1740 3835 1792 συγχω-

571 1809 830 1871 arbitror,
896 1808 1086 1863 bestiis
1146 1810 1461 1877 contingere
1520 1807 1927 1864 mansuefactis.
1996 1808 2144 1878 _Nam

2250 1828 2377 1899 ροῦν
2430 1826 2713 1897 τρέφεται.
2747 1824 2864 1878 Πᾶν
2894 1823 2952 1877 δὲ
2999 1821 3187 1892 θηρίον
3213 1818 3345 1890 [742
3380 1816 3472 1889 Η.]
3515 1815 3834 1869 διδάσκεται

570 1901 716 1968 quod
779 1907 974 1954 contra
1044 1901 1215 1954 tendit
1263 1899 1405 1953 ntale
1449 1907 1752 1964 tractatur;
1810 1899 1954 1969 quod
2014 1915 2145 1955 vero

570 1993 733 2055 cedit,
772 1994 1030 2045 nutritur.
1063 1989 1281 2057 Quaavis
1311 1991 1478 2044 etiam
1531 1992 1702 2045 bestia
1749 2007 1939 2059 sapere
1961 1992 2141 2061 discit,

571 2099 679 2137 non
721 2084 932 2137 ratione
975 2083 1217 2136 melioris
1262 2081 1584 2135 electionem
1630 2080 1814 2144 docta,
1851 2081 1943 2135 sed
1970 2080 2147 2151 impli-

568 2186 689 2227 cata
727 2182 809 2228 est
845 2187 939 2242 per
962 2173 1109 2226 vices
1136 2172 1412 2226 alrectioni
1451 2171 1733 2225 memoria.

605 2269 730 2321 Car.
767 2267 924 2322 XLII.
949 2297 1019 2306 -——
1051 2267 1122 2320 De
1153 2266 1342 2320 calidis
1378 2267 1531 2334 aquis
1559 2276 1741 2335 sponte
1779 2266 2138 2320 nascentibus.

638 2361 774 2413 Cum
809 2360 976 2412 multa
1025 2360 1135 2413 sint
1172 2359 1563 2413 admirationis
1594 2359 1773 2427 plena,
1801 2368 1853 2411 et
1880 2373 1908 2412 a
1934 2358 2144 2428 vulgari

566 2451 958 2504 consuetudine
986 2450 1173 2518 proca]
1206 2450 1474 2517 sejuncta,
1515 2450 1582 2503 ad
1616 2450 1731 2518 ipsa
1763 2464 1885 2517 qua}
1905 2463 2147 2503 comme-

566 2542 869 2595 moratione
882 2542 1040 2610 digna
1065 2541 1334 2595 habentur
1349 2542 1490 2604 loca,
1512 2541 1711 2610 inquit,
1733 2556 1818 2594 me
1838 2541 2140 2596 conferam.

565 2632 751 2686 Primo
777 2634 959 2704 igitur,
990 2633 1035 2687 si
1071 2634 1196 2701 quis
1222 2633 1290 2686 ab
1326 2632 1559 2687 Arsinoe
1604 2633 1974 2687 continentem
2006 2648 2145 2701 prae-

568 2726 822 2779 tercurrit
870 2724 1139 2787 dextram,
1184 2724 1451 2789 thcrmaz,
1502 2725 1750 2793 pluribus
1774 2740 1875 2778 ceu
1922 2724 2142 2790 ﬁstulis,

565 2834 632 2871 ex
664 2818 885 2871 sublimi
913 2827 1062 2887 petra
1094 2819 1150 2871 in
1182 2832 1331 2871 mare
1370 2818 1725 2885 percolantur
1746 2858 1760 2881 ,
1794 2832 1913 2887 quae
1970 2832 2144 2887 angu-

570 2917 688 2962 stos
737 2908 936 2985 habent
983 2918 1214 2970 meatus,
1256 2922 1364 2961 non
1403 2906 1578 2961 dulcis
1607 2923 1782 2976 aqum,
1820 2908 1911 2962 sed
1946 2923 2146 2963 amara:

568 2999 918 3069 salsilaginis,
964 3007 1017 3053 et
1048 2998 1216 3052 fontis
1264 2999 1425 3051 talem
1448 2999 1627 3052 sortiti
1680 3010 1955 3052 naturam.
1985 3000 2143 3054 Post-

567 3109 629 3146 ea
670 3107 698 3145 a
739 3092 860 3145 lacu
914 3092 1108 3146 obvius
1155 3089 1435 3155 estNilus,
1491 3092 1620 3145 dum
1681 3092 1831 3145 rivus
1874 3091 1994 3161 ejus
2049 3106 2144 3161 per

569 3180 692 3232 laxa
743 3188 797 3232 et
830 3180 1118 3248 spongiosa
1152 3179 1398 3248 quaedam
1434 3178 1490 3231 in
1550 3179 1726 3231 locum
1762 3178 2000 3233 maxime
2040 3180 2143 3232 hu-
2171 3158 2213 3214 (ἶ

570 3273 751 3326 milem
779 3283 831 3325 et
860 3287 1160 3326 concavum
1217 3271 1542 3325 transcurrit
1607 3269 1823 3341 (.5312.
1857 3269 2019 3325 Juxta
2043 3272 2146 3325 .la-

568 3380 693 3417 cmn
725 3363 777 3416 in
814 3378 1007 3431 campo
1037 3363 1174 3417 satis
1219 3364 1464 3430 spatioso
1488 3376 1647 3417 mons
1678 3378 1965 3431 assurgere
2000 3362 2147 3417 vide-

570 3465 678 3515 tur,
721 3453 954 3507 rubrica:
978 3453 1193 3506 metallo
1234 3452 1523 3517 fecundus,
1577 3453 1691 3521 qui,
1725 3463 1784 3506 ut
1816 3453 1948 3506 nihil
2000 3454 2145 3508 aliud

571 3550 827 3603 exhibeat
859 3548 1156 3617 singulare,
1181 3546 1450 3616 ejusmodi
1480 3555 1655 3601 tamen
1676 3547 1912 3601 colorem
1936 3562 1965 3601 a
1991 3563 2145 3602 sum-

551 3657 662 3695 ‘mo
689 3641 892 3694 vertice
920 3640 1180 3702 ostendit,
1212 3648 1269 3691 ut
1288 3639 1431 3692 oculi
1457 3638 1659 3691 intente
1680 3640 1745 3691 ad
1771 3648 1983 3708 tempus
2014 3654 2147 3692 con-

573 3733 837 3787 tuentium
888 3732 1171 3784 laedantur.
1223 3729 1357 3784 llinc
1408 3738 1599 3800 portus
1641 3731 1844 3799 excipit
1892 3747 2144 3801 magnus,

572 3827 660 3879 cui
696 3824 871 3891 primo
893 3820 1309 3885 Muris,'deinde
1334 3820 1561 3876 Veneris
1591 3830 2009 3890 cognomentum
2047 3822 2147 3877 fuit

571 3914 916 3968 attributum.
946 3912 1049 3967 Ubi
1082 3923 1193 3965 tres
1219 3911 1383 3965 etiam
1417 3912 1612 3966 insula:
1639 3920 1878 3975 exstant,
1912 3927 2144 3980 quarum

570 4007 692 4061 dua:
745 4007 916 4059 olivas
973 4004 1175 4059 habent
1210 4004 1433 4059 crebras
1464 4013 1519 4057 et
1556 4003 1753 4057 densas
1785 4018 1799 4054 :
1828 4018 1934 4055 una
1966 4004 2147 4058 minus

569 4097 791 4168 quidem
843 4098 1044 4151 silvosa
1083 4103 1186 4159 est,
1221 4095 1314 4150 sed
1356 4095 1565 4159 avium,
1608 4109 1747 4163 quas
1788 4094 2147 4164 meleagrides

569 4199 785 4255 voeant,
826 4190 1035 4260 copiam
1072 4190 1259 4242 nutrit.
1322 4186 1417 4242 His
1469 4187 1811 4256 propinquus
1860 4196 1944 4242 est
1972 4188 2145 4252 sinus,

569 4296 728 4350 quem
758 4281 1033 4348 impurum
1059 4280 1368 4333 nominant.
1397 4278 1568 4343 Quem
1598 4277 1690 4330 ubi
1730 4278 2149 4349 praeternaviga-

570 4374 670 4437 ris,
698 4374 875 4427 insula
904 4373 1296 4442 exporrigitur,
1327 4372 1379 4424 in
1413 4372 1603 4440 pelago
1638 4372 1764 4433 sita,
1807 4370 2148 4441 longitudine

568 4466 871 4521 stadiorum
928 4466 996 4519 80
1030 4465 1272 4529 circiter,
1331 4463 1555 4517 nomine
1604 4461 1960 4532 Serpentinaa.
2007 4462 2141 4517 Nam
2175 4500 2220 4556 Β

567 4558 748 4612 omnis
797 4556 1013 4627 generis
1061 4555 1410 4625 serpentibus
1445 4555 1722 4623 quondam
1770 4553 1969 4608 referta
2004 4563 2140 4619 erat,

566 4647 658 4699 sed
684 4655 840 4699 :etate
869 4654 1053 4698 nostra
1074 4643 1245 4697 libera
1276 4651 1380 4696 est.
1416 4642 1473 4695 ln
1506 4643 1609 4695 hac
1637 4640 1853 4709 lapillus
1876 4642 2143 4706 nascitur,

568 4742 744 4809 t0pazi
781 4740 1001 4793 nomine
1033 4738 1285 4792 celebris.
1322 4735 1634 4789 Pellucidus
1685 4743 1769 4789 est
1808 4747 1862 4789 et
1900 4735 2040 4789 vitro
2068 4734 2145 4788 εἰη

566 4834 733 4895 milis,
784 4832 1197 4901 jucundumque
1240 4830 1293 4883 in
1342 4843 1479 4882 auro
1525 4827 1830 4882 contuitum
1881 4828 1966 4881 sui
2010 4842 2146 4897 prae—

564 4926 674 4979 bet.
712 4922 826 4975 Hoc
868 4921 1057 4975 insulae
1100 4920 1457 4983 habitatores,
1491 4918 1587 4988 qui
1627 4918 1793 4971 etiam
1824 4919 1972 4986 regio
2003 4916 2142 4985 lapi-

564 5014 687 5068 dem
726 5013 906 5067 edicto
946 5011 1264 5065 custodiunt
1316 5020 1371 5063 et
1404 5010 1691 5079 colligunt,
1724 5009 1829 5062 isto
1853 5013 2017 5063 modo
2050 5025 2145 5079 po-

565 5108 772 5159 tiuntttr
800 5101 1008 5157 :Noctu
1042 5118 1137 5171 per
1163 5102 1310 5156 vices
1332 5102 1836 5172 circumvagantur,
1871 5101 2144 5171 ligonibus

562 5199 729 5253 variae
762 5196 1152 5267 magnitudinis
1190 5195 1465 5251 instructi.
1493 5192 1629 5248 Nam
1677 5195 1817 5247 intra
1852 5203 2030 5263 petras
2061 5193 2142 5248 la-

564 5291 668 5359 pis,
703 5289 828 5358 quia
862 5289 1098 5344 interdiu
1123 5305 1153 5343 a
1182 5288 1303 5342 luce
1338 5299 1650 5357 superatur,
1697 5296 1914 5356 propter
1945 5297 2139 5342 aestum

565 5396 673 5434 nou
727 5381 785 5434 lit
836 5382 1177 5445 manifestus,
1226 5381 1320 5436 sed
1370 5380 1874 5450 ingruente'noctis
1924 5381 2139 5442 umbra,

565 5474 879 5542 ubicunque
930 5474 1033 5528 loci
1069 5476 1334 5539 nascitur,
1361 5476 1429 5530 ab
1454 5475 1601 5530 omni
1624 5484 1777 5545 parte
1811 5472 2134 5543 resplendet.

2249 1920 2565 1989 σωφρονεῖν,
2583 1916 2644 1969 ού
2670 1916 2813 1986 λόγῳ
2840 1913 2939 1985 τὴν
2973 1911 3202 1982 ἐκδοχὴν
3235 1908 3328 1963 τοῦ
3356 1908 3666 1978 κρείττονος
3690 1922 3835 1975 μανι

2247 2011 2427 2074 θάνον,
2472 2008 3016 2081 παραπεπλεγμένης
3054 2004 3101 2059 δ’
3139 2000 3369 2067 ἐναλλὰξ
3411 1998 3490 2070 τῷ
3520 1998 3682 2053 πάθει
3727 1998 3833 2067 τῆς

2249 2102 2489 2173 μνήμηςο

2494 2279 2633 2347 Περὶ
2668 2276 2898 2347 θερμῶν
2924 2274 3160 2332 ὑδάτων·
3188 2271 3529 2341 αὐτοφυῶν.

2320 2374 2445 2425 Ὅτι
2480 2371 2635 2441 φησὶ,
2689 2367 2907 2424 Πολλῶν
2958 2364 3317 2436 ὑπαρχόντων
3363 2359 3687 2430 θαυμασίαν
3733 2358 3829 2411 καὶ

2246 2463 2433 2534 πόρρω
2463 2460 2736 2527 κειμένων
2767 2458 2876 2511 άπὸ
2902 2456 3002 2525 τῆς
3037 2453 3349 2524 συνηθείας.
3376 2451 3573 2511 αὑτοὺς
3602 2446 3830 2501 ἐπελεύο

2247 2570 2409 2623 σομαι
2445 2553 2555 2605 τῶν
2582 2552 2764 2604 τόπων
2806 2548 2931 2611 τοὺς
2972 2547 3191 2617 μνήμης
3220 2543 3427 2607 ἀξίους.
3472 2539 3692 2611 Πρῶτον
3727 2538 3832 2609 μὲν

2245 2647 2340 2700 ἀπ’
2371 2644 2656 2715 Ἀρσινόης
2695 2639 3024 2711 παραθέοντι
3047 2637 3146 2706 τὴν
3187 2633 3367 2701 δεξιὰν
3396 2635 3623 2704 ήπειρον
3649 2632 3834 2701 θερμὰ

2246 2738 2489 2790 πλείοσιν
2515 2734 2697 2796 αύλοίς
2727 2734 2791 2785 ἐκ
2820 2732 3026 2800 πέτρας
3058 2728 3266 2797 ὑψηλῆς
3303 2728 3382 2790 είς
3414 2725 3683 2779 θάλατταν
3707 2723 3831 2792 διη-

2246 2829 2440 2892 θεῖται,
2484 2827 2701 2889 στενοὺς
2752 2824 2944 2894 έχοντα
2989 2822 3211 2891 πόρους,
3245 2818 3551 2887 ούγλυκέος
3601 2815 3829 2879 ὕδατος,

2245 2921 2383 2975 ἀλλὰ
2408 2920 2609 2987 πικρᾶς
2634 2915 2928 2986 ἁλμυρίδος
2956 2914 3001 2945 ⁷⁵
3034 2930 3093 2965 τε
3120 2913 3216 2965 καὶ
3246 2910 3429 2981 πηγῆς
3461 2908 3625 2977 φύσιν
3662 2908 3830 2978 ἐχού-

2248 3027 2346 3079 σης
2371 3007 2650 3078 τοιαύτην.
2680 3001 2814 3059 Εἶτα
2846 3004 2954 3057 ἀπὸ
2990 3003 3093 3070 τῆς
3129 3002 3325 3071 λίμνης
3370 2998 3749 3071 συμϐέϐληκεν
3788 3000 3831 3032 ’⁸

2246 3104 2275 3157 ὁ
2308 3102 2524 3165 Νεῖλος,
2546 3099 2736 3170 ὀχετοῦ
2764 3098 2853 3151 διά
2882 3114 3046 3149 τινων
3078 3093 3448 3164 ἀραιωμάτων
3477 3093 3557 3154 είς
3594 3092 3685 3144 τὸν
3713 3107 3833 3145 κοι-

2246 3194 2470 3247 λότατον
2513 3190 2873 3259 ύπερθέοντος
2922 3187 3108 3241 τόπον.
3141 3185 3376 3254 Πλησίον
3406 3184 3603 3253 δέιτῆς
3627 3182 3831 3253 λίμνης

2249 3281 2540 3354 εὑμεγέθει
2596 3280 2763 3351 πεδίῳ
2804 3278 3035 3349 βεϐηκὸς
3060 3277 3187 3346 ὅρος
3229 3276 3590 3345 ἀναφαίνεται
3626 3274 3835 3345 μιλτῶ-

2246 3376 2359 3440 δες,
2386 3375 2552 3444 ἄλλην
2575 3373 2673 3444 μὲν
2693 3371 2951 3442 οὐδεμίαν
2974 3366 3327 3423 ὑποδεικνύον
3356 3368 3612 3437 ἰδιότητα,
3637 3366 3838 3436 χροιὰν

2246 3468 2304 3521 δὲ
2333 3465 2590 3537 τοιαύτην
2621 3463 2730 3519 ἀπὸ
2777 3463 2880 3532 τῆς
2914 3463 3160 3532 κορυφῆς
3209 3460 3474 3530 σημαῖνον
3517 3457 3620 3528 τῆς
3651 3457 3837 3527 ἄκρας

2246 3558 2385 3611 ὥστε
2414 3556 2524 3611 τῶν
2555 3555 2915 3619 ἀτενιζόντων
2949 3554 3049 3616 τὰς
3081 3552 3233 3621 ὄψεις
3269 3553 3360 3604 ἐπὶ
3390 3550 3550 3602 πλέον
3592 3549 3835 3620 βλάπτε-

2249 3649 2392 3703 σθαι.
2440 3646 2670 3717 Ἐφεξῆς
2702 3646 2757 3698 δὲ
2783 3643 2950 3714 λιμὴν
2988 3642 3161 3713 μέγας
3195 3641 3499 3710 ἐκδέχεται,
3534 3640 3591 3703 ὃς
3632 3638 3840 3710 πρότε-

2249 3757 2342 3809 ρον
2374 3740 2471 3809 μὲν
2502 3738 2649 3800 Μυὸς
2692 3735 2938 3789 ἐκαλεῖτο
2970 3735 3161 3805 ὅρμος,
3194 3733 3386 3786 ἔπειτα
3429 3732 3485 3785 δὲ
3508 3730 3841 3801 Ἀφροδίτης

2244 3831 2561 3900 ὠνομάσθη.
2599 3829 2689 3884 Ἐν
2719 3824 2799 3891 οἷς
2832 3829 2929 3881 καὶ
2950 3830 3103 3898 νῆσοι
3124 3828 3273 3896 τρεῖς
3306 3826 3414 3877 εἰσι
3446 3824 3839 3895 προκείμεναι,

2247 3915 2323 3975 ὧν
2355 3924 2412 3975 αἱ
2454 3920 2553 3992 μὲν
2603 3920 2815 3982 ἐλαίαις
2856 3919 3265 3982 πεπύκνωνται,
3302 3914 3403 3986 μία
3433 3915 3489 3968 δέ
3540 3910 3704 3989 ἦττον
3733 3915 3846 3984 μὲν

2246 4014 2459 4077 δασεῖα,
2485 4014 2595 4065 τῶν
2619 4012 2675 4065 δὲ
2705 4011 3058 4081 καλουμένων
3089 4006 3463 4079 μελεαγρίδων
3490 4007 3847 4077 ἐκτρέφουσα

2247 4108 2476 4178 πλῆθος.
2512 4106 2736 4170 Τούτοις
2755 4105 2799 4159 δ’
2830 4105 3039 4174 ἐγγίζει
3068 4103 3292 4167 κόλπος,
3326 4102 3386 4156 ὃν
3415 4099 3672 4155 καλοῦσιν
3698 4101 3851 4155 ἀκά-

2249 4198 2467 4268 θαρτον.
2505 4198 2601 4249 ’ον
2634 4194 3083 4266 παραπλεύσαντι
3127 4194 3292 4263 νῆσος
3343 4191 3589 4245 ἔκκειται
3632 4194 3697 4262 τῇ
3735 4192 3849 4261 μὲν

2249 4292 2396 4343 θέσει
2419 4289 2675 4357 πελαγία,
2709 4289 2884 4358 μῆκος
2900 4286 3102 4357 ἔχουσα
3124 4285 3356 4339 σταδίων
3383 4285 3459 4348 ὼς
3477 4284 3845 4354 ὀγδοήκοντα,

2248 4382 2317 4453 ήν
2348 4380 2603 4435 καλοῦσιν
2650 4377 2876 4450 ὁφιώδη,
2921 4379 3188 4449 πρότερον
3239 4378 3337 4449 μὲν
3386 4377 3665 4446 γέμουσαν
3692 4393 3847 4429 παν-

2248 4474 2409 4527 τοίων
2452 4471 2720 4542 ἑρπετῶν,
2762 4472 2848 4539 ἐφ’
2881 4470 3038 4541 ἡμῶν
3068 4470 3125 4523 δέ
3158 4470 3450 4539 ἐλευθέραν
3479 4468 3706 4522 τούτων.
3745 4468 3848 4520 Ἐν

2249 4563 2307 4617 δὲ
2337 4562 2510 4633 ταύτῃ
2536 4562 2746 4629 γίνεται
2782 4563 2852 4630 τῇ
2884 4562 3054 4631 νήσῳ,
3087 4560 3241 4631 φησὶ,
3284 4561 3379 4613 καὶ
3404 4560 3467 4613 τὸ
3494 4559 3851 4626 καλούμενον

2248 4652 2506 4715 τοπάζιον
2525 4668 2536 4680 ·
2573 4651 2689 4703 ἔστι
2714 4650 2771 4704 δὲ
2793 4649 2953 4703 τοῦτο
2970 4650 3118 4714 λίθος
3139 4650 3577 4720 διαφαινόμενος,
3608 4649 3759 4719 ὑάλῳ
3788 4651 3847 4684 ⁷⁷

2251 4741 2661 4813 προσεμφερὴς,
2696 4741 2879 4811 ήδείαν
2925 4741 2984 4793 ἐν
3024 4739 3212 4811 χρυσῷ
3243 4739 3477 4810 θεωρίαν
3520 4740 3849 4803 ἀποδιδούς.

2250 4834 2450 4886 Τοῦτον
2476 4832 2566 4885 τὸν
2596 4832 2744 4885 λίθον
2770 4832 2820 4883 οἱ
2851 4833 2951 4902 τὴν
2986 4832 3150 4902 νῆσον
3178 4831 3454 4895 οἰκοῦντες
3498 4832 3593 4886 καὶ
3620 4831 3720 4901 τὴν
3752 4831 3849 4884 λί-

2249 4924 2340 4977 θον
2372 4923 2637 4994 βασιλικῷ
2673 4925 3041 4993 φυλάσσοντες
3089 4926 3473 4995 προστάγματι
3522 4924 3664 4977 οὕτω
3690 4924 3849 4994 λαμ-

2248 5016 2523 5069 ϐάνουσιν.
2561 5015 2650 5067 Ἐν
2700 5016 2767 5085 τῇ
2808 5016 2963 5068 νυκτὶ
3022 5016 3159 5085 πρὸς
3209 5016 3374 5085 μέρος
3421 5014 3840 5085 περιπολοῦσιν,

2248 5108 2463 5175 ἔχοντες
2498 5108 2758 5172 παντοίας
2803 5111 2916 5174 τοῖς
2952 5109 3211 5178 μεγέθεσι
3252 5109 3540 5176 σκαφίδας.
3581 5108 3638 5161 '0
3669 5106 3728 5160 δέ
3773 5108 3845 5160 ὲν

2246 5202 2369 5262 ταῖς
2400 5198 2629 5269 πέτραις
2658 5198 2805 5261 λίθος
2831 5201 2930 5269 τὴν
2956 5198 3055 5269 μὲν
3083 5199 3297 5268 ἡμέραν
3328 5198 3433 5251 ὑπὸ
3470 5197 3562 5250 τοῦ
3591 5197 3848 5266 φέγγους

2249 5291 2623 5361 κρατούμενος
2645 5292 2733 5345 διά
2759 5292 2820 5345 τὸ
2853 5294 3042 5355 πνῖγος
3070 5291 3128 5343 ού
3160 5290 3369 5357 γίνεται
3398 5289 3677 5359 σύνδηλος,
3706 5289 3847 5341 σκόο

2249 5402 2342 5437 τον
2369 5385 2413 5415 ⁷⁸
2445 5384 2502 5437 δὲ
2550 5384 2891 5446 ἐπιστάντος,
2928 5384 2985 5435 ἐν
3014 5376 3058 5450 ᾧ
3088 5382 3207 5435 ποτ’
3250 5382 3315 5435 ἂν
3403 5379 3686 5448 πεφυκὼς,
3716 5381 3846 5433 δια-

2246 5475 2453 5544 λάμπει
2497 5474 2786 5529 πάντοθεν.
2833 5474 2892 5526 ⁹0
2930 5472 2988 5526 δὲ
3031 5471 3262 5527 συνιδὼν
3297 5470 3470 5541 φύλαξ
3507 5468 3843 5542 τηλικοῦτον

1829 5613 2065 5669 νΑῐὶΙΑι
2107 5611 2508 5670 LECTIONES.

1048 5736 1157 5785 ένει
1185 5749 1247 5796 ς.
1324 5732 1370 5763 ”
1402 5732 1511 5795 πᾶς
1547 5731 1712 5800 φησίν
1743 5736 1805 5785 Λ.

1567 5803 1613 5836 ⁷⁸
1646 5804 1867 5866 σκότους
1893 5805 1951 5857 Β.

658 5738 700 5767 ἹΙ
730 5738 860 5767 «ιιι...
895 5738 933 5767 n
964 5752 975 5764 ο

658 5738 700 5767 ⁷³
730 5734 864 5804 γένη
895 5733 934 5787 Β
964 5752 976 5788 :
1010 5736 1157 5801 γένει
1185 5749 1247 5796 ς.
1324 5733 1370 5763 ”
1402 5733 1489 5785 πᾶ.

565 5808 798 5878 ϐέϐηκεν
832 5821 892 5870 ς.
970 5806 1012 5839 ⁷⁷
1044 5802 1215 5875 ὑάλῳ]
1242 5802 1392 5871 γάλῳ
1426 5805 1489 5856 Α.

1916 5734 1960 5764 ⁷³
1994 5731 2395 5805 προσκειμένης
2429 5731 2491 5784 Α.
2558 5731 2616 5769 ιιδ
2653 5730 2819 5801 μηδέν
2851 5747 2909 5793 ς.
2937 5755 2945 5763 ·

3003 5732 3048 5762 ⁷⁵
3075 5729 3405 5799 ἁλμυριάδος
3439 5732 3501 5782 Α.
3601 5730 3647 5760 ⁷⁸
3684 5745 3836 5799 συμ-
