4152 6420
376 392 453 456 61

1503 390 2030 454 BIBLIOTHECA.
2066 418 2134 431 --
2167 394 2331 456 COD.
2372 396 2529 459 CCL.
3568 399 3641 464 62

370 496 713 568 mptéﬂnxsv
736 497 904 568 ἄγγος
935 502 1163 573 σημείου
1193 503 1354 576 χάριν
1388 505 1518 577 περὶ
1548 507 1611 560 τὸ
1629 507 1956 576 διαστίλϐον,

2082 506 2182 574 luo
2218 509 2530 573 observato,
2567 514 2752 562 custos
2785 506 2924 577 signi
2958 521 3127 562 causa
3163 507 3214 563 id
3233 509 3375 579 quod
3398 511 3646 578 splendet

367 590 568 656 ἡλίκον
596 590 664 643 ἂν
750 590 848 644 τοῦ
886 591 1258 665 Θεωρουμένου
1296 597 1681 668 φαντάσματος
1703 598 1764 651 τὸ
1791 598 1951 669 μέγε-

370 681 510 745 θοςο
561 678 680 735 εἶτα
729 683 832 753 τὴν
885 686 1098 756 ἡμέραν
1151 686 1536 758 ἐπερχόμενος,
1589 690 1855 760 ἰσοπληθῆ
1883 693 1949 762 τῇ

373 772 760 845 προειρημένῃ
789 775 1102 846 περιτεμὼν
1131 777 1359 848 πέτραν,
1390 782 1502 845 τοῖς
1538 782 1835 836 ἐκλεαίνειν
1862 782 1954 834 δυ-

374 864 643 933 ναμένοις
664 866 938 936 τεχνίταις
968 869 1354 938 παραδίδωσιν.

454 956 613 1009 Μετὰ
637 957 694 1009 δὲ
731 957 903 1012 ταῦτα
947 960 1008 1012 τὸ
1046 960 1279 1029 πέλαγος
1326 962 1499 1026 οὕτως
1550 962 1667 1016 ἐστὶ
1703 962 1958 1017 ταπεινὸν

379 1044 531 1099 ὥστε
562 1049 699 1118 μήτε
728 1050 912 1103 πλεῖον
942 1052 1086 1105 δυεῖν
1120 1053 1359 1123 ὀργυιῶν
1388 1055 1830 1127 ἀναμετρεῖσθαι,
1864 1058 1959 1110 καὶ

384 1139 606 1207 χλωρὸν
649 1141 936 1207 πάντοθεν,
970 1143 1032 1195 οὐ
1062 1147 1130 1214 τῇ
1168 1144 1323 1213 φύσει
1341 1145 1447 1199 τῶν
1477 1146 1679 1217 ὑγρῶν,
1709 1146 1823 1199 ἀλλ’
1854 1147 1961 1206 ὑπὸ

381 1230 483 1282 τοῦ
515 1232 888 1300 διαφαίνοντος
922 1234 1076 1305 μνίου
1099 1254 1159 1289 τε
1196 1238 1290 1290 καὶ
1335 1236 1539 1306 φύκους
1558 1254 1572 1268 ’
1598 1238 1721 1290 ὅθεν
1753 1238 1848 1291 καὶ
1871 1255 1966 1291 κυ-

384 1325 498 1378 νῶν
524 1326 637 1395 ἔχει
677 1325 981 1380 θαλαττίων
1011 1328 1381 1399 ἀναρίθμητον
1420 1327 1644 1398 πλῆθος.
1680 1329 1755 1382 Δι’
1780 1329 1846 1399 ἢν
1876 1330 1963 1383 αἰ-

383 1416 513 1469 τίαν
543 1419 571 1469 ό
603 1417 791 1488 ῥηθεὶς
836 1418 1003 1489 πόρος
1043 1418 1132 1487 νηῒ
1169 1420 1266 1487 μὲν
1302 1421 1488 1490 μακρᾷ
1530 1419 1625 1472 καὶ
1673 1422 1783 1482 τοῖς
1828 1420 1967 1489 ἐπή-

392 1527 516 1578 ρεσι
542 1512 586 1542 ”
618 1511 823 1575 πλοίοις
850 1511 1056 1579 γίνεται
1092 1513 1427 1582 εὐάρμοστος
1448 1528 1459 1543 ³
1494 1511 1723 1581 ἀκύμων
1768 1530 1827 1564 τε
1861 1512 1970 1583 γάρ

390 1600 563 1664 ἐστιν,
599 1600 700 1653 οὐκ
725 1601 790 1653 ἐκ
817 1600 948 1673 [745
974 1600 1070 1673 Η.]
1098 1601 1294 1655 πολλοῦ
1337 1602 1539 1655 κυλίων
1569 1603 1660 1654 τὸν
1703 1602 1970 1665 κλύδωνα,

390 1694 489 1743 καὶ
518 1691 692 1762 θήραν
745 1693 943 1763 ἰχθύων
988 1694 1359 1765 παραδίδωσιν
1404 1696 1651 1750 ἄπιστον.
1680 1694 1843 1767 [1508
1880 1695 1970 1766 8.]

391 1782 469 1835 Τὸ
495 1784 553 1836 δὲ
577 1785 707 1855 περὶ
732 1785 831 1848 τάς
860 1785 1261 1857 ὲλεφαντηγοὺς
1287 1787 1457 1839 κακὸν
1491 1786 1654 1840 πολὺν
1685 1786 1833 1839 ἔλεον
1860 1790 1972 1850 τοῖς

392 1875 696 1943 πάσχουσιν
732 1875 843 1930 ἀπὸ
891 1877 1002 1929 τῶν
1045 1875 1296 1946 ὁρώντων
1350 1876 1684 1930 ἐκκαλεῖται.
1724 1877 1806 1929 Τά
1862 1878 1973 1947 γὰρ

392 1966 558 2018 πλοῖα
589 1965 651 2018 τὺ
708 1968 859 2037 κύμα
901 1966 1158 2038 ἐξαίφνης
1190 1967 1222 2037 ἢ
1285 1968 1460 2037 πέτρᾳ
1487 1967 1535 1998 ⁸ο
1564 1965 1892 2037 περιέθηκεν
1938 1966 1971 2029 ἢ

396 2057 535 2126 πρὸς
561 2058 797 2128 ἀμμώδη
861 2058 1128 2128 συνήλασε
1174 2060 1456 2129 περιοχὴν,
1495 2059 1590 2112 καὶ
1642 2058 1845 2129 ἄπορον
1874 2058 1975 2127 τὴν

399 2149 673 2218 σωτηρίαν
696 2150 938 2221 παρέσχε
964 2153 1077 2214 τοῖς
1101 2150 1421 2219 ἐμπλέουσι.
1445 2149 1538 2202 Διὸ
1558 2152 1627 2201 τὰ
1656 2150 1753 2221 μὲν
1782 2148 1973 2218 πρῶτα

400 2239 633 2309 ὀδυρμὸς
667 2241 794 2303 τοὺς
844 2240 1206 2305 ἐπιπλέοντας
1242 2245 1453 2311 συνέχει
1485 2243 1650 2305 πολὺς
1708 2242 1828 2310 μὲν,
1873 2242 1974 2295 οὐκ

410 2331 792 2398 ἀπογινώσκων
837 2332 893 2385 δὲ
924 2332 1023 2403 τὴν
1067 2333 1278 2402 ἀμείνω
1322 2334 1679 2404 προσδοκίαν*
1711 2335 1813 2404 ἤδη
1863 2336 1974 2403 γάρ

415 2439 565 2484 τινας
591 2422 750 2485 οὕτως
770 2423 1167 2493 ἀπενεχθέντας
1185 2426 1228 2456 ⁸¹
1258 2425 1464 2477 σέσωκε
1494 2426 1814 2495 πλημμυρὶς
1842 2426 1975 2477 ὐπο-

413 2513 642 2565 λαδοῦσα
673 2517 786 2577 τοῖς
821 2515 1123 2568 ἀνοιδοῦσιν
1165 2517 1445 2585 αἰφνιδίως
1482 2518 1546 2569 ὲκ
1574 2517 1673 2585 τῆς
1707 2516 1976 2586 θαλάττης

402 2604 588 2671 ὄγκοις
607 2624 619 2635 ·
651 2607 795 2659 ἐπὰν
822 2607 877 2658 δὲ
902 2606 1044 2678 λήγῃ
1064 2607 1132 2660 τὰ
1158 2609 1255 2677 τῆς
1282 2610 1508 2679 τροφῆς,
1541 2608 1708 2679 μυρία
1732 2608 1830 2678 μὲν
1848 2612 1982 2662 ἀνα-

396 2697 645 2767 δέχονται
699 2699 864 2769 πάθη,
894 2700 1046 2763 τέλος
1090 2702 1146 2753 δὲ
1181 2703 1225 2732 ⁸²
1258 2701 1639 2755 ἀναλίσκονται
1697 2702 1900 2764 πάντες
1945 2701 1978 2772 ἢ

395 2787 543 2858 λιμῷ
572 2790 606 2857 ἢ
634 2789 748 2860 (τοῦ
778 2791 937 2860 λιμοῦ
965 2792 1026 2845 τὸ
1070 2793 1461 2865 μακροχρόνιον
1485 2794 1547 2846 ού
1580 2792 1858 2865 φέροντες)
1903 2792 1981 2857 ξί-

398 2901 511 2951 φει,
546 2884 581 2955 ἢ
612 2886 749 2954 αὐτῇ
781 2885 1023 2955 θαλάσσῃ
1040 2886 1087 2916 ⁸³
1116 2888 1255 2955 σφᾶς
1278 2888 1475 2950 αὐτοὺς
1504 2888 1938 2957 ὲπιρῤίπτοντες.

2055 608 2205 653 tanto
2225 600 2528 654 circumdat
2556 614 2704 660 vase,
2723 610 2980 668 quantam
3000 600 3130 655 visat
3158 600 3410 669 imaginis
3432 604 3644 673 magni-

2055 690 2295 744 tudinem
2318 707 2437 746 esse
2452 691 3134 746 arbitratur.Perdiurnam
3154 704 3338 761 postea
3362 693 3535 748 lucem
3554 711 3648 748 ac-

2054 782 2408 846 cedens,cum
2430 782 2688 853 mqualem
2718 783 2884 852 priori
2913 783 3276 854 designationi
3297 794 3501 855 partem
3526 780 3645 840 saxi

2055 872 2276 938 excidit,
2298 875 2569 945 magistris
2589 875 2867 944 Iazvigandi
2888 876 3075 945 peritis
3104 885 3441 946 segmentum
3458 877 3645 931 tradit-

2140 963 2269 1019 Post
2342 967 2457 1020 haec
2518 981 2670 1021 mare
2737 967 2873 1021 adeo
2943 967 3148 1022 humile
3203 975 3287 1023 est
3349 977 3403 1022 et
3439 970 3648 1039 exigua).

2062 1057 2470 1126 profunditatis,
2524 1067 2583 1111 ut
2644 1074 2745 1113 nec
2786 1058 2943 1114 binas
3002 1074 3199 1129 orgyas
3238 1075 3491 1114 mensura
3552 1076 3647 1114 su-

2062 1159 2234 1218 peret,
2292 1149 2719 1219 circumquaque
2777 1151 2941 1204 etiam
2999 1152 3194 1217 viride,
3230 1167 3333 1205 non
3374 1169 3645 1222 aquarum

2065 1247 2287 1305 natura,
2327 1240 2419 1293 sed
2467 1255 2495 1293 a
2528 1255 2720 1296 musco
2747 1253 2800 1295 et
2826 1243 2968 1312 alga,
2999 1244 3236 1298 colorem
3271 1261 3429 1299 suum
3462 1255 3644 1299 trans-

2069 1331 2332 1386 mittente.
2364 1332 2523 1388 Uude
2555 1343 2609 1387 et
2643 1350 2843 1388 canum
2887 1338 3227 1391 marinorum
3266 1322 3644 1393 innumerabi-

2070 1424 2139 1479 lis
2165 1424 2278 1479 illie
2311 1434 2394 1479 est
2419 1425 2729 1481 multitudo.
2760 1425 2933 1491 Quam
2957 1428 3026 1482 ob
3060 1444 3281 1483 causam
3305 1432 3429 1482 navi
3462 1431 3642 1500 longa,

2070 1520 2124 1565 et
2169 1512 2252 1566 bis
2292 1527 2413 1580 qua:
2454 1513 2680 1582 remigio
2731 1526 3158 1581 promoventur,
3214 1516 3316 1570 iter
3353 1517 3475 1569 illac
3526 1533 3648 1585 per-

2073 1604 2420 1658 commodum
2451 1613 2533 1657 est
2570 1613 2624 1657 et
2667 1614 2889 1673 aptum;
2920 1616 3269 1677 tempestates
3307 1608 3450 1661 enim
3496 1607 3650 1676 igno-

2073 1704 2179 1756 rat,
2207 1710 2307 1748 nec
2332 1694 2528 1748 ﬂuetus
2556 1710 2587 1749 e
2629 1695 2886 1765 loginquo
2917 1697 3241 1764 advolvitur,
3282 1708 3335 1754 et
3366 1700 3653 1754 incredibi-

2078 1788 2180 1841 lem
2218 1788 2445 1858 piscium
2473 1789 2671 1842 suﬂicit
2701 1790 2954 1856 praedam.
2987 1791 3146 1844 Circa
3177 1793 3289 1845 haec
3328 1793 3467 1856 loca,
3496 1793 3641 1845 navi-

2007 1858 2046 1913 Β
2082 1879 2183 1933 bus
2216 1894 2337 1948 quae.
2374 1880 2694 1947 elephantos
2740 1882 2944 1935 vehunt
2980 1884 3235 1937 accidens
3262 1883 3649 1949 infortunium,

2081 1968 2147 2021 ad
2178 1984 2424 2037 magnam
2461 1979 2773 2038 spectantes
2803 1971 3236 2026 misericordiam
3265 1987 3391 2042 erga
3423 1972 3653 2027 aﬂiietos

2080 2070 2356 2126 provocat.
2422 2060 2645 2129 Navigia
2682 2063 2827 2116 enim
2881 2062 3083 2117 ﬂuctus
3136 2074 3356 2130 repente
3429 2065 3656 2133 scopulo

2079 2150 2260 2215 illidit,
2308 2159 2399 2204 aut
2445 2150 2643 2221 557a
2703 2152 2755 2205 in
2795 2154 3074 2221 angustias
3133 2169 3444 2217 arenarum,
3488 2153 3655 2207 veluti

2082 2258 2351 2305 carceres,
2377 2243 2696 2312 compingit,
2747 2259 3075 2313 omnemque
3126 2245 3319 2298 salutis
3347 2246 3489 2297 viam
3517 2261 3656 2297 nau-

2082 2334 2150 2387 tis
2199 2336 2501 2403 praecludit.
2560 2335 2683 2389 Ideo
2726 2338 2973 2405 prolixus
3019 2336 3171 2391 initio
3213 2348 3549 2405 conquestus
3590 2355 3657 2391 eo

2082 2425 2289 2479 delatos
2340 2436 2597 2495 occupat.
2639 2427 2881 2480 melioris
2916 2435 3095 2479 tamen
3146 2427 3378 2480 fortunae
3420 2444 3514 2495 spe
3545 2443 3656 2481 non

2082 2515 2311 2582 abjeeta.
2352 2512 2469 2566 Jam
2488 2515 2630 2567 etiim
2656 2516 2972 2573 nonnullos.
2998 2531 3062 2569 eo
3102 2516 3438 2570 discriminis
3469 2519 3659 2570 redac-

2082 2616 2188 2671 tos,
2220 2614 2411 2669 aastus,
2464 2607 2867 2660 intumescente
2905 2623 2968 2659 ex
3016 2608 3153 2660 mari
3207 2606 3398 2670 ﬂuctu,
3438 2617 3660 2674 repente

2081 2708 2369 2767 susceptos
2403 2698 2659 2753 servavit.
2692 2697 2921 2765 Quando
2944 2714 3070 2753 vero
3090 2701 3343 2754 alimenta
3375 2700 3657 2764 deﬁciunt,

2085 2791 2384 2844 innumera:
2404 2790 2703 2845 succedunt
2725 2791 3059 2845 anxietates:
3089 2791 3261 2847 donec
3296 2793 3360 2846 ad
3406 2792 3661 2846 ultimum

2083 2898 2274 2938 Omnes
2320 2884 2704 2949 absumuntur,
2744 2892 2838 2937 aut
2886 2882 3049 2948 fame,
3097 2894 3211 2950 aut,
3261 2885 3306 2939 si
3347 2885 3663 2941 diuturnam

396 2980 565 3035 famis
596 2981 773 3033 tabem
808 2996 912 3034 non
952 2980 1252 3051 perferunt,
1284 2997 1413 3036 ense
1442 2982 1699 3048 confecti,
1722 2990 1815 3035 aut
1848 2990 2151 3051 spontaneo
2184 2980 2421 3049 impulsu
2453 2979 2503 3031 in
2535 2993 2718 3048 aequor
2758 2978 3095 3046 praecipitati.

475 3074 600 3125 Ὀτι
632 3071 786 3141 φησὶ,
822 3073 901 3125 Τά
939 3074 1036 3141 μὲν
1064 3073 1167 3135 ἕως
1195 3074 1302 3125 τῶν
1347 3074 1575 3144 Ταύρων
1601 3073 1649 3105 ⁸⁸
1692 3076 1785 3128 καὶ
1842 3076 1977 3127 Πτο-

397 3164 660 3233 λεμαΐδος
690 3167 1047 3235 ἡρμήνευται,
1079 3166 1145 3219 τὰ
1167 3166 1226 3219 δὲ
1259 3168 1518 3238 ἀνωτέρω
1549 3166 1756 3221 τούτων
1785 3168 1843 3219 ού
1876 3168 1979 3234 τὴν

400 3259 677 3329 τυχοῦσαν
719 3259 985 3329 λαμϐάνει
1020 3260 1337 3328 μετάϐασιν.
1392 3261 1584 3312 Κεῖται
1643 3259 1754 3328 γὰρ
1798 3258 1980 3311 οὐκέτι

400 3351 474 3404 τά
516 3350 778 3401 ἐπέκεινα
825 3350 961 3419 πρὸς
1011 3350 1354 3419 μεσημϐρίαν
1412 3349 1514 3418 τῆς
1564 3349 1770 3418 χώρας,
1815 3350 1901 3401 ἀεὶ
1924 3349 1981 3401 δὲ

404 3442 547 3512 πρὸς
576 3442 622 3473 ⁸⁸
655 3441 753 3512 τὴν
808 3441 1077 3510 ἀνατολὴν
1124 3442 1449 3511 ἀναστρέφει
1486 3440 1712 3509 μᾶλλον,
1764 3440 1860 3491 καὶ
1888 3439 1986 3501 τὰς

407 3538 573 3600 σκιάς
602 3537 783 3607 βάλλει
809 3536 949 3598 τέως
988 3535 1133 3586 δυεῖν
1161 3532 1322 3604 ώρῶν
1358 3534 1437 3595 εἰς
1471 3532 1562 3585 τὸν
1618 3531 1991 3600 ἀντικείμενον

407 3626 577 3679 τόπον
598 3627 700 3695 τῆς
730 3628 953 3695 ἄρκτου.
986 3625 1107 3676 Ἔτι
1124 3624 1181 3677 δὲ
1204 3624 1468 3692 ποταμοῖς
1490 3622 1536 3652 ⁸⁸
1566 3624 1920 3692 καταρρεῖται
1945 3624 1992 3655 ⁸⁷

408 3719 511 3779 τὰς
539 3719 722 3788 πηγὰς
754 3718 1137 3785 ἀναφαίνουσιν
1187 3716 1294 3770 ἀπὸ
1333 3716 1440 3769 τῶν
1490 3715 1745 3768 Ψεὸαιῶν
1787 3714 1991 3766 καλου-

414 3810 595 3880 μένων
616 3809 775 3880 ὀρῶν.
800 3810 911 3878 Τῆς
942 3808 998 3861 δὲ
1022 3809 1202 3879 χώρας
1232 3809 1264 3878 ἡ
1298 3807 1395 3877 μὲν
1431 3808 1511 3869 εἰς
1562 3807 1662 3876 τὴν
1676 3807 1994 3876 ,μεσόγειαν

412 3901 767 3954 ἀνατείνουσα
811 3900 1023 3970 πλήρης
1054 3899 1361 3966 ἐλεφάντων
1406 3897 1501 3949 καὶ
1556 3896 1850 3967 ῥινοκέρων
1900 3895 1994 3947 καλ⁵

412 3992 633 4063 ταύρων
672 3993 767 4045 καὶ
809 3991 939 4057 ὑῶν,
967 3990 1038 4043 τὰ
1100 3990 1157 4042 δὲ
1180 3992 1260 4052 εἰς
1310 3990 1400 4041 τὸν
1458 3988 1622 4060 πόρον
1686 3986 1994 4057 καθήκοντα

414 4090 602 4158 νήσοις
641 4088 852 4142 ἅπαντα
899 4088 1196 4141 πυκνοῦται
1246 4090 1310 4158 τῇ
1342 4088 1501 4155 φύσει
1550 4087 1649 4155 μὲν
1701 4086 1990 4155 ἀκάρποις,

416 4179 715 4250 γεμούσαις
744 4180 799 4232 δὲ
827 4179 1029 4250 ὀρνέων
1057 4179 1443 4249 ἀνιστορήτους
1476 4177 1521 4209 ⁸⁸
1561 4178 1703 4240 ἰδέας
1738 4177 1990 4246 ἐχόντων.

416 4271 492 4322 Τὸ
523 4270 581 4322 δὲ
631 4270 739 4322 ἀπὸ
785 4271 938 4322 τοῦδε
984 4271 1017 4338 ὴ
1082 4270 1182 4338 μὲν
1230 4269 1470 4323 θάλαττα
1545 4270 1734 4339 βαθεῖά
1791 4287 1851 4322 τε
1901 4272 1996 4323 καὶ

417 4358 649 4429 πλόϊμος
680 4359 746 4422 ⁸³,
770 4362 910 4429 κήτη
957 4360 1014 4412 δὲ
1064 4359 1176 4430 ἔχει
1206 4359 1510 4431 τηλικαῦτα
1557 4360 1698 4413 ὥστε
1754 4362 1997 4431 ἀγωνιᾷν

418 4453 512 4504 τὸν
550 4452 724 4505 ἰδόντα
749 4468 764 4483 ⁸
787 4453 848 4505 οὐ
878 4452 1059 4523 μέντοι
1106 4452 1526 4522 διαπεφώνηκεν
1551 4454 1597 4484 ⁹⁰
1630 4452 1824 4519 οὐδεὶς,
1860 4454 1998 4523 πλὴν

420 4545 532 4597 τῶν
565 4545 1060 4614 περιπεπτωκότων
1080 4545 1352 4608 ἀκουσίως
1388 4548 1506 4608 ταῖς
1540 4545 1749 4614 λοφιαῖς
1783 4545 1870 4599 διά
1898 4546 1998 4615 τήν

421 4637 533 4687 τῶν
553 4634 858 4705 εἰρημένων
878 4635 1118 4704 ἄγνοιαν·
1149 4636 1241 4689 καὶ
1270 4636 1377 4705 γὰρ
1398 4637 1518 4689 οὐδὲ
1542 4636 1757 4689 διώκειν
1778 4636 1999 4689 δύναται

2156 3073 2284 3126 CAP.
2322 3070 2499 3124 XLIII.
2529 3101 2600 3111 —
2624 3070 2699 3123 De
2736 3071 2863 3122 locis
2894 3086 3055 3138 supra
3085 3066 3463 3123 Ptolemaidem
3497 3080 3545 3124 et
3580 3072 3666 3125 in-

2085 3163 2322 3235 gentibus
2352 3163 2591 3217 balwm’s.
2615 3162 2842 3215 ——Loea
2863 3163 2927 3214 ad
2950 3161 3162 3216 Tauros
3193 3170 3247 3214 et
3277 3162 3663 3218 Ptolemaidem

2090 3274 2261 3326 usque
2287 3257 2554 3324 explicata
2608 3265 2751 3309 sunt.
2787 3252 2881 3308 His
2916 3234 3097 3308 autem
3140 3256 3421 3323 superiora
3461 3257 3668 3309 transi-

2092 3358 2204 3402 tum
2239 3365 2346 3401 non
2386 3349 2460 3401 ita
2498 3348 2777 3416 vulgarem
2824 3347 3142 3401 admittunt.
3200 3345 3468 3401 Ulteriora
3520 3348 3668 3402 enim

2097 3455 2203 3493 non
2232 3439 2297 3494 ad
2329 3440 2610 3493 meridiem
2634 3438 2869 3505 amplius
2904 3437 3110 3506 jaceut,
3141 3438 3233 3491 sed
3269 3439 3441 3506 magis
3465 3454 3527 3490 ae
3554 3454 3671 3490 ma-

2094 3534 2175 3603 gis
2210 3534 2276 3586 ad
2324 3541 2505 3587 ortum
2551 3545 2611 3584 se
2641 3524 2943 3595 reﬂectunt,
2979 3537 3034 3583 et
3066 3530 3288 3584 umbras
3332 3531 3472 3582 intra
3508 3530 3671 3583 horas

2096 3624 2256 3679 binas
2292 3624 2446 3690 (anni
2484 3623 2688 3691 partes)
2717 3621 3016 3690 projieiunt
3038 3620 3089 3672 iu
3119 3621 3423 3688 oppositam
3450 3630 3671 3687 septen-

2096 3716 2366 3770 trionibus
2407 3714 2644 3785 plagam.
2687 3713 2891 3767 Fontes
2952 3713 3114 3767 etiam
3159 3712 3347 3771 edunt,
3382 3727 3411 3763 e
3437 3710 3674 3766 Psebaeis

2096 3811 2260 3879 (quos
2286 3806 2502 3877 vocant)
2535 3805 2815 3860 montibus
2857 3804 3236 3858 seaturicutes.
3275 3801 3403 3872 Ejus
3437 3802 3674 3870 regionis

2095 3908 2322 3966 tractus,
2374 3899 2469 3970 qui
2514 3899 2916 3953 mediterranea
2967 3902 3199 3966 spectat,
3232 3896 3422 3965 plenus
3457 3894 3675 3948 estele-

2096 3992 2315 4063 phautis
2343 4007 2406 4046 ae
2430 3989 2891 4052 rbinoeerotibus,
2919 3988 3202 4055 tatu-isque
3230 3995 3281 4040 et
3304 3986 3515 4040 suibus.
3544 3985 3677 4050 Qua:

2097 4102 2227 4140 vero
2258 4086 2326 4139 ad
2383 4085 2562 4139 sinum
2596 4083 2936 4152 pertingunt,
2984 4079 3230 4133 conferta
3274 4088 3397 4131 sunt
3438 4076 3674 4130 insulis:

2098 4176 2192 4229 sed
2244 4175 2327 4230 hte
2366 4173 2642 4228 fructuum
2684 4172 2898 4240 inopes,
2946 4170 3162 4234 avibus,
3197 4183 3430 4237 quarum
3465 4169 3676 4237 species

2099 4267 2328 4321 necdum
2402 4275 2697 4334 comperta:
2737 4303 2754 4328 ,
2808 4264 3243 4330 frequentantur.
3290 4258 3437 4313 Mare
3481 4259 3678 4313 exinde

2099 4356 2430 4428 profundum
2471 4364 2557 4410 est
2604 4363 2660 4408 et
2693 4354 3021 4423 navigabile,
3080 4352 3172 4405 ubi
3219 4360 3381 4405 tantm
3410 4351 3679 4404 vastitatis

2098 4458 2242 4510 sunt,
2268 4456 2404 4511 cete,
2464 4455 2525 4500 ut
2565 4446 2845 4499 horrorem
2898 4442 3173 4496 incutiant
3226 4438 3682 4495 videnli.Nautas

2101 4548 2283 4593 tamen
2332 4536 2476 4591 haud
2498 4545 2715 4599 vexant,
2768 4536 2874 4589 nisi
2921 4536 2965 4589 si
3016 4533 3111 4603 qui
3143 4534 3300 4587 inviti
3346 4535 3399 4585 in
3453 4534 3682 4587 vertices

2103 4632 2411 4695 incurrunt,
2448 4629 2723 4698 imperitia
2754 4627 3025 4681 locorum.
3062 4625 3178 4678 Non
3198 4626 3343 4678 enim
3373 4626 3683 4679 consectari

426 4723 758 4793 θρασύτερον
786 4724 913 4788 τοὺς
942 4725 1223 4790 πλέοντας,
1245 4726 1349 4778 τῶν
1373 4726 1637 4796 ὀμμάτων
1659 4727 1771 4788 τοῖς
1791 4725 1980 4796 θηρίοι.

2107 4732 2333 4795 possunt
2381 4720 2645 4778 audacius
2704 4721 3042 4789 navigantes,
3090 4734 3214 4771 eum
3261 4717 3455 4772 obtusa
3494 4716 3685 4770 oeulo-

426 4817 880 4887 ἀμαυρουμένων,
916 4817 1043 4870 ὃταν
1073 4818 1139 4869 ἐκ
1166 4816 1267 4886 τῆς
1309 4816 1577 4887 θαλάττης
1610 4817 1680 4870 τὰ
1724 4818 1998 4888 πρόσωπα

426 4909 792 4976 ἀναφαίνωσιν
816 4909 882 4961 ⁸⁸.

497 4999 622 5052 Ὅτι
679 4997 773 5051 τοῦ
849 4997 1169 5059 Φοινικῶνος
1226 4997 1293 5049 τά
1343 4996 1440 5065 μὲν
1485 4997 1689 5052 ἄνωθεν
1748 4997 1999 5069 ὁρώμενα

2108 4834 2229 4873 rum
2261 4818 2334 4871 sit
2357 4816 2525 4879 acies,
2548 4830 2580 4869 e
2611 4816 2747 4867 mari
2788 4813 3177 4868 eminentibus.

2176 4998 2305 5053 Car.
2338 4995 2501 5050 XLV.
2536 5027 2603 5037 —
2637 4995 2713 5048 De
2747 4994 2921 5049 Nessa
2944 5002 3247 5047 aromatum
3279 4990 3593 5045 conditorio.
3615 5019 3687 5031 ~—

428 5090 655 5159 πέτραις
690 5088 847 5159 ὕψεσι
878 5090 1147 5151 ποικίλαις
1182 5089 1494 5157 κατέχεται,
1528 5091 1641 5151 τοῖς
1677 5091 1721 5121 ⁹¹
1751 5090 1809 5142 δὲ
1868 5090 2003 5159 πρὸς

429 5181 705 5236 θάλασσαν
752 5181 1027 5252 διήκουσιν
1070 5180 1181 5251 ῂὼν
1227 5180 1512 5232 ὑπόκειται
1567 5180 1725 5251 στενή
1798 5196 1857 5231 τε
1912 5178 2006 5231 καὶ

432 5274 641 5343 μακρά.
668 5272 748 5342 Τῇ
778 5272 833 5325 δὲ
860 5272 1123 5343 εἰρημένῃ
1148 5271 1391 5342 παραλίᾳ
1404 5272 1662 5324 συνάπτει
1697 5271 1793 5341 μὲν
1814 5271 2005 5333 τόπος,

2108 5087 2334 5142 Palmeti
2367 5088 2477 5140 illic
2510 5087 2816 5155 superiora,
2838 5101 2959 5155 qua:
2993 5085 3169 5139 oculis
3216 5098 3274 5136 se
3305 5082 3557 5145 oﬂerunt,
3587 5082 3688 5135 ob-

2109 5179 2352 5231 tinentur
2383 5192 2413 5230 a
2455 5178 2625 5246 petris
2664 5175 2990 5229 celsitudine
3025 5174 3215 5228 variis.
3270 5172 3542 5226 Porreetis
3588 5187 3691 5225 au-

2120 5279 2227 5323 tem
2260 5270 2325 5322 ad
2358 5284 2509 5322 mare
2535 5268 2688 5322 littus
2723 5267 3030 5335 subjectum
3058 5274 3142 5318 est
3165 5273 3457 5332 angustum
3489 5274 3543 5315 et
3568 5262 3690 5315 lon-

1724 5384 1958 5438 VARle
1989 5383 2395 5439 LECTIONES.

504 5481 549 5511 τ’
585 5478 867 5543 ὲπήρεσι]
921 5479 1204 5543 κωπήρεσι
1266 5494 1374 5543 mg.
1426 5497 1439 5530 :
1506 5478 1769 5532 Diodorus
1830 5478 1975 5531 enim
2029 5478 2106 5543 (5,
2143 5479 2233 5537 40)
2280 5478 2599 5539 ἐπικώποις.
2698 5478 2745 5508 ⁸ο
2786 5478 2818 5543 ἢ
2885 5478 3061 5543 πέτρᾳ
3108 5478 3295 5543 Rufri}
3368 5478 3545 5543 πετρᾳ
3587 5478 3625 5523 Β
3674 5493 3688 5531 :

659 5478 813 5559 ήρεσι
847 5476 867 5549 ]
921 5479 1204 5559 κωπήρεσι
1266 5494 1374 5559 mg.
1426 5497 1439 5530 :
1506 5478 1769 5559 Diodorus
1791 5478 1975 5559 “enim
2029 5477 2106 5559 (ὃ,
2272 5474 2599 5559 ἐπικώποις.
2786 5475 2818 5545 ἢ
2854 5476 3061 5559 ’πέτρᾳ
3179 5472 3295 5559 ,Ατῇ
3335 5470 3545 5559 ’πέτρα
3587 5471 3625 5523 Β

508 5495 549 5511 τ’
585 5495 690 5547 επη
732 5495 867 5549 sat]
921 5495 1204 5549 κωπηρεσι
1266 5495 1374 5547 mg.
1426 5497 1439 5530 :
1506 5495 1769 5532 mouorus
1830 5495 1975 5531 enim
2029 5495 2106 5545 to,
2143 5495 2233 5537 qui
2280 5495 2599 5539 επικωποις.
2698 5495 2745 5508 σν
2786 5495 2818 5545 η
2885 5495 3061 5545 πετρᾳ
3108 5495 3195 5537 ιι,
3229 5495 3295 5542 τῃ
3368 5495 3545 5552 πεῖρα
3587 5495 3625 5523 υ
3674 5495 3688 5531 ε

434 5551 466 5620 ἦ
520 5553 588 5619 τῇ
642 5495 816 5620 nam.
846 5566 906 5620 ςἶ
1025 5549 1068 5620 ‘f
1109 5549 1498 5620 ἐπενεχθέντας
1538 5550 1606 5620 A.
1708 5549 1755 5579 ⁸³
1786 5548 1842 5600 δὲ
1883 5564 1992 5601 orn.
2024 5549 2089 5602 A.
2191 5549 2238 5620 ἒξ
2270 5546 2509 5620 θαλάττῃ
2543 5547 2644 5620 Β.-
2696 5544 2987 5620 διταύρων
3040 5558 3150 5597 om.
3207 5542 3273 5620 Α,
3331 5556 3546 5620 ταύρων
3594 5544 3692 5597 καὶ

435 5610 695 5699 ἑπιριῖιιεξι
857 5610 870 5612 -
889 5618 934 5651 ⁸⁸
967 5618 1103 5699 πρός
1139 5618 1184 5699 Β.
1211 5638 1231 5699 ς’
1245 5610 1489 5699 παρά-ἴς.
1637 5621 1899 5699 ποταμοῖς
1923 5634 2034 5672 om.
2175 5619 2237 5699 _"
2267 5610 2647 5699 καταρρεῖται]
2672 5610 3211 5699 καταρρύτοιςηοοςς.
3241 5612 3358 5699 Α...
3394 5610 3691 5699 ἀνιστο-

440 5678 837 5760 ρήτωνᾌρνέων
873 5705 931 5753 ς.
1014 5678 1097 5720 ’⁸⁸⁷
1126 5678 1370 5758 πλώῖμός
1396 5678 1456 5742 B.
1566 5689 1611 5720 9‘
1640 5678 2076 5759 διαπὲφώνηκενι
2102 5689 2211 5744 vid.
2267 5678 2590 5757 Weséeliug.
2629 5678 2713 5741 'ad
2757 5678 2979 5740 Dio‘tlor.
3028 5684 3081 5750 5,
3127 5682 3218 5738 41.
3315 5678 3358 5712 "
3385 5680 3694 5747 ἀναφαίνωο

441 5777 522 5813 σιν
554 5754 594 5810 Β
621 5776 634 5814 :
666 5761 1010 5829 ἀναφήνωσιν
1041 5776 1102 5823 ς.
1179 5760 1222 5791 ⁹²
1250 5761 1361 5823 τοῖς
1390 5760 1433 5813 Α
1459 5778 1471 5813 :
1510 5759 1734 5822 καὶτοῖς
1775 5776 1835 5822 ς.

441 5777 522 5813 σιν
554 5774 594 5810 ὕ
621 5776 634 5814 :
666 5774 1010 5826 αναφηνωσιν
1041 5776 1102 5823 ς.
1180 5774 1222 5791 "
1250 5776 1361 5823 τοις
1390 5774 1433 5813 Α
1459 5778 1471 5813 :
1510 5776 1604 5812 και
1626 5776 1734 5822 τοις
1775 5776 1835 5822 ς.
