4036 6318
481 279 552 342 55
1636 279 1899 340 ΡΗΟΤΙΙ
1919 277 2424 339 ΡΑΤΒΙΑΒΟΗίΕ
2470 278 2581 338 CP.
3666 272 3739 336 56

481 403 633 458 gum.
664 385 812 442 Mare
837 386 970 442 illud
1001 385 1221 458 attingit
1240 385 1416 449 locus,
1440 400 1606 456 quem
1636 387 1863 441 Nessam
1890 386 2055 454 (Ana-

2173 387 2215 441 lv
2283 386 2735 457 προσηγόρευσαν
2806 383 3031 453 Νῆσσαν
3081 382 3188 436 ἀπὸ
3258 381 3362 452 τῆς
3435 374 3530 435 τοῦ
3603 381 3741 445 («beo

483 480 597 546 ten)
620 478 688 533 ab
720 478 970 532 animalis
994 477 1158 546 hujus
1185 464 1558 540 multitudine,
1594 486 1930 545 nuncupant.
1961 473 2056 530 Ja-

481 581 569 625 cet
596 572 709 624 haec
734 571 887 639 juxta
914 571 1351 640 promontorium
1392 570 1645 639 apprime
1672 569 1963 631 silvosum,
2003 579 2059 623 et

481 658 529 712 si
569 659 774 713 directe
803 666 1097 727 spectetur,
1125 658 1192 713 ad
1238 658 1453 712 Petram
1485 657 1672 726 (hujus
1707 656 1949 711 nominis
1972 656 2057 710 lo-

482 752 630 817 cum)
679 758 732 803 et
774 747 1122 803 Patrestinam
1181 766 1358 819 usque
1415 750 1764 819 expanditur.
1811 748 1871 804 In
1914 749 2059 804 hanc

481 840 725 894 Gerrhaai
755 851 808 894 et
842 840 1041 904 Minaei,
1068 849 1122 895 et
1166 856 1357 895 omnes
1391 841 1445 894 in
1494 842 1804 912 propinquo
1827 840 2055 905 Arabes,

482 932 610 986 thus
655 931 736 1000 (ut
764 931 968 1001 ferunt)
998 930 1193 1003 45711
1210 941 1263 987 et
1313 946 1496 985 rerum
1528 929 1892 1001 fragrantium
1933 946 2058 989 sar-

481 1021 655 1091 cinas,
682 1038 712 1077 e
743 1023 1014 1092 superiori
1046 1023 1326 1093 provincia
1379 1023 1689 1094 deportant.

554 1202 681 1257 CAP.
714 1201 877 1257 XLV.
921 1202 1423 1275 Bythemanensium
1458 1215 1621 1271 terra,
1643 1207 1853 1276 pascuis
1889 1207 2019 1277 felix
2041 1247 2060 1273 ,

484 1293 570 1345 sed
596 1296 878 1347 noxiorum
907 1296 1224 1348 animalium
1247 1297 1400 1364 copia
1426 1297 1637 1366 infelix.
1660 1329 1729 1339 -—
1747 1297 1879 1353 Post
1910 1298 2063 1354 Laza-

486 1386 651 1438 nilem
710 1388 790 1454 (ut
838 1384 1060 1455 vocant)
1112 1387 1317 1450 sinum,
1377 1404 1538 1457 quem
1600 1389 2065 1444 circumhabitant

485 1477 717 1542 Arabes,
762 1476 1282 1549 Bythemanensium
1341 1489 1483 1535 terra
1529 1481 1767 1546 exsistit,
1820 1484 2064 1552 spatiosa

486 1579 538 1621 et
573 1568 735 1638 plana
770 1608 785 1634 ,
846 1578 1066 1639 totaque
1116 1571 1323 1641 irrigua
1373 1580 1427 1626 et
1478 1573 1769 1642 profunda.
1807 1573 2065 1629 Gramine

486 1671 696 1715 tantum
734 1672 788 1716 et
815 1663 1025 1717 medica
1054 1672 1218 1731 atque
1250 1664 1384 1728 loto,
1413 1667 1478 1718 ad
1529 1666 1631 1721 viri
1677 1675 1940 1722 staturam
1971 1684 2062 1725 as-

487 1763 765 1822 surgente,
799 1754 981 1809 omnis
1009 1756 1056 1807 ei
1093 1753 1305 1811 fructus
1345 1756 1631 1822 definitur;
1662 1773 1763 1813 nec
1800 1771 2059 1829 praeterea
2094 1743 2136 1799 Β

486 1846 784 1915 quidquam
812 1847 1163 1917 agricolalur.
1206 1848 1440 1917 Ideoque
1480 1849 1662 1904 multae
1691 1851 1745 1904 in
1781 1868 1841 1907 ea
1869 1855 2061 1909 cameli

486 1946 753 2005 agrestes,
803 1940 987 1991 multa:
1032 1954 1318 1993 cervorum
1358 1948 1411 1993 et
1457 1941 1755 1996 dorcadum
1808 1952 2061 2011 catervae,

488 2029 643 2081 multi
679 2029 840 2081 etiam
872 2029 1053 2082 ovium
1085 2045 1295 2098 greges,
1318 2040 1370 2084 et
1396 2031 1606 2086 inﬁnita
1649 2034 1833 2089 ovium
1869 2044 1925 2090 et
1943 2052 2064 2090 mu-

487 2118 660 2173 lorum
689 2129 851 2188 atque
881 2119 1042 2173 boum
1070 2131 1335 2176 armenta.
1371 2121 1467 2177 llis
1502 2136 1680 2179 autem
1709 2128 1872 2183 sortis
1894 2128 2066 2183 beatae

486 2210 789 2263 commodis
812 2208 1170 2264 infortunium
1213 2212 1316 2267 hoc
1338 2229 1605 2269 annexum
1629 2225 1811 2281 est,ut
1848 2217 2066 2273 leonum

488 2296 855 2365 luporumque
895 2307 948 2350 et
994 2300 1299 2366 pardalium
1326 2302 1540 2371 c0piam
1582 2304 1741 2359 tellus
1775 2306 2062 2373 producat.

485 2389 640 2453 Quod
677 2389 840 2459 igitur
858 2390 1069 2459 regioni
1094 2390 1417 2447 felicitatem
1445 2392 1628 2461 ellicit,
1664 2395 2069 2452 habitatoribus

486 2496 650 2534 causa
690 2490 771 2534 est
803 2481 1160 2538 infelicitatis.

555 2572 685 2627 CAP.
706 2572 893 2629 XLVI.
920 2574 995 2628 De
1028 2574 1610 2632 Batmizomanemium
1635 2588 1870 2635 terra.—
1890 2581 1931 2633 A
1952 2595 2071 2650 pro-

487 2668 648 2722 ximis
698 2670 821 2723 inde
875 2670 1152 2726 littoribus
1204 2672 1359 2728 sinus
1403 2683 1526 2740 est,
1561 2674 1629 2729 ad
1656 2675 1895 2746 regionis
1926 2676 2071 2733 illius

488 2759 753 2813 interiora
799 2760 1117 2831 devergens,
1154 2762 1249 2831 qui
1279 2762 1649 2831 profunditate
1684 2766 1751 2819 ad
1783 2768 2069 2821 minimum

488 2851 557 2906 50
599 2852 899 2906 stadiorum
921 2854 1364 2922 deprehenditur.
1390 2854 1533 2910 Intra
1550 2861 1889 2928 complexum
1912 2861 2072 2931 hujus

489 2944 583 3013 qui
634 2943 915 3006 habitant,
964 2944 1553 3002 Batmizomanensium
1589 2950 1788 3005 habent
1848 2967 2069 3017 nomen,

2160 478 2529 547 πολυπληθίας
2555 478 2600 510 ³³
2625 492 2640 508 ’
2680 474 2819 545 αὕτη
2850 476 2908 528 δὲ
2937 477 2971 545 ἡ
3004 474 3197 543 Νῆσσα
3229 475 3405 527 κεῖται
3441 474 3540 542 μὲν
3578 474 3745 541 ἐγγὺς

2159 569 2507 639 ἀκρωτηρίου
2536 566 2658 621 καθ’
2686 563 2992 636 ὑπερϐολὴν
3008 563 3265 625 ὑλώδους,
3295 561 3551 616 διατείνει
3569 561 3626 614 δὲ
3653 563 3745 613 ἐπ’

2159 659 2374 721 εὐθείας
2402 655 2752 729 θεωρουμένη
2781 655 2922 725 πρός
2946 671 3006 705 τε
3031 653 3130 724 τὴν
3161 652 3376 720 Πέτραν
3405 649 3745 719 καλουμένην

2158 754 2255 809 καὶ
2273 753 2373 821 τὴν
2402 749 2789 820 Παλαιστίνην,
2818 750 2896 811 είς
2924 747 2992 817 ἢν
3026 747 3278 818 Γερραῖοι
3309 745 3402 798 καὶ
3445 745 3666 798 Μιναῖοι
3693 743 3745 775 ’δ

2158 845 2254 899 καὶ
2270 844 2470 906 πάντες
2502 842 2551 896 οἱ
2573 841 2801 912 πλησίον
2838 838 3053 907 ἔχοντες
3091 838 3189 900 τὰς
3221 836 3465 905 οίκήσεις
3499 833 3746 904 Ἀραϐες

2158 935 2249 989 τόν
2274 951 2335 987 τε
2352 932 2671 995 λιϐανωτὸν,
2703 930 2778 993 ὡς
2803 931 2983 997 λόγος,
3020 927 3116 982 καὶ
3149 926 3218 981 τὰ
3256 924 3453 997 φορτία
3498 926 3565 978 τὰ
3600 923 3745 994 πρὸς

2160 1024 2387 1079 εὐωδίαν
2431 1024 2702 1093 ἀνήκοντα
2759 1018 2866 1075 ἀπὸ
2911 1019 3012 1088 τῆς
3046 1016 3231 1089 χώρας
3294 1016 3393 1085 τῆς
3435 1015 3549 1070 άνω
3611 1029 3743 1067 κατι

2161 1119 2408 1189 άγουσιν.

2233 1210 2358 1262 Ὀτι
2399 1207 2538 1279 μετὰ
2564 1207 2656 1261 τὸν
2687 1203 3029 1274 καλούμενον
3076 1202 3375 1270 Λαιανίτην
3408 1198 3633 1263 κόλπον,
3681 1196 3743 1250 ὃν

2167 1302 2405 1373 ’Δραϐες
2434 1300 2827 1371 περιοικοῦσιν,
2860 1300 2893 1370 ὴ
2916 1296 3282 1367 Βυθημανέων
3309 1293 3425 1347 ἐστὶ
3456 1295 3550 1362 γῆ,
3572 1290 3743 1367 πολλή

2163 1392 2338 1446 τεκαὶ
2362 1392 2586 1456 πεδιὰς,
2639 1388 2736 1443 καὶ
2777 1389 2930 1442 πᾶσα
2984 1386 3328 1457 κατάρρυτος
3380 1382 3477 1436 καὶ
3516 1382 3740 1452 βαθεῖα,

2165 1483 2438 1557 ἀγρώστει
2493 1483 2554 1536 δὲ
2611 1482 2772 1552 μόνον
2829 1480 2928 1535 καὶ
2984 1479 3187 1550 μηδικῇ
3244 1476 3337 1530 καὶ
3386 1474 3541 1544 λωτῷ
3584 1473 3748 1543 βάθος

2166 1576 2505 1648 ἀνδρόμηκες
2526 1574 2702 1644 ἔχοντι
2720 1572 2830 1635 πᾶς
2858 1572 2887 1624 ὁ
2907 1568 3123 1641 καρπὸς
3149 1569 3285 1637 αὐτῇ
3321 1566 3747 1636 περιγράφεται,

2167 1667 2353 1737 ἓτερον
2380 1664 2436 1717 δὲ
2469 1664 2705 1736 γεωργεῖ
2736 1660 2909 1715 οὐδέν.
2938 1659 3030 1711 Διὸ
3057 1656 3253 1711 πολλαὶ
3288 1656 3416 1727 [744
3448 1653 3540 1726 Η.]
3560 1654 3658 1725 μὲν
3689 1656 3749 1708 ὲν

2167 1761 2304 1831 αὐτῇ
2331 1758 2523 1829 ἀγρίαι
2543 1756 2800 1827 κάμηλοι,
2830 1752 3025 1807 πολλαὶ
3044 1752 3099 1805 δὲ
3125 1750 3342 1819 ἐλάφων
3365 1749 3461 1803 καὶ
3472 1748 3750 1818 δορκάδων

2165 1853 2376 1923 ἀγέλαι,
2414 1850 2605 1921 συχναὶ
2637 1850 2694 1902 δὲ
2721 1850 2951 1918 ποῖμναι
3001 1845 3291 1916 προϐάτων
3322 1845 3419 1896 καὶ
3468 1841 3752 1913 ἀμύθητος

2165 1944 2398 2016 ἀριθμὸς
2428 1943 2670 2013 ἡμιόνων
2700 1941 2798 1994 καὶ
2845 1939 3005 2010 βοῶν.
3043 1936 3268 1999 Τούτοις
3298 1935 3355 1987 δὲ
3385 1936 3497 1996 τοῖς
3544 1934 3748 2002 εὐκλη-

2169 2034 2405 2103 ρήμασιν
2451 2032 2497 2064 ’³
2552 2030 2927 2099 ἀντικείμενον
2957 2026 3421 2098 παραπέπλεκται
3457 2025 3504 2055 ⁸⁸
3548 2025 3742 2077 κακόν·

2166 2123 2394 2176 λεόντων
2421 2120 2531 2192 γὰρ
2564 2121 2661 2174 καὶ
2694 2120 2873 2174 λύκων
2904 2120 2998 2173 καὶ¹
3027 2118 3348 2188 παρδάλεων
3388 2118 3752 2185 συναναφέρει

2167 2211 2368 2281 πλῆθος
2402 2216 2430 2280 ή
2459 2212 2553 2281 γῆ,
2585 2211 2660 2275 ὡς
2683 2206 2823 2264 εἶναι
2848 2210 2911 2262 τὸ
2933 2209 3035 2280 τῆς
3069 2207 3253 2279 χώρας
3283 2207 3591 2276 ἐπίτευγμα
3635 2210 3753 2271 τοῖς

2167 2306 2411 2374 οίκηταῖς
2462 2304 2634 2357 αἴτιον
2675 2302 2961 2373 ἁκληρίας.

2244 2578 2405 2651 [1569
2437 2579 2533 2651 [1.]
2566 2579 2701 2633 Ἀπὸ
2747 2578 2804 2632 δὲ
2846 2578 2957 2632 τῶν
3007 2576 3206 2649 ἐφεξῆς
3244 2578 3506 2645 αἱγιαλων
3553 2577 3754 2631 κόλποῖ

2172 2673 2286 2725 ἐστὶ
2307 2672 2574 2736 νενευκὼς
2641 2672 2740 2743 μὲν
2782 2672 2863 2735 είς
2915 2671 3004 2724 τὸν
3054 2671 3224 2743 μυχὸν
3254 2671 3357 2740 τῆς
3397 2671 3603 2740 χώρας,
3651 2671 3754 2723 οὐκ

2172 2764 2392 2819 ἔλαττον
2441 2765 2500 2818 δὲ
2551 2765 2781 2818 σταδίων
2834 2764 3207 2817 πεντακοσίων
3283 2762 3627 2816 ὑποδείκνυσι
3690 2763 3754 2815 τὸ

2175 2857 2358 2927 βάθος.
2419 2860 2481 2911 Οί
2539 2857 2595 2910 δὲ
2651 2857 2749 2927 τὴν
2799 2858 2949 2918 ἐντὸς
2986 2855 3080 2908 τοῦ
3112 2855 3313 2907 κόλπου
3359 2855 3752 2916 κατοικοῦντες

2175 2950 2463 3003 καλοῦνται
2491 2950 2587 3019 μὲν
2605 2947 3063 3018 Βατμιζομανείς,
3093 2947 3199 2999 εἰσὶ
3239 2946 3295 2999 δὲ
3324 2949 3552 3017 κυνηγοὶ⁸
3576 2947 3685 3000 τῶν
3706 2949 3753 2979 ⁹⁷

488 3034 789 3088 bestiarum
827 3038 1168 3091 terrestrium
1210 3049 1517 3095 venatores.
1561 3040 1710 3096 Ilanc
1735 3050 1932 3097 terram
1960 3054 2069 3101 tres

2175 3040 2443 3112 χερσαίων
2472 3038 2647 3104 ζώων.
2681 3040 2793 3110 τήν
2822 3039 2866 3092 δ’
2894 3040 3192 3108 εἰρημένην
3221 3037 3401 3108 χώραν
3436 3039 3757 3108 νῆσοι-τρεῖς

489 3137 796 3195 sequuntur
822 3128 1035 3192 insulre,
1083 3129 1332 3199 pluribus
1361 3132 1535 3185 obvim
1569 3132 1855 3199 portubus.
1886 3134 2064 3189 Prima

2173 3132 2501 3203 ἐκδέχονται,
2535 3130 2760 3201 λιμένας
2790 3129 3042 3184 ποιοῦσαι
3068 3128 3288 3190 πλείους
3317 3144 3330 3158 ’
3363 3121 3439 3181 ὧν
3467 3129 3567 3196 τὴν
3600 3127 3759 3197 nptia-

488 3218 614 3273 Isidi
640 3236 798 3274 sacra
828 3237 843 3285 ;
876 3222 1068 3288 altera,
1108 3219 1391 3289 Succaba;
1428 3225 1608 3284 tertia.
1660 3222 1860 3296 Salydo
1890 3228 2069 3281 nomi-

488 3323 673 3368 natur.
742 3312 978 3367 Desertae
1034 3330 1248 3378 omnes,
1291 3324 1346 3369 et
1396 3316 1556 3371 olivis
1616 3318 2068 3375 umbrosaeznon

489 3404 678 3474 quales
704 3406 847 3476 apud
872 3422 993 3471 nos,
1019 3408 1112 3462 sed
1144 3407 1253 3463 illis
1276 3408 1330 3461 in
1355 3408 1514 3475 locis,
1546 3406 1822 3466 crescunt’.

562 3590 692 3646 CAP.
728 3588 941 3645 XLVII.
975 3589 1052 3645 De
1079 3591 1282 3661 difﬁcili
1307 3590 1536 3663 quodam
1568 3593 1816 3650 transitu.
1837 3623 1910 3636 -
1939 3592 2073 3653 Post

488 3683 765 3752 expositas
811 3682 923 3752 jam
977 3682 1206 3747 insulas,
1261 3683 1412 3737 littus
1470 3694 1617 3754 patet
1667 3685 1968 3755 lapidosum
2019 3697 2072 3741 et

489 3791 772 3842 magnum.
804 3776 973 3829 Terra
996 3784 1082 3829 est
1116 3773 1355 3829 Arabum
1392 3775 1900 3841 Thamudenorum,
1950 3792 2075 3847 pro-

489 3876 609 3937 pter
638 3882 799 3935 quam
826 3865 1205 3935 navigantibus
1240 3866 1344 3920 iter
1373 3877 1475 3932 est,
1501 3868 1639 3922 ultra
1697 3868 1836 3922 1000
1874 3870 2071 3935 stadia,

489 3961 737 4013 omnium
788 3959 1263 4014 molestissimum.
1315 3958 1433 4014 Non
1458 3961 1603 4015 enim
1638 3974 1829 4030 portus
1860 3961 1933 4014 ibi
1968 3972 2071 4028 est,

488 4051 732 4106 accessui
759 4058 812 4103 et
843 4049 1400 4106 stationiconimodus
1432 4067 1577 4107 :uon
1605 4054 1783 4106 Solum
1818 4052 2074 4108 anchoris

491 4151 884 4213 Opportunum,
957 4156 1069 4195 non
1126 4150 1317 4210 portus
1373 4142 1441 4195 ad
1490 4143 1902 4209 protectionem,
1967 4159 2073 4197 non

491 4236 707 4300 ungulae
742 4231 1056 4301 vestigium,
1086 4245 1196 4300 quo
1223 4246 1321 4285 ceu
1356 4230 1668 4285 necessario
1698 4240 1861 4285 nauta
1892 4230 2073 4300 perfu-

490 4325 578 4395 gio
601 4324 909 4392 recipiatur.
928 4322 1057 4377 Post
1089 4324 1347 4387 lnec,non
1370 4322 1727 4389 continenter,
1758 4324 1850 4378 sed
1876 4342 1970 4395 per
1993 4327 2076 4380 in-

2167 3240 2268 3294 ⁴την
2301 3224 2495 3286 Ἴσιδος
2532 3223 2684 3293 ἱερὰν
2744 3221 3058 3291 ὠνόμασαν,
3111 3220 3210 3290 τὴν
3245 3220 3303 3272 δὲ
3331 3219 3592 3288 δευτέραν
3619 3220 3758 3271 Σου-

2169 3313 2380 3368 καϐύαν
2401 3315 2469 3378 ’⁸,
2497 3315 2595 3384 τὴν
2620 3314 2677 3367 δὲ
2708 3312 2901 3384 τρίτην
2930 3311 3172 3375 Σαλυδὼ,
3205 3312 3445 3379 ἐρήμους
3470 3310 3527 3362 δὲ
3575 3310 3761 3372 πάσας

2169 3409 2263 3462 καὶ
2293 3408 2548 3468 συσκίους
2572 3406 2802 3469 ἐλαίαις,
2829 3405 2889 3458 οὐ
2917 3407 3034 3466 ταῖς
3066 3403 3195 3475 παρ’
3212 3405 3362 3475 ἡμῖν,
3383 3402 3522 3457 ἀλλὰ
3546 3405 3668 3467 ταῖς
3698 3403 3761 3457 ὲν

2169 3498 2400 3560 ἐκείνοις
2427 3498 2539 3559 τοῖς
2554 3496 2742 3558 τόποις
2766 3495 3084 3564 φυομέναις.
3210 3490 3221 3499 ’

2242 3591 2395 3643 Μετᾶ
2444 3589 2623 3650 δὲτὰς
2674 3589 2874 3656 νήσους
2921 3586 3020 3649 τὰς
3068 3585 3394 3655 ἐκκειμένας
3441 3585 3587 3640 ἔστιν
3627 3584 3762 3639 ίδεῖν

2172 3682 2417 3751 αἰγιαλὸν
2485 3680 2682 3750 λιθώδη
2742 3680 2837 3733 καὶ
2900 3681 3147 3750 μακρόν·
3182 3680 3216 3749 ἡ
3268 3678 3325 3732 δὲ
3349 3678 3501 3748 χώρα
3538 3679 3764 3748 Θαμου-ι

2172 3774 2344 3844 δηνῶν
2368 3775 2411 3805 ⁹⁹
2456 3773 2724 3842 Ἀράϐων.
2762 3771 2822 3824 '0
2850 3771 2907 3824 δὲ
2934 3772 3071 3840 πρὸς
3102 3771 3305 3842 ταύτην
3326 3771 3647 3843 παράπλους
3666 3773 3763 3825 ἐπὶ

2176 3864 2421 3925 σταδίους
2461 3863 2573 3917 τῶν
2606 3863 2793 3934 χιλίων
2828 3864 3046 3928 πλείους
3073 3866 3292 3919 πάντων
3326 3863 3713 3935 χαλεπώτατος
3741 3883 3756 3895 ·

2174 3957 2234 4009 ού
2260 3958 2368 4027 γὰρ
2395 3955 2563 4021 ἔστιν,
2583 3957 2682 4008 οὐκ
2713 3956 2882 4024 ἐστιν,
2914 3956 2974 4009 ού
3006 3957 3021 3987 ⁸
3052 3956 3218 4026 λιμήν
3244 3954 3497 4028 εὔορμος,
3515 3957 3575 4009 οὐ
3598 3956 3764 4019 σάλος

2175 4047 2261 4102 ἐπ’
2302 4047 2576 4116 ἀγκύρας,
2616 4046 2677 4099 ού
2729 4046 2927 4111 κόλπος
2985 4048 3079 4100 ἐπὶ
3110 4047 3319 4118 σκέπης
3356 4048 3400 4113 ²,
3457 4048 3519 4101 οὐ
3586 4046 3765 4116 χηλῆς

2176 4137 2512 4208 ἐντύπωμα,
2573 4137 2847 4205 ἀναγκαία
2911 4138 3238 4208 καταφυγὴ,
3296 4138 3390 4191 τὸν
3446 4139 3699 4192 ναυτίλον
3742 4140 3765 4169 ³

2176 4230 2487 4302 δεχόμενον.
2536 4229 2691 4284 Μετὰ
2739 4230 2911 4283 ταῦτα
2958 4230 3015 4284 δὲ
3047 4231 3147 4283 οὐκ
3178 4231 3340 4293 εὐθὺς
3364 4231 3585 4301 ἐφεξῆς,
3620 4230 3764 4286 ἀλλὰ

2179 4324 2299 4395 μεθ’
2368 4324 2533 4396 ἕτερά
2605 4340 2762 4386 τινα,
2813 4320 2960 4375 ἔστιν
3012 4322 3259 4390 αἰγιαλὸς
3324 4323 3404 4385 εἰς
3452 4321 3763 4393 ὑπερϐολῆς

493 4417 738 4481 tervalla,
785 4416 937 4471 littus
970 4416 1280 4471 extenditur
1321 4415 1485 4469 nimis
1518 4431 1682 4485 quam
1715 4416 2019 4485 lapidosum
2054 4437 2067 4471 :

2178 4416 2442 4488 κάθυδρος
2499 4417 2915 4486 ὲκτεινόμενος,
2987 4414 3084 4469 καὶ
3131 4414 3195 4467 τὸ
3244 4414 3768 4487 προσηγορευμένον

490 4519 543 4564 ct
571 4523 725 4561 mons
755 4505 971 4561 Lemnus
1017 4508 1457 4576 inexplicabilem
1500 4507 1761 4561 circuitus
1805 4509 2073 4578 magnitu-

493 4601 676 4653 dinem
711 4606 1017 4663 ostentans,
1046 4606 1100 4651 et
1130 4598 1390 4651 arborum
1446 4596 1630 4651 omnis
1660 4598 1872 4666 generis
1903 4598 2072 4652 saltu-

491 4694 595 4746 bus
627 4691 882 4746 amictus.

703 4782 834 4837 CAP.
876 4779 1107 4836 XLVIII.
1135 4811 1205 4820 —
1236 4780 1311 4834 De
1337 4791 1485 4850 gente
1509 4781 1859 4836 Dedebarum.

563 4873 822 4928 Finitima
851 4872 1085 4928 desertis
1119 4871 1205 4927 his
1238 4872 1515 4926 montanis
1551 4873 1775 4927 Dedebae
1806 4874 2072 4941 incolunt,

494 4966 692 5037 partim
742 4964 1081 5028 armentarii,
1135 4964 1332 5031 partim
1372 4965 1648 5031 agricola,
1708 4982 1945 5034 quorum
1978 4984 2074 5037 per

495 5058 729 5113 mediam
766 5056 1042 5125 regionem
1080 5055 1258 5109 amnis
1280 5055 1478 5109 labitur
1510 5066 1702 5111 natura
1746 5058 2072 5125 tripartitus,

495 5159 551 5203 et
578 5157 823 5203 ramenta
854 5147 974 5202 auri
1004 5146 1198 5212 defert,
1232 5157 1341 5200 tam
1368 5150 1661 5215 conspicua
1710 5152 1979 5215 ubertate,
2018 5161 2075 5204 ut

497 5239 660 5293 limus
701 5239 767 5293 ad
813 5238 953 5293 ostia
1027 5247 1417 5303 coacervatus,
1466 5239 1667 5310 ﬁssa
1710 5243 1898 5309 procul
1950 5243 2074 5296 inde

497 5331 702 5386 rutilet.
735 5330 864 5386 Loci
891 5346 1238 5402 possessores
1291 5332 1463 5404 ignari
1494 5344 1623 5389 sunt
1655 5335 1706 5387 id
1738 5351 1910 5404 genus
1941 5350 2070 5404 ope-

2177 4510 2385 4579 Λαιμὸν
2415 4508 2560 4579 ὅρος,
2597 4508 2876 4579 ἀμύθητον
2909 4509 3007 4580 μὲν
3045 4508 3343 4577 ἁναφαῖνον
3370 4510 3471 4579 τῆς
3525 4510 3765 4580 περιμέο

2178 4618 2307 4670 τρου
2348 4601 2451 4653 τὸδ
2498 4600 2767 4671 μέγεθος,
2800 4600 3062 4665 παντοίας
3106 4601 3163 4654 δὲ
3217 4600 3351 4672 ὕλης
3409 4600 3634 4672 δρυμοῖς
3679 4601 3772 4655 δι-

2181 4693 2513 4763 εζωσμένον.

2565 4788 2702 4853 Περὶ
2731 4787 2947 4854 ἔθνους
2972 4787 3090 4842 τῶν
3114 4788 3396 4844 Δεδεϐὧν.

2247 4880 2369 4933 ’Ὁτι
2419 4876 2519 4948 τὴν
2543 4879 2906 4946 ἀστυγείτονα
2933 4881 3030 4949 τῆς
3062 4881 3281 4950 ὀρεινῆς
3314 4884 3513 4954 χέρσου
3540 4881 3770 4935 Δεὸεϐαὶ

2175 4970 2542 5036 κατοικοῦσιν,
2578 4970 2627 5022 οἱ
2662 4970 2760 5039 μὲν
2792 4972 3048 5040 νομάδες,
3100 4975 3149 5024 οἱ
3193 4974 3252 5026 δὲ
3306 4976 3523 5044 γεοῦχοι
3556 4977 3599 5028 ³.
3662 4967 3772 5028 Ὧν

2173 5063 2316 5115 κατὰ
2344 5062 2515 5133 μέσην
2542 5064 2643 5135 τὴν
2674 5063 2862 5133 χώραν
2885 5065 3127 5135 ποταμὸς
3153 5065 3470 5136 διαφέρεται
3491 5068 3775 5137 τριμερὴς

2182 5155 2278 5223 μὲν
2330 5156 2395 5225 τῇ
2434 5154 2615 5223 φύσει,
2666 5157 2865 5226 ψῆγμα
2924 5156 2982 5209 δὲ
3033 5156 3238 5228 χρυσοῦ
3283 5159 3571 5228 κατάγων,
3620 5156 3775 5211 οὕτω

2184 5244 2443 5315 σύνδηλον
2480 5245 2580 5315 τὴν
2626 5245 2906 5313 δαψίλειαν
2961 5246 3098 5316 ἔχων
3149 5246 3289 5300 ὥστε
3344 5250 3443 5318 τὴν
3501 5250 3614 5303 ἰλὺν
3666 5250 3775 5318 τὴν

2185 5335 2322 5404 πρὸς
2351 5337 2469 5397 ταῖς
2521 5335 2773 5398 ἐκϐολαῖς
2810 5337 3153 5409 συνηγμένην
3184 5337 3466 5408 πόρῤωοεν
3506 5339 3776 5393 ἀποστίλ-

1794 5429 2025 5484 νΑΒΙᾸΞ
2065 5428 2469 5485 LECTIONES.

607 5522 654 5552 ¹³³
668 5520 1084 5591 Απολυπληθείας
1118 5520 1182 5576 Β.

506 5593 548 5645 Α
580 5608 594 5645 :
622 5589 731 5642 τῶν
762 5607 823 5643 τε
854 5609 913 5655 ς.

1292 5522 1338 5555 ’⁵
1371 5524 1621 5593 Μινναίοι
1674 5524 1733 5575 Β.
1812 5524 1856 5556 ⁸⁸
1888 5521 2321 5593 εὐκληρήμασιν]
2345 5521 2685 5593 ἐγκλήμασιν
2716 5525 2751 5575 Α

993 5592 1039 5623 9⁸
1070 5592 1474 5665 Σουκαβύανλ..
1501 5593 1678 5648 καϐαν
1708 5596 1766 5655 Β,
1802 5594 2004 5647 int‘mtn
2042 5591 2247 5665 Syllaba
2302 5591 2494 5665 prima.

2880 5524 2925 5557 "
2953 5525 3369 5596 παραπλέκεται
3397 5528 3462 5581 Α.
3562 5529 3606 5559 ’⁷
3655 5528 3776 5581 τῶν

2595 5593 3046 5671 θ’ᾼΘαμουδηνῷν
3091 5595 3130 5646 Β
3163 5605 3388 5671 et_c_o_rr.
3425 5598 3466 5649 Α
3500 5616 3512 5651 :
3546 5600 3770 5671 Θαμου-

502 5661 672 5737 δινῶνΔ
696 5679 755 5725 ς.
791 5733 806 5737 _
836 5664 849 5694 ¹
882 5663 941 5716 οὐ
968 5673 1099 5737 ante
1126 5663 1297 5737 Δλιμήν
1326 5661 1454 5718 add.
1483 5666 1523 5721 Δ
1626 5665 1645 5694 ²
1673 5664 1975 5733 ἐπισκὲπης
2031 5661 2117 5718 Λ’;
2159 5662 2463 5731 ἐπισκεπής
2495 5679 2555 5727 ς.
2632 5664 2654 5695 ³
2676 5661 2924 5718 ναυτίλον
2954 5666 2998 5719 Α
3028 5681 3044 5719 :
3079 5665 3491 5737 ναυτιλλόμενον
3517 5685 3576 5731 ς.
3630 5661 3672 5701 ’⁵
3705 5674 3773 5724 τὸ

506 5748 616 5786 om.
645 5731 708 5785 A.
789 5733 809 5763 ⁵
837 5731 1081 5802 γαιοῦχοι
1111 5734 1171 5786 Α.
