4152 6420
352 339 433 399 57
1485 336 2014 397 BlBLIO’l‘HECA.
2053 334 2308 397 -COD.
2350 337 2505 399 CCL.
2916 406 2919 413 η
3566 342 3638 404 58

350 448 502 503 ϐειν.
552 448 615 501 0i
650 446 708 500 δὲ
734 447 829 502 τὸν
874 446 1039 501 τόπον
1086 444 1360 511 οίκοῦντες
1399 449 1499 518 τῆς
1546 465 1645 519 μεν
1699 450 1949 520 ἐργασίας

2067 446 2314 513 rationis,
2349 450 2443 502 seu
2482 446 2683 501 eximie
2730 446 3050 517 hospitales,
3094 460 3206 504 non
3236 449 3454 520 quidem
3506 468 3634 525 erga

352 544 470 596 εἰσὶ
498 541 601 609 τῆς
632 538 891 609 τοιαύτης
919 539 1155 610 ἄπειροι,
1178 540 1441 608 φιλόξενοι
1461 540 1519 593 δὲ
1542 544 1619 604 είς
1637 541 1947 613 ὑπερϐολὴν

350 636 421 688 οὐ
454 635 624 686 πᾶσιν
659 631 994 702 ἀνθρώποις,
1046 632 1183 686 ἀλλά
1218 634 1331 695 τοῖς
1379 632 1487 686 ἀπὸ
1537 634 1945 700 Πελοποννήσου

352 722 744 778 διεκϐάλλουσι
794 723 891 775 καὶ
944 722 1227 790 Βοιωτίας,
1257 721 1348 776 διά
1391 739 1517 777 τινα
1568 721 1806 793 μυθικὴν
1853 722 1945 793 ἀφ’

371 815 707 885 Ἡρακλέους
742 813 1006 883 ἱστορίαν.

432 905 652 958 Τούτων
684 904 1067 972 άστυγείτονές
1128 906 1265 958 εἰσιν
1309 905 1563 959 ’Δλιλαῖοι
1592 906 1688 959 καὶ
1723 907 1945 959 Κασαν-

353 999 528 1067 δρεῖς,
548 996 845 1066 κέκτηνται
874 996 931 1048 δὲ
959 999 1061 1066 γῆν
1081 996 1333 1066 οὐδαμῶς
1358 999 1599 1051 ἐοικυῖαν
1626 999 1748 1061 ταῖς
1769 1014 1951 1067 προει-

361 1089 654 1159 ρημέναις.
684 1087 823 1141 Οὔτε
850 1087 959 1158 γὰρ
984 1088 1288 1157 ὲψυγμένος
1317 1090 1346 1141 ὁ
1370 1090 1478 1159 ἀὴρ
1498 1089 1616 1142 οὔτε
1642 1089 1805 1162 ξηρὸς
1825 1088 1948 1143 οὔτε

355 1180 632 1251 ἔμπυρος,
691 1178 942 1250 μαλακὴν
996 1179 1052 1232 δὲ
1107 1180 1203 1233 καὶ
1275 1180 1497 1235 δασεῖαν
1538 1180 1767 1252 νεφέλην
1822 1182 1951 1235 ὑπο-

356 1270 649 1334 δεικνύων,
695 1271 789 1339 ἀφ’
820 1265 890 1343 ἦς
916 1270 1069 1334 ὑετὸς
1116 1272 1137 1303 ⁶
1172 1271 1268 1324 καὶ
1299 1271 1566 1342 χειμῶνες
1587 1272 1827 1340 γίνονται
1856 1275 1950 1327 καὶ

358 1360 559 1429 θέρους
587 1361 607 1391 ⁷
637 1360 905 1432 εὔκαιροι.
935 1362 1046 1430 Τῆς
1064 1378 1123 1414 τε
1149 1360 1333 1431 χώρας
1358 1363 1391 1432 ἡ
1423 1364 1648 1434 πλείστη
1662 1364 1949 1435 πάμφορος

366 1452 467 1521 μέν
500 1454 669 1516 ἐστιν,
732 1451 796 1504 οὐ
836 1454 987 1505 πᾶσα
1036 1453 1095 1507 δὲ
1141 1454 1404 1523 τυγχάνει
1465 1454 1782 1527 Θεραπείας,
1838 1456 1949 1510 τῶν

362 1544 541 1596 ἄλλων
569 1543 595 1576 ⁸
653 1544 1029 1615 ἀπειροτέρων
1082 1544 1271 1598 ὄντων.
1337 1545 1441 1599 Τὸν
1512 1545 1693 1614 μέντοι
1749 1545 1949 1617 χρυσὸν

360 1634 694 1705 ὀρύσσοντες
720 1636 778 1689 έν
806 1638 919 1699 τοῖς
957 1636 1269 1691 πλακώδεσι
1302 1639 1400 1709 τῆς
1440 1636 1625 1710 χώρας
1656 1638 1950 1709 ὑπονόμοις

363 1725 687 1795 εὑρίσκουσι
763 1725 953 1789 πολὺν,
1033 1726 1096 1781 ού
1166 1727 1258 1780 τὸν
1336 1728 1743 1798 συντηκόμενον
1831 1728 1949 1799 μετ’

363 1788 683 1886 ἐπιστήμης
713 1816 809 1868 καὶ
837 1818 1036 1887 τέχνης
1089 1817 1155 1870 ἐκ
1196 1814 1291 1870 τοῦ
1342 1816 1471 1889 [745
1639 1788 1946 1890 ψήγματος,
1979 1788 2025 1847 Β

362 1904 501 1959 ἀλλά
530 1904 625 1957 τὸν
648 1903 979 1974 αὐτόματον,
1012 1905 1347 1976 καλούμενον
1370 1906 1426 1959 δὲ
1449 1907 1537 1959 διὰ
1572 1908 1632 1959 τὸ
1657 1908 1953 1978 συμϐαῖνον

362 1997 499 2067 παρ’
556 1995 818 2064 Ἕλλησιν
872 1991 1205 2066 ἄπυρονοοῦ
1258 1998 1320 2049 τὸ
1372 1997 1470 2068 μὲν
1516 1998 1798 2069 ἐλάχιστον
1839 1999 1953 2071 ἔχει

367 2086 602 2157 μέγεθος
658 2088 919 2158 πυρῆνος,
968 2089 1028 2141 τὸ
1063 2088 1118 2141 δὲ
1173 2088 1335 2158 μέσον
1371 2090 1655 2157 μεσπίλου,
1687 2091 1746 2144 τὸ
1773 2091 1830 2144 δὲ
1867 2093 1954 2162 μέ.

364 2196 552 2247 γιστον
574 2178 717 2231 ὥστε
754 2179 1055 2248 βασιλικοῖς
1085 2180 1536 2249 παραϐάλλεσθαι
1572 2183 1815 2253 καρύοις.
1857 2185 1953 2237 Ὃν

370 2271 666 2341 τρήσαντες
713 2270 945 2333 ἐναλλὰξ
999 2269 1283 2338 διαφανέσι
1312 2271 1479 2335 λίθοις
1536 2273 1663 2343 περί
1713 2289 1773 2326 τε
1828 2275 1953 2337 τοὺς

381 2362 619 2432 καρποὺς
650 2361 881 2432 φοροῦσι
910 2361 1016 2415 τῶν
1050 2360 1249 2432 χειρῶν
1277 2361 1372 2414 κα)⁸
1401 2362 1530 2431 περὶ
1556 2364 1682 2425 τοὺς
1700 2362 1949 2434 αὐχένας,

386 2452 524 2520 πρὸς
561 2468 615 2503 τε
655 2452 783 2514 τοὺς
847 2451 1237 2519 ἀστυγείτονας
1299 2452 1627 2522 μετάγοντες
1682 2453 1952 2507 πωλοῦσιν

375 2543 605 2605 εὐτελῶς
631 2560 646 2575 ”
679 2544 774 2596 τὸν
831 2543 933 2613 μὲν
984 2542 1096 2615 γάρ
1146 2543 1347 2614 χαλκὸν
1402 2544 1537 2615 πρὸς
1595 2544 1687 2598 τὸν
1753 2546 1952 2617 χρυσὸν

366 2636 699 2706 τρίσταθμον
726 2635 1107 2701 ἀλλάττονται,
1128 2636 1218 2689 τὸν
1240 2635 1299 2688 δὲ
1329 2637 1447 2707 σίδη
1457 2653 1548 2707 ρον
1568 2638 1703 2707 πρὸς
1729 2638 1951 2691 διπλοῦν

369 2728 618 2799 χρυσίον.
662 2728 723 2783 Ὃ
764 2729 823 2782 δὲ
858 2730 1098 2800 ἄργυρος
1145 2729 1238 2781 τοῦ
1296 2728 1497 2800 χρυσοῦ
1551 2730 1681 2783 δέκα
1728 2731 1950 2785 δύναται

366 2818 592 2889 μοίρας,
622 2822 691 2889 τῇ
735 2818 990 2890 δαψιλείᾳ
1022 2819 1118 2872 καὶ
1150 2818 1459 2889 σπάνειτῆς
1504 2819 1660 2884 ἀξίας
1693 2833 1947 2892 παραμε-

362 2911 699 2980 τρουμένης,
732 2913 790 2964 ὲν
820 2906 901 2973 οἷς
926 2910 1225 2964 ἀποϐλέπει
1260 2912 1365 2971 πᾶς
1399 2914 1428 2963 ὁ
1464 2909 1574 2980 βίος
1600 2910 1659 2962 οὐ
1695 2915 1831 2981 πρὸς
1853 2912 1950 2980 τὴν

367 3003 558 3073 φύσιν,
595 3002 732 3055 ἀλλά
759 3001 896 3072 πρὸς
921 3002 1018 3072 τὴν
1052 3001 1492 3072 χρείαν.Ἱόύτων
1519 3000 1577 3054 δὲ
1602 3002 1710 3054 τῶν
1740 3003 1949 3073 ἀνδρῶν

364 3102 614 3167 συνεχεῖς
634 3096 853 3168 Κάρϐαι
876 3096 1167 3165 κατέχουσι
1188 3095 1286 3166 τὴν
1319 3094 1569 3166 ἤπειρον,
1591 3093 1947 3164 ἐκδεχομένου

365 3191 585 3261 λιμένος
635 3188 987 3258 ἀγχιϐαθοῦς,
1027 3189 1085 3241 ἐν
1123 3183 1167 3257 ᾧ
1211 3188 1412 3259 κρῆναι
1446 3187 1666 3249 πλείους
1711 3186 1949 3241 ἀναϐάλ-

362 3284 570 3337 λουσιν.

435 3372 602 3446 [1572
637 3372 731 3444 IL]
762 3371 988 3441 Ἑφεξῆς
1005 3372 1063 3424 δὲ
1088 3372 1109 3403 ³
1133 3370 1193 3423 τὸ
1212 3369 1579 3425 τῶνΣαϐαίων
1594 3369 1947 3423 ὲπισυνάπτει

362 3468 545 3535 γένος,
580 3466 838 3534 μέγιστον
858 3463 966 3516 τῶν
983 3462 1126 3516 κατὰ
1152 3463 1250 3533 τὴν
1278 3461 1539 3532 Ἀραϐίαν
1574 3462 1668 3515 καὶ
1692 3462 1948 3524 παντοίας

364 3558 561 3629 κύριον
614 3555 979 3627 εὐδαιμονίας.
1014 3555 1125 3614 Καὶ
1175 3554 1284 3625 γὰρ
1306 3557 1340 3624 ὴ
1381 3554 1453 3624 γῆ
1481 3553 1664 3607 πάντα
1696 3557 1851 3623 φέρει
1880 3554 1947 3607 τὰ

365 3652 657 3721 παρ’ὴμῖν
680 3649 943 3719 γινόμενα
982 3648 1024 3680 ¹⁰
1061 3648 1198 3719 πρὸς
1232 3646 1345 3716 βίον
1382 3647 1449 3709 ¹¹,
1486 3645 1580 3698 καὶ
1618 3644 1687 3697 τά
1720 3644 1949 3713 σώματά

362 3746 486 3797 ἐστι
514 3742 627 3795 τῶν
661 3738 1062 3795 κατοικούντων
1104 3735 1531 3806 ἀξιολογώτερω
1585 3735 1973 3821 βοσκημάτωνΙ

366 3837 778 3906 κεχορήγηνται
809 3832 1075 3901 πλήθεσιν
1107 3829 1426 3901 ἀμυθήτοις.
1468 3828 1641 3896 ὐσμή
1674 3843 1734 3878 τε
1766 3828 1947 3880 πᾶσαν

364 3927 561 3997 ἐπέχει
587 3927 685 3995 τὴν
709 3923 1003 3995 παραλίαν,
1032 3922 1159 3985 θέας
1192 3923 1237 3954 ¹¹
1270 3937 1330 3973 τε
1361 3919 1456 3972 καὶ
1504 3918 1663 3984 λόγου
1713 3918 1948 3988 κρείττω

364 4019 561 4089 τέρψιν
610 4019 722 4080 τοῖς
762 4013 1183 4085 ἀφικνουμένοις
1227 4011 1736 4075 κατασκευάζουσα.
1790 4009 1947 4078 Παρὰ

369 4109 633 4179 μὲν,γάρ
677 4105 847 4177 αὐτὴν
886 4106 1098 4174 πέφυκε
1136 4103 1235 4175 τὴν
1260 4102 1527 4156 θάλατταν
1559 4102 1603 4134 ⁸³
1649 4100 1710 4153 τό
1733 4117 1794 4152 τε
1817 4100 1946 4169 βάλ-

369 4215 545 4269 σαμον
584 4196 718 4250 πολὺ
748 4197 843 4251 καὶ
864 4194 1062 4249 κασσία
1106 4195 1151 4226 ¹⁸
1172 4193 1265 4247 καί
1297 4210 1382 4257 τις
1412 4194 1454 4224 ίδ
1478 4193 1613 4262 άλλη
1637 4191 1945 4261 πρόσφατος

370 4291 473 4357 μὲν
498 4288 723 4358 ἡδίστην
773 4288 970 4357 ἔχουσα
1024 4286 1070 4317 ³⁸
1104 4284 1216 4338 τῶν
1256 4284 1522 4354 ὀμμάτων
1550 4284 1766 4354 τέρψιν,
1803 4284 1862 4335 ἐν
1890 4282 1945 4335 δὲ

366 4381 446 4450 τῷ
505 4379 771 4449 χρονίζειν
831 4377 1090 4448 γινομένη
1151 4377 1430 4446 συντόμως
1488 4374 1753 4445 ἐξίτηλος,
1803 4373 1943 4426 ὥστε

2054 537 2309 593 homines
2346 538 2663 601 universos,
2689 539 2783 592 sed
2809 551 2904 593 eos
2927 538 3219 607 praecipue,
3259 540 3350 609 qni
3384 556 3448 596 ex
3479 540 3639 598 Pelo-

2048 644 2292 700 ponneso
2321 640 2375 685 et
2410 631 2619 686 Boeotia
2655 631 2779 687 illac
2812 631 3142 700 trajiciunt:
3174 644 3394 702 propter
3421 635 3633 689 fabulo-

2050 740 2167 780 sam
2201 725 2491 795 quamdam
2521 727 2590 779 ab
2624 724 2855 780 Hercule
2880 725 3005 781 inde
3035 741 3212 797 usque
3242 729 3632 782 narrationem.

2119 902 2251 956 CAP.
2302 901 2486 955 XLIX.
2536 902 2610 957 De
2636 905 2757 958 auri
2808 905 3062 957 ramentis
3111 906 3253 973 apud
3294 904 3529 960 Alilceos.
3568 937 3635 947 ——

2050 992 2148 1049 His
2165 995 2486 1047 contermini
2515 996 2827 1049 suntAlilaei
2849 1003 2903 1050 et
2930 995 3275 1061 Casandrini,
3307 997 3398 1066 qui
3433 1006 3632 1051 terram

2049 1085 2298 1141 obtinent
2355 1089 2733 1158 superioribus
2803 1105 3149 1158 nequaquam
3200 1091 3456 1145 similem.
3524 1091 3635 1146 Nec

2048 1181 2196 1235 enim
2239 1180 2466 1251 frigidus
2494 1192 2579 1237 est
2609 1182 2695 1237 hic
2723 1198 2835 1247 aer,
2890 1198 2991 1237 nec
3018 1183 3196 1237 siccus
3229 1199 3330 1239 nec
3368 1183 3634 1249 fervidus,

2051 1272 2147 1327 sed
2205 1272 2424 1325 mollem
2459 1279 2513 1326 et
2536 1274 2768 1342 spissam
2819 1271 2984 1327 refert
3032 1275 3255 1335 nubem,
3293 1290 3322 1329 a
3357 1290 3466 1344 qua
3497 1284 3636 1331 tem-

2050 1364 2258 1433 pestive
2309 1364 2583 1418 exsistunt
2636 1366 2800 1419 etiam
2868 1366 2921 1419 in
2959 1374 3145 1421 aestate
3194 1367 3418 1422 hiemes.
3451 1366 3635 1422 Plera-

2050 1469 2157 1525 que
2212 1454 2452 1525 regionis
2506 1455 2844 1510 feracissima
2900 1463 3050 1519 sunt,
3115 1457 3210 1511 sed
3267 1472 3374 1510 non
3430 1458 3635 1527 ubique

2050 1543 2199 1597 cultu
2225 1558 2325 1597 suo
2367 1542 2618 1608 afﬁcitur,
2652 1545 2723 1598 ob
2757 1544 3085 1613 imperitiam
3130 1556 3479 1601 caaterorum.
3516 1548 3634 1601 Au-

2049 1646 2179 1686 rum
2244 1645 2375 1687 sane
2428 1633 2483 1686 in
2533 1634 2803 1689 crustosis
2846 1642 3006 1689 terra:
3057 1635 3200 1691 illius
3245 1636 3513 1692 cuniculis
3566 1638 3634 1692 ad

2051 1736 2302 1792 magnam
2360 1723 2652 1778 inveniunt
2717 1726 2959 1795 copiam,
3019 1740 3130 1783 non
3181 1728 3341 1798 quale
3394 1728 3636 1783 adhibita

2055 1815 2284 1870 scientia
2313 1823 2367 1870 et
2398 1826 2515 1871 arte
2539 1817 2883 1888 colliquescit
2914 1834 2945 1873 e
2983 1821 3269 1883 ramentis,
3310 1820 3405 1874 sed
3440 1829 3635 1889 sponte

2054 1914 2263 1973 natum,
2318 1907 2466 1977 quod
2518 1909 2735 1980 Apyron
2817 1909 2980 1980 [ignis
3035 1909 3288 1982 nescium]
3348 1909 3521 1964 Graeci
3566 1911 3635 1963 ab

2053 2008 2252 2053 eventu
2292 2000 2672 2064 denominant,
2735 2002 2895 2071 cujus
2930 2002 3110 2072 portio
3136 2003 3361 2056 minima
3394 2017 3501 2056 non
3530 2002 3635 2055 mi-

2054 2108 2157 2147 nor
2203 2103 2287 2149 est
2359 2094 2518 2150 oliva:
2569 2095 2833 2158 ossiculo,
2902 2094 3080 2148 media
3142 2109 3372 2166 granum
3421 2093 3634 2163 mespili

2053 2187 2324 2257 adaequat,
2374 2188 2609 2242 maxima
2654 2203 2777 2242 cum
2833 2187 3068 2241 nucibus
3115 2187 3281 2256 regiis
3325 2187 3634 2254 comparari

2052 2289 2317 2335 meretur.
2358 2278 2472 2334 Hoc
2506 2279 2849 2349 perforatum
2893 2280 3035 2334 inter
3065 2280 3277 2347 lapillos
3332 2279 3634 2348 pellucidos

2053 2373 2386 2437 alternatim,
2426 2373 2572 2427 circa
2606 2372 2819 2426 radices
2852 2387 3116 2425 manuum
3145 2383 3359 2442 gestant
3383 2379 3436 2425 et
3471 2371 3630 2435 colla,

2053 2473 2107 2519 et
2152 2465 2217 2519 ad
2281 2464 2542 2521 finitimos
2614 2463 2937 2517 translatum
2994 2462 3087 2517 vili
3138 2463 3313 2532 pretio
3370 2463 3628 2517 vendunt.

2051 2556 2186 2612 Cum
2240 2556 2400 2623 triplo
2439 2555 2586 2610 enim
2629 2569 2738 2608 aere
2767 2569 2961 2607 aurum
3010 2562 3394 2609 commutant:
3426 2564 3480 2608 et
3534 2570 3632 2623 pro

2051 2646 2198 2701 ferro
2227 2644 2454 2715 duplum
2493 2643 2745 2708 reddunt,
2775 2651 2829 2698 et
2867 2652 3152 2713 argentum
3196 2645 3314 2697 auri
3341 2644 3629 2714 decuplum

2051 2737 2214 2791 valet.
2256 2735 2449 2790 Modus
2470 2736 2613 2790 enim
2646 2735 3024 2789 aestimationis
3051 2744 3401 2804 comparatur
3447 2736 3511 2788 ad
3539 2750 3632 2789 ra-

2053 2827 2255 2880 tionem
2311 2824 2661 2879 abundantia
2701 2833 2755 2877 et
2796 2824 3058 2879 raritatis.
3112 2824 3325 2890 Quibus
3369 2823 3422 2877 in
3467 2824 3632 2879 rebus

2053 2930 2167 2974 tota
2209 2921 2495 2975 hominum
2532 2918 2642 2972 vita
2676 2930 2784 2971 non
2814 2924 2927 2970 tam
2958 2917 3025 2972 ad
3059 2926 3305 2971 naturam
3336 2917 3433 2980 rei,
3466 2930 3631 2986 quam

2054 3028 2188 3068 usus
2242 3013 2621 3067 necessitatem
2672 3012 2915 3083 respicit.
2965 3009 3060 3065 His
3095 3027 3258 3082 porro
3311 3012 3633 3067 mortalibus

1973 3123 2018 3184 ρ
2051 3106 2291 3176 contigui
2329 3104 2578 3159 habitant
2613 3103 2823 3170 Carhze,
2855 3104 2909 3157 in
2947 3104 3263 3158 continente
3303 3118 3465 3171 quam
3502 3118 3631 3172 por-

2052 3212 2138 3254 tus
2167 3199 2364 3267 excipit
2396 3197 2626 3263 vicinus,
2657 3198 2709 3250 in
2735 3211 2844 3267 quo
2864 3196 3082 3266 plurimi
3114 3195 3627 3265 erumpuntfoutes.

2118 3358 2246 3412 CAP.
2288 3356 2349 3411 L.
2407 3355 2481 3409 De
2517 3354 2827 3411 Sabworum
2879 3365 3019 3410 terra
3068 3354 3336 3424 odorifera
3363 3364 3409 3407 el
3440 3354 3627 3420 beata,

2047 3451 2137 3504 ubi
2171 3453 2235 3505 de
2276 3450 2416 3505 Saba
2466 3451 2679 3519 ejusque
2708 3451 2979 3520 regimine,
3002 3451 3393 3520 magniﬁcentia
3427 3460 3473 3502 et
3511 3452 3629 3518 opi-

2048 3543 2165 3596 bus.
2188 3572 2259 3583 -—
2288 3541 2601 3596 Sabaeorum
2649 3541 2906 3610 deinceps
2930 3556 3063 3611 gens
3103 3541 3345 3594 adhaeret
3372 3557 3467 3609 per
3488 3543 3628 3593 Ara-

2047 3633 2193 3688 biam
2227 3634 2474 3687 omnium
2504 3632 2767 3697 maxima,
2801 3641 2856 3687 et
2888 3632 3093 3687 nullius
3126 3647 3233 3685 non
3259 3633 3474 3702 generis
3503 3632 3627 3687 feli-

2045 3727 2265 3780 citatem
2319 3725 2372 3777 in
2415 3731 2684 3792 potestate
2728 3732 2783 3777 et
2826 3722 3053 3776 arbitrio
3096 3721 3323 3777 habens.
3380 3721 3626 3792 Namque

2046 3819 2209 3873 tellus
2256 3817 2439 3873 omnia
2471 3816 2573 3872 fert
2602 3832 2723 3887 quae
2745 3815 2813 3870 ad
2837 3816 3125 3869 commoda
3175 3814 3302 3869 vitae
3334 3813 3476 3883 apud
3524 3830 3626 3870 nos

2046 3911 2416 3981 proveniunt:
2449 3919 2504 3964 et
2543 3923 2775 3979 corpora
2828 3917 2955 3964 sunt
3009 3908 3413 3978 spectaliiliora,
3458 3922 3624 3977 quam

2045 4002 2174 4056 alibi
2208 4018 2222 4054 :
2258 4016 2513 4072 pecorum
2559 4001 2857 4056 multitudo
2910 4000 3287 4055 inumerahilis
3334 4002 3621 4070 suppetit:

2046 4096 2337 4150 ammnitas
2361 4102 2416 4149 et
2446 4092 2747 4163 fragrantia
2790 4101 2958 4147 totam
2993 4093 3133 4147 hanc
3161 4107 3314 4145 oram
3347 4094 3623 4156 obtinens,

2047 4186 2377 4254 voluptatem
2427 4185 2632 4253 praebet
2676 4184 2899 4239 advenis
2928 4184 3045 4239 visu
3068 4194 3122 4238 et
3156 4184 3304 4238 dictu
3335 4184 3623 4253 majorem.

2045 4276 2181 4331 Nam
2214 4277 2282 4331 ad
2318 4278 2464 4347 ipsas
2507 4278 2747 4332 littorum
2789 4277 3097 4345 crepidines
3138 4277 3347 4348 largum
3383 4279 3626 4333 nascitur

2046 4369 2352 4425 balsamum
2381 4378 2434 4423 et
2456 4369 2607 4423 casia
2638 4386 2651 4423 :
2685 4369 2843 4438 longe
2887 4370 2995 4423 alia
3020 4385 3183 4440 quam
3208 4371 3337 4424 alibi
3368 4370 3622 4437 habetur,

367 4475 637 4542 πρότερον
669 4469 1130 4541 ἀπαμαυροῦσθαι
1160 4470 1201 4501 ¹⁷
1230 4468 1324 4522 τοῦ
1357 4467 1524 4536 φυτοῦ
1550 4469 1649 4537 τὴν
1697 4466 1937 4537 χρείανῆ

2046 4476 2236 4514 recens
2290 4460 2549 4513 nimirum
2596 4477 2609 4513 :
2660 4459 2889 4528 ideoque
2939 4459 3398 4529 jucundissimam
3448 4464 3625 4520 oculis

370 4566 506 4636 πρὸς
534 4565 682 4635 ἡμᾶς
715 4562 1184 4635 παραπέμπεσθαι
1200 4561 1296 4615 τοῦ
1329 4562 1522 4629 γένους
1560 4560 1660 4629 τὴν
1693 4559 1939 4628 δύναμιν.

379 4658 505 4709 Ἐπὶ
528 4656 585 4708 δὲ
608 4655 705 4724 τῆς
745 4654 1027 4724 μεσογείου
1061 4654 1256 4725 δρυμοὶ
1277 4653 1519 4721 συνεχεῖς
1554 4650 1822 4719 στείχουσι
1851 4652 1943 4702 καὶ

369 4747 635 4814 μεγάλοι·
694 4746 886 4817 δένδρα
941 4745 984 4778 ¹⁸
1037 4745 1147 4814 γὰρ
1189 4744 1421 4815 ὴλίϐατα
1454 4742 1701 4813 σμύρνης
1738 4759 1798 4794 τε
1847 4741 1941 4795 καὶ

366 4834 688 4897 λιϐανωτοῦ,
720 4836 858 4905 πρὸς
889 4836 947 4889 δὲ
987 4836 1083 4889 καὶ
1108 4833 1463 4904 κινναμώμου
1485 4831 1728 4901 φοίνικός
1753 4847 1815 4884 τε
1846 4832 1940 4885 καὶ

364 4927 619 4997 καλάμου
649 4927 743 4979 καὶ
768 4926 879 4978 τῶν
905 4925 1082 4981 ἀλλων
1113 4925 1323 4978 ἀνεῖται
1350 4924 1458 4977 τῶν
1485 4922 1765 4986 τοιούτων,
1797 4921 1940 4974 ὥστε

362 5012 507 5072 εῖναι
540 5019 728 5088 μηδενὶ
755 5017 900 5088 λόγῳ
926 5017 988 5070 τὸ
1019 5018 1253 5087 πρᾶγμα
1300 5014 1559 5086 δηλωτδν,
1596 5014 1624 5067 ὃ
1654 5012 1939 5083 συμϐαίνει

365 5112 481 5170 τοῖς
533 5111 664 5178 περὶ
713 5109 813 5173 τὰς
863 5109 1148 5178 αἰσθήσεις
1188 5106 1431 5176 είληχόσι
1466 5105 1562 5159 τοῦ
1603 5105 1794 5173 γένους
1839 5103 1939 5173 τὴν

362 5201 712 5277 δοκιμασίαν.
791 5200 866 5253 Οὐ
956 5200 1064 5268 γὰρ
1114 5198 1211 5268 τὴν
1268 5198 1774 5267 τεθησαυρισμένην
1844 5194 1939 5246 καὶ

364 5292 605 5345 παλαιὰν
635 5290 900 5369 ἔχειτῶν
950 5289 1255 5360 ἀρωμάτων
1285 5288 1606 5353 ἀπόλαυσιν,
1664 5286 1785 5340 οὐδὲ
1838 5284 1939 5354 τὴν

2042 4553 2371 4620 voluptatem
2440 4552 2727 4614 exhibens,
2788 4567 2911 4621 quae
2968 4561 3158 4621 postea
3228 4554 3626 4625 longinquitate

2045 4646 2302 4715 temporis
2337 4660 2561 4714 prorsus
2598 4646 2876 4712 exolescit,
2907 4646 3038 4701 dum
3080 4647 3267 4716 stirpis
3298 4664 3429 4702 usus
3461 4649 3625 4703 hebe-

2042 4748 2207 4804 tatur,
2254 4739 2572 4807 priusquam
2604 4738 2685 4792 vis
2714 4742 2834 4807 ejus
2862 4739 2931 4793 ad
2960 4754 3060 4792 nos
3089 4738 3286 4811 45εὸ
3345 4742 3628 4795 transmit-

2043 4841 2207 4889 tatur.
2264 4831 2323 4885 ln
2376 4832 2784 4887 mediterraneis
2846 4832 3156 4902 frequentes
3206 4841 3261 4887 et
3297 4848 3507 4902 magna:
3563 4850 3625 4890 se

2041 4924 2297 4979 attollunt
2317 4924 2488 4978 silvae.
2527 4921 2663 4977 Nam
2697 4923 2926 4979 arbores
2949 4926 3243 4994 praecelsas,
3293 4928 3528 4997 myrrhae
3555 4941 3622 4981 ac

2042 5015 2241 5079 thuris,
2284 5029 2389 5069 nec
2415 5028 2522 5068 non
2551 5016 2908 5082 cinnamomi,
2935 5026 2992 5071 et
3014 5017 3206 5086 palmae
3227 5025 3284 5071 et
3318 5017 3537 5083 calami,
3565 5028 3623 5073 et

2042 5105 2094 5159 id
2150 5120 2325 5172 genus
2375 5104 2632 5168 aliorum,
2672 5113 2993 5176 exsurgunt,
3039 5106 3175 5161 adeo
3212 5107 3476 5162 utnulla
3528 5122 3620 5163 ra-

2041 5198 2189 5253 tione
2215 5195 2477 5265 explicari
2522 5205 2687 5265 queat
2710 5197 2962 5266 voluptas
2995 5196 3211 5252 illorum
3241 5199 3335 5268 qui
3365 5200 3620 5257 sensibus

2040 5289 2158 5346 suis
2191 5287 2493 5359 periculum
2522 5288 2587 5343 de
2612 5288 2698 5344 his
2721 5286 2989 5344 fecerunt.
3036 5287 3153 5343 Non
3189 5291 3334 5346 enim
3368 5292 3421 5344 in
3452 5291 3617 5346 cellas

1652 5418 1890 5481 VARle
1928 5424 2335 5483 LECTIONES.

478 5551 500 5580 ⁸
522 5551 675 5613 ύετός
702 5566 812 5605 om.
841 5549 881 5603 A
907 5570 920 5605 :
955 5548 1102 5604 ὑετοὶ
1138 5549 1230 5603 καὶ
1265 5547 1530 5618 χειμῶνος
1586 5545 1913 5617 Wesscling.
1947 5546 2012 5601 ad
2053 5544 2275 5618 Diodor.
2306 5546 2361 5618 5,
2387 5546 2474 5618 45.
2539 5546 2745 5618 ’⁷-Θέρος
2770 5545 2830 5601 Β.
2895 5547 2925 5618 Α⁸
2950 5545 3147 5618 ἄλλων]
3178 5546 3284 5600 imo
3312 5547 3616 5618 ἀνθρώπων

370 5637 452 5677 νει
489 5637 616 5675 cum
646 5621 878 5676 Diodoro
906 5621 1068 5673 λαῶν.
1146 5619 1165 5649 ⁹
1191 5616 1393 5672 δὲὺῐιί.
1422 5622 1487 5672 Α.
1566 5618 1606 5648 ¹⁰
1642 5618 1766 5670 libri
1799 5616 2089 5685 γενόμενα.
2171 5617 2213 5649 ¹¹
2243 5616 2378 5685 πρὸς
2409 5617 2501 5668 τὸν
2531 5616 2642 5685 βίον
2676 5634 2737 5680 ς.

1822 5687 1864 5718 ⁸⁵
1894 5684 2021 5744 ante
2043 5703 2127 5747 τις
2150 5684 2296 5741 adde
2316 5686 2421 5739 πόα
2447 5703 2476 5741 e
2495 5684 2752 5744 Diodoro.
2835 5687 2877 5719 “
2905 5684 3130 5759 ἔχουσα]
3157 5688 3277 5743 libri
3302 5688 3359 5742 δὲ
3388 5688 3610 5757 ἔχουσα.

372 5690 607 5744 Diodoro
630 5692 683 5753 5,
720 5690 809 5744 46.

368 5761 409 5791 ¹⁷
434 5760 878 5830 ἀπομαυροῦσθαι
902 5778 961 5824 ς.

909 5693 950 5723 ¹³
974 5690 1249 5744 Θάλασσαν
1280 5705 1341 5751 ς.
1422 5687 1464 5718 “
1490 5688 1657 5742 κασία
1674 5704 1735 5751 ς.

1078 5760 1120 5790 ⁸⁸
1146 5758 1333 5830 δένδρη
1370 5759 1437 5814 Α.

2817 5615 3037 5688 ηγθέας]
3080 5615 3259 5688 malim
3292 5615 3441 5669 θείαν
3487 5636 3611 5673 cum
