4152 6424
566 335 629 395 67
1723 320 1989 381 PHOTII
2020 320 2112 381 PA

2221 318 2524 379 IARCH/E
2547 320 2656 380 ΕΡ.
3737 324 3804 389 68

552 436 772 491 abditus
795 442 849 490 et
879 432 1130 489 exoletus
1176 439 1483 487 aromatum
1520 429 1627 485 illis
1660 428 1865 482 fructus
1895 438 2001 488 est.
2032 441 2115 479 net

2235 426 2343 478 ἀπὸ
2373 427 2468 480 τοῦ
2502 426 2798 495 γεννῶντος
2846 427 2939 480 καὶ
2986 428 3275 499 τρέφοντος
3317 430 3482 498 ϐγκου
3533 430 3799 500 διακεκω-

551 541 582 579 a
620 528 846 580 materia
891 532 1209 595 procreante
1235 533 1289 577 et
1320 528 1593 576 nutriente
1630 530 1934 589 separatus,
1965 518 2056 571 sed
2087 533 2119 571 a

552 614 733 669 divina
769 616 857 669 illa
886 616 1203 668 maturitate
1256 612 1433 666 adhuc
1470 610 1688 671 florens,
1723 617 1777 662 et
1804 624 1833 661 a
1866 607 2118 660 familiari

550 702 882 770 proprioque
906 711 960 755 et
991 702 1225 771 genuino
1268 700 1450 769 vigore
1479 700 1587 752 vim
1634 698 1777 750 illam
1826 695 2116 750 admirabi-

551 788 654 842 lem
703 791 974 853 emittens,
1028 806 1201 860 usque
1246 792 1402 855 adeo,
1438 799 1496 844 ut
1528 789 1682 843 multi
1710 789 1762 842 in
1793 788 2117 841 oblivionem

550 882 795 935 mortalis
838 882 999 935 delati
1028 882 1322 945 felicitatis,
1364 881 1431 935 de
1453 881 1724 935 ambrosia
1752 896 1810 936 se
1845 881 2122 950 percipere

547 974 795 1027 nonnihil
851 976 1160 1042 opinentur,
1208 974 1335 1027 dum
1379 988 1467 1028 res
1510 989 1706 1027 nomen
1744 973 1809 1027 ad
1847 988 2117 1028 summam

552 1064 986 1128 praedicationem
1020 1065 1271 1117 idoneum
1301 1074 1354 1118 et.
1380 1080 1477 1134 par
1508 1064 1608 1119 sibi
1637 1066 1853 1133 quaerit.
1882 1064 1937 1117 In
1975 1064 2123 1118 salti-

549 1152 652 1205 bus
674 1168 854 1205 rerum
886 1154 1233 1206 odoratarum
1255 1154 1526 1221 serpentis
1556 1170 1726 1223 genus
1753 1163 1836 1209 est
1865 1155 2111 1208 omnium

550 1243 1054 1306 insolentissimum,
1111 1245 1265 1313 quasi
1334 1244 1553 1298 fortuna
1587 1255 1695 1299 tam
1730 1246 1899 1315 largis
1957 1260 2120 1301 terra:

548 1334 849 1387 commodis
894 1334 1148 1388 invideat.
1188 1343 1243 1388 et
1277 1336 1420 1388 bono
1449 1344 1653 1389 attexat
1703 1346 2117 1405 nocumenlum,

550 1438 617 1477 ne
646 1424 769 1493 quis
794 1424 950 1477 bonis
974 1440 1229 1492 prospere
1259 1424 1604 1480 afﬂuentibus
1639 1428 1824 1480 animo
1863 1428 2119 1483 efferatur

546 1515 800 1584 superbo,
858 1526 911 1569 et
941 1519 1006 1567 ad
1054 1515 1213 1569 finem
1261 1532 1436 1585 usque
1479 1518 1694 1588 flagitiis
1744 1522 2119 1589 perpetrandis

543 1607 836 1677 indulgeat,
877 1624 1188 1677 numenque
1217 1620 1559 1678 aspernetur,
1596 1612 1689 1665 sed
1730 1613 2033 1681 adjectione
2065 1622 2119 1668 et

542 1702 805 1753 memoria
854 1704 1207 1754 adversorum
1256 1702 1747 1767 commonefactus,
1800 1704 1965 1757 vitam
1997 1720 2112 1758 mo-

2226 513 2507 585 ρισμένην,
2539 515 2674 569 ἀλλά
2705 516 2803 585 τὴν
2851 513 3117 571 ἀνθοῦσαν
3147 517 3253 571 ἀπὸ
3289 517 3387 587 τῆς
3416 517 3565 581 θείας
3594 519 3777 588 ἀκμῆς

2226 609 2322 661 καὶ
2350 608 2447 678 τὴν
2478 608 2587 662 ἀπὸ
2624 608 2734 662 τῶν
2755 610 2970 663 οίκείων
3000 614 3095 663 καὶ
3129 610 3376 678 φυσικῶν
3426 610 3487 663 τὸ
3524 610 3803 681 θαυμαζό-

2228 715 2386 767 μενον
2450 698 2922 768 ἀποπέμπουσανο
2971 698 3110 751 ὥστε
3183 698 3412 761 πολλοὺς
3485 699 3564 761 είς
3632 698 3807 767 λήθην

2226 789 2589 859 ἀφικομένους
2601 790 2709 841 τῶν
2724 789 2930 859 θνητῶν
2960 788 3352 858 εὐτυχημάτων
3378 790 3475 858 τῆς
3499 788 3805 859 ἀμϐροσίας

2228 883 2472 935 ὑπονοεῖν
2492 880 2916 951 ἀπολαμϐάνειν,
2943 880 3115 949 ὄνομα
3142 879 3234 932 τοῦ
3260 880 3587 951 πράγματος
3614 878 3805 949 ἐπιζη-

2228 972 2444 1036 τοῦντος
2471 975 2668 1026 οἰκεῖον
2695 973 2791 1042 τῆς
2808 972 3134 1043 ὑπερϐολῆς.
3169 971 3305 1042 Περὶ
3334 971 3389 1024 δὲ
3414 972 3541 1034 τοὺς
3564 971 3803 1040 δρυμοὺς

2226 1064 2335 1117 τῶν
2364 1064 2577 1117 εὐωδῶν
2610 1064 2767 1132 γένος
2820 1065 2967 1117 ἐστὶν
3022 1064 3197 1131 ὄφεων
3239 1062 3514 1116 ἰδιώτατον
3557 1062 3798 1125 πάντων,

2225 1156 2388 1207 οίονεὶ
2432 1155 2730 1225 φθονούσης
2773 1158 2879 1219 τοῖς
2909 1155 3086 1226 άδροῖς
3111 1154 3476 1223 ἐπιτεύγμασι
3505 1155 3603 1225 τῆς
3630 1154 3801 1224 τύχης

2226 1244 2320 1298 καὶ
2340 1245 2795 1314 παραπλεκούσης
2815 1245 3036 1316 τάγαθῷ
3052 1246 3110 1297 τὸ
3129 1245 3411 1315 βλαϐερὸν,
3438 1246 3585 1305 ὅπως
3612 1244 3802 1313 μηδεὶς

2225 1338 2304 1398 εἰς
2332 1336 2480 1399 τέλος
2503 1335 2800 1403 ἐξυϐρίζων
2828 1337 3114 1399 τιτανῶδες
3146 1339 3240 1389 καὶ
3264 1336 3607 1404 κατεγνωκδς
3638 1336 3679 1366 ¹⁹
3702 1334 3798 1388 τοῦ

2227 1426 2371 1481 θείου
2391 1428 2452 1479 τὸ
2468 1428 2721 1498 φρόνημα
2748 1428 2999 1501 λαμϐάνῃ
3023 1428 3129 1482 τῶν
3153 1429 3370 1497 ἀγαθῶν
3402 1429 3796 1498 εὐτυχούντων,

2225 1518 2542 1590 παιδεύηται
2574 1519 2631 1572 δὲ
2674 1523 2741 1590 τῇ
2782 1521 3080 1591 παραθέσει
3114 1521 3206 1574 καὶ
3238 1522 3428 1592 μνήμῃ
3476 1520 3586 1573 τῶν
3638 1521 3798 1572 ὲναν-

2223 1611 2375 1663 τίων.
2445 1609 2520 1661 Τὸ
2569 1610 2625 1663 δὲ
2678 1610 2832 1677 γένος
2886 1609 2993 1662 τῶν
3052 1608 3226 1678 ὄφεων
3284 1609 3484 1679 χρῶμα
3543 1608 3641 1677 μὲν
3683 1607 3796 1677 ἔχει

2226 1702 2539 1771 φοινικοῦν,
2596 1701 2768 1771 μῆκος
2824 1701 2880 1754 δὲ
2936 1702 3057 1754 ὅσον
3119 1701 3416 1770 σπιθαμῆς,
3502 1701 3685 1772 δῆγμα
3739 1702 3796 1755 δὲ

539 1792 750 1845 destius
779 1801 922 1861 agat.
950 1792 1134 1847 Genus
1161 1793 1212 1845 id
1243 1796 1511 1863 serpentis
1540 1797 1719 1848 colore
1744 1807 1827 1851 est
1856 1798 2113 1865 puniceo.

2227 1794 2467 1857 ἀνίατον,
2499 1794 2564 1847 ἂν
2598 1798 2696 1864 τῆς
2728 1792 2856 1865 [746
2878 1795 2972 1863 Η.]
2998 1794 3221 1862 λαγόνῦς
3258 1792 3535 1863 ἀνώτερον
3564 1795 3792 1865 αἱμάξῃο

539 1894 593 1939 et
654 1886 993 1955 longitudine
1065 1888 1372 1952 spithamaa,
1447 1903 1744 1957 morsuque
1808 1890 2119 1956 insanabili,

538 1978 762 2047 quando
822 1994 983 2047 super
1031 1979 1120 2032 ilia
1190 1980 1465 2033 hominem
1557 1980 1840 2035 sauciarit.
1899 1979 2119 2050 Plagam

538 2069 684 2122 enim
730 2068 892 2124 infert
931 2070 1185 2125 assiliens
1220 2072 1271 2123 in
1304 2072 1495 2125 altum.
1550 2072 1817 2126 Czeternm
1847 2074 1987 2141 apud
2024 2073 2123 2127 Sa-

543 2159 685 2213 baeos
735 2161 986 2229 stirpium
1038 2160 1391 2229 fragrantium
1440 2163 1574 2216 odor
1618 2178 1867 2217 summus
1894 2164 2117 2233 quidem

538 2261 644 2315 est,
673 2253 765 2305 sed
807 2252 1059 2321 voluptas
1112 2254 1311 2307 minor.
1356 2252 1489 2306 Nam
1533 2255 1676 2323 quod
1704 2270 1734 2307 a
1768 2270 1935 2323 puero
1975 2254 2118 2309 assi-

538 2349 706 2399 duum
768 2356 869 2409 est,
920 2360 1145 2399 sensum
1198 2348 1380 2400 minus
1426 2345 1591 2399 aliicit
1636 2359 1948 2415 movetque,
2006 2346 2118 2399 imo

540 2438 877 2491 obtusior-em
908 2439 1100 2499 reddit,
1132 2440 1279 2493 nulla
1319 2440 1443 2493 vitae
1472 2438 1896 2493 commutatione
1926 2439 2117 2505 adjun-

536 2540 644 2581 cta.
684 2529 1067 2583 Verumtamen
1100 2545 1223 2584 cum
1253 2547 1359 2584 non
1393 2531 1464 2583 ita
1510 2531 1803 2584 informare
1831 2546 1893 2585 ac
1928 2546 2117 2599 regere

542 2623 703 2674 vitam
755 2623 987 2689 possint,
1046 2622 1186 2675 utin
1239 2623 1380 2676 bono
1430 2639 1644 2692 smnper
1701 2633 1845 2677 statu
1900 2639 2117 2692 perma-

537 2724 662 2767 neat
726 2715 1022 2784 (immistus
1094 2716 1238 2768 enim
1271 2716 1499 2782 spiritus
1547 2716 1806 2769 facultate
1858 2716 2115 2770 incisoria

541 2822 744 2874 corpus
795 2807 1005 2875 perflat,
1030 2818 1082 2860 et
1109 2809 1560 2876 constipationem
1615 2808 1734 2877 ejus
1780 2809 2115 2861 moderatam

538 2901 619 2950 sic
650 2900 699 2949 in
728 2899 881 2965 plura
916 2900 1142 2962 diducit,
1200 2909 1257 2952 ut
1286 2900 1351 2953 ad
1386 2910 1684 2953 extremam
1710 2901 1923 2954 tandem
1965 2900 2114 2954 laxa-

540 2991 740 3043 tionem
773 2991 1100 3060 redigatur);
1132 2992 1256 3046 huic
1281 2993 1411 3047 vitio
1442 3001 1498 3045 ut
1528 2993 1867 3055 medeantur,
1905 2993 2115 3063 pauxil-

2222 1887 2320 1959 τὴν
2350 1887 2405 1942 δὲ
2432 1890 2476 1920 ²⁰
2505 1887 2718 1959 πληγὴν
2766 1888 2947 1941 δίδωσι
2993 1888 3328 1959 παλλόμενον
3358 1891 3437 1953 εἰς
3469 1889 3620 1958 ὕψος.
3655 1890 3795 1960 Παρ*

2222 1982 2406 2044 αὐτοῖς
2453 1982 2510 2036 δὲ
2567 1984 2679 2044 τοῖς
2726 1982 2977 2044 Σαϐαίοις
3016 1982 3049 2050 ἡ
3093 1981 3190 2051 μὲν
3233 1982 3377 2051 ὀσμὴ
3417 1981 3526 2033 τῶν
3580 1981 3796 2035 εὐωδῶν

2222 2074 2518 2144 ἀκροτάτη,
2555 2073 2660 2145 ἡδὲ
2692 2073 2850 2144 χάρις
2879 2074 3101 2144 ἐλλιπής
3122 2091 3137 2105 ο
3165 2074 3227 2127 τὸ
3264 2074 3373 2144 γάρ
3422 2073 3696 2143 ἐνδελεχὲς
3729 2075 3792 2129 ὲκ

2221 2165 2413 2233 νηπίου
2446 2167 2587 2218 κινεῖ
2616 2166 2714 2235 μὲν
2748 2166 2845 2234 τὴν
2878 2164 3131 2236 αἴσθησιν
3156 2163 3337 2232 ἦττον,
3366 2166 3714 2238 ἀμϐλυτέραν
3735 2167 3793 2219 δὲ

2221 2255 2642 2321 κατασκευάζει,
2675 2256 2975 2326 μεταϐολῆς
2992 2258 3103 2319 τοῖς
3119 2256 3255 2326 βίοις
3280 2259 3377 2327 οὐχ
3398 2259 3790 2329 ὑποκειμένης.

2221 2345 2296 2398 Οὐ
2348 2345 2453 2416 μὴν
2495 2345 2629 2398 ἀλλά
2677 2347 2939 2399 κάπειδὰν
2997 2348 3058 2400 οὐ
3112 2346 3373 2401 δύνωνται
3403 2348 3446 2380 ’⁸
3496 2348 3593 2419 τὴν
3647 2347 3792 2419 ζωὴν

2222 2437 2587 2505 παιδαγωγεῖν
2646 2438 3044 2508 παραπλησίως
3074 2440 3310 2508 εὐσταθῆ
3337 2480 3351 2502 ,
3401 2440 3790 2510 διαπνεομένου

2218 2527 2311 2580 τοῦ
2342 2526 2594 2595 σώματος
2640 2529 2733 2582 ὐπ’
2766 2530 3006 2600 ἀκράτου
3039 2532 3135 2584 καὶ
3167 2535 3438 2602 τμητικῆς
3487 2533 3789 2603 δυνάμεως.

2219 2622 2313 2674 καὶ
2341 2622 2439 2691 τὴν
2476 2621 2787 2691 σύμμετρον
2818 2623 3095 2675 πύκνωσιν
3134 2624 3228 2676 ἐπὶ
3258 2624 3440 2677 πλεῖον
3465 2624 3705 2694 ἀγούσης
3743 2626 3789 2657 ⁸⁸

2218 2713 2358 2765 ῶστε
2392 2713 2543 2779 ἄγειν
2574 2714 2652 2776 είς
2685 2713 2899 2766 ἔκλυσιν
2933 2716 3188 2785 ἐσχάτην,
3220 2716 3338 2769 τότε
3366 2717 3429 2786 δὴ
3450 2717 3495 2748 ’³
3514 2718 3789 2785 ἀσφάλτου

2219 2805 2671 2875 παραθυμιῶντες
2730 2804 2902 2876 βραχὺ
2971 2808 3066 2859 καὶ
3126 2808 3329 2877 τράγου
3391 2808 3613 2876 πώγονα
3677 2812 3791 2871 τοῖς

2215 2894 2478 2956 τοιούτοις
2494 2894 2850 2965 ἀφαιροῦνται
2866 2895 2964 2968 τὴν
2980 2898 3116 2963 ἄγαν
3133 2897 3303 2968 εὐώδη
3329 2897 3429 2967 τῆς
3452 2900 3722 2967 ὲπιφοφᾶς
3742 2898 3792 2931 ³⁸

2218 2986 2542 3057 ὑπερϐολὴν,
2574 2990 2667 3040 καὶ
2694 2991 2760 3059 τῇ
2797 2988 2939 3059 μίξει
2960 2988 3055 3041 τοῦ
3072 2989 3353 3053 δοκοῦντος
3382 2990 3572 3043 λυπεῖν
3606 2991 3665 3043 τὸ
3689 2990 3792 3058 τῆς

540 3077 649 3127 lum
687 3077 967 3132 bituminis
995 3086 1048 3130 et
1075 3078 1206 3131 hirci
1236 3079 1483 3143 barbam,
1511 3081 1727 3148 aegrotis
1756 3083 2111 3135 succendunt.

2220 3079 2412 3149 ἡδονῆς
2474 3078 2733 3150 βλαϐερὸν
2786 3080 3364 3135 ὐποκαταστέλλουσιν.
3425 3080 3610 3143 Οῦτως
3646 3080 3792 3133 ἆπαν

542 3168 719 3235 Atque
756 3167 829 3221 ita
859 3168 1086 3222 nimium
1151 3168 1459 3239 fragrantia:
1516 3180 1772 3239 perpetuo
1827 3172 2113 3241 aspirantis

539 3273 827 3312 excessum
889 3259 1239 3325 amoliuntur,
1298 3270 1351 3313 et
1406 3262 1548 3329 quod
1595 3263 1855 3331 voluptati
1891 3265 2111 3317 noxium

541 3362 643 3410 est.
691 3352 1137 3420 attemperatione
1178 3352 1297 3421 ejus
1325 3354 1467 3422 quod
1500 3353 1785 3407 molestum
1830 3354 1957 3409 huic
1992 3371 2115 3410 esse

546 3443 779 3508 videtur,
808 3443 1132 3512 reprimunt.
1163 3442 1312 3497 Adeo
1342 3445 1521 3497 omnis
1553 3444 1803 3511 felicitas,
1832 3448 1877 3501 si
1905 3447 2114 3501 medio-

540 3535 734 3587 critate
758 3544 812 3587 et
843 3534 986 3587 bono
1036 3535 1226 3588 ordine
1276 3544 1630 3604 gubernatur,
1684 3537 1850 3591 vitam
1908 3541 2114 3607 Optime

540 3627 861 3682 transmittit
906 3645 920 3682 :
970 3635 1027 3680 at
1075 3627 1122 3681 si
1178 3628 1550 3682 moderatione
1607 3638 1658 3683 et
1714 3633 2114 3698 opportunitate

536 3722 871 3786 destituitur,
925 3720 1132 3773 inutilis
1163 3720 1282 3790 ejus
1313 3722 1609 3790 possessio.
1655 3720 1798 3776 Saba
1832 3726 2110 3793 oppidum,

538 3817 702 3870 totius
733 3815 907 3884 gentis
947 3814 1359 3883 appellationem
1390 3815 1657 3878 indicans,
1698 3817 1869 3868 monti
1902 3816 2112 3869 incuru-

538 3906 616 3961 bit
646 3922 753 3961 non
776 3921 993 3975 magno,
1040 3907 1283 3959 omnium
1308 3905 1506 3977 459a
1544 3907 1595 3959 in
1627 3906 1823 3959 Arabia
1860 3908 2113 3972 pulcher-

536 3998 756 4050 rimum.
812 3995 926 4050 Rex
1003 3995 1099 4049 toti
1152 3997 1297 4067 genti
1360 3999 1651 4066 imperans,
1700 4002 2111 4069 praerogativam

538 4090 698 4144 habet
751 4090 803 4143 in
848 4104 1110 4146 consessu
1159 4105 1190 4143 a
1234 4090 1435 4159 p0pulo
1488 4091 1700 4155 scitam,
1752 4108 1857 4161 qua
1905 4093 2111 4149 honore

536 4198 637 4237 suo
689 4182 996 4253 praeditam,
1059 4198 1166 4253 qua
1217 4183 1461 4238 muneris
1524 4186 1750 4239 omnino
1807 4196 2105 4255 expertem.

538 4274 755 4329 Honore
779 4276 922 4328 enim
956 4290 1136 4345 regem
1173 4276 1490 4347 dignantur,
1543 4279 1687 4345 quod
1723 4280 1909 4333 multis
1942 4281 2111 4349 impe-

534 4367 678 4430 rilat,
714 4376 762 4420 et
793 4367 961 4421 libero
999 4383 1118 4435 quae
1133 4369 1373 4423 decernit
1400 4368 1626 4422 arbitrio
1656 4370 1785 4436 agit,
1820 4371 1951 4424 nulli
1980 4372 2109 4426 sub-

2219 3171 2525 3241 ὲπίτευγμα
2580 3173 2838 3243 μεσότητι
2888 3173 2985 3243 μὲν
3030 3173 3121 3226 καὶ
3166 3172 3319 3237 τάξει
3375 3172 3790 3243 κυϐερνώμενον

2217 3264 2581 3334 παραπέμπει
2642 3264 2734 3318 τὸν
2777 3264 2908 3334 βίον,
2973 3267 3313 3335 συμμετρίας
3366 3266 3422 3318 δὲ
3471 3267 3566 3319 καὶ
3600 3265 3790 3335 καιροῦ

2220 3358 2481 3427 στερηθὲν
2502 3358 2601 3412 οὐκ
2619 3357 2732 3428 ἔχει
2754 3357 2851 3429 τὴν
2888 3358 3078 3428 κτῆσιν
3119 3358 3460 3429 ὀνησιφόρον.
3495 3359 3568 3411 Τὸ
3593 3359 3648 3412 δὲ
3682 3358 3792 3411 τῶν

2222 3448 2472 3502 Σαϐαίων
2500 3449 2636 3503 ἄστυ
2650 3448 2744 3501 τοῦ
2769 3449 2970 3511 παντὸς
2992 3448 3174 3511 ἔθνους
3193 3449 3564 3518 προσηγορίαν
3595 3447 3789 3517 δηλοῦν

2219 3539 2307 3591 ἐπ’
2338 3539 2497 3609 δρους
2544 3540 2693 3592 ἐστὶν
2747 3540 2806 3591 οὐ
2844 3540 3100 3609 μεγάλου,
3160 3541 3294 3593 πολύ
3338 3540 3625 3593 κάλλιστον
3678 3540 3789 3591 τῶν

2215 3631 2355 3682 κατὰ
2389 3630 2486 3698 τὴν
2532 3630 2811 3699 Ἀραϐίαν,
2842 3631 2869 3683 ὅ
2896 3631 3144 3684 καλεῖται
3198 3632 3375 3694 Σάϐας
3398 3633 3465 3686 ⁸⁸.
3502 3631 3665 3704 [1575
3692 3632 3789 3704 Η.]

2226 3722 2283 3773 '0
2312 3721 2368 3773 δὲ
2400 3720 2699 3791 βασιλεύων
2731 3722 2825 3774 τοῦ
2853 3722 3051 3785 παντὸς
3093 3723 3280 3787 ἔθνους
3309 3725 3600 3795 προεδρίαν
3650 3727 3786 3796 ἔχει,

2213 3814 2365 3885 παρὰ
2388 3813 2482 3866 τοῦ
2515 3813 2645 3866 λαοῦ
2673 3817 2738 3884 τῇ
2762 3816 2807 3845 ²⁶
2840 3815 2938 3883 μὲν
2960 3814 3177 3884 ἔντιμον
3203 3819 3271 3887 τῇ
3294 3817 3349 3869 δὲ
3384 3818 3785 3889 ἀκληροτάτην,

2213 3907 2432 3976 ἔντιμον
2492 3906 2592 3976 μὲν
2649 3905 2730 3958 ὅτι
2780 3906 2993 3970 πολλοῖς
3046 3908 3343 3973 ἐπιτάττει,
3410 3910 3552 3963 κατά
3604 3910 3788 3982 κρίσιν

2211 3998 2587 4052 ἀνυπεύθυνον
2615 3998 2643 4051 ὃ
2680 3998 2931 4068 βούλεται
2964 4000 3239 4071 πράττων,
3299 4001 3537 4073 ἀκληρον
3592 4002 3648 4054 δὲ
3703 4005 3786 4055 ὅτι

2213 4087 2545 4157 παραλαϐὼν
2576 4088 2675 4157 τὴν
2701 4088 3018 4159 ἐπιμέλειαν
3039 4090 3099 4142 οὐ
3134 4089 3357 4144 δύναται
3397 4092 3558 4143 πάλιν
3588 4092 3651 4144 ἐκ
3675 4092 3786 4144 τῶν

2213 4178 2495 4249 βασιλείων
2526 4179 2778 4246 ὲξελθεῖψ
2798 4182 2846 4233 εί
2870 4180 2925 4234 δὲ
2954 4182 3049 4252 μὴ,
3072 4182 3411 4248 λιθόλευστος
3442 4184 3545 4237 ὐπὸ
3568 4186 3785 4239 πάντων

2208 4273 2441 4341 γίνεται,
2469 4274 2612 4328 κατὰ
2673 4277 2919 4346 χρησμὸν
2983 4278 3231 4349 ἀρχαῖον,
3294 4278 3435 4331 ὥστε
3489 4275 3629 4333 εἶναι
3687 4280 3787 4351 τὴν

2209 4366 2480 4436 ὑπεροχὴν
2509 4364 2671 4433 βλαϐε
2679 4366 2804 4437 ράν.

528 4458 707 4528 jectus
765 4473 1031 4511 censurae.
1084 4456 1287 4512 Exsors
1348 4473 1476 4511 vero
1532 4468 1636 4521 est,
1698 4469 1753 4513 et
1820 4461 2063 4529 quolibet
2134 4461 2346 4531 privato
2407 4456 2655 4523 inferior,
2705 4458 2851 4528 quod
2914 4468 3135 4530 accepta
3190 4462 3341 4532 regni
3395 4479 3549 4529 cura,
3606 4467 3787 4535 regale

531 4553 714 4619 egredi
763 4553 1021 4621 palatium
1060 4552 1109 4606 ei
1153 4552 1325 4608 nefas.
1394 4553 1563 4608 Serus
1588 4554 1633 4608 si
1666 4553 1779 4616 fiat,
1834 4554 2103 4624 lapidibus
2141 4552 2400 4623 apopulo
2450 4551 2724 4606 obruitur.
2790 4552 2868 4607 Ita
2928 4554 3073 4608 enim
3130 4556 3414 4626 antiquum
3458 4558 3614 4627 jubet
3656 4576 3785 4613 ora-

529 4644 735 4700 ettlum.
802 4642 1081 4698 llonorum
1133 4646 1295 4715 igitur
1363 4648 1656 4701 eminentia
1719 4647 1831 4702 illic
1882 4647 2096 4701 nociva.

603 4735 647 4790 E
678 4737 922 4790 virorum
976 4752 1206 4790 numero
1232 4737 1299 4791 ad
1339 4739 1439 4793 hoc
1476 4739 1752 4803 destinati,
1795 4750 1853 4793 ut
1884 4740 2106 4795 domum

2287 4731 2409 4785 Τῶν
2464 4731 2521 4784 δὲ
2570 4730 2782 4801 ἀνδρῶν
2828 4730 2878 4784 οἱ
2926 4732 3023 4802 μὲν
3054 4734 3473 4803 καταγινόμενοι
3524 4739 3659 4808 πρὸς
3722 4736 3784 4794 τὸ

532 4840 771 4891 servent,
818 4830 1014 4900 exiguo
1061 4828 1255 4883 fortius
1306 4845 1365 4884 se
1414 4838 1608 4899 gerunt
1657 4845 1819 4900 quam
1869 4830 2103 4886 feminae.

2220 4821 2419 4877 obeat"
2453 4822 2811 4893 ἐνδιατρίϐειν
2871 4823 3044 4895 βραχύ
3094 4843 3147 4878 τι
3199 4827 3293 4880 τοῦ
3341 4829 3529 4897 θήλεος
3592 4834 3785 4900 γένους

532 4922 806 4973 Continuo
877 4937 1112 4991 namque
1177 4921 1291 4975 otio
1346 4922 1398 4975 in
1458 4921 1691 4976 feminas
1751 4921 2106 4992 degenerant.

2220 4912 2594 4984 ἀλκιμώτερον
2618 4914 2864 4982 ἄγουσιν,
2895 4914 3000 4968 ὑπὸ
3024 4915 3122 4985 τῆς
3178 4918 3434 4988 συνεχοῦς
3482 4924 3785 4987 ἀπογυναι-

533 5014 723 5067 Caeteri
748 5022 802 5067 et
832 5015 995 5068 rebus
1040 5014 1252 5069 bellicis
1293 5014 1424 5069 dant
1450 5030 1700 5084 operam,
1740 5024 1793 5069 et
1824 5024 1991 5070 totam
2021 5032 2108 5072 re-

2220 5004 2474 5075 κούμενοι
2506 5005 2790 5075 ῥᾳστώνης
2812 5019 2830 5037 ⁸
2870 5008 2919 5059 οί
2943 5006 3000 5059 δὲ
3026 5007 3177 5060 ἄλλοι
3211 5008 3280 5062 τά
3309 5026 3369 5061 τε
3392 5011 3435 5043 ’⁸
3465 5012 3601 5081 πρὸς
3622 5015 3782 5067 πόλε-

534 5106 748 5173 gionem
790 5122 951 5176 Opere
994 5116 1270 5174 exercent,
1301 5118 1355 5163 et
1384 5108 1627 5163 colonias
1672 5108 1967 5164 deducunt.
1995 5108 2110 5164 Ma-

2220 5112 2315 5166 μον
2346 5096 2617 5165 μελετῶσι
2648 5097 2743 5150 καὶ
2762 5097 2861 5166 τὴν
2886 5097 3072 5168 χώραν
3101 5098 3323 5154 ἅπασαν
3342 5102 3663 5171 ἐργάζονται
3689 5108 3782 5159 καὶ

530 5197 711 5265 jorum
744 5201 889 5252 enim
930 5199 1272 5254 schediarum
1333 5199 1725 5272 [navicularum
1760 5202 2023 5256 minorum
2053 5210 2107 5257 et

2220 5183 2533 5238 στέλλουσιν
2580 5185 2677 5238 ἀπ’
2740 5187 2917 5251 οίκίας
2941 5189 3011 5256 ¹⁹,
3066 5191 3185 5254 ταῖς
3245 5191 3457 5261 μείζοσι
3509 5195 3782 5266 χρώμενοι

1817 5358 2055 5415 VARUE
2095 5361 2499 5422 LECTIONES.

584 5470 1167 5567 ςὶῗμδὶἰῖεϊξωδξίέε
1224 5477 2224 5567 _’,°__-§%.9!",-,A_~.P°.Stammon"
2254 5503 2317 5550 ς·
2395 5486 3418 5567 “66mmc-_3'_¢roé.an<1malim
3457 5496 3777 5567 ἀραιοῦσηςο

535 5539 804 5631 ρλίοροιςιιε
838 5546 920 5631 (ὅ,
1071 5539 1168 5616 τῆς
1193 5547 1557 5631 ’σξγκρίσε-ῳς
1590 5539 1698 5600 τῶν
1724 5549 1905 5631 ξγκων
2051 5539 2312 5631 ἀραίωμα
2345 5539 2743 5631 συναγομένης.
2764 5539 2784 5551 ﬂ
2843 5559 2888 5589 "
3236 5539 3787 5631 ’έῗιζ

536 5616 741 5710 martius
770 5628 871 5710 ap;
889 5616 1107 5710 δοκέει.
1142 5617 1207 5699 ad
1241 5616 1437 5671 Thom.
1467 5618 1612 5710 Magi
1645 5634 1696 5688 p.
1723 5616 1857 5710 3.06.,
1926 5624 1974 5710 ’ξ
2005 5616 2175 5709 σαϐᾶς
2208 5616 2272 5710 ξ,
2374 5616 2510 5710 ’.θητῇ
2756 5628 2942 5710 .Τ,
3084 5630 3123 5681 Β
3146 5641 3200 5710 et
3252 5616 3398 5688 corr.
3426 5616 3491 5689 Ᾱξ
3516 5616 3783 5710 Τίῗπήρξ

532 5680 596 5733 τὸ
626 5680 1136 5756 οικοιινδιατρισειν
1168 5689 1220 5743 in
1258 5704 1365 5759 mg.
1396 5680 1660 5760 punita.“
1723 5691 1767 5722 υ
1798 5692 1864 5745 τά
1892 5691 1975 5767 τε]
2020 5680 2309 5759 πάντέςἈ.
2386 5698 2432 5730 ι’
2456 5680 2550 5750 άξετ’
2576 5680 2774 5767 οικέἷιςι
2804 5680 2943 5752 "libri
2981 5680 3255 5764 ἀΐωίκὶἇις.
