4036 6318
208 313 270 374 69
1317 323 1852 385 BIBLIO'I‘HECA.
1884 352 1954 364 —-
1990 330 2154 393 COD.
2198 333 2353 395 CCL.
3379 340 3449 405 70

209 422 443 490 a,;6iat;.
480 426 790 497 Κομίζουσι
831 428 889 482 δὲ
944 430 1078 484 ἄλλα
1130 449 1214 499 τε,
1250 436 1345 488 καὶ
1390 437 1628 506 μάλιστα
1678 439 1769 491 τὸν

1876 445 2196 519 vulgarium,
2235 449 2319 502 his
2344 456 2426 501 est
2452 463 2607 504 usus.
2647 446 2866 504 Velmnt
2894 465 3014 505 cum
3042 453 3169 518 alia,
3203 462 3315 507 tum
3343 452 3456 506 tru—

204 516 355 585 εὐώδη
388 519 605 587 καρπὸν
633 520 730 572 τὸν
763 522 823 575 ὲν
855 523 935 591 τῷ
966 525 1139 595 πέραν
1169 528 1439 599 φυόμενον
1476 529 1759 601 (ἁραόιστὶ

201 602 311 659 33-.”
355 605 577 674 λέγεται
622 609 944 684 λάριμναν),
1003 626 1271 685 μεγίστην
1349 620 1544 689 ἔχοντα
1567 621 1609 652 ³¹
1659 621 1770 673 τῶν

208 694 358 746 illum
392 694 771 766 θυμιαμάτων
799 703 1030 756 εὐωδίαν
1051 719 1063 731 °
1109 705 1168 758 ὃν
1194 706 1240 737 ³⁸
1287 711 1513 777 κρατεῖν
1551 708 1769 778 λέγεται

207 786 372 850 γένους
426 787 755 860 ἀρρωστίας
806 792 883 856 ὠς
939 796 1031 848 ἐπὶ
1071 796 1131 849 τὸ
1175 798 1373 850 πολύ⁸³
1420 802 1766 871 σωματικῆς.

207 877 451 947 Οὖδεμίαν
486 880 546 931 δὲ
580 883 684 952 τῆς
725 887 829 955 γῆς
870 885 1038 956 ἄλλην
1079 888 1212 958 ὓλην
1259 890 1552 961 φερούσης,
1597 894 1769 959 ἀναγ-

208 970 437 1032 πιέζονται
480 973 626 1044 πρὸς
649 977 717 1030 τὰ
750 977 873 1030 καθ’
918 981 1131 1051 ἡμέραν
1174 981 1237 1034 τὸ
1282 984 1639 1054 κιννάμωμον
1674 987 1769 1038 καὶ

206 1060 284 1131 τὴν
316 1065 553 1119 κασσίαν
582 1067 784 1136 καίειν,
823 1072 920 1124 καὶ
958 1073 1095 1143 πρὸς
1126 1075 1223 1137 τὰς
1252 1076 1581 1140 ὑπολοίπους
1607 1080 1667 1130 ὲν
1689 1076 1766 1147 τῷ

206 1154 288 1223 βίῳ
316 1155 513 1225 χρείας
536 1173 553 1188 ο
591 1158 769 1221 οὕτως
808 1162 1009 1227 ἀνίσως
1038 1164 1107 1217 τὰ
1154 1166 1380 1236 αὑτῆς²¹⁵
1418 1169 1451 1238 ἡ
1482 1170 1619 1239 τύχη
1671 1188 1767 1239 με·

205 1246 393 1315 μέρικε,
418 1250 539 1310 τοῖς
569 1250 671 1318 μὲν
696 1250 893 1305 σπάνιν
922 1255 1031 1306 τῶν
1064 1257 1387 1323 σπουδαίων,
1416 1263 1528 1324 τοῖς
1547 1261 1604 1314 δὲ
1627 1263 1767 1331 πλῆ-

205 1336 278 1399 θος
324 1337 569 1393 διδοῦσα.
629 1342 751 1393 Τῶν
798 1343 854 1395 δὲ
908 1345 1159 1399 Σαῦαίων
1207 1349 1447 1419 χρῶνται
1510 1354 1606 1406 καὶ
1651 1357 1765 1419 τοῖς

207 1428 530 1498 δερματίνοις
558 1434 665 1487 οὐκ
715 1435 887 1504 ὀλίγοι
940 1442 1202 1510 πορείοις,
1258 1444 1621 1517 διδασκούσης
1665 1449 1765 1520 τὴν

208 1523 367 1590 χρείαν
393 1522 501 1591 τῆς
526 1524 896 1593 ἀναπώτιδος,
937 1531 1141 1605 καίπερ
1168 1536 1226 1587 ὲν
1251 1540 1433 1608 τρυφῇ
1470 1555 1765 1609 καταγινοο

211 1612 393 1680 μένους.
412 1614 611 1705 -υύδὲν
651 1616 762 1686 γὰρ
801 1620 1179 1694 εὐπορώτερον
1224 1626 1473 1681 Σαόαίων
1500 1632 1595 1683 καὶ
1633 1633 1768 1705 Γερο

212 1701 349 1770 ριίων
385 1698 534 1757 εἶναι
594 1705 748 1759 δοκεῖ
786 1710 965 1776 γένος,
1016 1713 1532 1787 ὲκτεταμιευμένων
1563 1723 1672 1775 πᾶν

1878 544 2026 589 ctum
2068 537 2354 590 odoratum
2380 540 2634 602 maxime,
2665 539 2718 592 in
2748 540 3001 596 ulteriore
3036 551 3175 596 terra
3216 553 3398 596 natum
3434 559 3449 594 :

1876 626 2105 681 Arabicc
2161 628 2417 683 Larimna
2490 629 2708 684 dicitur.
2780 631 3013 686 Maxima
3074 635 3213 687 inter
3260 648 3454 693 caetera

1876 716 2232 786 tltymiamata
2283 717 2583 788 fragrantia
2635 722 2894 789 pmditus
2937 734 3021 778 est
3050 743 3063 755 ·
3092 742 3324 795 quorum
3365 745 3457 796 ge-

1875 822 1980 861 nus
2043 808 2413 865 inﬁrmitatem
2496 813 2742 883 corporis
2820 814 3141 887 plerumque
3219 819 3444 875 vincere

1876 899 2209 966 perhibetur.
2243 902 2415 957 Porro
2456 920 2580 959 cum
2618 907 2764 961 nulla
2804 909 2980 962 solum
3024 911 3125 963 hoc
3173 911 3279 965 alia
3320 911 3459 967 ferat

1876 987 2018 1055 ligna
2045 991 2113 1043 ad
2145 1006 2279 1047 usus
2307 996 2681 1063 quotidianus,
2712 998 3118 1054 cinnamomum
3142 1012 3195 1057 et
3215 1004 3446 1057 cassiam

1875 1096 2055 1148 urere,
2099 1091 2154 1137 et
2183 1084 2248 1138 ad
2284 1096 2508 1142 caeteros
2550 1089 2674 1143 vita)
2718 1106 2852 1146 usus
2896 1093 3190 1161 applicare,
3237 1106 3459 1149 necesse

1874 1173 2103 1231 habent.
2157 1178 2332 1243 Quam
2390 1179 2728 1250 inaequaliter
2780 1183 2920 1238 bona
2966 1201 3064 1240 sua
3110 1187 3292 1240 divina
3335 1204 3458 1242 sors

1872 1265 2186 1322 distribuit!
2238 1270 2333 1324 His
2371 1285 2550 1324 rerum
2606 1277 3029 1342 appetendarum
3080 1278 3165 1330 vix
3220 1278 3437 1347 paucita

1873 1368 1981 1413 tem
2013 1360 2286 1425 concedit,
2320 1360 2426 1415 illis
2484 1364 2900 1419 redundantiam
2935 1368 3186 1435 largitur.
3239 1368 3459 1423 Sabaeo-

1872 1459 1997 1500 rum
2058 1463 2164 1501 non
2213 1450 2369 1517 pauci
2417 1451 2686 1507 coriaceis
2735 1462 2964 1509 utuntur
3007 1456 3297 1522 naviculis,
3356 1458 3459 1511 do-

1874 1547 2029 1593 cente
2076 1539 2221 1593 hunc
2255 1556 2351 1596 eos
2380 1558 2541 1597 usum
2616 1542 2827 1598 retium
2880 1547 3069 1612 maris,
3114 1548 3366 1615 quamvis
3402 1548 3457 1601 in

1875 1625 2007 1679 luxu
2034 1635 2087 1681 et
2124 1628 2334 1683 deliciis
2381 1631 2650 1686 viventes.
2702 1631 2857 1687 Nulla
2890 1635 3034 1687 enim
3084 1634 3291 1689 Sabaeis
3322 1652 3452 1704 opu-

1874 1712 2073 1767 lentior
2117 1731 2238 1769 esse
2270 1726 2320 1770 et
2380 1717 2674 1785 Gerrhaais,
2728 1721 3010 1775 hominum
3042 1726 3191 1776 natio
3219 1724 3455 1779 videtur.

212 1794 376 1885 πῖπτον
414 1797 500 1858 είς
522 1796 797 1885 διαφορᾶς
820 1800 980 1869 λόγον
1016 1804 1124 1858 ἀπὸ
1155 1811 1255 1877 τῆς
1306 1809 1498 1875 Ἀσίας
1535 1814 1634 1867 καὶ
1667 1817 1767 1885 τῆς

1876 1805 1973 1871 Qui
2012 1807 2277 1877 quidquid
2306 1810 2407 1863 sub
2433 1810 2707 1864 calculum
2761 1814 3246 1881 transportationis
3291 1817 3456 1879 cadit,

211 1882 471 1954 Εὐρώπης.
504 1878 684 1975 Οὗτοι
696 1889 1040 1961 πολύχρυσον
1070 1894 1167 1966 τὴν
1187 1898 1532 1971 Πτολεμαίου
1566 1878 1770 1975 Συρίαν

212 1979 571 2044 πεποιήκασιν,
624 1971 774 2033 οὗτοι
822 1986 889 2054 τῇ
957 1986 1219 2043 Φοινίκων
1298 1992 1559 2066 φιλεργίᾳ
1635 2013 1771 2049 κατ-

213 2067 519 2121 εσκευάκασι
566 2069 877 2137 λυσιτελεῖς
930 2076 1219 2149 ἐμπορίας,
1257 2085 1351 2136 καὶ
1409 2086 1576 2156 μυρία
1609 2086 1767 2143 ἄλλα.

219 2160 346 2211 Ἐστι
367 2160 420 2212 δὲ
459 2162 791 2218 πολυτέλεια
828 2169 961 2239 παρ’
992 2170 1174 2236 αὐτοῖς
1208 2173 1270 2226 οὐ
1328 2175 1489 2243 μόνον
1512 2176 1642 2249 [747
1677 2179 1769 2253 Η.]

227 2252 568 2322 inops-igua:
600 2252 945 2327 θαυμαστοῖς
1002 2262 1097 2315 καὶ
1140 2266 1415 2334 ποτηρίων
1451 2252 1767 2337 ποικιλίαις,

240 2342 309 2393 ἑτι
333 2344 382 2395 δὲ
404 2344 581 2397 κλινῶν
618 2346 717 2399 καὶ
748 2351 1023 2416 τριπόδων
1045 2353 1321 2423 μεγέθεσι,
1350 2357 1445 2410 καὶ
1469 2359 1579 2412 τῶν
1596 2360 1772 2416 ἄλλων

244 2433 332 2485 τῶν
356 2432 457 2487 κατ’
481 2436 654 2490 οὲκίαν
682 2441 815 2509 παρ’
865 2442 998 2510 ἡμῖν
1059 2445 1454 2516 ὲκτεινομένων
1501 2448 1771 2519 λαμϐάνει

238 2527 319 2593 τὴν
366 2528 678 2597 ύτεερϐολὴν,
745 2533 979 2599 πολλῶν,
1060 2536 1137 2599 ώς
1193 2537 1361 2601 ἔοικε,
1416 2544 1772 2613 κεκτημένων

226 2618 449 2687 χορηγίαν
479 2621 795 2693 βασιλικήν.
827 2625 1027 2689 Κίονάς
1055 2644 1117 2680 τε
1151 2628 1381 2693 πολλοὺς
1410 2633 1594 2696 αὐτοῖς
1637 2652 1771 2703 φησι

219 2712 623 2767 κατεσκευάσθαι
671 2714 1004 2785 ἐπιχρύσους
1066 2735 1126 2771 τε
1180 2720 1275 2774 καὶ
1305 2722 1601 2794 ἀργυροῦς,
1635 2727 1772 2796 πρὸς

215 2799 262 2852 δὲ
285 2804 367 2853 καὶ
394 2804 495 2868 τὰς
519 2805 734 2874 ὀροφὰς
759 2808 856 2861 καὶ
904 2808 1074 2879 θύρας
1110 2812 1331 2881 φιάλαις
1374 2814 1773 2890 λιθοκολλήτοις

216 2893 502 2961 ἑξειλῆᾳθαι
525 2896 575 2927 ³³
610 2901 871 2965 πυκναῖς,
904 2900 1168 2967 ὡσαύτως
1204 2903 1298 2957 καὶ
1330 2904 1399 2957 τὰ
1439 2910 1773 2975 μεσοστύλια

214 2984 321 3037 θέαν
342 2985 483 3055 ἔχειν
510 2988 792 3061 εὐπρεπῆ,
825 2992 921 3043 καὶ
952 2992 1182 3047 καθόλου
1213 2997 1342 3059 τοὺς
1393 2999 1545 3069 παρὰ
1574 3000 1618 3031 ³⁸
1662 3001 1773 3054 τῶν

208 3078 362 3130 ἄλλων
412 3079 691 3145 πλούτους
736 3084 1018 3139 ἐκκεῖσθαι
1057 3086 1156 3155 τὴν
1206 3088 1473 3159 διαφορὰν
1501 3092 1766 3165 μεγάλην.

1873 1912 1936 1951 ex
1964 1898 2092 1951 Asia
2118 1908 2172 1952 et
2205 1900 2444 1968 EurOpa,
2485 1902 2829 1971 dispensant.
2860 1903 2922 1958 lii
2959 1906 3076 1957 auri
3128 1905 3457 1960 ditissimant

1873 1986 2151 2044 Ptolemaei
2214 1992 2425 2060 Syriam
2476 1990 2740 2047 fecerunt.
2798 1994 2862 2048 Hi
2907 1996 3179 2049 sedulitati
3233 1998 3460 2052 Plimni-

1873 2092 1998 2131 cum
2084 2079 2488 2136 lucrosissimas
2544 2082 2943 2152 negotiationes
3032 2085 3318 2149 dederunt,
3401 2097 3462 2141 ut

1873 2180 2129 2224 sexcenta
2157 2171 2260 2224 alia
2288 2184 2627 2240 przeteream.
2682 2172 2907 2243 Magnos
2944 2176 3268 2244 impendunt
3307 2191 3460 2230 sum-

1872 2267 2018 2327 ptus,
2064 2273 2173 2311 non
2211 2259 2387 2313 solum
2433 2264 2485 2314 in
2533 2269 2836 2315 toreumata
2862 2302 2877 2327 ,
2917 2273 2971 2317 et
3019 2263 3331 2332 sculpturas
3363 2265 3461 2318 ad-

1873 2348 2173 2408 mirabiles.
2190 2362 2242 2402 et
2274 2351 2592 2418 poculorum
2614 2352 2953 2418 varietatem,
2973 2355 3066 2409 sed
3092 2355 3453 2424 magniﬁcen-

1873 2440 1945 2494 tia
1976 2442 2064 2495 illa
2108 2443 2269 2495 etiam
2293 2444 2345 2495 in
2368 2443 2631 2497 lectorum
2666 2455 2719 2499 et
2752 2447 3022 2516 tripodum
3046 2446 3261 2517 [mensae
3298 2465 3457 2518 genus

1871 2531 1972 2603 est]
2013 2533 2371 2602 aliorumque,
2420 2550 2540 2603 quae
2582 2536 2723 2605 apud
2786 2553 2888 2591 nos
2930 2554 3023 2598 per
3066 2540 3210 2595 aedes
3265 2552 3457 2596 exten-

1872 2624 2098 2688 duntur,
2134 2627 2505 2695 magnitudine
2537 2628 2605 2682 ad
2634 2644 2910 2684 summum
2970 2632 3200 2702 gradum
3258 2649 3456 2689 ascen-

1873 2710 1970 2770 dit.
2026 2714 2304 2787 Siquidem
2369 2720 2546 2787 multi,
2598 2730 2658 2775 ut
2702 2723 2979 2777 aestimare
3032 2736 3138 2787 est,
3204 2737 3455 2793 sumptus

1874 2806 2080 2861 faciunt
2132 2812 2328 2879 regios.
2385 2811 2504 2867 lluc
2556 2815 2785 2881 accedit,
2811 2816 2957 2884 quod
3018 2819 3290 2873 columnae
3345 2820 3457 2875 illis

1872 2900 2146 2954 deaurata:
2196 2911 2250 2955 ct
2297 2911 2424 2957 tota:
2478 2914 2701 2973 argento
2759 2916 3035 2973 constant,
3099 2909 3356 2981 foresque
3405 2923 3461 2966 et

1873 2991 2087 3062 fastigia
2122 2992 2410 3048 domorum
2433 2997 2637 3051 crebrae
2659 3013 2690 3052 c
2722 3000 2953 3067 gemmis
2999 3011 3051 3055 et
3085 3004 3338 3071 pretiosis
3376 3004 3457 3058 la-

1875 3086 2093 3153 pidibus
2136 3087 2332 3155 pliialm
2371 3089 2673 3158 excipiunt.
2724 3090 3099 3147 Consimiliter
3138 3097 3303 3149 etiatn
3346 3113 3460 3151 nte-

218 3166 358 3220 ’Δὶλὰ
381 3168 565 3224 ταῦτα
604 3170 706 3240 μὲν
744 3171 850 3235 ἕως
896 3171 993 3225 τοῦ
1048 3174 1172 3229 καθ’
1207 3178 1354 3247 ἡμᾶς
1399 3181 1533 3249 παρ’
1584 3182 1768 3248 αὐτοῖς

1878 3177 2103 3247 sostylia
2150 3177 2226 3247 (in
2282 3180 2478 3235 mediis
2530 3181 2737 3235 aedibus
2796 3183 3086 3254 columine)
3143 3186 3461 3241 decentissi-

204 3256 591 3325 ἐπαγγέλλεται
615 3261 660 3292 ⁸⁷
692 3260 833 3332 βίου.
875 3264 938 3317 EE
972 3264 1029 3318 δὲ
1079 3268 1154 3337 μὴ
1194 3268 1383 3340 πόρρω
1424 3270 1771 3343 διεστηκυῖαν

1878 3284 2022 3322 mam
2057 3270 2296 3339 praebent
2331 3271 2416 3325 sui
2453 3273 3271 3347 contemplationem.Quodque
3299 3290 3463 3348 caput

198 3348 287 3417 τὴν
311 3351 531 3419 οἴκησιν
557 3355 818 3424 κατεῖχον
844 3354 955 3407 τῶν
983 3356 1079 3409 ἐπὶ
1132 3358 1313 3411 πάντα
1343 3359 1509 3415 τόπον
1547 3363 1643 3427 τὰς
1675 3365 1771 3418 δυ·-

1878 3363 1981 3426 rei,
2040 3363 2305 3434 quidquid
2352 3366 2494 3435 apud
2528 3366 2667 3421 alios
2731 3368 3052 3423 divitiarum
3086 3379 3190 3434 est,
3225 3373 3274 3424 id
3299 3388 3462 3426 omne

197 3435 379 3505 νάμεις
432 3440 786 3510 στρεφόντων
811 3440 879 3504 ³⁸,
915 3443 1187 3513 οἰκονόμοι
1234 3446 1344 3498 τῶν
1386 3447 1681 3520 ἀλλοτρίων
1708 3452 1771 3506 ἂν

1882 3454 1969 3509 hic
2014 3470 2211 3524 magna
2248 3458 2510 3511 varietate
2551 3459 2860 3527 expositum
2915 3473 3017 3514 est.
3068 3462 3136 3515 At
3181 3464 3463 3516 enimvero

196 3528 436 3600 ὑπῆρχον
477 3532 529 3583 οί
558 3531 746 3603 κύριοι
773 3532 884 3585 τῶν
917 3534 1061 3588 ίδίων
1086 3535 1308 3599 ἄθλων,
1363 3538 1465 3607 τῆς
1495 3540 1771 3611 ῥᾳθυμίας

1882 3546 1999 3600 haec
2029 3547 2097 3600 ad
2140 3556 2377 3601 nostrain
2426 3563 2599 3617 usque
2636 3558 2851 3604 aetatem
2906 3550 3103 3620 55912
3143 3553 3209 3606 de
3244 3553 3348 3607 illis
3388 3553 3459 3606 ita

197 3621 569 3694 ἀδυνατούσης
594 3623 655 3676 τὸ
682 3623 971 3697 ἐλεύθερον
1016 3626 1188 3680 πλείω
1224 3629 1416 3699 χρόνον
1461 3630 1757 3704 διατηρεῖν.

1876 3638 2253 3707 praedicantur.
2278 3636 2387 3692 Nisi
2418 3654 2547 3692 vero
2577 3639 2734 3709 longe
2768 3640 3054 3695 submotus
3079 3641 3341 3695 baberent
3378 3659 3464 3695 se-

197 3716 289 3771 des
318 3718 386 3771 ab
415 3719 503 3774 his
544 3718 642 3789 qui
670 3720 737 3775 ad
772 3735 989 3775 omnem
1033 3722 1147 3777 fere
1178 3724 1357 3779 locum
1428 3729 1614 3797 capias
1677 3731 1850 3795 alunt,
1891 3733 2193 3787 alienarum
2257 3741 2541 3787 curatores
2589 3747 2749 3802 opum
2800 3732 3003 3799 forent,
3053 3734 3141 3800 qui
3208 3749 3353 3788 nunc
3407 3734 3463 3789 in

196 3823 291 3862 sua
344 3811 503 3879 quasi
548 3812 775 3881 pmmia
861 3812 1161 3869 dominium
1239 3818 1497 3885 retinent,
1556 3820 1825 3891 siquidem
1889 3824 2099 3894 ignavia
2166 3823 2468 3879 libertatem
2559 3824 2624 3879 ad
2704 3824 2970 3889 prolixius
3074 3824 3200 3879 inde
3251 3835 3463 3895 tempus

196 3914 522 3955 c0nservare
559 3904 771 3972 nequit.

267 3994 426 4062 Παρὰ
454 3992 511 4045 δὲ
541 3993 643 4063 τὴν
674 3992 861 4064 χώραν
894 3996 1101 4067 ταύτην
1130 3999 1164 4067 ἠ
1203 3999 1302 4069 μὲν
1328 4000 1572 4054 θάλαττα
1600 4001 1772 4073 λευκὴ

200 4085 473 4151 φαίνεται,
508 4084 741 4154 ποταμῷ
789 4087 1057 4159 ἐμφερὴς,
1107 4088 1249 4142 ὥστε
1287 4091 1775 4163 παραπλήττεσθαι

201 4175 299 4228 τοῦ
331 4177 618 4245 γινομένου
646 4177 748 4249 τὴν
779 4178 980 4245 αἰτίαν,
1011 4180 1165 4250 νῆσοι
1213 4182 1272 4235 δὲ
1318 4184 1640 4255 εὐδαίμονες
1668 4204 1773 4239 πα-

207 4269 506 4339 ράκεινται,
532 4270 589 4321 ὲν
620 4263 711 4332 αἷς
739 4268 1059 4342 βοσκήματα
1088 4274 1261 4326 λευκὰ
1292 4279 1390 4344 μέν
1426 4277 1542 4329 ἐστι
1572 4277 1774 4342 πάντα,

203 4359 380 4412 οὐδενὶ
400 4360 458 4413 δὲ
483 4359 593 4413 τῶν
627 4360 858 4429 θηλειῶν
879 4363 1173 4433 ἐπιφύεται
1200 4364 1389 4435 κέρας.
1435 4366 1523 4421 Ἐν
1547 4369 1777 4433 ταύταις

206 4454 331 4514 ταῖς
373 4454 560 4523 νήσοις
614 4454 743 4507 ίδεῖν
793 4454 939 4508 ἐστιν
987 4455 1260 4527 ὁρμούσας
1310 4459 1621 4528 ἐμπορικὰς
1665 4461 1777 4514 τῶν

1951 4004 2078 4056 CAP.
2127 3998 2211 4053 LI.
2258 3999 2335 4053 De
2364 4000 2653 4069 fortunatis
2695 4002 2911 4056 Arabia:
2965 4002 3191 4066 insulis,
3220 4002 3463 4055 etmira-

1883 4096 1977 4149 bili
2023 4095 2137 4148 cmli
2188 4095 2417 4147 ratione.
2452 4124 2522 4134 —
2552 4094 2759 4149 Praeter
2790 4094 2933 4149 hanc
2984 4096 3255 4164 regionem
3315 4110 3465 4148 mare

1881 4188 2217 4255 conspicitur
2246 4186 2427 4240 album
2456 4188 2523 4240 ad
2552 4186 2699 4240 ﬂuvii
2748 4187 3005 4255 speciem,
3039 4187 3115 4239 ita
3154 4196 3212 4239 ut
3239 4185 3464 4239 effectus

1883 4278 2048 4347 hujus
2091 4293 2313 4333 causam
2367 4278 2492 4346 quis
2538 4292 2645 4331 non
2690 4278 2811 4331 sine
2859 4288 3082 4346 stupore
3141 4277 3459 4331 demiretur.

1881 4370 2167 4440 Adjuncta:
2208 4378 2390 4424 autem
2425 4378 2554 4424 sunt
2594 4370 2787 4423 insulae
2832 4368 3144 4432 fortunatae,
3178 4369 3230 4422 in
3258 4369 3463 4437 quibus

1882 4463 2217 4519 niveo.sunt
2277 4462 2460 4517 colore
2506 4476 2701 4531 pecora
2750 4461 3030 4525 universa,
3057 4476 3155 4515 nec
3182 4460 3275 4513 ulli
3307 4460 3436 4514 femi

207 4545 543 4614 προσχώρων
573 4545 814 4616 σχεδίας,
856 4546 1119 4612 πλείστας
1149 4550 1248 4618 μὲν
1296 4550 1505 4603 ἐκεῖθεν
1542 4546 1605 4606 οὐ
1643 4570 1771 4605 κατ-

1881 4570 2076 4609 narum
2104 4570 2274 4610 cornu
2329 4554 2665 4608 adnascitur.
2697 4552 2752 4606 In
2776 4554 2860 4607 his
2891 4554 3247 4608 mercatorias
3297 4568 3459 4608 acco-

206 4638 471 4703 εστήσατο
516 4638 669 4709 παρὰ
706 4638 799 4690 τὸν
859 4637 1016 4692 Ἰνδὸν
1058 4641 1304 4712 ποταμὸν
1340 4642 1370 4694 ὁ
1430 4642 1779 4715 Ἀλέξανδρος

206 4725 571 4797 ναύσταθμον,
598 4728 765 4800 [1576
798 4728 891 4802 R.]
926 4731 1028 4785 οὐκ
1059 4730 1245 4800 ὀλίγας
1277 4733 1336 4787 δὲ
1371 4734 1480 4788 ἀπὸ
1507 4736 1607 4805 τῆς
1633 4736 1777 4806 Περ-

208 4815 351 4880 σίδος
374 4819 467 4871 καὶ
491 4820 819 4891 Καρμανίας
849 4822 944 4875 καὶ
968 4823 1067 4893 τῆς
1099 4824 1367 4893 σύνεγγυς
1390 4828 1596 4897 πάσης.
1620 4827 1778 4881 Ἐστι

202 4903 265 4957 δὲ
316 4908 496 4971 αὐτοῖς
566 4913 663 4964 καὶ
723 4912 791 4966 τὰ
838 4914 981 4967 κατὰ
1032 4915 1125 4969 τὸν
1174 4916 1404 4986 οὐρανὸν
1457 4917 1779 4989 θαυμασίως

202 4996 397 5066 εχοντα
417 5016 432 5031 ο
464 4994 540 5054 ὧν
578 5004 697 5055 ἐστι
732 5003 828 5056 καὶ
859 5005 920 5057 τὸ
952 5005 1080 5076 περὶ
1103 5006 1203 5077 τὴν
1222 5007 1425 5077 ἄρκτον
1460 5008 1783 5078 συμϐαῖνον.

216 5083 353 5143 ’Δπὺ
402 5093 510 5163 γὰρ
559 5094 1066 5166 μαιμακτηριῶνος,
1115 5097 1175 5161 ὃς
1227 5098 1421 5167 ἄγεται
1462 5100 1615 5171 παρὰ
1665 5101 1782 5164 τοῖς

217 5178 544 5250 ’Δθηναίοις.
574 5184 751 5248 οὐδεὶς
785 5186 961 5258 ἀστὴρ
992 5186 1102 5240 τῶν
1140 5187 1281 5242 ἑπτὰ
1310 5188 1569 5259 φαίνεται
1612 5190 1778 5261 μέχρι

206 5273 454 5343 φυλακῆς
477 5273 726 5346 πρώτης,
759 5276 818 5331 ὲν
846 5276 904 5331 δὲ
935 5278 1264 5334 Ποσειδεῶνι
1298 5279 1462 5353 μέχρι
1492 5280 1776 5352 δευτέρας,

1884 4644 2059 4700 larum
2123 4660 2290 4699 naves
2335 4645 2622 4700 stationem
2677 4645 2879 4700 habere
2916 4646 3123 4709 videas,
3173 4646 3465 4714 plerasque

1886 4736 2012 4791 inde
2041 4735 2333 4806 profectas,
2368 4736 2454 4790 ubi
2478 4738 2628 4807 juxta
2661 4736 2848 4790 Indum
2882 4752 3097 4791 amnem
3128 4736 3320 4791 navale
3381 4738 3465 4790 in-

1886 4826 2063 4882 stituit
2107 4825 2415 4880 Alexander
2443 4842 2458 4878 :
2488 4841 2589 4881 nec
2621 4842 2820 4896 paucas
2848 4842 2879 4883 c
2908 4827 3129 4882 Perside
3157 4838 3211 4881 et
3237 4826 3465 4881 Carma-

1886 4918 2001 4982 nia,
2039 4927 2093 4972 et
2124 4927 2236 4973 tota
2269 4919 2585 4973 continente
2613 4920 2864 4974 ﬁnitima.

1960 5009 2214 5064 Caelestia
2271 5012 2435 5065 etiam
2472 5010 2579 5065 illis
2607 5011 2927 5064 mirabiliter
2959 5024 3018 5064 se
3046 5010 3264 5063 habent.
3316 5008 3463 5063 Inter

1887 5114 2010 5170 quae
2048 5101 2300 5170 estquod
2351 5102 2498 5156 circa
2542 5118 2726 5156 ursam
2770 5102 3054 5172 contingit.
3101 5101 3234 5156 Nam
3268 5119 3297 5156 a
3330 5103 3460 5157 Μιε-

1886 5193 2218 5248 macterione
2266 5192 2405 5265 [cum
2454 5193 2743 5263 Septembri
2789 5196 2873 5248 hic
2900 5206 3141 5263 exparte
3192 5198 3458 5269 congruit]

1886 5298 2074 5341 mense
2109 5286 2550 5353 Atheniensium,
2598 5287 2746 5342 nulla
2777 5288 2844 5343 dc
2874 5296 3079 5358 septem
3125 5291 3247 5359 ejus
3291 5291 3461 5345 stellis

1478 5453 1718 5511 VARLE
1758 5451 2165 5513 LECTIONES.

276 5571 322 5603 ⁸⁸
350 5571 410 5645 δὲ
437 5586 548 5645 om.
710 5571 986 5645 _“_Excv-tct
1020 5571 1108 5625 A:
1141 5570 1281 5643 ἔχων
1310 5590 1372 5645 ς.
1438 5570 1496 5645 ξ’
1521 5572 1582 5626 ὃν
1614 5570 1655 5624 Β
1678 5567 1807 5645 id»!
1844 5590 1909 5645 gf.
1940 5574 2127 5642 γένους
2157 5576 2199 5629 Β
2231 5586 2282 5631 et
2313 5593 2457 5631 corr.
2492 5577 2531 5630 A
2569 5596 2581 5632 :
2612 5577 2764 5645 γένος
2795 5597 2849 5643 ς.
2934 5580 2978 5612 ³³
3005 5578 3078 5641 ώς
3109 5578 3201 5631 ἐπὶ
3234 5578 3293 5632 τὸ
3324 5577 3465 5631 πολύ

206 5640 415 5721 σιμικϐ.
493 5642 537 5721 ‘_‘
566 5642 649 5721 τὰ.
664 5640 899 5721 αὐῇςΒ
934 5651 990 5721 et
1012 5640 1271 5721 corr."A_:
1302 5642 1503 5721 ἑαυτῆς
1536 5659 1596 5705 ς.
1748 5640 2490 5721 ὲξειλῆῲθαιΔλιθοκολλήτοις
2519 5647 2580 5701 Β.
2622 5640 2634 5645 -
2659 5650 2702 5680 ³⁸
2728 5640 2879 5721 πα*ρά
2916 5650 2984 5690 -ὲ
3012 5640 3299 5717 πλούτουςι
3326 5647 3459 5718 παρ’

206 5710 393 5766 αὐτῶν
438 5714 552 5774 τοῖς
584 5711 691 5766 τῶν
721 5710 895 5768 ἄλλων
928 5712 1179 5777 πλούτοις
1203 5711 1265 5769 Β.
1352 5713 1396 5746 ³⁷
1422 5710 1830 5781 ἀπαγγέλλεται
1856 5710 1964 5786 mg.

2044 5716 2087 5747 ³⁸
2110 5717 2231 5770 libri
2260 5716 2586 5788 τρεφόντων.
