4036 6318
549 263 620 326 63
968 245 977 259 ‘
1706 264 1967 325 PIIOTII
2006 260 2509 325 PATRIARCHE
2538 262 2648 325 cr.
3729 269 3804 333 st

546 376 909 445 conspicitur,
950 389 1128 445 usque
1148 375 1215 431 ad
1249 373 1485 445 vigiliam
1542 376 1716 432 noctis
1760 377 2010 440 primam.
2066 375 2122 428 I'u

2241 377 2286 427 iv
2318 375 2372 429 δὲ
2394 378 2508 439 τοῖς
2532 377 2661 447 ἑξῆς
2689 376 2802 432 τῶν
2832 376 3019 450 μηνῶν
3069 380 3207 434 κατά
3238 380 3415 450 λόγον.
3461 381 3583 437 Τῶν
3625 384 3669 437 δ’
3702 384 3806 439 ἀλ-

547 469 853 527 Posideone
904 466 1204 540 [Decembri
1261 468 1647 538 quodammodo
1683 466 2006 539 "respondet]
2059 467 2128 521 ad

548 561 844 617 secundam
909 569 1217 630 usque:et
1272 563 1459 613 eadem
1538 560 1747 612 ratione
1807 559 1863 612 in
1918 559 2129 613 caeteris

548 654 831 707 mensibus
875 652 1149 719 deinceps.
1177 649 1316 704 Tum
1381 651 1449 705 de
1487 651 1607 705 aliis
1648 650 1838 713 stellis,
1883 650 2130 704 erratica:

548 760 659 797 non
696 744 950 796 videntur
981 760 994 796 :
1028 744 1303 797 nonnulla;
1327 751 1508 796 autem
1556 742 1746 811 globos
1781 741 1981 795 habent
2012 757 2129 794 ma-

545 836 714 904 jores.
748 836 887 888 Sunt
912 851 1034 904 qua:
1061 850 1169 888 non
1202 843 1343 887 stata
1380 842 1435 886 et
1465 832 1704 902 legitima
1752 832 1854 887 sibi
1884 841 2129 901 tempora

551 928 616 981 ad
666 928 1022 982 occidendum
1072 926 1350 981 vindicant
1416 934 1471 979 et
1521 926 1826 980 oriendum.
1860 926 2128 981 Peculiari

553 1020 716 1071 etiam
753 1029 805 1072 et
832 1020 1047 1073 diverso
1086 1025 1313 1071 narrant
1354 1018 1517 1070 modo
1544 1018 1716 1072 solem
1760 1018 2006 1072 exhiberi
2049 1018 2131 1071 ul-

556 1118 638 1164 tra
680 1110 1091 1168 Ptolcmaidem.
1131 1108 1316 1164 Primo
1347 1108 1543 1180 (aiunt)
1569 1123 1699 1173 non,
1731 1120 1792 1165 ut
1823 1111 1968 1178 apud
2007 1124 2129 1176 nos,

554 1202 728 1258 lucem
770 1203 974 1272 absque
1000 1202 1115 1256 sole
1138 1216 1301 1255 mane
1353 1203 1559 1266 vident,
1588 1203 1655 1257 ad
1684 1212 1899 1272 tempus
1923 1202 2131 1257 medio-

554 1313 668 1355 ere.
696 1306 750 1351 et
785 1306 897 1349 tum
927 1296 1144 1348 demum
1178 1294 1376 1349 sideris
1418 1306 1692 1360 exortum,
1732 1294 1828 1349 sed
1859 1310 1983 1349 cum
2019 1301 2130 1349 tota

556 1391 815 1444 immersa
864 1388 1101 1443 tenebris
1139 1402 1249 1442 nox
1281 1387 1519 1453 transiit,
1566 1387 1828 1442 continuo
1863 1388 1944 1442 sol
1974 1385 2133 1441 alfal-

556 1490 667 1551 get,
722 1496 822 1535 nec
869 1494 1106 1550 unquam
1160 1479 1234 1535 ibi
1286 1479 1344 1533 lit
1391 1478 1530 1543 dies,
1584 1480 1906 1549 priusquam
1961 1486 2134 1533 totum

556 1582 960 1641 conspexerunt
1014 1574 1207 1627 solem.
1258 1572 1464 1627 Deinde
1496 1570 1579 1628 sol
1607 1586 1675 1625 ex
1707 1570 1889 1625 medio
1942 1570 2134 1640 pelago

555 1663 852 1717 ascendere
884 1662 1121 1717 videtur.
1163 1660 1349 1716 Tertio
1372 1660 1535 1717 oﬂ‘ert
1572 1676 1631 1716 se
1665 1660 1889 1715 carboni
1923 1659 2134 1730 ignitis-

558 1758 699 1810 simo
748 1756 1063 1825 persimilis,
1092 1764 1148 1810 et
1176 1754 1410 1826 grandes
1455 1753 1674 1823 projicit
1708 1726 1992 1816 scintillas,
2032 1752 2133 1805 ali-
2160 1726 2208 1786 Β

555 1864 694 1918 quas
731 1848 783 1901 in
810 1848 997 1903 orbem
1033 1856 1240 1902 tractus
1265 1862 1295 1901 a
1324 1861 1384 1900 se
1408 1845 1685 1910 illustrati,
1728 1845 1939 1913 aliquas
1967 1844 2130 1898 etiam

557 1940 932 2011 longinquius.
981 1940 1210 2007 Quarto,
1258 1955 1360 1995 nec
1394 1940 1477 1995 sol
1514 1939 1582 1993 ad
1610 1938 1748 1992 disci
1802 1937 2031 1991 formam
2074 1948 2134 1991 se

557 2035 738 2100 habet,
764 2035 858 2089 sed
888 2049 1130 2089 crassam
1160 2031 1326 2086 refert
1353 2031 1666 2087 columnam
1713 2029 2006 2099 principio,
2037 2040 2135 2082 cu~

555 2124 648 2195 jus
677 2143 708 2181 a
743 2141 961 2180 summo
1004 2126 1217 2196 species
1257 2124 1539 2194 aliquanto
1582 2123 1813 2192 plenior,
1848 2121 2005 2191 quasi
2042 2134 2138 2174 ca-

558 2227 676 2287 put,
736 2227 1015 2288 appareat.
1079 2215 1300 2282 Quinto,
1363 2228 1464 2270 nec
1522 2216 1706 2285 jubar,
1771 2227 1871 2268 nec
1920 2213 2133 2267 radium

561 2310 689 2364 inde
721 2310 1089 2379 resplendere,
1109 2318 1219 2363 tam
1248 2308 1301 2362 in
1322 2307 1462 2361 mari
1491 2321 1658 2377 quam
1686 2306 1741 2359 in
1768 2315 1933 2368 terra,
1957 2303 2137 2373 periti»

560 2403 710 2467 bent,
751 2416 926 2471 usque
968 2402 1035 2455 ad
1080 2401 1289 2455 exitum
1332 2401 1482 2454 horae
1526 2399 1736 2469 primae,
1779 2397 1875 2452 sed
1915 2396 2135 2451 interim

559 2507 660 2545 ceu
708 2492 885 2561 ignem
911 2507 1033 2546 esse
1056 2506 1162 2545 non
1192 2490 1456 2555 lucidum,
1513 2490 1746 2558 caligine
1801 2489 2135 2543 involutum.

563 2585 815 2639 Secunda
854 2594 1038 2637 autem
1086 2584 1242 2647 liora,
1272 2582 1426 2638 sidus
1468 2591 1635 2636 totum
1665 2581 1980 2642 ascendere,
2023 2581 2136 2651 cly-

562 2677 647 2747 pei
672 2675 898 2746 eiligiem
922 2684 1342 2744 reprznsentans,
1374 2684 1429 2729 et
1454 2684 1611 2728 terrae
1634 2674 1882 2742 marique
1932 2671 2138 2745 460a

564 2771 737 2824 lucem
784 2770 1119 2832 immittere,
1171 2776 1283 2822 tam
1337 2766 1659 2823 insolentem
1701 2775 1752 2821 et
1791 2767 2035 2835 igneam,
2084 2776 2142 2820 ut

564 2863 851 2930 utriusque
906 2860 1253 2916 immodicam
1305 2875 1425 2915 esse
1473 2861 1898 2929 magnitudinem
1950 2860 2142 2913 existi-

564 2962 754 3007 metur.
793 2950 977 3016 Sexto,
1006 2952 1071 3005 ad
1102 2964 1357 3006 occasum
1384 2951 1663 3005 contrario
1694 2948 1947 3003 aﬂ‘cctum
1981 2948 2143 3003 modo

2228 468 2336 523 λων
2364 470 2612 540 ἀστέρων
2651 472 2701 524 oi
2757 472 2858 541 μὲν
2908 471 3184 543 πλάνητες
3236 472 3483 546 ἀόρατοι,
3533 477 3680 540 τινὲς
3730 477 3793 531 δὲ

2228 560 2344 623 τοῖς
2384 559 2572 627 δγκοις
2599 561 2863 629 μείζονες,
2903 562 2955 615 οἱ
2994 561 3049 615 δὲ
3082 562 3203 616 οὐδὲ
3234 566 3373 617 κατά
3398 566 3525 627 τοὺς
3553 566 3804 632 ὑφεστῶ-

2226 666 2328 715 τας
2352 655 2581 722 καιροὺς
2606 652 2705 716 τὰς
2730 653 2911 710 δύσεις
2932 654 3246 724 ποιούμενοι
3276 659 3369 709 καὶ
3397 656 3496 719 τὰς
3523 656 3806 720 ἐπιτολάς.

2230 742 2338 796 Τοῦ
2370 743 2425 795 δὲ
2448 744 2601 814 ἡλίου
2630 744 2730 815 τὴν
2759 744 2991 813 ἐκφασιν
3021 746 3077 798 ἐν
3121 750 3233 808 τοῖς
3294 747 3553 799 ἐπέκεινα
3604 749 3809 801 Πτολε-

2233 836 2421 906 μαῖδος
2450 837 2587 889 ἰδίαν
2627 838 2847 906 λέγουσι
2878 840 2972 891 καὶ
3031 838 3518 909 παρηλλαγμένην.
3554 840 3810 910 -Πρώτον

2236 929 2337 997 μὲν
2364 928 2473 998 γάρ
2503 929 2565 981 οὐ
2599 929 2852 999 καθάπερ
2884 931 3015 998 παρ’
3039 931 3173 999 ἡμῖν
3215 929 3331 997 φῶς
3378 931 3598 999 ἀνήλιον
3632 930 3812 984 ἕωθεν

2233 1020 2448 1089 ὁρῶμεν
2481 1021 2575 1074 ἐπὶ
2610 1024 2799 1092 χρόνον
2826 1022 2924 1075 οὐκ
2947 1023 3152 1090 ὀλίγον,
3210 1019 3331 1075 εἶτα
3359 1021 3459 1093 τὴν
3493 1023 3763 1093 ἀνατολήν
3792 1038 3809 1052 ⁸

2231 1111 2367 1165 ἀλλά
2389 1114 2584 1177 νυκτὸς
2622 1114 2840 1176 σκοτίας
2865 1115 3224 1185 ὑπαρχούσης
3272 1115 3532 1184 ἐξαίφνης
3566 1116 3814 1187 ἀνέλαμ-

2232 1202 2333 1273 ψεν
2357 1204 2527 1274 ἥλιος,
2564 1205 2749 1277 ἡμέρα
2777 1206 2833 1258 δὲ
2888 1206 3147 1259 οὐδέποτε
3196 1207 3409 1274 γίνεται
3450 1209 3631 1260 ἐκεῖσε
3676 1209 3814 1277 πρὶν

2235 1296 2327 1349 τὸν
2377 1296 2529 1367 ἣλιον
2588 1299 2734 1351 ἰδεῖν.
2804 1298 3067 1368 Δεύτερον
3121 1300 3149 1352 ὁ
3190 1299 3340 1369 ἥλιος
3401 1299 3815 1370 ἀναφερόμενος

2234 1389 2484 1458 φαίνεται
2509 1391 2572 1443 ἐκ
2622 1389 2789 1459 μέσου
2820 1390 2915 1443 τοῦ
2950 1389 3242 1459 πελάγους,
3287 1390 3530 1463 [Τρίτον]
3566 1392 3713 1444 ποιεῖ
3750 1390 3816 1442 δὲ

2231 1481 2391 1536 τοῦτο
2415 1481 2649 1552 ἀνθρακι
2673 1483 2772 1551 μὲν
2799 1482 2875 1535 ὢν
2902 1484 3009 1535 τῶν
3030 1483 3463 1553 πυρωδεστάτων
3485 1481 3814 1553 παρόμοιος,

2234 1570 2541 1645 σπινθῆρας
2570 1572 2626 1627 δὲ
2677 1575 2947 1643 μεγάλους
3000 1574 3380 1645 ἀπορρίπτων,
3421 1575 3549 1637 τοὺς
3581 1572 3681 1644 μὲν
3730 1575 3818 1635 είς

2234 1667 2327 1721 τὸν
2357 1665 2541 1736 κύκλῳ
2574 1666 2739 1720 τόπον
2798 1666 2893 1722 τοῦ
2935 1666 3292 1737 φωτίζοντος,
3342 1666 3470 1730 τοὺς
3526 1666 3583 1719 δὲ
3613 1668 3691 1728 εἰς
3720 1667 3818 1717 τὸν
3902 1662 3917 1671 “

2236 1760 2526 1830 ἀπωτέρω.
2560 1758 2876 1832 [Τέταρτον]
2907 1761 3002 1814 καὶ
3049 1760 3109 1814 τὸ
3147 1760 3334 1830 σχῆμα
3370 1759 3427 1812 δὲ
3473 1759 3535 1812 ού
3579 1759 3820 1811 δισκοει-

2237 1851 2326 1913 δές
2362 1850 2509 1921 ἔχειν
2534 1851 2625 1903 τὸν
2654 1851 2807 1922 ἥλιόν
2860 1866 3047 1919 φασιν,
3079 1849 3215 1902 ἀλλά
3252 1850 3393 1902 κίονι
3435 1849 3601 1918 παχεῖ
3649 1847 3718 1899 τά
3746 1863 3819 1914 γε

2236 1941 2432 2013 πρῶτα
2482 1942 2717 2013 ἐμφερῆ,
2782 1942 2979 2012 μικρὸν
3034 1941 3461 2012 ἐμϐριθέστερον
3495 1941 3669 2009 ἔχοντι
3713 1940 3819 2007 τὴν

2235 2033 2345 2087 ἀπὸ
2394 2034 2501 2087 τῶν
2528 2034 2714 2104 ἀκρῶν
2743 2034 3067 2102 φαντασίαν,
3110 2034 3273 2087 οἱονεὶ
3314 2033 3578 2102 κεφαλήν.
3640 2030 3822 2104 [Πέμ-

2238 2123 2395 2196 πτον]
2414 2120 2491 2177 ἔτι
2511 2125 2689 2176 τοίνυν
2706 2124 2831 2176 οὕτε
2851 2124 3023 2196 αὐγὴν
3043 2123 3165 2177 οὔτε
3189 2125 3384 2179 ἀκτῖνα
3404 2124 3749 2193 ἁπολάμπειν
3769 2125 3819 2155 ³³

2237 2214 2518 2284 οὐδεμίαν,
2560 2213 2685 2267 οὔτε
2721 2214 2820 2266 ἐπὶ
2850 2214 2949 2284 τὴν
2976 2215 3079 2285 γῆν
3104 2213 3230 2267 ούτε
3261 2214 3353 2267 ἐπὶ
3387 2214 3485 2285 τὴν
3518 2214 3818 2272 θάλατταν,

2238 2308 2343 2370 ἓως
2379 2306 2601 2378 πρώτης
2626 2306 2795 2378 ὧρας,
2825 2305 2941 2362 ἀλλ’
2964 2308 3059 2361 ἐπὶ
3115 2308 3299 2360 σκότει
3357 2305 3469 2376 πῦρ
3519 2307 3773 2374 άλαμπές
3802 2322 3817 2336 ο

2237 2400 2500 2470 δευτέρας
2533 2400 2578 2453 δ’
2609 2400 2971 2471 ἐνισταμένης
3008 2400 3069 2454 τὸ
3102 2400 3223 2455 ὅλον
3258 2401 3456 2471 ἄστρον
3498 2399 3820 2459 ἀναϐαῖνον,

2238 2490 2579 2552 ἀσπιδοειδές
2608 2488 3031 2558 καθιστάμενον,
3065 2490 3160 2543 τοῦ
3194 2490 3476 2559 σχήματος
3529 2489 3620 2541 τὸν
3647 2489 3824 2542 τύπον

2240 2585 2334 2638 καὶ
2362 2584 2422 2637 τὸ
2455 2584 2568 2652 φῶς
2599 2583 2690 2637 ἐπί
2717 2600 2775 2636 τε
2802 2584 2899 2654 τὴν
2927 2583 3032 2653 γῆν
3078 2583 3171 2637 καὶ
3225 2583 3286 2635 τὸ
3334 2583 3569 2651 πέλαγος
3597 2583 3780 2653 βάλλει
3806 2622 3824 2645 ,

2241 2675 2414 2740 οὕτως
2472 2677 2674 2731 ἄτοπον
2722 2675 2848 2747 [748
2882 2676 2974 2746 Η.]
3033 2677 3127 2728 καὶ
3172 2672 3421 2744 πυρῶδες
3441 2674 3485 2705 ⁸ο
3536 2675 3676 2726 ὥστε
3713 2678 3830 2743 άμ-

2243 2768 2364 2833 φοῖν
2445 2765 2763 2835 νομίζεσθαι
2844 2764 3228 2835 παμμεγέθεις
3311 2765 3410 2827 τὰς
3488 2764 3824 2833 ύπερὸολάέ.

2245 2861 2494 2934 [Ἕκτον]
2524 2864 2603 2925 είς
2651 2860 2709 2913 δὲ
2735 2860 2831 2931 τὴν
2890 2860 3130 2931 ἑσπέραν
3171 2859 3413 2912 ἐναντίον
3438 2859 3501 2911 τὸ
3556 2859 3685 2929 περὶ
3728 2857 3828 2910 τὸν

2244 2954 2395 3025 ἥλιον
2428 2953 2598 3015 πάθος
2640 2955 2807 3021 φασιν
2842 2950 3114 3023 ὁρᾶσθαιο
3164 2948 3526 3013 ύποδείξαντα
3576 2948 3684 3020 γάρ
3736 2947 3830 3001 ὅτι

564 3043 735 3099 solem
786 3043 1028 3113 conspici
1065 3043 1353 3097 atiirmant.
1408 3040 1702 3109 Postquam
1744 3041 1889 3095 enim
1927 3040 2139 3094 demer-

2245 3045 2441 3099 δέδυκε
2472 3045 2619 3098 κατά
2671 3044 2772 3113 τῆς
2824 3047 2947 3114 γῆς,
3009 3044 3111 3097 οὑκ
3158 3043 3367 3097 ἐλάττω
3420 3042 3611 3115 χρόνον
3662 3042 3829 3113 ώρῶν

564 3137 776 3191 sionem
807 3136 946 3189 intra
979 3145 1176 3190 terram
1206 3134 1464 3196 ostendit,
1488 3149 1597 3187 non
1637 3133 1949 3203 angustiore
1987 3131 2143 3185 dein-

563 3242 692 3297 ceps
726 3227 902 3298 spatio
932 3228 1103 3281 tribus
1138 3227 1323 3290 boris,
1355 3226 1537 3279 lumen
1584 3234 1729 3279 retro
1766 3225 1949 3278 mittit.
1987 3223 2146 3288 Quod

564 3333 784 3389 tempus
817 3334 1055 3390 vesperae
1088 3318 1548 3389 iucundissimum
1582 3319 1723 3388 apud
1760 3333 1820 3373 se
1851 3330 1974 3373 esse
2003 3316 2147 3371 arbi-

562 3421 798 3467 trantnr.

662 3582 663 3585 η
740 3546 870 3604 CAP.
905 3544 1013 3603 Lll.
1046 3576 1116 3588 —
1142 3545 1224 3601 De
1250 3547 1415 3602 maris
1443 3545 1969 3618 reciprocationibus.

624 3660 759 3716 Hinc
790 3668 1081 3731 postquam
1107 3660 1286 3715 varias
1324 3658 1774 3730 reciprocationis
1807 3673 2003 3714 causas
2045 3673 2141 3713 au-

566 3762 684 3806 ator
716 3750 1048 3821 percensuit,
1079 3765 1382 3820 omnesque
1412 3760 1471 3805 ut
1513 3766 1636 3819 qua:
1667 3750 1804 3804 nihil
1831 3751 1943 3803 veri
1968 3751 2147 3804 conti-

564 3853 751 3902 neant.
780 3842 1117 3911 improbatas
1145 3842 1625 3913 rejecit,deinceps
1642 3842 1805 3897 infert
1826 3862 1838 3896 :
1860 3842 2015 3908 Quod
2034 3846 2147 3900 haec

566 3936 727 4004 nugis
762 3943 1037 3999 constent,
1057 3943 1112 3988 et
1143 3948 1174 3988 a
1213 3934 1418 3989 nullius
1455 3936 1530 3988 rei
1562 3935 1812 3998 veritate,
1854 3951 1976 4005 quae
1999 3938 2146 3991 reci-

569 4026 695 4082 tatis
723 4026 1033 4095 opituletur,
1071 4026 1182 4080 sint
1211 4026 1521 4096 desumpta,
1550 4027 1775 4097 cognitu
1824 4026 1983 4082 facile
2035 4037 2138 4084 est.

568 4118 1048 4188 'l‘umquibusdam
1070 4117 1192 4173 aliis
1215 4117 1269 4172 in
1287 4132 1405 4172 eam
1436 4120 1759 4174 sententiam
1783 4119 2026 4189 adjectis,
2046 4121 2146 4174 ite-

565 4227 689 4266 rum
725 4211 936 4268 subdit:
967 4209 1091 4264 Ideo
1116 4210 1182 4264 de
1205 4225 1432 4266 recursu
1454 4210 1643 4276 maris,
1680 4217 1949 4280 terraeque
1970 4221 2142 4277 motu,

566 4321 632 4361 ac
665 4304 841 4359 ventis
869 4310 925 4356 et
944 4301 1286 4365 fulminibus,
1320 4311 1375 4357 et
1419 4301 1471 4355 id
1507 4316 1677 4369 genus
1704 4301 2000 4366 universis,
2031 4302 2144 4355 dis~

2247 3137 2416 3208 τριῶν
2446 3137 2582 3208 μετά
2607 3134 2780 3189 ταῦτα
2820 3136 3100 3205 φωτίζειν,
3145 3135 3204 3188 ὃν
3242 3134 3337 3187 καὶ
3376 3135 3656 3203 νομίζουσι
3686 3133 3828 3204 παρ’

2246 3230 2429 3293 αὐτοῖς
2456 3229 2648 3301 καιρὸν
2668 3222 2810 3283 εἶναι
2842 3229 2939 3299 τῆς
2964 3228 3178 3299 ἡμέρας
3206 3226 3301 3280 τὸν
3337 3227 3577 3296 ἥδιστον.

2781 3540 2918 3613 Περὶ
2950 3541 3291 3615 ἀμπώτεων.

2321 3660 2446 3712 ’Ὀτι
2470 3658 2641 3712 εἰπὼν
2672 3659 2801 3727 περὶ
2833 3658 3145 3728 ἀμπώτεων
3168 3658 3196 3710 ό
3227 3657 3579 3725 συγγραφεὺς
3630 3653 3829 3721 διαφύσ-

2252 3768 2378 3821 ρους
2401 3752 2599 3813 αἰτίας,
2640 3749 2733 3801 καὶ
2787 3748 2965 3811 πάσας
3007 3749 3085 3810 ὼς
3136 3747 3291 3800 οὐδὲν
3343 3748 3575 3816 ἐχούσας
3612 3744 3819 3815 ἀληθὲς

2246 3844 2657 3914 ἀποδοκιμάσας
2675 3843 2740 3909 “,
2766 3842 2980 3908 ὲπάγει’
3004 3841 3129 3895 Ὀτι
3159 3840 3215 3892 δέ
3248 3837 3420 3891 ταῦτα
3436 3838 3614 3890 πάντα
3631 3837 3827 3891 λαλιὰν

2252 3937 2350 4006 μὲν
2381 3935 2494 4005 ἔχει
2527 3935 2686 4003 σιγᾷν
2704 3930 3126 4001 αἱσχυνομένην,
3166 3928 3495 3999 πράγματος
3517 3928 3575 3980 δὲ
3601 3927 3824 3991 οὐδενὸς

2247 4027 2603 4096 ἀντείληπται
2671 4024 2923 4094 βοήθειαν
2990 4023 3292 4092 δυναμένου
3360 4024 3473 4083 τοῖς
3509 4022 3826 4090 εἰρημένοις

2247 4120 2571 4190 παρασχεῖν,
2606 4116 2831 4187 εὐχερές
2856 4118 2973 4168 ἐστι
3006 4115 3219 4183 μαθεῖν.
3252 4108 3384 4167 Εἶτα
3422 4113 3683 4185 προσθεὶς
3722 4114 3826 4165 καὶ

2246 4212 2410 4279 ἔτερα
2442 4211 2542 4279 τῆς
2577 4208 2747 4278 αὐτῆς
2782 4205 2993 4270 ἐννοίας
3019 4207 3275 4276 ἐχόμενα,
3334 4205 3496 4257 πάλιν
3537 4206 3817 4275 ἐπιφέρει·

2248 4305 2338 4357 Διὸ
2372 4303 2503 4370 περὶ
2544 4301 2642 4370 μὲν
2668 4298 2985 4369 ἀμπώτιδος
3033 4296 3130 4351 καὶ
3165 4290 3395 4367 σεισμοῦ
3430 4296 3524 4350 καὶ
3571 4296 3825 4364 πνευμάι

567 4398 929 4468 putationem,
959 4396 1160 4466 quibus
1181 4394 1431 4449 videlicet
1461 4394 1645 4449 causis
1659 4396 2139 4449 exsistantconce-

2246 4411 2353 4447 των
2386 4396 2481 4447 καὶ
2512 4391 2793 4462 κεραυνῶν
2835 4388 3067 4443 καὶτῶν
3102 4390 3363 4442 τοιούτων
3421 4389 3678 4441 ἁπάντων
3721 4388 3827 4449 τὰς

566 4490 748 4546 dimus
779 4489 923 4553 aliis,
950 4489 1043 4558 qui
1069 4488 1136 4541 ad
1159 4487 1557 4556 expediendum
1584 4487 1685 4540 ista
1709 4502 1873 4556 quam
1898 4501 1999 4540 nos
2014 4494 2145 4540 sunt

566 4583 895 4654 paratiores.
926 4584 995 4635 At
1020 4580 1357 4644 affectiones,
1387 4579 1587 4648 quibus
1643 4579 1943 4632 manifestae
1998 4577 2145 4631 cala-

567 4676 786 4730 mitates
817 4680 1170 4743 generentur,
1202 4671 1579 4740 exposuimus,
1610 4684 1642 4723 a
1676 4670 1862 4740 gnaris
1893 4678 1949 4723 et
1978 4668 2144 4723 intel-

570 4768 861 4837 ligentibus
886 4778 1161 4834 acceptas.
1196 4764 1593 4819 Verisimiliora
1627 4772 1807 4818 autem
1863 4762 2015 4817 hisce
2058 4763 2146 4815 in-

568 4861 773 4924 venire,
804 4860 870 4914 ad
904 4865 1287 4928 argumentum
1309 4856 1530 4926 quidem
1563 4856 1827 4917 insolens,
1849 4855 2010 4909 enixe
2038 4870 2138 4909 cu—

569 4954 768 5023 pimus,
806 4952 899 5007 sed
949 4953 1015 5005 ad
1079 4964 1217 5004 verte
1264 4949 1669 5019 possessionem
1732 4948 1976 5003 historia!
2036 4946 2141 5001 tale

566 5046 825 5116 quiddam
856 5061 887 5098 a
920 5044 1078 5098 nobis
1105 5042 1314 5096 admitti
1338 5056 1446 5095 non
1472 5049 1667 5109 potest.

638 5138 763 5194 CAP.
796 5136 930 5191 Llll.
971 5136 1049 5189 De
1093 5136 1245 5190 olivis
1298 5146 1348 5188 et
1380 5134 1538 5188 Isidis
1571 5133 1785 5202 capillo.
1815 5158 1886 5173 --
1920 5131 1978 5184 in
2007 5130 2144 5186 freto

568 5251 731 5305 supra
767 5243 1068 5288 memorato
1095 5234 1238 5287 circa
1274 5232 1447 5285 olivas
1471 5245 1669 5285 novum
1727 5230 1831 5283 hoc
1890 5228 2138 5282 accidere

569 5327 937 5385 tradit.£stu
962 5327 1129 5381 maris
1189 5325 1518 5388 exundante,
1544 5337 1733 5376 omnes
1789 5321 2134 5390 operiuntur,

2251 4487 2351 4557 μὲν
2400 4484 2597 4551 αἰτίας,
2663 4483 2731 4536 δι’
2780 4482 2847 4545 ἃς
2911 4482 3144 4550 γίνεται,
3214 4479 3659 4550 παραχωρούμεν
3708 4481 3825 4542 τοῖς

2245 4579 2590 4648 ἑτοιμότερον
2617 4576 2799 4646 ἔχουσι
2829 4577 2969 4647 πρὸς
2990 4570 3241 4629 εὐκολίαν
3275 4573 3464 4643 ἠμῶνθ
3489 4574 3559 4625 τὰ
3586 4573 3642 4625 δέ
3672 4572 3826 4641 πάθη

2244 4672 2315 4725 τὰ
2332 4671 2607 4739 γεννῶντα
2636 4673 2737 4732 τάς
2765 4669 3065 4739 προφανείς
3092 4666 3380 4736 συμφορὰς
3410 4664 3824 4733 δεδηλώκαμεν,

2250 4762 2510 4835 μαθόντες
2543 4762 2695 4831 παρὰ
2723 4761 2830 4813 τῶν
2867 4760 3107 4814 εἰδότων.
3142 4759 3435 4829 Εύρίσκειν
3494 4756 3551 4811 δὲ
3587 4756 3828 4808 πιθανὼ-

2246 4870 2383 4925 τερα
2415 4853 2625 4906 τούτων
2650 4856 2729 4916 εἰς
2766 4853 2865 4922 μὲν
2887 4852 3146 4905 ὑπόθεσιν
3176 4850 3483 4919 παράδοξον
3510 4848 3830 4917 φιλοτιμού-

2251 4947 2409 5017 μεθα,
2464 4945 2709 5015 ἱστορίαν
2745 4944 2801 4996 δὲ
2855 4942 3293 5012 ἀπαγγέλλοντες
3326 4939 3586 5012 ἀληθινὴν
3627 4939 3728 4992 οὐκ
3759 4940 3829 4992 ἂν

2246 5038 2661 5109 ὑπομείναιμεν.

2319 5130 2442 5181 Ὅτι
2474 5130 2533 5182 ἐν
2576 5128 2655 5198 τῷ
2688 5126 3077 5199 προειρημένῳ
3116 5126 3300 5197 πόρῳ,
3335 5126 3501 5196 φησὶ,
3555 5127 3685 5194 περὶ⁸
3729 5124 3833 5188 τὰς

2246 5222 2434 5285 ἐλαίας
2463 5221 2706 5274 τοιοῦτόν
2756 5233 2809 5273 τι
2850 5220 2999 5283 ξένον
3053 5219 3363 5290 συμὸαίνει.
3436 5218 3833 5289 Πλημμυρίδος

2248 5312 2601 5387 ὑπαρχούσης
2627 5316 2798 5369 πᾶσαι
2830 5314 3222 5377 καλύπτονται,
3249 5313 3346 5383 τῆς
3381 5313 3427 5365 δ’
3452 5314 3760 5384 ἀμπώτεως
3782 5312 3827 5342 δ’

1872 5524 2101 5581 \‘ARUE
2136 5520 2547 5579 LECTIONES.

642 5683 685 5714 ³⁸
717 5678 1051 5748 ἀπολάμπει.
1085 5675 1142 5731 Β,
1221 5675 1266 5707 ⁸ο
1300 5670 1571 5745 πυρρῶδις
1606 5687 1666 5733 ς’,
1741 5670 1780 5701 δ’
1819 5670 1943 5723 libri
1974 5666 2406 5738 άποδοκιμήσας.
2485 5664 2529 5696 ⁸⁸
2564 5661 2899 5725 ἀναπώτεως
2944 5660 3023 5718 B:
3055 5660 3127 5716 cf.
3158 5660 3299 5715 459a
3339 5659 3429 5715 2i.
