  <div class='ocr_page' id='page_1' title='image "/cluster/home/n/w/nwhite01/storage/ocr_20150623/104/hvd.32044018872853/044.png"; bbox 0 0 4152 6418; ppageno 0'>
   <div class='ocr_carea' id='block_1_1' title="bbox 253 302 3521 413">
    <p class='ocr_par' dir='ltr' id='par_1_1' title="bbox 253 302 3521 413">
     <span class='ocr_line' id='line_1_1' title="bbox 253 302 3521 413; baseline 0.008 -27"><span class='ocrx_word' id='word_1_1' title='bbox 253 320 325 386; x_wconf 80' lang='lat'><strong>13</strong></span> <span class='ocrx_word' id='word_1_2' title='bbox 350 302 353 303; x_wconf 33' lang='grc' dir='ltr'>ί</span> <span class='ocrx_word' id='word_1_3' title='bbox 1392 336 1919 403; x_wconf 85' lang='lat' dir='ltr'><strong>BIBLIOTHECA.</strong></span> <span class='ocrx_word' id='word_1_4' title='bbox 1938 368 2008 378; x_wconf 89' lang='lat'><strong><em>—</em></strong></span> <span class='ocrx_word' id='word_1_5' title='bbox 2038 341 2204 406; x_wconf 76' lang='lat' dir='ltr'><strong>con.</strong></span> <span class='ocrx_word' id='word_1_6' title='bbox 2244 345 2400 406; x_wconf 86' lang='lat' dir='ltr'><strong>CCL.</strong></span> <span class='ocrx_word' id='word_1_7' title='bbox 3451 350 3521 413; x_wconf 65' lang='grc' dir='ltr'><strong>τι</strong></span> 
     </span>
    </p>
   </div>
   <div class='ocr_carea' id='block_1_2' title="bbox 248 432 1840 529">
    <p class='ocr_par' dir='ltr' id='par_1_2' title="bbox 248 432 1837 521">
     <span class='ocr_line' id='line_1_2' title="bbox 248 432 1837 521; baseline 0.01 -35"><span class='ocrx_word' id='word_1_8' title='bbox 248 432 626 505; x_wconf 75' lang='grc' dir='ltr'>γινομένης⁸¹</span> <span class='ocrx_word' id='word_1_9' title='bbox 664 435 722 489; x_wconf 84' lang='grc' dir='ltr'>ὲν</span> <span class='ocrx_word' id='word_1_10' title='bbox 757 438 823 509; x_wconf 82' lang='grc' dir='ltr'><strong>τῇ</strong></span> <span class='ocrx_word' id='word_1_11' title='bbox 864 437 1167 515; x_wconf 53' lang='lat' dir='ltr'><strong>eadem“</strong></span> <span class='ocrx_word' id='word_1_12' title='bbox 1210 439 1370 515; x_wconf 76' lang='lat' dir='ltr'><strong>[I577</strong></span> <span class='ocrx_word' id='word_1_13' title='bbox 1397 447 1492 521; x_wconf 80' lang='lat' dir='ltr'><strong>R.]</strong></span> <span class='ocrx_word' id='word_1_14' title='bbox 1528 451 1705 505; x_wconf 83' lang='grc' dir='ltr'>πάντα</span> <span class='ocrx_word' id='word_1_15' title='bbox 1747 452 1837 504; x_wconf 79' lang='grc' dir='ltr'>τὸν</span> 
     </span>
    </p>
   </div>
   <div class='ocr_carea' id='block_1_3' title="bbox 1946 432 3522 529">
    <p class='ocr_par' dir='ltr' id='par_1_3' title="bbox 1946 451 3522 529">
     <span class='ocr_line' id='line_1_3' title="bbox 1946 451 3522 529; baseline 0.006 -24"><span class='ocrx_word' id='word_1_16' title='bbox 1946 451 2186 522; x_wconf 84' lang='lat' dir='ltr'><strong>marique</strong></span> <span class='ocrx_word' id='word_1_17' title='bbox 2244 453 2420 507; x_wconf 86' lang='lat' dir='ltr'><strong>undas</strong></span> <span class='ocrx_word' id='word_1_18' title='bbox 2479 453 2830 519; x_wconf 83' lang='lat' dir='ltr'><strong>resorbente,</strong></span> <span class='ocrx_word' id='word_1_19' title='bbox 2894 454 3043 510; x_wconf 90' lang='lat' dir='ltr'><strong>omni</strong></span> <span class='ocrx_word' id='word_1_20' title='bbox 3112 463 3361 529; x_wconf 87' lang='lat' dir='ltr'><strong>tempore</strong></span> <span class='ocrx_word' id='word_1_21' title='bbox 3423 460 3522 514; x_wconf 77' lang='lat' dir='ltr'><strong>[lo—</strong></span> 
     </span>
    </p>
   </div>
   <div class='ocr_carea' id='block_1_4' title="bbox 248 525 1844 610">
    <p class='ocr_par' dir='ltr' id='par_1_4' title="bbox 248 525 1844 610">
     <span class='ocr_line' id='line_1_4' title="bbox 248 525 1844 610; baseline 0.017 -33"><span class='ocrx_word' id='word_1_22' title='bbox 248 525 459 596; x_wconf 72' lang='grc' dir='ltr'>χρόνον</span> <span class='ocrx_word' id='word_1_23' title='bbox 485 526 793 585; x_wconf 79' lang='grc' dir='ltr'>θάλλουσιν.</span> <span class='ocrx_word' id='word_1_24' title='bbox 826 531 984 586; x_wconf 85' lang='grc' dir='ltr'>Ἐστι</span> <span class='ocrx_word' id='word_1_25' title='bbox 1005 533 1061 586; x_wconf 87' lang='grc' dir='ltr'><strong>δέ</strong></span> <span class='ocrx_word' id='word_1_26' title='bbox 1095 554 1145 588; x_wconf 82' lang='grc' dir='ltr'><strong>τι</strong></span> <span class='ocrx_word' id='word_1_27' title='bbox 1176 537 1444 610; x_wconf 81' lang='grc' dir='ltr'>φυόμενον</span> <span class='ocrx_word' id='word_1_28' title='bbox 1467 544 1655 599; x_wconf 79' lang='grc' dir='ltr'><strong>αὐτόθι</strong></span> <span class='ocrx_word' id='word_1_29' title='bbox 1700 550 1844 604; x_wconf 84' lang='grc' dir='ltr'>κατὰ</span> 
     </span>
    </p>
   </div>
   <div class='ocr_carea' id='block_1_5' title="bbox 250 615 1840 709">
    <p class='ocr_par' dir='ltr' id='par_1_5' title="bbox 250 615 1840 709">
     <span class='ocr_line' id='line_1_5' title="bbox 250 615 1840 709; baseline 0.016 -41"><span class='ocrx_word' id='word_1_30' title='bbox 250 615 425 685; x_wconf 71' lang='grc' dir='ltr'>βάθος</span> <span class='ocrx_word' id='word_1_31' title='bbox 444 619 507 670; x_wconf 80' lang='grc' dir='ltr'>ἐν</span> <span class='ocrx_word' id='word_1_32' title='bbox 523 621 641 681; x_wconf 85' lang='grc' dir='ltr'>ταῖς</span> <span class='ocrx_word' id='word_1_33' title='bbox 660 620 899 689; x_wconf 77' lang='grc' dir='ltr'><strong>ῥαχίαις,</strong></span> <span class='ocrx_word' id='word_1_34' title='bbox 919 624 1140 696; x_wconf 80' lang='grc' dir='ltr'><strong>μελαίνῃ</strong></span> <span class='ocrx_word' id='word_1_35' title='bbox 1156 627 1203 658; x_wconf 75' lang='grc'><strong>⁸⁸</strong></span> <span class='ocrx_word' id='word_1_36' title='bbox 1219 629 1415 701; x_wconf 86' lang='grc' dir='ltr'><strong>σχοίνῳ</strong></span> <span class='ocrx_word' id='word_1_37' title='bbox 1437 636 1840 709; x_wconf 84' lang='grc' dir='ltr'>παραπλήσιον,</span> 
     </span>
    </p>
   </div>
   <div class='ocr_carea' id='block_1_6' title="bbox 248 707 1837 801">
    <p class='ocr_par' dir='ltr' id='par_1_6' title="bbox 248 707 1837 801">
     <span class='ocr_line' id='line_1_6' title="bbox 248 707 1837 801; baseline 0.02 -47"><span class='ocrx_word' id='word_1_38' title='bbox 248 707 279 759; x_wconf 85' lang='grc' dir='ltr'>ὃ</span> <span class='ocrx_word' id='word_1_39' title='bbox 303 722 483 773; x_wconf 82' lang='grc' dir='ltr'>φασιν</span> <span class='ocrx_word' id='word_1_40' title='bbox 509 710 555 760; x_wconf 87' lang='grc' dir='ltr'><strong>οί</strong></span> <span class='ocrx_word' id='word_1_41' title='bbox 578 709 757 771; x_wconf 66' lang='grc' dir='ltr'><strong>ἐδςεϊσε</strong></span> <span class='ocrx_word' id='word_1_42' title='bbox 777 715 1156 781; x_wconf 80' lang='grc' dir='ltr'>κατοικοῦντες</span> <span class='ocrx_word' id='word_1_43' title='bbox 1178 717 1371 785; x_wconf 79' lang='grc' dir='ltr'><strong>Ἴσιδος</strong></span> <span class='ocrx_word' id='word_1_44' title='bbox 1396 718 1538 779; x_wconf 84' lang='grc' dir='ltr'>εἶναι</span> <span class='ocrx_word' id='word_1_45' title='bbox 1561 729 1837 801; x_wconf 81' lang='grc' dir='ltr'><strong>τρίχωμα,</strong></span> 
     </span>
    </p>
   </div>
   <div class='ocr_carea' id='block_1_7' title="bbox 255 797 1844 894">
    <p class='ocr_par' dir='ltr' id='par_1_7' title="bbox 255 797 1844 894">
     <span class='ocr_line' id='line_1_7' title="bbox 255 797 1844 894; baseline 0.017 -46"><span class='ocrx_word' id='word_1_46' title='bbox 255 797 508 868; x_wconf 83' lang='grc' dir='ltr'>μυθώδει</span> <span class='ocrx_word' id='word_1_47' title='bbox 549 801 832 872; x_wconf 78' lang='grc' dir='ltr'><strong>πλάσματι</strong></span> <span class='ocrx_word' id='word_1_48' title='bbox 896 806 1078 860; x_wconf 81' lang='grc' dir='ltr'>πίστιν</span> <span class='ocrx_word' id='word_1_49' title='bbox 1130 812 1299 884; x_wconf 81' lang='grc' dir='ltr'>εὐήθη</span> <span class='ocrx_word' id='word_1_50' title='bbox 1352 797 1692 890; x_wconf 77' lang='grc' dir='ltr'>περιτιθέναι</span> <span class='ocrx_word' id='word_1_51' title='bbox 1741 797 1844 894; x_wconf 47' lang='grc' dir='ltr'><strong>⁷ζηξ-</strong></span> 
     </span>
    </p>
   </div>
   <div class='ocr_carea' id='block_1_8' title="bbox 250 891 1840 983">
    <p class='ocr_par' dir='ltr' id='par_1_8' title="bbox 250 891 1840 983">
     <span class='ocr_line' id='line_1_8' title="bbox 250 891 1840 983; baseline 0.018 -40"><span class='ocrx_word' id='word_1_52' title='bbox 250 891 506 957; x_wconf 84' lang='grc' dir='ltr'>τοῦντες.</span> <span class='ocrx_word' id='word_1_53' title='bbox 542 895 865 968; x_wconf 83' lang='grc' dir='ltr'>Συμϐέϐηκε</span> <span class='ocrx_word' id='word_1_54' title='bbox 888 899 934 953; x_wconf 86' lang='grc' dir='ltr'>δ’</span> <span class='ocrx_word' id='word_1_55' title='bbox 959 901 1108 973; x_wconf 81' lang='grc' dir='ltr'>αὐτῷ</span> <span class='ocrx_word' id='word_1_56' title='bbox 1129 911 1454 983; x_wconf 83' lang='grc' dir='ltr'><strong>τυπτομένῳ</strong></span> <span class='ocrx_word' id='word_1_57' title='bbox 1491 913 1592 982; x_wconf 83' lang='grc' dir='ltr'><strong>μὲν</strong></span> <span class='ocrx_word' id='word_1_58' title='bbox 1616 915 1721 969; x_wconf 80' lang='grc' dir='ltr'><strong>ὑπὸ</strong></span> <span class='ocrx_word' id='word_1_59' title='bbox 1745 891 1840 971; x_wconf 78' lang='grc' dir='ltr'>τοῦ</span> 
     </span>
    </p>
   </div>
   <div class='ocr_carea' id='block_1_9' title="bbox 250 983 1841 1080">
    <p class='ocr_par' dir='ltr' id='par_1_9' title="bbox 250 983 1841 1080">
     <span class='ocr_line' id='line_1_9' title="bbox 250 983 1841 1080; baseline 0.019 -46"><span class='ocrx_word' id='word_1_60' title='bbox 250 983 514 1053; x_wconf 71' lang='grc' dir='ltr'>κύματος</span> <span class='ocrx_word' id='word_1_61' title='bbox 546 988 897 1057; x_wconf 79' lang='grc' dir='ltr'>κάμπτεσθαι</span> <span class='ocrx_word' id='word_1_62' title='bbox 936 996 1241 1070; x_wconf 82' lang='grc' dir='ltr'><strong>πολλαχῶς,</strong></span> <span class='ocrx_word' id='word_1_63' title='bbox 1271 1002 1486 1075; x_wconf 86' lang='grc' dir='ltr'>ἁπαλῆς</span> <span class='ocrx_word' id='word_1_64' title='bbox 1525 1006 1697 1078; x_wconf 81' lang='grc' dir='ltr'>οὔσης</span> <span class='ocrx_word' id='word_1_65' title='bbox 1739 1009 1841 1080; x_wconf 86' lang='grc' dir='ltr'><strong>τῆς</strong></span> 
     </span>
    </p>
   </div>
   <div class='ocr_carea' id='block_1_10' title="bbox 250 1076 1836 1171">
    <p class='ocr_par' dir='ltr' id='par_1_10' title="bbox 250 1076 1836 1171">
     <span class='ocr_line' id='line_1_10' title="bbox 250 1076 1836 1171; baseline 0.02 -44"><span class='ocrx_word' id='word_1_66' title='bbox 250 1076 380 1147; x_wconf 79' lang='grc' dir='ltr'>ὅλης</span> <span class='ocrx_word' id='word_1_67' title='bbox 400 1081 681 1151; x_wconf 81' lang='grc' dir='ltr'>περιοχῆς</span> <span class='ocrx_word' id='word_1_68' title='bbox 712 1085 807 1137; x_wconf 80' lang='grc' dir='ltr'><strong>καὶ</strong></span> <span class='ocrx_word' id='word_1_69' title='bbox 840 1090 955 1151; x_wconf 85' lang='grc' dir='ltr'>τοῖς</span> <span class='ocrx_word' id='word_1_70' title='bbox 976 1090 1159 1171; x_wconf 74' lang='grc' dir='ltr'>ἄλλοις</span> <span class='ocrx_word' id='word_1_71' title='bbox 1182 1097 1570 1167; x_wconf 82' lang='grc' dir='ltr'>παραπλησίας</span> <span class='ocrx_word' id='word_1_72' title='bbox 1616 1076 1836 1171; x_wconf 76' lang='grc' dir='ltr'>φυτοῖς⁸</span> 
     </span>
    </p>
   </div>
   <div class='ocr_carea' id='block_1_11' title="bbox 250 1168 1840 1265">
    <p class='ocr_par' dir='ltr' id='par_1_11' title="bbox 250 1168 1840 1265">
     <span class='ocr_line' id='line_1_11' title="bbox 250 1168 1840 1265; baseline 0.017 -43"><span class='ocrx_word' id='word_1_73' title='bbox 250 1168 317 1222; x_wconf 77' lang='grc' dir='ltr'>ἄν</span> <span class='ocrx_word' id='word_1_74' title='bbox 348 1170 407 1222; x_wconf 84' lang='grc' dir='ltr'><strong>δέ</strong></span> <span class='ocrx_word' id='word_1_75' title='bbox 430 1189 524 1235; x_wconf 83' lang='grc' dir='ltr'><strong>τις</strong></span> <span class='ocrx_word' id='word_1_76' title='bbox 540 1174 827 1246; x_wconf 75' lang='grc' dir='ltr'>ἀποκόψας</span> <span class='ocrx_word' id='word_1_77' title='bbox 860 1180 943 1245; x_wconf 85' lang='grc' dir='ltr'><strong>είς</strong></span> <span class='ocrx_word' id='word_1_78' title='bbox 963 1170 1055 1237; x_wconf 76' lang='grc' dir='ltr'>τὸν</span> <span class='ocrx_word' id='word_1_79' title='bbox 1081 1181 1349 1257; x_wconf 77' lang='grc' dir='ltr'>ὕπαιθρον</span> <span class='ocrx_word' id='word_1_80' title='bbox 1368 1168 1840 1265; x_wconf 17' lang='grc' dir='ltr'>ἀναφήνῃήτόπον,</span> 
     </span>
    </p>
   </div>
   <div class='ocr_carea' id='block_1_12' title="bbox 253 1260 1842 1355">
    <p class='ocr_par' dir='ltr' id='par_1_12' title="bbox 253 1260 1842 1355">
     <span class='ocr_line' id='line_1_12' title="bbox 253 1260 1842 1355; baseline 0.016 -42"><span class='ocrx_word' id='word_1_81' title='bbox 253 1260 491 1331; x_wconf 80' lang='grc' dir='ltr'>σιδήρου</span> <span class='ocrx_word' id='word_1_82' title='bbox 525 1268 875 1339; x_wconf 83' lang='grc' dir='ltr'>παραχρῆμα</span> <span class='ocrx_word' id='word_1_83' title='bbox 911 1269 1122 1339; x_wconf 86' lang='grc' dir='ltr'>γίνεται</span> <span class='ocrx_word' id='word_1_84' title='bbox 1153 1275 1216 1329; x_wconf 83' lang='grc' dir='ltr'>τὸ</span> <span class='ocrx_word' id='word_1_85' title='bbox 1241 1260 1572 1351; x_wconf 82' lang='grc' dir='ltr'>διῃρημένον</span> <span class='ocrx_word' id='word_1_86' title='bbox 1591 1260 1842 1355; x_wconf 29' lang='grc' dir='ltr'>*σκληρόὲ</span> 
     </span>
    </p>
   </div>
   <div class='ocr_carea' id='block_1_13' title="bbox 250 1367 438 1423">
    <p class='ocr_par' dir='ltr' id='par_1_13' title="bbox 250 1367 438 1423">
     <span class='ocr_line' id='line_1_13' title="bbox 250 1367 438 1423; baseline 0.005 -18"><span class='ocrx_word' id='word_1_87' title='bbox 250 1367 438 1423; x_wconf 80' lang='grc' dir='ltr'>τερον.</span> 
     </span>
    </p>
   </div>
   <div class='ocr_carea' id='block_1_14' title="bbox 627 1474 1482 1556">
    <p class='ocr_par' dir='ltr' id='par_1_14' title="bbox 627 1474 1482 1556">
     <span class='ocr_line' id='line_1_14' title="bbox 627 1474 1482 1556; baseline 0.022 -30"><span class='ocrx_word' id='word_1_88' title='bbox 627 1474 768 1543; x_wconf 72' lang='grc' dir='ltr'>Περὶ</span> <span class='ocrx_word' id='word_1_89' title='bbox 787 1477 1068 1547; x_wconf 76' lang='grc' dir='ltr'>Αἰθίοπος</span> <span class='ocrx_word' id='word_1_90' title='bbox 1118 1484 1226 1540; x_wconf 88' lang='grc' dir='ltr'>τοῦ</span> <span class='ocrx_word' id='word_1_91' title='bbox 1258 1487 1482 1556; x_wconf 76' lang='grc' dir='ltr'>ἰχθύος.</span> 
     </span>
    </p>
   </div>
   <div class='ocr_carea' id='block_1_15' title="bbox 338 1580 1842 1679">
    <p class='ocr_par' dir='ltr' id='par_1_15' title="bbox 338 1580 1842 1679">
     <span class='ocr_line' id='line_1_15' title="bbox 338 1580 1842 1679; baseline 0.021 -47"><span class='ocrx_word' id='word_1_92' title='bbox 338 1580 478 1635; x_wconf 81' lang='grc' dir='ltr'>ὀτι</span> <span class='ocrx_word' id='word_1_93' title='bbox 512 1582 608 1636; x_wconf 74' lang='grc' dir='ltr'><strong>καὶ</strong></span> <span class='ocrx_word' id='word_1_94' title='bbox 650 1584 801 1640; x_wconf 78' lang='grc' dir='ltr'>ἄλλοι</span> <span class='ocrx_word' id='word_1_95' title='bbox 853 1590 954 1660; x_wconf 82' lang='grc' dir='ltr'>μὲν</span> <span class='ocrx_word' id='word_1_96' title='bbox 1006 1593 1214 1660; x_wconf 79' lang='grc' dir='ltr'>πολλοὶ,</span> <span class='ocrx_word' id='word_1_97' title='bbox 1242 1600 1429 1669; x_wconf 80' lang='grc' dir='ltr'>φησὶν,</span> <span class='ocrx_word' id='word_1_98' title='bbox 1485 1603 1666 1674; x_wconf 80' lang='grc' dir='ltr'>ἰχθύες</span> <span class='ocrx_word' id='word_1_99' title='bbox 1711 1609 1842 1679; x_wconf 69' lang='grc' dir='ltr'>περὶ</span> 
     </span>
    </p>
   </div>
   <div class='ocr_carea' id='block_1_16' title="bbox 257 1668 1840 1769">
    <p class='ocr_par' dir='ltr' id='par_1_16' title="bbox 257 1668 1840 1769">
     <span class='ocr_line' id='line_1_16' title="bbox 257 1668 1840 1769; baseline 0.021 -49"><span class='ocrx_word' id='word_1_100' title='bbox 257 1668 385 1733; x_wconf 80' lang='grc' dir='ltr'>τοὺς</span> <span class='ocrx_word' id='word_1_101' title='bbox 420 1678 864 1747; x_wconf 83' lang='grc' dir='ltr'>προειρημένους</span> <span class='ocrx_word' id='word_1_102' title='bbox 892 1682 1167 1741; x_wconf 87' lang='grc' dir='ltr'>τίκτονται</span> <span class='ocrx_word' id='word_1_103' title='bbox 1190 1668 1412 1758; x_wconf 81' lang='grc' dir='ltr'>τόπους,</span> <span class='ocrx_word' id='word_1_104' title='bbox 1442 1668 1840 1769; x_wconf 71' lang='grc' dir='ltr'>παρηλλαγμέ-</span> 
     </span>
    </p>
   </div>
   <div class='ocr_carea' id='block_1_17' title="bbox 1946 544 3520 621">
    <p class='ocr_par' dir='ltr' id='par_1_17' title="bbox 1946 544 3520 621">
     <span class='ocr_line' id='line_1_17' title="bbox 1946 544 3520 621; baseline 0.008 -25"><span class='ocrx_word' id='word_1_105' title='bbox 1946 552 2088 598; x_wconf 87' lang='lat' dir='ltr'><strong>rent.</strong></span> <span class='ocrx_word' id='word_1_106' title='bbox 2114 544 2384 600; x_wconf 74' lang='lat' dir='ltr'><strong>“Nascitur</strong></span> <span class='ocrx_word' id='word_1_107' title='bbox 2427 544 2514 599; x_wconf 89' lang='lat' dir='ltr'><strong>hic</strong></span> <span class='ocrx_word' id='word_1_108' title='bbox 2553 546 2831 615; x_wconf 83' lang='lat' dir='ltr'><strong>quidpiam</strong></span> <span class='ocrx_word' id='word_1_109' title='bbox 2869 545 2924 600; x_wconf 91' lang='lat' dir='ltr'><strong>in</strong></span> <span class='ocrx_word' id='word_1_110' title='bbox 2948 547 3224 604; x_wconf 90' lang='lat' dir='ltr'><strong>littoribus</strong></span> <span class='ocrx_word' id='word_1_111' title='bbox 3252 550 3520 621; x_wconf 78' lang='lat' dir='ltr'><strong>profunde</strong></span> 
     </span>
    </p>
   </div>
   <div class='ocr_carea' id='block_1_18' title="bbox 1944 635 3521 715">
    <p class='ocr_par' dir='ltr' id='par_1_18' title="bbox 1944 635 3521 715">
     <span class='ocr_line' id='line_1_18' title="bbox 1944 635 3521 715; baseline 0.006 -24"><span class='ocrx_word' id='word_1_112' title='bbox 1944 650 2003 691; x_wconf 86' lang='lat' dir='ltr'><strong>se</strong></span> <span class='ocrx_word' id='word_1_113' title='bbox 2044 635 2378 703; x_wconf 83' lang='lat' dir='ltr'><strong>detniltens,</strong></span> <span class='ocrx_word' id='word_1_114' title='bbox 2415 637 2583 707; x_wconf 87' lang='lat' dir='ltr'><strong>junco</strong></span> <span class='ocrx_word' id='word_1_115' title='bbox 2642 640 2796 708; x_wconf 80' lang='lat' dir='ltr'><strong>nigro</strong></span> <span class='ocrx_word' id='word_1_116' title='bbox 2851 655 2957 694; x_wconf 89' lang='lat' dir='ltr'><strong>non</strong></span> <span class='ocrx_word' id='word_1_117' title='bbox 3011 640 3309 709; x_wconf 82' lang='lat' dir='ltr'><strong>dissimile,</strong></span> <span class='ocrx_word' id='word_1_118' title='bbox 3372 647 3521 715; x_wconf 84' lang='lat' dir='ltr'><strong>quod</strong></span> 
     </span>
    </p>
   </div>
   <div class='ocr_carea' id='block_1_19' title="bbox 1944 731 3522 804">
    <p class='ocr_par' dir='ltr' id='par_1_19' title="bbox 1944 731 3522 804">
     <span class='ocr_line' id='line_1_19' title="bbox 1944 731 3522 804; baseline 0.005 -18"><span class='ocrx_word' id='word_1_119' title='bbox 1944 731 2103 788; x_wconf 89' lang='lat' dir='ltr'><strong>lsidis</strong></span> <span class='ocrx_word' id='word_1_120' title='bbox 2133 734 2384 804; x_wconf 86' lang='lat' dir='ltr'><strong>capillum</strong></span> <span class='ocrx_word' id='word_1_121' title='bbox 2411 743 2606 788; x_wconf 87' lang='lat' dir='ltr'><strong>vocant</strong></span> <span class='ocrx_word' id='word_1_122' title='bbox 2639 733 2849 798; x_wconf 60' lang='lat' dir='ltr'><strong>incolas,</strong></span> <span class='ocrx_word' id='word_1_123' title='bbox 2901 734 3154 791; x_wconf 81' lang='lat' dir='ltr'><strong>fabuloso</strong></span> <span class='ocrx_word' id='word_1_124' title='bbox 3207 747 3522 794; x_wconf 88' lang='lat' dir='ltr'><strong>commento</strong></span> 
     </span>
    </p>
   </div>
   <div class='ocr_carea' id='block_1_20' title="bbox 1942 822 3525 894">
    <p class='ocr_par' dir='ltr' id='par_1_20' title="bbox 1942 822 3525 894">
     <span class='ocr_line' id='line_1_20' title="bbox 1942 822 3525 894; baseline 0.008 -19"><span class='ocrx_word' id='word_1_125' title='bbox 1942 822 2246 892; x_wconf 85' lang='lat' dir='ltr'><strong>simplicem</strong></span> <span class='ocrx_word' id='word_1_126' title='bbox 2290 836 2536 882; x_wconf 84' lang='lat' dir='ltr'><strong>astruere</strong></span> <span class='ocrx_word' id='word_1_127' title='bbox 2568 826 2725 881; x_wconf 78' lang='lat' dir='ltr'><strong>[idem</strong></span> <span class='ocrx_word' id='word_1_128' title='bbox 2747 825 2948 880; x_wconf 83' lang='lat' dir='ltr'><strong>conati.</strong></span> <span class='ocrx_word' id='word_1_129' title='bbox 3014 825 3152 881; x_wconf 91' lang='lat' dir='ltr'><strong>llinc</strong></span> <span class='ocrx_word' id='word_1_130' title='bbox 3194 829 3413 894; x_wconf 87' lang='lat' dir='ltr'><strong>accidit,</strong></span> <span class='ocrx_word' id='word_1_131' title='bbox 3461 840 3525 887; x_wconf 86' lang='lat' dir='ltr'><strong>ut</strong></span> 
     </span>
    </p>
   </div>
   <div class='ocr_carea' id='block_1_21' title="bbox 1945 914 3522 989">
    <p class='ocr_par' dir='ltr' id='par_1_21' title="bbox 1945 914 3522 989">
     <span class='ocr_line' id='line_1_21' title="bbox 1945 914 3522 989; baseline 0.008 -21"><span class='ocrx_word' id='word_1_132' title='bbox 1945 914 2237 984; x_wconf 85' lang='lat' dir='ltr'><strong>impulsum</strong></span> <span class='ocrx_word' id='word_1_133' title='bbox 2272 932 2301 971; x_wconf 91' lang='lat' dir='ltr'><strong>a</strong></span> <span class='ocrx_word' id='word_1_134' title='bbox 2326 916 2507 974; x_wconf 82' lang='lat' dir='ltr'><strong>fructu</strong></span> <span class='ocrx_word' id='word_1_135' title='bbox 2534 918 2698 974; x_wconf 88' lang='lat' dir='ltr'><strong>variis</strong></span> <span class='ocrx_word' id='word_1_136' title='bbox 2727 918 2959 989; x_wconf 82' lang='lat' dir='ltr'><strong>agitetur</strong></span> <span class='ocrx_word' id='word_1_137' title='bbox 2996 919 3248 989; x_wconf 78' lang='lat' dir='ltr'><strong>ﬂexibus,</strong></span> <span class='ocrx_word' id='word_1_138' title='bbox 3282 937 3407 978; x_wconf 92' lang='lat' dir='ltr'><strong>cum</strong></span> <span class='ocrx_word' id='word_1_139' title='bbox 3436 932 3522 980; x_wconf 86' lang='lat' dir='ltr'><strong>to-</strong></span> 
     </span>
    </p>
   </div>
   <div class='ocr_carea' id='block_1_22' title="bbox 1944 1009 3522 1091">
    <p class='ocr_par' dir='ltr' id='par_1_22' title="bbox 1944 1009 3522 1091">
     <span class='ocr_line' id='line_1_22' title="bbox 1944 1009 3522 1091; baseline 0.009 -29"><span class='ocrx_word' id='word_1_140' title='bbox 1944 1016 1997 1062; x_wconf 86' lang='lat' dir='ltr'><strong>ta</strong></span> <span class='ocrx_word' id='word_1_141' title='bbox 2025 1009 2144 1078; x_wconf 83' lang='lat' dir='ltr'><strong>ejus</strong></span> <span class='ocrx_word' id='word_1_142' title='bbox 2167 1011 2472 1067; x_wconf 81' lang='lat' dir='ltr'><strong>substantia</strong></span> <span class='ocrx_word' id='word_1_143' title='bbox 2504 1014 2576 1069; x_wconf 89' lang='lat' dir='ltr'><strong>sit</strong></span> <span class='ocrx_word' id='word_1_144' title='bbox 2602 1014 2807 1080; x_wconf 87' lang='lat' dir='ltr'><strong>mollis,</strong></span> <span class='ocrx_word' id='word_1_145' title='bbox 2831 1014 3154 1085; x_wconf 63' lang='lat' dir='ltr'><strong>ueterisque</strong></span> <span class='ocrx_word' id='word_1_146' title='bbox 3179 1016 3234 1070; x_wconf 91' lang='lat' dir='ltr'><strong>in</strong></span> <span class='ocrx_word' id='word_1_147' title='bbox 3278 1017 3381 1074; x_wconf 91' lang='lat' dir='ltr'><strong>hoc</strong></span> <span class='ocrx_word' id='word_1_148' title='bbox 3424 1034 3522 1091; x_wconf 81' lang='lat' dir='ltr'><strong>ge-</strong></span> 
     </span>
    </p>
   </div>
   <div class='ocr_carea' id='block_1_23' title="bbox 1942 1102 3526 1179">
    <p class='ocr_par' dir='ltr' id='par_1_23' title="bbox 1942 1102 3526 1179">
     <span class='ocr_line' id='line_1_23' title="bbox 1942 1102 3526 1179; baseline 0.008 -24"><span class='ocrx_word' id='word_1_149' title='bbox 1942 1115 2073 1156; x_wconf 89' lang='lat' dir='ltr'><strong>nere</strong></span> <span class='ocrx_word' id='word_1_150' title='bbox 2094 1102 2343 1173; x_wconf 79' lang='lat' dir='ltr'><strong>virgultis</strong></span> <span class='ocrx_word' id='word_1_151' title='bbox 2376 1110 2719 1177; x_wconf 73' lang='lat' dir='ltr'><strong>respondeat.</strong></span> <span class='ocrx_word' id='word_1_152' title='bbox 2749 1112 2818 1164; x_wconf 85' lang='lat' dir='ltr'><strong>At</strong></span> <span class='ocrx_word' id='word_1_153' title='bbox 2848 1108 2892 1165; x_wconf 89' lang='lat' dir='ltr'><strong>si</strong></span> <span class='ocrx_word' id='word_1_154' title='bbox 2926 1112 3050 1179; x_wconf 88' lang='lat' dir='ltr'><strong>quis</strong></span> <span class='ocrx_word' id='word_1_155' title='bbox 3084 1116 3331 1173; x_wconf 81' lang='lat' dir='ltr'><strong>avulsum</strong></span> <span class='ocrx_word' id='word_1_156' title='bbox 3356 1115 3409 1169; x_wconf 91' lang='lat' dir='ltr'><strong>in</strong></span> <span class='ocrx_word' id='word_1_157' title='bbox 3438 1115 3526 1168; x_wconf 89' lang='lat' dir='ltr'><strong>lu-</strong></span> 
     </span>
    </p>
   </div>
   <div class='ocr_carea' id='block_1_24' title="bbox 1943 1194 3524 1275">
    <p class='ocr_par' dir='ltr' id='par_1_24' title="bbox 1943 1194 3524 1275">
     <span class='ocr_line' id='line_1_24' title="bbox 1943 1194 3524 1275; baseline 0.013 -30"><span class='ocrx_word' id='word_1_158' title='bbox 1943 1207 2059 1247; x_wconf 85' lang='lat' dir='ltr'><strong>cem</strong></span> <span class='ocrx_word' id='word_1_159' title='bbox 2087 1194 2277 1250; x_wconf 78' lang='lat' dir='ltr'><strong>eﬂ’erat</strong></span> <span class='ocrx_word' id='word_1_160' title='bbox 2323 1197 2646 1264; x_wconf 89' lang='lat' dir='ltr'><strong>subdialem,</strong></span> <span class='ocrx_word' id='word_1_161' title='bbox 2700 1218 2826 1272; x_wconf 87' lang='lat' dir='ltr'><strong>pars</strong></span> <span class='ocrx_word' id='word_1_162' title='bbox 2869 1206 2960 1262; x_wconf 90' lang='lat' dir='ltr'><strong>illa</strong></span> <span class='ocrx_word' id='word_1_163' title='bbox 3014 1208 3218 1275; x_wconf 88' lang='lat' dir='ltr'><strong>ablata,</strong></span> <span class='ocrx_word' id='word_1_164' title='bbox 3265 1210 3524 1266; x_wconf 85' lang='lat' dir='ltr'><strong>continuo</strong></span> 
     </span>
    </p>
   </div>
   <div class='ocr_carea' id='block_1_25' title="bbox 1943 1284 2865 1358">
    <p class='ocr_par' dir='ltr' id='par_1_25' title="bbox 1943 1284 2865 1358">
     <span class='ocr_line' id='line_1_25' title="bbox 1943 1284 2865 1358; baseline 0.014 -19"><span class='ocrx_word' id='word_1_165' title='bbox 1943 1284 2244 1358; x_wconf 86' lang='lat' dir='ltr'><strong>rigescens,</strong></span> <span class='ocrx_word' id='word_1_166' title='bbox 2282 1288 2472 1345; x_wconf 87' lang='lat' dir='ltr'><strong>durior</strong></span> <span class='ocrx_word' id='word_1_167' title='bbox 2492 1290 2642 1347; x_wconf 82' lang='lat' dir='ltr'><strong>ferro</strong></span> <span class='ocrx_word' id='word_1_168' title='bbox 2664 1296 2865 1351; x_wconf 80' lang='lat' dir='ltr'><strong>evadit.</strong></span> 
     </span>
    </p>
   </div>
   <div class='ocr_carea' id='block_1_26' title="bbox 2306 1481 3148 1564">
    <p class='ocr_par' dir='ltr' id='par_1_26' title="bbox 2306 1481 3148 1564">
     <span class='ocr_line' id='line_1_26' title="bbox 2306 1481 3148 1564; baseline 0.018 -28"><span class='ocrx_word' id='word_1_169' title='bbox 2306 1481 2437 1539; x_wconf 78' lang='lat' dir='ltr'><strong>CAP.</strong></span> <span class='ocrx_word' id='word_1_170' title='bbox 2466 1484 2603 1542; x_wconf 84' lang='lat' dir='ltr'><strong>LIV.</strong></span> <span class='ocrx_word' id='word_1_171' title='bbox 2632 1488 2970 1564; x_wconf 70' lang='lat' dir='ltr'><strong>De/Etltiope</strong></span> <span class='ocrx_word' id='word_1_172' title='bbox 2991 1495 3148 1564; x_wconf 80' lang='lat' dir='ltr'><strong>pisce.</strong></span> 
     </span>
    </p>
   </div>
   <div class='ocr_carea' id='block_1_27' title="bbox 2014 1590 3521 1685">
    <p class='ocr_par' dir='ltr' id='par_1_27' title="bbox 2014 1590 3521 1685">
     <span class='ocr_line' id='line_1_27' title="bbox 2014 1590 3521 1685; baseline 0.017 -39"><span class='ocrx_word' id='word_1_173' title='bbox 2014 1590 2197 1660; x_wconf 85' lang='lat' dir='ltr'><strong>Locis,</strong></span> <span class='ocrx_word' id='word_1_174' title='bbox 2242 1613 2365 1667; x_wconf 71' lang='lat' dir='ltr'><strong>qua:</strong></span> <span class='ocrx_word' id='word_1_175' title='bbox 2422 1602 2695 1668; x_wconf 88' lang='lat' dir='ltr'><strong>recensui,</strong></span> <span class='ocrx_word' id='word_1_176' title='bbox 2737 1619 2864 1659; x_wconf 92' lang='lat' dir='ltr'><strong>cum</strong></span> <span class='ocrx_word' id='word_1_177' title='bbox 2908 1607 3004 1661; x_wconf 89' lang='lat' dir='ltr'><strong>alii</strong></span> <span class='ocrx_word' id='word_1_178' title='bbox 3026 1609 3204 1677; x_wconf 90' lang='lat' dir='ltr'><strong>multi,</strong></span> <span class='ocrx_word' id='word_1_179' title='bbox 3255 1611 3521 1685; x_wconf 82' lang='lat' dir='ltr'><strong>varioque</strong></span> 
     </span>
    </p>
   </div>
   <div class='ocr_carea' id='block_1_28' title="bbox 1943 1685 3521 1781">
    <p class='ocr_par' dir='ltr' id='par_1_28' title="bbox 1943 1685 3521 1781">
     <span class='ocr_line' id='line_1_28' title="bbox 1943 1685 3521 1781; baseline 0.015 -44"><span class='ocrx_word' id='word_1_180' title='bbox 1943 1692 2152 1740; x_wconf 74' lang='lat' dir='ltr'><strong>natura:</strong></span> <span class='ocrx_word' id='word_1_181' title='bbox 2191 1685 2509 1745; x_wconf 89' lang='lat' dir='ltr'><strong>discrimine</strong></span> <span class='ocrx_word' id='word_1_182' title='bbox 2566 1692 2745 1761; x_wconf 88' lang='lat' dir='ltr'><strong>pisces</strong></span> <span class='ocrx_word' id='word_1_183' title='bbox 2776 1706 3100 1781; x_wconf 77' lang='lat' dir='ltr'><strong>nascuntur,</strong></span> <span class='ocrx_word' id='word_1_184' title='bbox 3146 1710 3259 1756; x_wconf 90' lang='lat' dir='ltr'><strong>tum</strong></span> <span class='ocrx_word' id='word_1_185' title='bbox 3298 1704 3521 1773; x_wconf 90' lang='lat' dir='ltr'><strong>quidam</strong></span> 
     </span>
    </p>
   </div>
   <div class='ocr_carea' id='block_1_29' title="bbox 259 1765 1840 1863">
    <p class='ocr_par' dir='ltr' id='par_1_29' title="bbox 259 1765 1838 1863">
     <span class='ocr_line' id='line_1_29' title="bbox 259 1765 1838 1863; baseline 0.019 -47"><span class='ocrx_word' id='word_1_186' title='bbox 259 1781 354 1835; x_wconf 90' lang='grc' dir='ltr'><strong>νην</strong></span> <span class='ocrx_word' id='word_1_187' title='bbox 381 1765 608 1836; x_wconf 78' lang='grc' dir='ltr'>ἔχοντες</span> <span class='ocrx_word' id='word_1_188' title='bbox 634 1771 734 1842; x_wconf 78' lang='grc' dir='ltr'>τὴν</span> <span class='ocrx_word' id='word_1_189' title='bbox 761 1773 945 1842; x_wconf 79' lang='grc' dir='ltr'>φύσιν,</span> <span class='ocrx_word' id='word_1_190' title='bbox 977 1778 1190 1846; x_wconf 89' lang='grc' dir='ltr'>γίνεται</span> <span class='ocrx_word' id='word_1_191' title='bbox 1227 1782 1286 1836; x_wconf 82' lang='grc' dir='ltr'><strong>δέ</strong></span> <span class='ocrx_word' id='word_1_192' title='bbox 1343 1803 1427 1850; x_wconf 91' lang='grc' dir='ltr'><strong>τις</strong></span> <span class='ocrx_word' id='word_1_193' title='bbox 1470 1765 1621 1857; x_wconf 72' lang='grc' dir='ltr'>ἰχθὺς</span> <span class='ocrx_word' id='word_1_194' title='bbox 1668 1765 1838 1863; x_wconf 78' lang='grc' dir='ltr'>ὑπερ-</span> 
     </span>
    </p>
   </div>
   <div class='ocr_carea' id='block_1_30' title="bbox 1946 1765 3520 1863">
    <p class='ocr_par' dir='ltr' id='par_1_30' title="bbox 1946 1772 3520 1863">
     <span class='ocr_line' id='line_1_30' title="bbox 1946 1772 3520 1863; baseline 0.015 -33"><span class='ocrx_word' id='word_1_195' title='bbox 1946 1776 2170 1832; x_wconf 81' lang='lat' dir='ltr'><strong>oll‘ertur</strong></span> <span class='ocrx_word' id='word_1_196' title='bbox 2195 1779 2485 1839; x_wconf 90' lang='lat' dir='ltr'><strong>immodice</strong></span> <span class='ocrx_word' id='word_1_197' title='bbox 2514 1784 2689 1856; x_wconf 82' lang='lat' dir='ltr'><strong>niger,</strong></span> <span class='ocrx_word' id='word_1_198' title='bbox 2720 1786 2789 1842; x_wconf 87' lang='lat' dir='ltr'><strong>ad</strong></span> <span class='ocrx_word' id='word_1_199' title='bbox 2815 1772 3246 1859; x_wconf 69' lang='lat' dir='ltr'><strong>magnitudinem</strong></span> <span class='ocrx_word' id='word_1_200' title='bbox 3272 1795 3400 1863; x_wconf 79' lang='lat' dir='ltr'><strong>viri,</strong></span> <span class='ocrx_word' id='word_1_201' title='bbox 3428 1799 3520 1853; x_wconf 91' lang='lat' dir='ltr'><strong>cui</strong></span> 
     </span>
    </p>
   </div>
   <div class='ocr_carea' id='block_1_31' title="bbox 262 1856 1846 1945">
    <p class='ocr_par' dir='ltr' id='par_1_31' title="bbox 262 1856 1846 1945">
     <span class='ocr_line' id='line_1_31' title="bbox 262 1856 1846 1945; baseline 0.02 -38"><span class='ocrx_word' id='word_1_202' title='bbox 262 1856 572 1923; x_wconf 82' lang='grc' dir='ltr'>ϐαλλόντως</span> <span class='ocrx_word' id='word_1_203' title='bbox 599 1862 789 1932; x_wconf 82' lang='grc' dir='ltr'>μέλας,</span> <span class='ocrx_word' id='word_1_204' title='bbox 816 1867 1008 1940; x_wconf 84' lang='grc' dir='ltr'>ἀνδρὸς</span> <span class='ocrx_word' id='word_1_205' title='bbox 1042 1871 1181 1941; x_wconf 78' lang='grc' dir='ltr'>ἔχων</span> <span class='ocrx_word' id='word_1_206' title='bbox 1210 1875 1459 1945; x_wconf 87' lang='grc' dir='ltr'>μέγεθος,</span> <span class='ocrx_word' id='word_1_207' title='bbox 1492 1856 1558 1933; x_wconf 72' lang='grc' dir='ltr'><strong>δν</strong></span> <span class='ocrx_word' id='word_1_208' title='bbox 1588 1856 1846 1938; x_wconf 78' lang='grc' dir='ltr'>καλοῦσιν</span> 
     </span>
    </p>
   </div>
   <div class='ocr_carea' id='block_1_32' title="bbox 264 1948 1847 2044">
    <p class='ocr_par' dir='ltr' id='par_1_32' title="bbox 264 1948 1847 2044">
     <span class='ocr_line' id='line_1_32' title="bbox 264 1948 1847 2044; baseline 0.021 -45"><span class='ocrx_word' id='word_1_209' title='bbox 264 1948 499 2003; x_wconf 74' lang='grc' dir='ltr'>Αἰθίοπα</span> <span class='ocrx_word' id='word_1_210' title='bbox 529 1952 620 2005; x_wconf 79' lang='grc' dir='ltr'><strong>διὰ</strong></span> <span class='ocrx_word' id='word_1_211' title='bbox 651 1956 712 2007; x_wconf 87' lang='grc' dir='ltr'>τὸ</span> <span class='ocrx_word' id='word_1_212' title='bbox 760 1959 852 2010; x_wconf 78' lang='grc' dir='ltr'>καὶ</span> <span class='ocrx_word' id='word_1_213' title='bbox 894 1959 989 2013; x_wconf 83' lang='grc' dir='ltr'>τοῦ</span> <span class='ocrx_word' id='word_1_214' title='bbox 1015 1965 1311 2031; x_wconf 84' lang='grc' dir='ltr'>προσώπου</span> <span class='ocrx_word' id='word_1_215' title='bbox 1372 1972 1538 2041; x_wconf 85' lang='grc' dir='ltr'>σιμὸν</span> <span class='ocrx_word' id='word_1_216' title='bbox 1579 1974 1727 2044; x_wconf 74' lang='grc' dir='ltr'>ἔχειν</span> <span class='ocrx_word' id='word_1_217' title='bbox 1751 1978 1847 2033; x_wconf 82' lang='grc' dir='ltr'>τὸν</span> 
     </span>
    </p>
   </div>
   <div class='ocr_carea' id='block_1_33' title="bbox 267 2038 1846 2132">
    <p class='ocr_par' dir='ltr' id='par_1_33' title="bbox 267 2038 1846 2132">
     <span class='ocr_line' id='line_1_33' title="bbox 267 2038 1846 2132; baseline 0.022 -41"><span class='ocrx_word' id='word_1_218' title='bbox 267 2038 455 2096; x_wconf 73' lang='grc' dir='ltr'>τύπον.</span> <span class='ocrx_word' id='word_1_219' title='bbox 490 2043 693 2097; x_wconf 80' lang='grc' dir='ltr'>Τοῦτον</span> <span class='ocrx_word' id='word_1_220' title='bbox 709 2045 755 2091; x_wconf 57' lang='grc'><strong>⁸⁵</strong></span> <span class='ocrx_word' id='word_1_221' title='bbox 782 2051 903 2103; x_wconf 85' lang='grc' dir='ltr'>κατ’</span> <span class='ocrx_word' id='word_1_222' title='bbox 934 2053 1110 2122; x_wconf 83' lang='grc' dir='ltr'>ἀρχὰς</span> <span class='ocrx_word' id='word_1_223' title='bbox 1147 2057 1247 2123; x_wconf 87' lang='grc' dir='ltr'><strong>μὲν</strong></span> <span class='ocrx_word' id='word_1_224' title='bbox 1268 2060 1317 2112; x_wconf 87' lang='grc' dir='ltr'><strong>οί</strong></span> <span class='ocrx_word' id='word_1_225' title='bbox 1346 2038 1709 2132; x_wconf 78' lang='grc' dir='ltr'>θηρεύσαντες</span> <span class='ocrx_word' id='word_1_226' title='bbox 1755 2069 1846 2126; x_wconf 82' lang='grc' dir='ltr'><strong>διὰ</strong></span> 
     </span>
    </p>
   </div>
   <div class='ocr_carea' id='block_1_34' title="bbox 269 2134 1842 2218">
    <p class='ocr_par' dir='ltr' id='par_1_34' title="bbox 269 2134 1842 2218">
     <span class='ocr_line' id='line_1_34' title="bbox 269 2134 1842 2218; baseline 0.021 -34"><span class='ocrx_word' id='word_1_227' title='bbox 269 2134 367 2205; x_wconf 76' lang='grc' dir='ltr'>τὴν</span> <span class='ocrx_word' id='word_1_228' title='bbox 407 2137 703 2209; x_wconf 77' lang='grc' dir='ltr'>ὁμοιότητα</span> <span class='ocrx_word' id='word_1_229' title='bbox 752 2140 877 2195; x_wconf 79' lang='grc' dir='ltr'>οὔτε</span> <span class='ocrx_word' id='word_1_230' title='bbox 912 2145 1112 2200; x_wconf 85' lang='grc' dir='ltr'>πωλεῖν</span> <span class='ocrx_word' id='word_1_231' title='bbox 1146 2148 1335 2218; x_wconf 79' lang='grc' dir='ltr'>ἠξίουν</span> <span class='ocrx_word' id='word_1_232' title='bbox 1376 2153 1500 2209; x_wconf 77' lang='grc' dir='ltr'>οὔτε</span> <span class='ocrx_word' id='word_1_233' title='bbox 1549 2161 1842 2216; x_wconf 86' lang='grc' dir='ltr'>καταναλί-</span> 
     </span>
    </p>
   </div>
   <div class='ocr_carea' id='block_1_35' title="bbox 277 2229 1845 2321">
    <p class='ocr_par' dir='ltr' id='par_1_35' title="bbox 277 2229 1845 2321">
     <span class='ocr_line' id='line_1_35' title="bbox 277 2229 1845 2321; baseline 0.021 -45"><span class='ocrx_word' id='word_1_234' title='bbox 277 2242 445 2290; x_wconf 81' lang='grc' dir='ltr'>σκειν,</span> <span class='ocrx_word' id='word_1_235' title='bbox 472 2229 567 2282; x_wconf 83' lang='grc' dir='ltr'>τοῦ</span> <span class='ocrx_word' id='word_1_236' title='bbox 586 2230 641 2283; x_wconf 79' lang='grc' dir='ltr'>δὲ</span> <span class='ocrx_word' id='word_1_237' title='bbox 659 2232 855 2303; x_wconf 84' lang='grc' dir='ltr'>χρόνου</span> <span class='ocrx_word' id='word_1_238' title='bbox 885 2239 1165 2308; x_wconf 79' lang='grc' dir='ltr'>προϊόντος</span> <span class='ocrx_word' id='word_1_239' title='bbox 1190 2242 1479 2319; x_wconf 84' lang='grc' dir='ltr'>ἀμφότερα</span> <span class='ocrx_word' id='word_1_240' title='bbox 1512 2251 1845 2321; x_wconf 81' lang='grc' dir='ltr'>πράττοντες</span> 
     </span>
    </p>
   </div>
   <div class='ocr_carea' id='block_1_36' title="bbox 284 2314 873 2389">
    <p class='ocr_par' dir='ltr' id='par_1_36' title="bbox 284 2314 873 2389">
     <span class='ocr_line' id='line_1_36' title="bbox 284 2314 873 2389; baseline 0.022 -24"><span class='ocrx_word' id='word_1_241' title='bbox 284 2314 431 2367; x_wconf 65' lang='grc' dir='ltr'>οὐδὲν</span> <span class='ocrx_word' id='word_1_242' title='bbox 455 2316 873 2389; x_wconf 80' lang='grc' dir='ltr'>ἁμαρτάνουσιν.</span> 
     </span>
    </p>
   </div>
   <div class='ocr_carea' id='block_1_37' title="bbox 361 2406 1842 2505">
    <p class='ocr_par' dir='ltr' id='par_1_37' title="bbox 361 2406 1842 2505">
     <span class='ocr_line' id='line_1_37' title="bbox 361 2406 1842 2505; baseline 0.02 -47"><span class='ocrx_word' id='word_1_243' title='bbox 361 2406 438 2460; x_wconf 80' lang='grc' dir='ltr'><strong>Τά</strong></span> <span class='ocrx_word' id='word_1_244' title='bbox 468 2409 564 2477; x_wconf 81' lang='grc' dir='ltr'>μὲν</span> <span class='ocrx_word' id='word_1_245' title='bbox 589 2409 670 2463; x_wconf 70' lang='grc' dir='ltr'>οὖν</span> <span class='ocrx_word' id='word_1_246' title='bbox 693 2412 836 2485; x_wconf 79' lang='grc' dir='ltr'>ὑπὲρ</span> <span class='ocrx_word' id='word_1_247' title='bbox 864 2417 973 2469; x_wconf 88' lang='grc' dir='ltr'><strong>τῶν</strong></span> <span class='ocrx_word' id='word_1_248' title='bbox 999 2416 1171 2472; x_wconf 78' lang='grc' dir='ltr'>ἐθνῶν</span> <span class='ocrx_word' id='word_1_249' title='bbox 1195 2422 1304 2476; x_wconf 86' lang='grc' dir='ltr'><strong>τῶν</strong></span> <span class='ocrx_word' id='word_1_250' title='bbox 1338 2425 1679 2499; x_wconf 77' lang='grc' dir='ltr'>ἐκκειμένων</span> <span class='ocrx_word' id='word_1_251' title='bbox 1704 2436 1842 2505; x_wconf 84' lang='grc' dir='ltr'>πρὸς</span> 
     </span>
    </p>
   </div>
   <div class='ocr_carea' id='block_1_38' title="bbox 295 2500 1842 2597">
    <p class='ocr_par' dir='ltr' id='par_1_38' title="bbox 295 2500 1842 2597">
     <span class='ocr_line' id='line_1_38' title="bbox 295 2500 1842 2597; baseline 0.021 -47"><span class='ocrx_word' id='word_1_252' title='bbox 295 2500 637 2571; x_wconf 73' lang='grc' dir='ltr'>μεσημβρίαν,</span> <span class='ocrx_word' id='word_1_253' title='bbox 668 2505 746 2568; x_wconf 85' lang='grc' dir='ltr'>ὼς</span> <span class='ocrx_word' id='word_1_254' title='bbox 773 2502 843 2578; x_wconf 83' lang='grc' dir='ltr'><strong>ῆν</strong></span> <span class='ocrx_word' id='word_1_255' title='bbox 866 2508 951 2576; x_wconf 81' lang='grc' dir='ltr'><strong>ἐφ’</strong></span> <span class='ocrx_word' id='word_1_256' title='bbox 1000 2513 1155 2583; x_wconf 78' lang='grc' dir='ltr'>ημῖν,</span> <span class='ocrx_word' id='word_1_257' title='bbox 1186 2518 1243 2570; x_wconf 80' lang='grc' dir='ltr'>ἐν</span> <span class='ocrx_word' id='word_1_258' title='bbox 1298 2517 1339 2572; x_wconf 87' lang='grc' dir='ltr'>ε’</span> <span class='ocrx_word' id='word_1_259' title='bbox 1375 2520 1605 2591; x_wconf 88' lang='grc' dir='ltr'>βιϐλίοις</span> <span class='ocrx_word' id='word_1_260' title='bbox 1642 2500 1842 2597; x_wconf 72' lang='grc' dir='ltr'>ἐπιμε-</span> 
     </span>
    </p>
   </div>
   <div class='ocr_carea' id='block_1_39' title="bbox 282 2589 1839 2696">
    <p class='ocr_par' dir='ltr' id='par_1_39' title="bbox 282 2589 1839 2696">
     <span class='ocr_line' id='line_1_39' title="bbox 282 2589 1839 2696; baseline 0.024 -56"><span class='ocrx_word' id='word_1_261' title='bbox 282 2589 791 2667; x_wconf 72' lang='grc' dir='ltr'>λῶςίστορήκαμεν·</span> <span class='ocrx_word' id='word_1_262' title='bbox 845 2601 980 2672; x_wconf 67' lang='grc' dir='ltr'>ὅπερ</span> <span class='ocrx_word' id='word_1_263' title='bbox 1007 2603 1064 2656; x_wconf 81' lang='grc' dir='ltr'>δὲ</span> <span class='ocrx_word' id='word_1_264' title='bbox 1111 2608 1221 2660; x_wconf 88' lang='grc' dir='ltr'><strong>τῶν</strong></span> <span class='ocrx_word' id='word_1_265' title='bbox 1268 2611 1326 2664; x_wconf 81' lang='grc' dir='ltr'>ἐν</span> <span class='ocrx_word' id='word_1_266' title='bbox 1472 2614 1519 2647; x_wconf 74' lang='grc'><strong>⁵⁷</strong></span> <span class='ocrx_word' id='word_1_267' title='bbox 1568 2615 1695 2688; x_wconf 67' lang='grc'><strong>[749</strong></span> 
     </span>
    </p>
   </div>
   <div class='ocr_carea' id='block_1_40' title="bbox 282 2681 1841 2782">
    <p class='ocr_par' dir='ltr' id='par_1_40' title="bbox 282 2681 1841 2782">
     <span class='ocr_line' id='line_1_40' title="bbox 282 2681 1841 2782; baseline 0.024 -51"><span class='ocrx_word' id='word_1_268' title='bbox 282 2681 511 2751; x_wconf 80' lang='grc' dir='ltr'>πελάγει</span> <span class='ocrx_word' id='word_1_269' title='bbox 534 2689 712 2757; x_wconf 74' lang='grc' dir='ltr'>νήσων</span> <span class='ocrx_word' id='word_1_270' title='bbox 736 2687 966 2763; x_wconf 76' lang='grc' dir='ltr'>ὕστερον</span> <span class='ocrx_word' id='word_1_271' title='bbox 984 2681 1437 2772; x_wconf 74' lang='grc' dir='ltr'>τεθεωρημένων,</span> <span class='ocrx_word' id='word_1_272' title='bbox 1459 2709 1554 2760; x_wconf 86' lang='grc' dir='ltr'>καὶ</span> <span class='ocrx_word' id='word_1_273' title='bbox 1568 2681 1687 2765; x_wconf 56' lang='grc' dir='ltr'><strong>τῶν</strong></span> <span class='ocrx_word' id='word_1_274' title='bbox 1712 2681 1841 2782; x_wconf 67' lang='grc' dir='ltr'>ἑξῆς</span> 
     </span>
    </p>
   </div>
   <div class='ocr_carea' id='block_1_41' title="bbox 272 2772 1841 2879">
    <p class='ocr_par' dir='ltr' id='par_1_41' title="bbox 272 2772 1841 2879">
     <span class='ocr_line' id='line_1_41' title="bbox 272 2772 1841 2879; baseline 0.024 -53"><span class='ocrx_word' id='word_1_275' title='bbox 272 2772 460 2840; x_wconf 79' lang='grc' dir='ltr'>ἐθνῶν,</span> <span class='ocrx_word' id='word_1_276' title='bbox 511 2781 607 2832; x_wconf 74' lang='grc' dir='ltr'>καὶ</span> <span class='ocrx_word' id='word_1_277' title='bbox 636 2783 746 2835; x_wconf 89' lang='grc' dir='ltr'><strong>τῶν</strong></span> <span class='ocrx_word' id='word_1_278' title='bbox 769 2785 985 2842; x_wconf 84' lang='grc' dir='ltr'>εὐωδῶν</span> <span class='ocrx_word' id='word_1_279' title='bbox 1004 2791 1107 2845; x_wconf 75' lang='grc' dir='ltr'>ὅσα</span> <span class='ocrx_word' id='word_1_280' title='bbox 1165 2794 1352 2865; x_wconf 84' lang='grc' dir='ltr'>φέρειν</span> <span class='ocrx_word' id='word_1_281' title='bbox 1398 2800 1685 2870; x_wconf 87' lang='grc' dir='ltr'>συμϐαίνει</span> 
     </span>
    </p>
   </div>
   <div class='ocr_carea' id='block_1_42' title="bbox 270 2870 1838 2971">
    <p class='ocr_par' dir='ltr' id='par_1_42' title="bbox 270 2870 1838 2971">
     <span class='ocr_line' id='line_1_42' title="bbox 270 2870 1838 2971; baseline 0.025 -53"><span class='ocrx_word' id='word_1_282' title='bbox 270 2870 631 2937; x_wconf 77' lang='grc' dir='ltr'>τρωγλοδῦτιν</span> <span class='ocrx_word' id='word_1_283' title='bbox 681 2875 889 2949; x_wconf 86' lang='grc' dir='ltr'>χώραν,</span> <span class='ocrx_word' id='word_1_284' title='bbox 949 2882 1111 2952; x_wconf 78' lang='grc' dir='ltr'>ἡμεῖς</span> <span class='ocrx_word' id='word_1_285' title='bbox 1163 2888 1263 2956; x_wconf 84' lang='grc' dir='ltr'>μὲν</span> <span class='ocrx_word' id='word_1_286' title='bbox 1280 2890 1325 2922; x_wconf 78' lang='grc'><strong>⁸⁸</strong></span> <span class='ocrx_word' id='word_1_287' title='bbox 1370 2870 1838 2971; x_wconf 79' lang='grc' dir='ltr'>παραιτησάμενοι</span> 
     </span>
    </p>
   </div>
   <div class='ocr_carea' id='block_1_43' title="bbox 279 2958 1839 3052">
    <p class='ocr_par' dir='ltr' id='par_1_43' title="bbox 279 2958 1839 3052">
     <span class='ocr_line' id='line_1_43' title="bbox 279 2958 1839 3052; baseline 0.024 -40"><span class='ocrx_word' id='word_1_288' title='bbox 279 2958 373 3032; x_wconf 82' lang='grc' dir='ltr'>τὴν</span> <span class='ocrx_word' id='word_1_289' title='bbox 401 2962 669 3035; x_wconf 79' lang='grc' dir='ltr'>ἐξήγησιν</span> <span class='ocrx_word' id='word_1_290' title='bbox 706 2968 879 3042; x_wconf 77' lang='grc' dir='ltr'>ἄρδην</span> <span class='ocrx_word' id='word_1_291' title='bbox 906 2975 1368 3052; x_wconf 85' lang='grc' dir='ltr'>ἀπολελοίπαμεν,</span> <span class='ocrx_word' id='word_1_292' title='bbox 1399 2958 1523 3041; x_wconf 61' lang='lat' dir='ltr'><strong>abre</strong></span> <span class='ocrx_word' id='word_1_293' title='bbox 1553 2958 1645 3045; x_wconf 75' lang='grc' dir='ltr'><strong>τδν</strong></span> <span class='ocrx_word' id='word_1_294' title='bbox 1678 2958 1839 3049; x_wconf 74' lang='grc' dir='ltr'>πόνον</span> 
     </span>
    </p>
   </div>
   <div class='ocr_carea' id='block_1_44' title="bbox 267 3050 1837 3151">
    <p class='ocr_par' dir='ltr' id='par_1_44' title="bbox 267 3050 1837 3151">
     <span class='ocr_line' id='line_1_44' title="bbox 267 3050 1837 3151; baseline 0.026 -49"><span class='ocrx_word' id='word_1_295' title='bbox 267 3050 363 3120; x_wconf 77' lang='grc' dir='ltr'><strong>τῆς</strong></span> <span class='ocrx_word' id='word_1_296' title='bbox 389 3053 613 3126; x_wconf 76' lang='grc' dir='ltr'>ἡλικίας</span> <span class='ocrx_word' id='word_1_297' title='bbox 654 3061 856 3130; x_wconf 79' lang='grc' dir='ltr'>ὁμοίως</span> <span class='ocrx_word' id='word_1_298' title='bbox 907 3066 1202 3141; x_wconf 81' lang='grc' dir='ltr'>ὑποφέρειν</span> <span class='ocrx_word' id='word_1_299' title='bbox 1251 3050 1575 3151; x_wconf 85' lang='grc' dir='ltr'>δυναμένης,</span> <span class='ocrx_word' id='word_1_300' title='bbox 1624 3087 1837 3143; x_wconf 87' lang='grc' dir='ltr'>πολλῶν</span> 
     </span>
    </p>
   </div>
   <div class='ocr_carea' id='block_1_45' title="bbox 1951 1857 3523 1959">
    <p class='ocr_par' dir='ltr' id='par_1_45' title="bbox 1951 1857 3523 1959">
     <span class='ocr_line' id='line_1_45' title="bbox 1951 1857 3523 1959; baseline 0.015 -40"><span class='ocrx_word' id='word_1_301' title='bbox 1951 1863 2227 1938; x_wconf 73' lang='grc' dir='ltr'>ιΕιΙιίορίε</span> <span class='ocrx_word' id='word_1_302' title='bbox 2287 1857 2483 1927; x_wconf 83' lang='lat' dir='ltr'><strong>nomen</strong></span> <span class='ocrx_word' id='word_1_303' title='bbox 2530 1873 2836 1944; x_wconf 84' lang='lat' dir='ltr'><strong>imponunt,</strong></span> <span class='ocrx_word' id='word_1_304' title='bbox 2884 1857 3031 1950; x_wconf 72' lang='lat' dir='ltr'><strong>quod</strong></span> <span class='ocrx_word' id='word_1_305' title='bbox 3056 1884 3251 1939; x_wconf 90' lang='lat' dir='ltr'><strong>simam</strong></span> <span class='ocrx_word' id='word_1_306' title='bbox 3285 1887 3523 1959; x_wconf 76' lang='lat' dir='ltr'><strong>imagine</strong></span> 
     </span>
    </p>
   </div>
   <div class='ocr_carea' id='block_1_46' title="bbox 1948 1957 3523 2046">
    <p class='ocr_par' dir='ltr' id='par_1_46' title="bbox 1948 1957 3523 2046">
     <span class='ocr_line' id='line_1_46' title="bbox 1948 1957 3523 2046; baseline 0.015 -34"><span class='ocrx_word' id='word_1_307' title='bbox 1948 1972 2051 2013; x_wconf 89' lang='lat' dir='ltr'><strong>sua</strong></span> <span class='ocrx_word' id='word_1_308' title='bbox 2106 1957 2306 2015; x_wconf 79' lang='lat' dir='ltr'><strong>faciem</strong></span> <span class='ocrx_word' id='word_1_309' title='bbox 2363 1963 2630 2023; x_wconf 88' lang='lat' dir='ltr'><strong>imitatur.</strong></span> <span class='ocrx_word' id='word_1_310' title='bbox 2690 1967 2806 2024; x_wconf 84' lang='lat' dir='ltr'><strong>Hoc</strong></span> <span class='ocrx_word' id='word_1_311' title='bbox 2854 1981 3158 2029; x_wconf 86' lang='lat' dir='ltr'><strong>monstrum</strong></span> <span class='ocrx_word' id='word_1_312' title='bbox 3216 1976 3523 2046; x_wconf 87' lang='lat' dir='ltr'><strong>piscatores</strong></span> 
     </span>
    </p>
   </div>
   <div class='ocr_carea' id='block_1_47' title="bbox 1946 2046 3521 2138">
    <p class='ocr_par' dir='ltr' id='par_1_47' title="bbox 1946 2046 3521 2138">
     <span class='ocr_line' id='line_1_47' title="bbox 1946 2046 3521 2138; baseline 0.017 -38"><span class='ocrx_word' id='word_1_313' title='bbox 1946 2046 2124 2112; x_wconf 85' lang='lat' dir='ltr'><strong>initio.</strong></span> <span class='ocrx_word' id='word_1_314' title='bbox 2180 2060 2404 2122; x_wconf 83' lang='lat' dir='ltr'><strong>propter</strong></span> <span class='ocrx_word' id='word_1_315' title='bbox 2467 2055 2902 2128; x_wconf 87' lang='lat' dir='ltr'><strong>similitudinem,</strong></span> <span class='ocrx_word' id='word_1_316' title='bbox 2984 2079 3086 2120; x_wconf 88' lang='lat' dir='ltr'><strong>nec</strong></span> <span class='ocrx_word' id='word_1_317' title='bbox 3152 2069 3521 2138; x_wconf 80' lang='lat' dir='ltr'><strong>vendendum,</strong></span> 
     </span>
    </p>
   </div>
   <div class='ocr_carea' id='block_1_48' title="bbox 1946 2137 3524 2225">
    <p class='ocr_par' dir='ltr' id='par_1_48' title="bbox 1946 2137 3524 2225">
     <span class='ocr_line' id='line_1_48' title="bbox 1946 2137 3524 2225; baseline 0.017 -33"><span class='ocrx_word' id='word_1_318' title='bbox 1946 2137 2140 2211; x_wconf 67' lang='grc' dir='ltr'><strong>46οὸ</strong></span> <span class='ocrx_word' id='word_1_319' title='bbox 2198 2157 2298 2199; x_wconf 89' lang='lat' dir='ltr'><strong>nec</strong></span> <span class='ocrx_word' id='word_1_320' title='bbox 2346 2143 2400 2198; x_wconf 90' lang='lat' dir='ltr'><strong>in</strong></span> <span class='ocrx_word' id='word_1_321' title='bbox 2430 2145 2555 2201; x_wconf 91' lang='lat' dir='ltr'><strong>cibo</strong></span> <span class='ocrx_word' id='word_1_322' title='bbox 2585 2148 2983 2207; x_wconf 89' lang='lat' dir='ltr'><strong>absumendum</strong></span> <span class='ocrx_word' id='word_1_323' title='bbox 3018 2155 3364 2225; x_wconf 85' lang='lat' dir='ltr'><strong>judicabant.</strong></span> <span class='ocrx_word' id='word_1_324' title='bbox 3416 2137 3524 2219; x_wconf 86' lang='lat' dir='ltr'><strong>Sed</strong></span> 
     </span>
    </p>
   </div>
   <div class='ocr_carea' id='block_1_49' title="bbox 1947 2230 3524 2313">
    <p class='ocr_par' dir='ltr' id='par_1_49' title="bbox 1947 2230 3524 2313">
     <span class='ocr_line' id='line_1_49' title="bbox 1947 2230 3524 2313; baseline 0.017 -31"><span class='ocrx_word' id='word_1_325' title='bbox 1947 2230 2210 2300; x_wconf 87' lang='lat' dir='ltr'><strong>temporis</strong></span> <span class='ocrx_word' id='word_1_326' title='bbox 2274 2248 2569 2308; x_wconf 84' lang='lat' dir='ltr'><strong>progressu</strong></span> <span class='ocrx_word' id='word_1_327' title='bbox 2640 2248 2934 2313; x_wconf 88' lang='lat' dir='ltr'><strong>utrumque</strong></span> <span class='ocrx_word' id='word_1_328' title='bbox 3009 2246 3323 2305; x_wconf 75' lang='lat' dir='ltr'><strong>iactitantes</strong></span> <span class='ocrx_word' id='word_1_329' title='bbox 3388 2253 3524 2309; x_wconf 87' lang='lat' dir='ltr'><strong>nihil</strong></span> 
     </span>
    </p>
   </div>
   <div class='ocr_carea' id='block_1_50' title="bbox 1947 2331 2197 2389">
    <p class='ocr_par' dir='ltr' id='par_1_50' title="bbox 1947 2331 2197 2389">
     <span class='ocr_line' id='line_1_50' title="bbox 1947 2331 2197 2389; baseline 0.012 -15"><span class='ocrx_word' id='word_1_330' title='bbox 1947 2331 2197 2389; x_wconf 88' lang='lat' dir='ltr'><strong>peccant.</strong></span> 
     </span>
    </p>
   </div>
   <div class='ocr_carea' id='block_1_51' title="bbox 2016 2410 3635 2502">
    <p class='ocr_par' dir='ltr' id='par_1_51' title="bbox 2016 2410 3635 2502">
     <span class='ocr_line' id='line_1_51' title="bbox 2016 2410 3635 2502; baseline 0.019 -37"><span class='ocrx_word' id='word_1_331' title='bbox 2016 2410 2146 2468; x_wconf 77' lang='lat' dir='ltr'><strong>CAP.</strong></span> <span class='ocrx_word' id='word_1_332' title='bbox 2202 2412 2313 2469; x_wconf 84' lang='lat' dir='ltr'><strong>LV.</strong></span> <span class='ocrx_word' id='word_1_333' title='bbox 2382 2418 2670 2491; x_wconf 82' lang='lat' dir='ltr'><strong>Epilogus,</strong></span> <span class='ocrx_word' id='word_1_334' title='bbox 2740 2442 2843 2496; x_wconf 86' lang='lat' dir='ltr'><strong>quo</strong></span> <span class='ocrx_word' id='word_1_335' title='bbox 2915 2430 3175 2502; x_wconf 85' lang='lat' dir='ltr'><strong>reliquam</strong></span> <span class='ocrx_word' id='word_1_336' title='bbox 3244 2436 3526 2493; x_wconf 77' lang='lat' dir='ltr'><strong>historiam</strong></span> <span class='ocrx_word' id='word_1_337' title='bbox 3632 2436 3635 2439; x_wconf 69' lang='grc'><em>’</em></span> 
     </span>
    </p>
   </div>
   <div class='ocr_carea' id='block_1_52' title="bbox 1945 2503 3525 2587">
    <p class='ocr_par' dir='ltr' id='par_1_52' title="bbox 1945 2503 3525 2587">
     <span class='ocr_line' id='line_1_52' title="bbox 1945 2503 3525 2587; baseline 0.02 -32"><span class='ocrx_word' id='word_1_338' title='bbox 1945 2503 2015 2556; x_wconf 85' lang='lat' dir='ltr'><strong>ad</strong></span> <span class='ocrx_word' id='word_1_339' title='bbox 2041 2504 2175 2559; x_wconf 77' lang='lat' dir='ltr'><strong>alios</strong></span> <span class='ocrx_word' id='word_1_340' title='bbox 2202 2510 2443 2565; x_wconf 80' lang='lat' dir='ltr'><strong>remittit.</strong></span> <span class='ocrx_word' id='word_1_341' title='bbox 2482 2544 2547 2553; x_wconf 91' lang='lat'><em>—</em></span> <span class='ocrx_word' id='word_1_342' title='bbox 2576 2512 2694 2570; x_wconf 85' lang='lat' dir='ltr'><strong>Jam</strong></span> <span class='ocrx_word' id='word_1_343' title='bbox 2718 2533 2843 2587; x_wconf 66' lang='lat' dir='ltr'><strong>qum</strong></span> <span class='ocrx_word' id='word_1_344' title='bbox 2870 2525 3248 2582; x_wconf 89' lang='lat' dir='ltr'><strong>memorabilia</strong></span> <span class='ocrx_word' id='word_1_345' title='bbox 3299 2540 3430 2586; x_wconf 88' lang='lat' dir='ltr'><strong>sunt</strong></span> <span class='ocrx_word' id='word_1_346' title='bbox 3457 2532 3525 2587; x_wconf 89' lang='lat' dir='ltr'><strong>de</strong></span> 
     </span>
    </p>
   </div>
   <div class='ocr_carea' id='block_1_53' title="bbox 1945 2594 3526 2683">
    <p class='ocr_par' dir='ltr' id='par_1_53' title="bbox 1945 2594 3526 2683">
     <span class='ocr_line' id='line_1_53' title="bbox 1945 2594 3526 2683; baseline 0.02 -37"><span class='ocrx_word' id='word_1_347' title='bbox 1945 2594 2199 2663; x_wconf 79' lang='lat' dir='ltr'><strong>gentibus</strong></span> <span class='ocrx_word' id='word_1_348' title='bbox 2261 2599 2327 2653; x_wconf 88' lang='lat' dir='ltr'><strong>ad</strong></span> <span class='ocrx_word' id='word_1_349' title='bbox 2380 2602 2663 2659; x_wconf 89' lang='lat' dir='ltr'><strong>meridiem</strong></span> <span class='ocrx_word' id='word_1_350' title='bbox 2720 2608 3013 2679; x_wconf 91' lang='lat' dir='ltr'><strong>submotis,</strong></span> <span class='ocrx_word' id='word_1_351' title='bbox 3084 2629 3185 2683; x_wconf 90' lang='lat' dir='ltr'><strong>pro</strong></span> <span class='ocrx_word' id='word_1_352' title='bbox 3262 2617 3526 2677; x_wconf 78' lang='lat' dir='ltr'><strong>facultate</strong></span> 
     </span>
    </p>
   </div>
   <div class='ocr_carea' id='block_1_54' title="bbox 1948 2684 3517 2783">
    <p class='ocr_par' dir='ltr' id='par_1_54' title="bbox 1948 2684 3517 2783">
     <span class='ocr_line' id='line_1_54' title="bbox 1948 2684 3517 2783; baseline 0.021 -45"><span class='ocrx_word' id='word_1_353' title='bbox 1948 2694 2158 2752; x_wconf 87' lang='lat' dir='ltr'><strong>nostra,</strong></span> <span class='ocrx_word' id='word_1_354' title='bbox 2214 2684 2461 2761; x_wconf 86' lang='lat' dir='ltr'><strong>quinque</strong></span> <span class='ocrx_word' id='word_1_355' title='bbox 2518 2695 2673 2752; x_wconf 86' lang='lat' dir='ltr'><strong>libris</strong></span> <span class='ocrx_word' id='word_1_356' title='bbox 2744 2712 3000 2759; x_wconf 82' lang='lat' dir='ltr'><strong>accurate</strong></span> <span class='ocrx_word' id='word_1_357' title='bbox 3063 2718 3192 2763; x_wconf 88' lang='lat' dir='ltr'><strong>sunt</strong></span> <span class='ocrx_word' id='word_1_358' title='bbox 3243 2714 3517 2783; x_wconf 78' lang='lat' dir='ltr'><strong>exposita.</strong></span> 
     </span>
    </p>
   </div>
   <div class='ocr_carea' id='block_1_55' title="bbox 1942 2776 3525 2869">
    <p class='ocr_par' dir='ltr' id='par_1_55' title="bbox 1942 2776 3525 2869">
     <span class='ocr_line' id='line_1_55' title="bbox 1942 2776 3525 2869; baseline 0.02 -38"><span class='ocrx_word' id='word_1_359' title='bbox 1942 2776 2151 2835; x_wconf 67' lang='lat' dir='ltr'><strong>Caetera</strong></span> <span class='ocrx_word' id='word_1_360' title='bbox 2177 2781 2243 2836; x_wconf 92' lang='lat' dir='ltr'><strong>de</strong></span> <span class='ocrx_word' id='word_1_361' title='bbox 2273 2782 2471 2841; x_wconf 90' lang='lat' dir='ltr'><strong>insulis</strong></span> <span class='ocrx_word' id='word_1_362' title='bbox 2508 2787 2560 2841; x_wconf 93' lang='lat' dir='ltr'><strong>in</strong></span> <span class='ocrx_word' id='word_1_363' title='bbox 2594 2789 2786 2862; x_wconf 87' lang='lat' dir='ltr'><strong>pelago</strong></span> <span class='ocrx_word' id='word_1_364' title='bbox 2822 2795 3002 2852; x_wconf 86' lang='lat' dir='ltr'><strong>serius</strong></span> <span class='ocrx_word' id='word_1_365' title='bbox 3049 2802 3283 2869; x_wconf 89' lang='lat' dir='ltr'><strong>repertis</strong></span> <span class='ocrx_word' id='word_1_366' title='bbox 3329 2816 3385 2860; x_wconf 88' lang='lat' dir='ltr'><strong>et</strong></span> <span class='ocrx_word' id='word_1_367' title='bbox 3432 2822 3525 2862; x_wconf 91' lang='lat' dir='ltr'><strong>co-</strong></span> 
     </span>
    </p>
   </div>
   <div class='ocr_carea' id='block_1_56' title="bbox 1944 2870 3520 2966">
    <p class='ocr_par' dir='ltr' id='par_1_56' title="bbox 1944 2870 3520 2966">
     <span class='ocr_line' id='line_1_56' title="bbox 1944 2870 3520 2966; baseline 0.022 -45"><span class='ocrx_word' id='word_1_368' title='bbox 1944 2870 2136 2937; x_wconf 84' lang='lat' dir='ltr'><strong>gnitis,</strong></span> <span class='ocrx_word' id='word_1_369' title='bbox 2169 2876 2499 2946; x_wconf 82' lang='lat' dir='ltr'><strong>populisque</strong></span> <span class='ocrx_word' id='word_1_370' title='bbox 2527 2880 2901 2952; x_wconf 86' lang='lat' dir='ltr'><strong>ulterioribus,</strong></span> <span class='ocrx_word' id='word_1_371' title='bbox 2941 2896 2996 2943; x_wconf 88' lang='lat' dir='ltr'><strong>et</strong></span> <span class='ocrx_word' id='word_1_372' title='bbox 3028 2894 3196 2963; x_wconf 82' lang='lat' dir='ltr'><strong>gratis</strong></span> <span class='ocrx_word' id='word_1_373' title='bbox 3229 2896 3520 2966; x_wconf 88' lang='lat' dir='ltr'><strong>odoribus,</strong></span> 
     </span>
    </p>
   </div>
   <div class='ocr_carea' id='block_1_57' title="bbox 1944 2960 3547 3048">
    <p class='ocr_par' dir='ltr' id='par_1_57' title="bbox 1944 2960 3547 3048">
     <span class='ocr_line' id='line_1_57' title="bbox 1944 2960 3547 3048; baseline 0.023 -37"><span class='ocrx_word' id='word_1_374' title='bbox 1944 2973 2086 3028; x_wconf 90' lang='lat' dir='ltr'><strong>quos</strong></span> <span class='ocrx_word' id='word_1_375' title='bbox 2117 2960 2443 3038; x_wconf 84' lang='lat' dir='ltr'><strong>Troglodyta</strong></span> <span class='ocrx_word' id='word_1_376' title='bbox 2490 2970 2603 3025; x_wconf 85' lang='lat' dir='ltr'><strong>edit</strong></span> <span class='ocrx_word' id='word_1_377' title='bbox 2643 2977 2925 3043; x_wconf 87' lang='lat' dir='ltr'><strong>provincia</strong></span> <span class='ocrx_word' id='word_1_378' title='bbox 2947 3021 2963 3043; x_wconf 90' lang='lat'><strong>,</strong></span> <span class='ocrx_word' id='word_1_379' title='bbox 2997 2960 3547 3048; x_wconf 80' lang='lat' dir='ltr'><strong>commemoratione</strong></span> 
     </span>
    </p>
   </div>
   <div class='ocr_carea' id='block_1_58' title="bbox 1942 3052 3525 3139">
    <p class='ocr_par' dir='ltr' id='par_1_58' title="bbox 1942 3052 3525 3139">
     <span class='ocr_line' id='line_1_58' title="bbox 1942 3052 3525 3139; baseline 0.022 -35"><span class='ocrx_word' id='word_1_380' title='bbox 1942 3052 2211 3119; x_wconf 87' lang='lat' dir='ltr'><strong>abdicata,</strong></span> <span class='ocrx_word' id='word_1_381' title='bbox 2233 3064 2471 3115; x_wconf 83' lang='lat' dir='ltr'><strong>attexere</strong></span> <span class='ocrx_word' id='word_1_382' title='bbox 2494 3064 2720 3119; x_wconf 92' lang='lat' dir='ltr'><strong>omnino</strong></span> <span class='ocrx_word' id='word_1_383' title='bbox 2744 3072 3189 3139; x_wconf 87' lang='lat' dir='ltr'><strong>supersedemus.</strong></span> <span class='ocrx_word' id='word_1_384' title='bbox 3211 3078 3345 3134; x_wconf 90' lang='lat' dir='ltr'><strong>Cum</strong></span> <span class='ocrx_word' id='word_1_385' title='bbox 3389 3091 3525 3139; x_wconf 63' lang='lat' dir='ltr'><strong>aetas</strong></span> 
     </span>
    </p>
   </div>
   <div class='ocr_carea' id='block_1_59' title="bbox 264 3141 1840 3250">
    <p class='ocr_par' dir='ltr' id='par_1_59' title="bbox 264 3141 1837 3250">
     <span class='ocr_line' id='line_1_59' title="bbox 264 3141 1837 3250; baseline 0.024 -54"><span class='ocrx_word' id='word_1_386' title='bbox 264 3144 396 3215; x_wconf 69' lang='grc' dir='ltr'>ἡμῖν</span> <span class='ocrx_word' id='word_1_387' title='bbox 428 3147 571 3218; x_wconf 81' lang='grc' dir='ltr'>ὑπέρ</span> <span class='ocrx_word' id='word_1_388' title='bbox 600 3167 661 3204; x_wconf 90' lang='grc' dir='ltr'><strong>τε</strong></span> <span class='ocrx_word' id='word_1_389' title='bbox 681 3153 781 3223; x_wconf 86' lang='grc' dir='ltr'><strong>τῆς</strong></span> <span class='ocrx_word' id='word_1_390' title='bbox 814 3155 1087 3231; x_wconf 85' lang='grc' dir='ltr'>Εὐρώπης</span> <span class='ocrx_word' id='word_1_391' title='bbox 1112 3166 1207 3217; x_wconf 70' lang='grc' dir='ltr'><strong>καὶ</strong></span> <span class='ocrx_word' id='word_1_392' title='bbox 1256 3167 1356 3235; x_wconf 85' lang='grc' dir='ltr'><strong>τῆς</strong></span> <span class='ocrx_word' id='word_1_393' title='bbox 1388 3141 1601 3238; x_wconf 44' lang='grc' dir='ltr'>’Ἀσίας</span> <span class='ocrx_word' id='word_1_394' title='bbox 1637 3141 1837 3250; x_wconf 39' lang='grc' dir='ltr'>ἀναγεέ</span> 
     </span>
    </p>
   </div>
   <div class='ocr_carea' id='block_1_60' title="bbox 1946 3141 3525 3250">
    <p class='ocr_par' dir='ltr' id='par_1_60' title="bbox 1946 3141 3525 3239">
     <span class='ocr_line' id='line_1_60' title="bbox 1946 3141 3525 3239; baseline 0.022 -44"><span class='ocrx_word' id='word_1_395' title='bbox 1946 3141 2183 3199; x_wconf 88' lang='lat' dir='ltr'><strong>laborem</strong></span> <span class='ocrx_word' id='word_1_396' title='bbox 2214 3148 2442 3217; x_wconf 89' lang='lat' dir='ltr'><strong>perinde</strong></span> <span class='ocrx_word' id='word_1_397' title='bbox 2470 3153 2700 3212; x_wconf 74' lang='lat' dir='ltr'><strong>sutl‘erre</strong></span> <span class='ocrx_word' id='word_1_398' title='bbox 2734 3172 2988 3230; x_wconf 87' lang='lat' dir='ltr'><strong>nequeat,</strong></span> <span class='ocrx_word' id='word_1_399' title='bbox 3016 3166 3299 3239; x_wconf 88' lang='lat' dir='ltr'><strong>multaque</strong></span> <span class='ocrx_word' id='word_1_400' title='bbox 3316 3171 3383 3226; x_wconf 83' lang='lat' dir='ltr'><strong>de</strong></span> <span class='ocrx_word' id='word_1_401' title='bbox 3409 3171 3525 3228; x_wconf 88' lang='lat' dir='ltr'><strong>Eu-</strong></span> 
     </span>
    </p>
   </div>
   <div class='ocr_carea' id='block_1_61' title="bbox 262 3243 1842 3334">
    <p class='ocr_par' dir='ltr' id='par_1_61' title="bbox 262 3243 1842 3334">
     <span class='ocr_line' id='line_1_61' title="bbox 262 3243 1842 3334; baseline 0.026 -46"><span class='ocrx_word' id='word_1_402' title='bbox 262 3243 620 3310; x_wconf 81' lang='grc' dir='ltr'>γραμμὲνων,</span> <span class='ocrx_word' id='word_1_403' title='bbox 646 3245 771 3300; x_wconf 77' lang='grc' dir='ltr'>οὔτε</span> <span class='ocrx_word' id='word_1_404' title='bbox 825 3250 935 3303; x_wconf 88' lang='grc' dir='ltr'><strong>τῶν</strong></span> <span class='ocrx_word' id='word_1_405' title='bbox 978 3253 1386 3330; x_wconf 82' lang='grc' dir='ltr'>ὑπομνημάτων</span> <span class='ocrx_word' id='word_1_406' title='bbox 1441 3266 1528 3320; x_wconf 81' lang='grc' dir='ltr'>διὰ</span> <span class='ocrx_word' id='word_1_407' title='bbox 1569 3269 1670 3334; x_wconf 83' lang='grc' dir='ltr'><strong>τὰς</strong></span> <span class='ocrx_word' id='word_1_408' title='bbox 1719 3243 1842 3330; x_wconf 76' lang='grc' dir='ltr'>κατ’</span> 
     </span>
    </p>
   </div>
   <div class='ocr_carea' id='block_1_62' title="bbox 260 3331 1837 3436">
    <p class='ocr_par' dir='ltr' id='par_1_62' title="bbox 260 3331 1837 3436">
     <span class='ocr_line' id='line_1_62' title="bbox 260 3331 1837 3436; baseline 0.024 -55"><span class='ocrx_word' id='word_1_409' title='bbox 260 3331 539 3399; x_wconf 75' lang='grc' dir='ltr'>Αἴγυπτον</span> <span class='ocrx_word' id='word_1_410' title='bbox 572 3339 904 3407; x_wconf 76' lang='grc' dir='ltr'>ἀποστάσεις</span> <span class='ocrx_word' id='word_1_411' title='bbox 929 3346 1131 3420; x_wconf 87' lang='grc' dir='ltr'>ἀκριϐῆ</span> <span class='ocrx_word' id='word_1_412' title='bbox 1165 3356 1570 3425; x_wconf 77' lang='grc' dir='ltr'>παραδιδόντων</span> <span class='ocrx_word' id='word_1_413' title='bbox 1603 3331 1798 3436; x_wconf 76' lang='grc' dir='ltr'>σκέψιν</span> <span class='ocrx_word' id='word_1_414' title='bbox 1823 3384 1837 3399; x_wconf 90' lang='grc'><strong>·</strong></span> 
     </span>
    </p>
   </div>
   <div class='ocr_carea' id='block_1_63' title="bbox 258 3425 1837 3527">
    <p class='ocr_par' dir='ltr' id='par_1_63' title="bbox 258 3425 1837 3527">
     <span class='ocr_line' id='line_1_63' title="bbox 258 3425 1837 3527; baseline 0.024 -51"><span class='ocrx_word' id='word_1_415' title='bbox 258 3425 287 3477; x_wconf 74' lang='grc' dir='ltr'><strong>ὁ</strong></span> <span class='ocrx_word' id='word_1_416' title='bbox 319 3425 381 3478; x_wconf 81' lang='grc' dir='ltr'>δὲ</span> <span class='ocrx_word' id='word_1_417' title='bbox 429 3430 525 3482; x_wconf 77' lang='grc' dir='ltr'>καὶ</span> <span class='ocrx_word' id='word_1_418' title='bbox 546 3434 659 3493; x_wconf 81' lang='grc' dir='ltr'>τοῖς</span> <span class='ocrx_word' id='word_1_419' title='bbox 704 3437 845 3490; x_wconf 84' lang='grc' dir='ltr'>κατὰ</span> <span class='ocrx_word' id='word_1_420' title='bbox 880 3437 1044 3512; x_wconf 84' lang='grc' dir='ltr'>μέρος</span> <span class='ocrx_word' id='word_1_421' title='bbox 1072 3446 1391 3517; x_wconf 81' lang='grc' dir='ltr'>πράγμασιν</span> <span class='ocrx_word' id='word_1_422' title='bbox 1419 3425 1749 3527; x_wconf 65' lang='grc' dir='ltr'>ἐντετευχὼς</span> <span class='ocrx_word' id='word_1_423' title='bbox 1768 3459 1837 3527; x_wconf 73' lang='grc'><strong>⁸³,</strong></span> 
     </span>
    </p>
   </div>
   <div class='ocr_carea' id='block_1_64' title="bbox 260 3519 1836 3611">
    <p class='ocr_par' dir='ltr' id='par_1_64' title="bbox 260 3519 1836 3611">
     <span class='ocr_line' id='line_1_64' title="bbox 260 3519 1836 3611; baseline 0.023 -42"><span class='ocrx_word' id='word_1_424' title='bbox 260 3519 354 3571; x_wconf 69' lang='grc' dir='ltr'>καὶ</span> <span class='ocrx_word' id='word_1_425' title='bbox 410 3519 594 3590; x_wconf 83' lang='grc' dir='ltr'>λόγοις</span> <span class='ocrx_word' id='word_1_426' title='bbox 642 3534 1153 3601; x_wconf 82' lang='grc' dir='ltr'>κατεσκευασμένος</span> <span class='ocrx_word' id='word_1_427' title='bbox 1204 3539 1447 3611; x_wconf 80' lang='grc' dir='ltr'>ἱστορίας</span> <span class='ocrx_word' id='word_1_428' title='bbox 1495 3519 1688 3611; x_wconf 67' lang='grc' dir='ltr'>ἀξίοις,</span> <span class='ocrx_word' id='word_1_429' title='bbox 1729 3519 1836 3605; x_wconf 36' lang='grc' dir='ltr'>’καί</span> 
     </span>
    </p>
   </div>
   <div class='ocr_carea' id='block_1_65' title="bbox 261 3610 1831 3708">
    <p class='ocr_par' dir='ltr' id='par_1_65' title="bbox 261 3610 1831 3708">
     <span class='ocr_line' id='line_1_65' title="bbox 261 3610 1831 3708; baseline 0.024 -50"><span class='ocrx_word' id='word_1_430' title='bbox 261 3610 591 3679; x_wconf 83' lang='grc' dir='ltr'>προαίρεσιν</span> <span class='ocrx_word' id='word_1_431' title='bbox 629 3615 768 3686; x_wconf 80' lang='grc' dir='ltr'>ἔχων</span> <span class='ocrx_word' id='word_1_432' title='bbox 821 3618 1126 3696; x_wconf 82' lang='grc' dir='ltr'>δυναμένην</span> <span class='ocrx_word' id='word_1_433' title='bbox 1170 3627 1332 3694; x_wconf 80' lang='grc' dir='ltr'>δόξαν</span> <span class='ocrx_word' id='word_1_434' title='bbox 1362 3632 1510 3704; x_wconf 83' lang='grc' dir='ltr'>πόνῳ</span> <span class='ocrx_word' id='word_1_435' title='bbox 1556 3635 1831 3708; x_wconf 86' lang='grc' dir='ltr'>θηρεύειν,</span> 
     </span>
    </p>
   </div>
   <div class='ocr_carea' id='block_1_66' title="bbox 257 3699 670 3771">
    <p class='ocr_par' dir='ltr' id='par_1_66' title="bbox 257 3699 670 3771">
     <span class='ocr_line' id='line_1_66' title="bbox 257 3699 670 3771; baseline 0.019 -18"><span class='ocrx_word' id='word_1_436' title='bbox 257 3699 356 3754; x_wconf 76' lang='grc' dir='ltr'>οὐκ</span> <span class='ocrx_word' id='word_1_437' title='bbox 384 3702 670 3771; x_wconf 82' lang='grc' dir='ltr'>ἀφέξεται.</span> 
     </span>
    </p>
   </div>
   <div class='ocr_carea' id='block_1_67' title="bbox 701 3839 1410 3926">
    <p class='ocr_par' dir='ltr' id='par_1_67' title="bbox 701 3839 1410 3926">
     <span class='ocr_line' id='line_1_67' title="bbox 701 3839 1410 3926; baseline 0.023 -30"><span class='ocrx_word' id='word_1_438' title='bbox 701 3839 1006 3913; x_wconf 74' lang='grc' dir='ltr'>Ἀρῤιανοῦ</span> <span class='ocrx_word' id='word_1_439' title='bbox 1035 3851 1410 3926; x_wconf 64' lang='grc' dir='ltr'>σύγγραμμα.</span> 
     </span>
    </p>
   </div>
   <div class='ocr_carea' id='block_1_68' title="bbox 330 3948 1838 4042">
    <p class='ocr_par' dir='ltr' id='par_1_68' title="bbox 330 3948 1838 4042">
     <span class='ocr_line' id='line_1_68' title="bbox 330 3948 1838 4042; baseline 0.027 -43"><span class='ocrx_word' id='word_1_440' title='bbox 330 3948 459 4003; x_wconf 79' lang='grc' dir='ltr'><strong>Ὅτι</strong></span> <span class='ocrx_word' id='word_1_441' title='bbox 517 3950 823 4024; x_wconf 72' lang='grc' dir='ltr'>Ἀρριανὸς,</span> <span class='ocrx_word' id='word_1_442' title='bbox 883 3961 1019 4032; x_wconf 77' lang='grc' dir='ltr'>Περὶ</span> <span class='ocrx_word' id='word_1_443' title='bbox 1061 3970 1318 4039; x_wconf 86' lang='grc' dir='ltr'>κομητῶν</span> <span class='ocrx_word' id='word_1_444' title='bbox 1375 3975 1593 4042; x_wconf 80' lang='grc' dir='ltr'>φύσεώς</span> <span class='ocrx_word' id='word_1_445' title='bbox 1633 3999 1696 4036; x_wconf 87' lang='grc' dir='ltr'><strong>τε</strong></span> <span class='ocrx_word' id='word_1_446' title='bbox 1743 3988 1838 4040; x_wconf 80' lang='grc' dir='ltr'>καὶ</span> 
     </span>
    </p>
   </div>
   <div class='ocr_carea' id='block_1_69' title="bbox 259 4044 1837 4141">
    <p class='ocr_par' dir='ltr' id='par_1_69' title="bbox 259 4044 1837 4141">
     <span class='ocr_line' id='line_1_69' title="bbox 259 4044 1837 4141; baseline 0.027 -52"><span class='ocrx_word' id='word_1_447' title='bbox 259 4044 578 4107; x_wconf 80' lang='grc' dir='ltr'>συστάσεως</span> <span class='ocrx_word' id='word_1_448' title='bbox 604 4048 700 4100; x_wconf 76' lang='grc' dir='ltr'>καὶ</span> <span class='ocrx_word' id='word_1_449' title='bbox 728 4053 1030 4121; x_wconf 84' lang='grc' dir='ltr'>φασμάτων</span> <span class='ocrx_word' id='word_1_450' title='bbox 1063 4058 1391 4134; x_wconf 83' lang='grc' dir='ltr'>βιϐλιδάριον</span> <span class='ocrx_word' id='word_1_451' title='bbox 1430 4071 1668 4141; x_wconf 73' lang='grc' dir='ltr'>γράψας,</span> <span class='ocrx_word' id='word_1_452' title='bbox 1706 4078 1837 4131; x_wconf 79' lang='grc' dir='ltr'>πολο</span> 
     </span>
    </p>
   </div>
   <div class='ocr_carea' id='block_1_70' title="bbox 258 4129 1836 4239">
    <p class='ocr_par' dir='ltr' id='par_1_70' title="bbox 258 4129 1836 4239">
     <span class='ocr_line' id='line_1_70' title="bbox 258 4129 1836 4239; baseline 0.027 -58"><span class='ocrx_word' id='word_1_453' title='bbox 258 4129 742 4208; x_wconf 74' lang='grc' dir='ltr'>λοίςάγωνίσμασι</span> <span class='ocrx_word' id='word_1_454' title='bbox 778 4146 1035 4212; x_wconf 81' lang='grc' dir='ltr'>πειρᾶται</span> <span class='ocrx_word' id='word_1_455' title='bbox 1068 4129 1345 4209; x_wconf 77' lang='grc' dir='ltr'>δεικνύναι</span> <span class='ocrx_word' id='word_1_456' title='bbox 1374 4129 1667 4233; x_wconf 57' lang='grc' dir='ltr'><strong>δτῖμέιδὲῖ</strong></span> <span class='ocrx_word' id='word_1_457' title='bbox 1698 4129 1836 4239; x_wconf 80' lang='grc' dir='ltr'>μήτε</span> 
     </span>
    </p>
   </div>
   <div class='ocr_carea' id='block_1_71' title="bbox 257 4222 1765 4329">
    <p class='ocr_par' dir='ltr' id='par_1_71' title="bbox 257 4222 1765 4329">
     <span class='ocr_line' id='line_1_71' title="bbox 257 4222 1765 4329; baseline 0.026 -55"><span class='ocrx_word' id='word_1_458' title='bbox 257 4222 366 4275; x_wconf 76' lang='grc' dir='ltr'><strong>τῶν</strong></span> <span class='ocrx_word' id='word_1_459' title='bbox 394 4226 618 4291; x_wconf 85' lang='grc' dir='ltr'>ἀγαθῶν</span> <span class='ocrx_word' id='word_1_460' title='bbox 646 4233 785 4303; x_wconf 85' lang='grc' dir='ltr'>μήτε</span> <span class='ocrx_word' id='word_1_461' title='bbox 811 4236 921 4289; x_wconf 86' lang='grc' dir='ltr'><strong>τῶν</strong></span> <span class='ocrx_word' id='word_1_462' title='bbox 948 4239 1170 4307; x_wconf 77' lang='grc' dir='ltr'>φαύλων</span> <span class='ocrx_word' id='word_1_463' title='bbox 1198 4245 1270 4299; x_wconf 82' lang='grc' dir='ltr'><strong>τὰ</strong></span> <span class='ocrx_word' id='word_1_464' title='bbox 1297 4250 1523 4306; x_wconf 80' lang='grc' dir='ltr'>τοιαῦτα</span> <span class='ocrx_word' id='word_1_465' title='bbox 1573 4258 1765 4329; x_wconf 81' lang='grc' dir='ltr'>φάσμα</span> 
     </span>
    </p>
   </div>
   <div class='ocr_carea' id='block_1_72' title="bbox 256 4315 751 4389">
    <p class='ocr_par' dir='ltr' id='par_1_72' title="bbox 256 4315 751 4389">
     <span class='ocr_line' id='line_1_72' title="bbox 256 4315 751 4389; baseline 0.024 -22"><span class='ocrx_word' id='word_1_466' title='bbox 256 4315 751 4389; x_wconf 81' lang='grc' dir='ltr'>ἀποσημαίνουσιν.</span> 
     </span>
    </p>
   </div>
   <div class='ocr_carea' id='block_1_73' title="bbox 260 4711 2034 4799">
    <p class='ocr_par' dir='ltr' id='par_1_73' title="bbox 260 4711 2034 4799">
     <span class='ocr_line' id='line_1_73' title="bbox 260 4711 2034 4799; baseline 0.027 -49"><span class='ocrx_word' id='word_1_467' title='bbox 260 4711 456 4754; x_wconf 87' lang='lat' dir='ltr'><strong>eorum</strong></span> <span class='ocrx_word' id='word_1_468' title='bbox 487 4716 935 4777; x_wconf 84' lang='lat' dir='ltr'><strong>unumquemque</strong></span> <span class='ocrx_word' id='word_1_469' title='bbox 961 4711 1114 4780; x_wconf 89' lang='lat' dir='ltr'><strong>pacis</strong></span> <span class='ocrx_word' id='word_1_470' title='bbox 1144 4722 1397 4788; x_wconf 84' lang='lat' dir='ltr'><strong>tempore</strong></span> <span class='ocrx_word' id='word_1_471' title='bbox 1422 4740 1616 4791; x_wconf 81' lang='lat' dir='ltr'><strong>agrum</strong></span> <span class='ocrx_word' id='word_1_472' title='bbox 1647 4734 1870 4794; x_wconf 88' lang='lat' dir='ltr'><strong>colore:</strong></span> <span class='ocrx_word' id='word_1_473' title='bbox 1905 4741 2034 4799; x_wconf 90' lang='lat' dir='ltr'><strong>belli</strong></span> 
     </span>
    </p>
   </div>
   <div class='ocr_carea' id='block_1_74' title="bbox 259 4789 688 4848">
    <p class='ocr_par' dir='ltr' id='par_1_74' title="bbox 259 4789 688 4848">
     <span class='ocr_line' id='line_1_74' title="bbox 259 4789 688 4848; baseline 0.016 -7"><span class='ocrx_word' id='word_1_474' title='bbox 259 4802 381 4842; x_wconf 82' lang='lat' dir='ltr'><strong>esse</strong></span> <span class='ocrx_word' id='word_1_475' title='bbox 409 4789 688 4848; x_wconf 89' lang='lat' dir='ltr'><strong>dominos.</strong></span> 
     </span>
    </p>
   </div>
   <div class='ocr_carea' id='block_1_75' title="bbox 1948 3238 3525 3325">
    <p class='ocr_par' dir='ltr' id='par_1_75' title="bbox 1948 3238 3525 3325">
     <span class='ocr_line' id='line_1_75' title="bbox 1948 3238 3525 3325; baseline 0.022 -38"><span class='ocrx_word' id='word_1_476' title='bbox 1948 3248 2081 3304; x_wconf 88' lang='lat' dir='ltr'><strong>ropa</strong></span> <span class='ocrx_word' id='word_1_477' title='bbox 2109 3244 2163 3291; x_wconf 87' lang='lat' dir='ltr'><strong>et</strong></span> <span class='ocrx_word' id='word_1_478' title='bbox 2199 3238 2330 3293; x_wconf 87' lang='lat' dir='ltr'><strong>Asia</strong></span> <span class='ocrx_word' id='word_1_479' title='bbox 2359 3257 2389 3295; x_wconf 90' lang='lat' dir='ltr'><strong>a</strong></span> <span class='ocrx_word' id='word_1_480' title='bbox 2423 3245 2583 3300; x_wconf 91' lang='lat' dir='ltr'><strong>nobis</strong></span> <span class='ocrx_word' id='word_1_481' title='bbox 2616 3248 2728 3303; x_wconf 91' lang='lat' dir='ltr'><strong>sint</strong></span> <span class='ocrx_word' id='word_1_482' title='bbox 2758 3250 2953 3308; x_wconf 89' lang='lat' dir='ltr'><strong>litteris</strong></span> <span class='ocrx_word' id='word_1_483' title='bbox 2982 3257 3215 3325; x_wconf 90' lang='lat' dir='ltr'><strong>prodita,</strong></span> <span class='ocrx_word' id='word_1_484' title='bbox 3250 3277 3351 3317; x_wconf 91' lang='lat' dir='ltr'><strong>nec</strong></span> <span class='ocrx_word' id='word_1_485' title='bbox 3373 3279 3525 3320; x_wconf 88' lang='lat' dir='ltr'><strong>com-</strong></span> 
     </span>
    </p>
   </div>
   <div class='ocr_carea' id='block_1_76' title="bbox 1946 3329 3524 3426">
    <p class='ocr_par' dir='ltr' id='par_1_76' title="bbox 1946 3329 3524 3426">
     <span class='ocr_line' id='line_1_76' title="bbox 1946 3329 3524 3426; baseline 0.022 -48"><span class='ocrx_word' id='word_1_486' title='bbox 1946 3329 2223 3396; x_wconf 89' lang='lat' dir='ltr'><strong>mentarii,</strong></span> <span class='ocrx_word' id='word_1_487' title='bbox 2252 3344 2477 3405; x_wconf 79' lang='lat' dir='ltr'><strong>prapter</strong></span> <span class='ocrx_word' id='word_1_488' title='bbox 2506 3336 2891 3411; x_wconf 66' lang='lat' dir='ltr'><strong>Egyptiorum</strong></span> <span class='ocrx_word' id='word_1_489' title='bbox 2921 3346 3276 3418; x_wconf 82' lang='lat' dir='ltr'><strong>defectiones,</strong></span> <span class='ocrx_word' id='word_1_490' title='bbox 3309 3354 3524 3426; x_wconf 84' lang='lat' dir='ltr'><strong>disqui-</strong></span> 
     </span>
    </p>
   </div>
   <div class='ocr_carea' id='block_1_77' title="bbox 1945 3416 3521 3511">
    <p class='ocr_par' dir='ltr' id='par_1_77' title="bbox 1945 3416 3521 3511">
     <span class='ocr_line' id='line_1_77' title="bbox 1945 3416 3521 3511; baseline 0.02 -40"><span class='ocrx_word' id='word_1_491' title='bbox 1945 3416 2201 3474; x_wconf 90' lang='lat' dir='ltr'><strong>sitionem</strong></span> <span class='ocrx_word' id='word_1_492' title='bbox 2239 3433 2484 3480; x_wconf 82' lang='lat' dir='ltr'><strong>exactam</strong></span> <span class='ocrx_word' id='word_1_493' title='bbox 2519 3430 2756 3486; x_wconf 86' lang='lat' dir='ltr'><strong>tradant.</strong></span> <span class='ocrx_word' id='word_1_494' title='bbox 2783 3433 2886 3500; x_wconf 85' lang='lat' dir='ltr'><strong>Qui</strong></span> <span class='ocrx_word' id='word_1_495' title='bbox 2919 3452 3046 3493; x_wconf 86' lang='lat' dir='ltr'><strong>vero</strong></span> <span class='ocrx_word' id='word_1_496' title='bbox 3074 3447 3127 3495; x_wconf 87' lang='lat' dir='ltr'><strong>et</strong></span> <span class='ocrx_word' id='word_1_497' title='bbox 3150 3416 3521 3511; x_wconf 49' lang='lat' dir='ltr'><strong>particula-tim</strong></span> 
     </span>
    </p>
   </div>
   <div class='ocr_carea' id='block_1_78' title="bbox 1944 3508 3521 3603">
    <p class='ocr_par' dir='ltr' id='par_1_78' title="bbox 1944 3508 3521 3603">
     <span class='ocr_line' id='line_1_78' title="bbox 1944 3508 3521 3603; baseline 0.023 -43"><span class='ocrx_word' id='word_1_498' title='bbox 1944 3508 2108 3563; x_wconf 87' lang='lat' dir='ltr'><strong>rebus</strong></span> <span class='ocrx_word' id='word_1_499' title='bbox 2132 3510 2463 3580; x_wconf 80' lang='lat' dir='ltr'><strong>interfuerit,</strong></span> <span class='ocrx_word' id='word_1_500' title='bbox 2494 3529 2549 3573; x_wconf 82' lang='lat' dir='ltr'><strong>et</strong></span> <span class='ocrx_word' id='word_1_501' title='bbox 2598 3523 2778 3580; x_wconf 87' lang='lat' dir='ltr'><strong>verbis</strong></span> <span class='ocrx_word' id='word_1_502' title='bbox 2811 3527 3037 3583; x_wconf 80' lang='lat' dir='ltr'><strong>historia</strong></span> <span class='ocrx_word' id='word_1_503' title='bbox 3075 3508 3255 3603; x_wconf 73' lang='lat' dir='ltr'><strong>dignis</strong></span> <span class='ocrx_word' id='word_1_504' title='bbox 3309 3536 3521 3596; x_wconf 83' lang='lat' dir='ltr'><strong>instru-</strong></span> 
     </span>
    </p>
   </div>
   <div class='ocr_carea' id='block_1_79' title="bbox 1942 3604 3521 3689">
    <p class='ocr_par' dir='ltr' id='par_1_79' title="bbox 1942 3604 3521 3689">
     <span class='ocr_line' id='line_1_79' title="bbox 1942 3604 3521 3689; baseline 0.023 -36"><span class='ocrx_word' id='word_1_505' title='bbox 1942 3607 2065 3655; x_wconf 91' lang='lat' dir='ltr'><strong>ctus</strong></span> <span class='ocrx_word' id='word_1_506' title='bbox 2084 3604 2323 3660; x_wconf 91' lang='lat' dir='ltr'><strong>studium</strong></span> <span class='ocrx_word' id='word_1_507' title='bbox 2352 3608 2625 3678; x_wconf 87' lang='lat' dir='ltr'><strong>adhibeat,</strong></span> <span class='ocrx_word' id='word_1_508' title='bbox 2658 3614 2848 3684; x_wconf 70' lang='lat' dir='ltr'><strong>gloria:</strong></span> <span class='ocrx_word' id='word_1_509' title='bbox 2878 3635 2973 3689; x_wconf 90' lang='lat' dir='ltr'><strong>per</strong></span> <span class='ocrx_word' id='word_1_510' title='bbox 2996 3622 3237 3679; x_wconf 83' lang='lat' dir='ltr'><strong>laborem</strong></span> <span class='ocrx_word' id='word_1_511' title='bbox 3260 3634 3521 3689; x_wconf 78' lang='lat' dir='ltr'><strong>venanda:</strong></span> 
     </span>
    </p>
   </div>
   <div class='ocr_carea' id='block_1_80' title="bbox 1940 3694 3520 3779">
    <p class='ocr_par' dir='ltr' id='par_1_80' title="bbox 1940 3694 3520 3779">
     <span class='ocr_line' id='line_1_80' title="bbox 1940 3694 3520 3779; baseline 0.021 -39"><span class='ocrx_word' id='word_1_512' title='bbox 1940 3703 2039 3757; x_wconf 89' lang='lat' dir='ltr'><strong>par</strong></span> <span class='ocrx_word' id='word_1_513' title='bbox 2084 3704 2139 3745; x_wconf 91' lang='lat' dir='ltr'><strong>et</strong></span> <span class='ocrx_word' id='word_1_514' title='bbox 2191 3694 2489 3764; x_wconf 89' lang='lat' dir='ltr'><strong>sulliciens,</strong></span> <span class='ocrx_word' id='word_1_515' title='bbox 2527 3702 2596 3753; x_wconf 88' lang='lat' dir='ltr'><strong>ab</strong></span> <span class='ocrx_word' id='word_1_516' title='bbox 2649 3702 2755 3758; x_wconf 86' lang='lat' dir='ltr'><strong>hoc</strong></span> <span class='ocrx_word' id='word_1_517' title='bbox 2800 3719 2859 3758; x_wconf 88' lang='lat' dir='ltr'><strong>se</strong></span> <span class='ocrx_word' id='word_1_518' title='bbox 2909 3710 3129 3779; x_wconf 87' lang='lat' dir='ltr'><strong>negotio</strong></span> <span class='ocrx_word' id='word_1_519' title='bbox 3177 3727 3284 3767; x_wconf 86' lang='lat' dir='ltr'><strong>non</strong></span> <span class='ocrx_word' id='word_1_520' title='bbox 3339 3715 3520 3773; x_wconf 89' lang='lat' dir='ltr'><strong>absti-</strong></span> 
     </span>
    </p>
   </div>
   <div class='ocr_carea' id='block_1_81' title="bbox 1940 3773 2107 3829">
    <p class='ocr_par' dir='ltr' id='par_1_81' title="bbox 1940 3773 2107 3829">
     <span class='ocr_line' id='line_1_81' title="bbox 1940 3773 2107 3829; baseline 0.018 -3"><span class='ocrx_word' id='word_1_521' title='bbox 1940 3773 2107 3829; x_wconf 90' lang='lat' dir='ltr'><strong>nebit.</strong></span> 
     </span>
    </p>
   </div>
   <div class='ocr_carea' id='block_1_82' title="bbox 2413 3897 3037 3972">
    <p class='ocr_par' dir='ltr' id='par_1_82' title="bbox 2413 3897 3037 3972">
     <span class='ocr_line' id='line_1_82' title="bbox 2413 3897 3037 3972; baseline 0.014 -21"><span class='ocrx_word' id='word_1_522' title='bbox 2413 3897 2668 3954; x_wconf 82' lang='lat' dir='ltr'><strong>Arrltiani</strong></span> <span class='ocrx_word' id='word_1_523' title='bbox 2706 3904 3037 3972; x_wconf 71' lang='lat' dir='ltr'><strong>opusculum.</strong></span> 
     </span>
    </p>
   </div>
   <div class='ocr_carea' id='block_1_83' title="bbox 2001 4009 3515 4098">
    <p class='ocr_par' dir='ltr' id='par_1_83' title="bbox 2001 4009 3515 4098">
     <span class='ocr_line' id='line_1_83' title="bbox 2001 4009 3515 4098; baseline 0.018 -37"><span class='ocrx_word' id='word_1_524' title='bbox 2001 4009 2350 4078; x_wconf 81' lang='lat' dir='ltr'><strong>Arrbianus,</strong></span> <span class='ocrx_word' id='word_1_525' title='bbox 2390 4012 2444 4067; x_wconf 91' lang='lat' dir='ltr'><strong>in</strong></span> <span class='ocrx_word' id='word_1_526' title='bbox 2490 4013 2675 4071; x_wconf 88' lang='lat' dir='ltr'><strong>libello</strong></span> <span class='ocrx_word' id='word_1_527' title='bbox 2708 4017 2787 4072; x_wconf 84' lang='lat' dir='ltr'><strong>De</strong></span> <span class='ocrx_word' id='word_1_528' title='bbox 2837 4033 3161 4080; x_wconf 84' lang='lat' dir='ltr'><strong>cometarum</strong></span> <span class='ocrx_word' id='word_1_529' title='bbox 3200 4040 3414 4098; x_wconf 85' lang='lat' dir='ltr'><strong>natura,</strong></span> <span class='ocrx_word' id='word_1_530' title='bbox 3462 4044 3515 4088; x_wconf 83' lang='lat' dir='ltr'><strong>et</strong></span> 
     </span>
    </p>
   </div>
   <div class='ocr_carea' id='block_1_84' title="bbox 1934 4103 3513 4182">
    <p class='ocr_par' dir='ltr' id='par_1_84' title="bbox 1934 4103 3513 4182">
     <span class='ocr_line' id='line_1_84' title="bbox 1934 4103 3513 4182; baseline 0.019 -30"><span class='ocrx_word' id='word_1_531' title='bbox 1934 4103 2309 4158; x_wconf 81' lang='lat' dir='ltr'><strong>constitutione</strong></span> <span class='ocrx_word' id='word_1_532' title='bbox 2348 4115 2716 4176; x_wconf 86' lang='lat' dir='ltr'><strong>meteororum,</strong></span> <span class='ocrx_word' id='word_1_533' title='bbox 2773 4113 2931 4169; x_wconf 78' lang='lat' dir='ltr'><strong>enixe</strong></span> <span class='ocrx_word' id='word_1_534' title='bbox 2960 4128 3194 4174; x_wconf 89' lang='lat' dir='ltr'><strong>conatur</strong></span> <span class='ocrx_word' id='word_1_535' title='bbox 3225 4125 3513 4182; x_wconf 86' lang='lat' dir='ltr'><strong>ostendere</strong></span> 
     </span>
    </p>
   </div>
   <div class='ocr_carea' id='block_1_85' title="bbox 1942 4192 3514 4279">
    <p class='ocr_par' dir='ltr' id='par_1_85' title="bbox 1942 4192 3514 4279">
     <span class='ocr_line' id='line_1_85' title="bbox 1942 4192 3514 4279; baseline 0.017 -33"><span class='ocrx_word' id='word_1_536' title='bbox 1942 4192 2088 4248; x_wconf 87' lang='lat' dir='ltr'><strong>haud</strong></span> <span class='ocrx_word' id='word_1_537' title='bbox 2123 4194 2421 4266; x_wconf 88' lang='lat' dir='ltr'><strong>quidquam</strong></span> <span class='ocrx_word' id='word_1_538' title='bbox 2457 4214 2650 4255; x_wconf 84' lang='lat' dir='ltr'><strong>eorum</strong></span> <span class='ocrx_word' id='word_1_539' title='bbox 2685 4218 2808 4272; x_wconf 76' lang='lat' dir='ltr'><strong>qua:</strong></span> <span class='ocrx_word' id='word_1_540' title='bbox 2838 4205 2981 4261; x_wconf 89' lang='lat' dir='ltr'><strong>bona</strong></span> <span class='ocrx_word' id='word_1_541' title='bbox 3025 4223 3125 4279; x_wconf 90' lang='lat' dir='ltr'><strong>per</strong></span> <span class='ocrx_word' id='word_1_542' title='bbox 3151 4226 3212 4267; x_wconf 90' lang='lat' dir='ltr'><strong>se</strong></span> <span class='ocrx_word' id='word_1_543' title='bbox 3242 4223 3339 4270; x_wconf 90' lang='lat' dir='ltr'><strong>aut</strong></span> <span class='ocrx_word' id='word_1_544' title='bbox 3372 4219 3514 4274; x_wconf 84' lang='lat' dir='ltr'><strong>mala</strong></span> 
     </span>
    </p>
   </div>
   <div class='ocr_carea' id='block_1_86' title="bbox 1767 4280 3194 4370">
    <p class='ocr_par' dir='ltr' id='par_1_86' title="bbox 1767 4280 3194 4370">
     <span class='ocr_line' id='line_1_86' title="bbox 1767 4280 3194 4370; baseline 0.013 -31"><span class='ocrx_word' id='word_1_545' title='bbox 1767 4280 1836 4317; x_wconf 78' lang='grc' dir='ltr'><strong>τα</strong></span> <span class='ocrx_word' id='word_1_546' title='bbox 1935 4297 2071 4342; x_wconf 89' lang='lat' dir='ltr'><strong>sunt</strong></span> <span class='ocrx_word' id='word_1_547' title='bbox 2104 4287 2417 4361; x_wconf 82' lang='lat' dir='ltr'><strong>hujusniodi</strong></span> <span class='ocrx_word' id='word_1_548' title='bbox 2448 4294 2888 4364; x_wconf 88' lang='lat' dir='ltr'><strong>apparitionibus</strong></span> <span class='ocrx_word' id='word_1_549' title='bbox 2923 4302 3194 4370; x_wconf 87' lang='lat' dir='ltr'><strong>portendi.</strong></span> 
     </span>
    </p>
   </div>
   <div class='ocr_carea' id='block_1_87' title="bbox 1509 5542 2205 5619">
    <p class='ocr_par' dir='ltr' id='par_1_87' title="bbox 1509 5542 2205 5619">
     <span class='ocr_line' id='line_1_87' title="bbox 1509 5542 2205 5619; baseline 0.033 -23"><span class='ocrx_word' id='word_1_550' title='bbox 1509 5542 1742 5605; x_wconf 80' lang='lat' dir='ltr'><strong>VARUE</strong></span> <span class='ocrx_word' id='word_1_551' title='bbox 1805 5553 2205 5619; x_wconf 82' lang='lat' dir='ltr'><strong>LECTIONES.</strong></span> 
     </span>
    </p>
   </div>
   <div class='ocr_carea' id='block_1_88' title="bbox 344 5610 1470 5726">
    <p class='ocr_par' dir='ltr' id='par_1_88' title="bbox 344 5610 1470 5726">
     <span class='ocr_line' id='line_1_88' title="bbox 344 5610 1470 5726; baseline 0.022 -37"><span class='ocrx_word' id='word_1_552' title='bbox 344 5641 386 5670; x_wconf 71' lang='lat'><strong><em>“</em></strong></span> <span class='ocrx_word' id='word_1_553' title='bbox 444 5610 743 5726; x_wconf 63' lang='grc' dir='ltr'>γενομένης</span> <span class='ocrx_word' id='word_1_554' title='bbox 792 5660 853 5707; x_wconf 85' lang='grc' dir='ltr'><strong>ς.</strong></span> <span class='ocrx_word' id='word_1_555' title='bbox 931 5645 975 5678; x_wconf 70' lang='grc'><strong>⁸⁸</strong></span> <span class='ocrx_word' id='word_1_556' title='bbox 1003 5648 1238 5726; x_wconf 83' lang='grc' dir='ltr'>θαλάττῃ</span> <span class='ocrx_word' id='word_1_557' title='bbox 1289 5655 1347 5715; x_wconf 88' lang='grc' dir='ltr'>Β.</span> <span class='ocrx_word' id='word_1_558' title='bbox 1427 5660 1470 5695; x_wconf 70' lang='grc'><strong>⁸⁵</strong></span> 
     </span>
    </p>
   </div>
   <div class='ocr_carea' id='block_1_89' title="bbox 326 5711 798 5783">
    <p class='ocr_par' dir='ltr' id='par_1_89' title="bbox 326 5711 798 5783">
     <span class='ocr_line' id='line_1_89' title="bbox 326 5711 798 5783; baseline 0.015 -21"><span class='ocrx_word' id='word_1_559' title='bbox 326 5711 708 5783; x_wconf 72' lang='grc' dir='ltr'>ἐντετυχηκὼς</span> <span class='ocrx_word' id='word_1_560' title='bbox 738 5732 798 5778; x_wconf 75' lang='grc' dir='ltr'><strong>ς.</strong></span> 
     </span>
    </p>
   </div>
   <div class='ocr_carea' id='block_1_90' title="bbox 563 5806 1189 5880">
    <p class='ocr_par' dir='ltr' id='par_1_90' title="bbox 563 5806 1189 5880">
     <span class='ocr_line' id='line_1_90' title="bbox 563 5806 1189 5880; baseline 0.024 -16"><span class='ocrx_word' id='word_1_561' title='bbox 563 5806 834 5873; x_wconf 68' lang='grc' dir='ltr'>ΡΑτιιοι.</span> <span class='ocrx_word' id='word_1_562' title='bbox 871 5815 988 5876; x_wconf 81' lang='lat' dir='ltr'><strong>Gn.</strong></span> <span class='ocrx_word' id='word_1_563' title='bbox 1037 5816 1189 5880; x_wconf 80' lang='lat' dir='ltr'><strong>CIV.</strong></span> 
     </span>
    </p>
   </div>
   <div class='ocr_carea' id='block_1_91' title="bbox 1505 5664 2527 5755">
    <p class='ocr_par' dir='ltr' id='par_1_91' title="bbox 1505 5664 2527 5755">
     <span class='ocr_line' id='line_1_91' title="bbox 1505 5664 2527 5755; baseline 0.026 -35"><span class='ocrx_word' id='word_1_564' title='bbox 1505 5664 1695 5733; x_wconf 85' lang='grc' dir='ltr'>μέλανι</span> <span class='ocrx_word' id='word_1_565' title='bbox 1730 5688 1791 5735; x_wconf 78' lang='grc' dir='ltr'><strong>ς.</strong></span> <span class='ocrx_word' id='word_1_566' title='bbox 1840 5674 1916 5747; x_wconf 29' lang='grc'><strong>’⁸⁸</strong></span> <span class='ocrx_word' id='word_1_567' title='bbox 1946 5677 2133 5736; x_wconf 78' lang='grc' dir='ltr'>τοῦτον</span> <span class='ocrx_word' id='word_1_568' title='bbox 2164 5684 2203 5736; x_wconf 89' lang='grc' dir='ltr'><strong>Β</strong></span> <span class='ocrx_word' id='word_1_569' title='bbox 2231 5702 2245 5740; x_wconf 86' lang='grc'>;</span> <span class='ocrx_word' id='word_1_570' title='bbox 2275 5686 2434 5743; x_wconf 80' lang='grc' dir='ltr'>τοῦτο</span> <span class='ocrx_word' id='word_1_571' title='bbox 2467 5707 2527 5755; x_wconf 84' lang='grc' dir='ltr'><strong>ς.</strong></span> 
     </span>
    </p>
   </div>
  </div>
