4152 6434
618 345 694 413 75
1779 339 2040 401 PHOTII
2077 335 2581 398 PATRIARCILE
2607 336 2719 398 cp.
3790 340 3870 401 rc

1372 456 1452 509 Ex
1484 453 1894 525 Agatharchide,
1927 452 2067 522 apud
2098 450 2338 506 eumdem
2374 448 2703 514 Athenaeum,
2749 444 2883 499 libro
2919 453 3123 503 octavo.

701 567 1132 639 Agatharcliides
1180 568 1319 623 libro
1348 566 1558 622 decimo
1585 573 1738 619 sexto
1771 578 1950 617 rerum
2005 562 2234 627 EurOpae
2269 559 2481 625 scribit,
2532 557 2748 629 Magan,
2799 558 2893 628 qui
2950 558 3199 629 regnavit
3241 572 3416 614 annos
3470 559 3869 632 quinquaginta

624 654 875 726 Cyrenis,
908 669 1033 708 cum
1072 654 1228 709 bellis
1256 669 1365 708 non
1418 660 1779 720 occuparetur
1810 658 1862 703 et
1896 650 2021 702 luxu
2048 648 2332 713 dilllueret,
2362 649 2627 702 immensa
2656 648 2842 703 carnis
2876 648 3017 703 mole
3040 658 3260 703 auctum
3292 649 3483 716 fuisse,
3518 659 3579 705 ut
3606 653 3710 705 sub
3743 653 3867 708 vitae

626 747 787 797 linem
821 742 1165 811 prodigiosus
1192 750 1337 797 esset
1368 740 1615 809 corporis
1646 748 1831 791 tumor
1860 755 1872 790 :
1906 735 2234 804 tandemque
2262 736 2609 806 pinguedinis
2647 735 2804 805 capia
2831 736 3236 802 exanimatum,
3268 737 3465 806 partim
3492 739 3563 791 ob
3596 738 3870 806 ignaviam

624 841 676 886 et
708 830 1012 899 segnitiem,
1050 831 1243 897 partim
1272 828 1340 882 ob
1366 828 1656 897 ingluviem
1704 834 1757 880 et
1787 824 2010 878 nimiam
2036 822 2143 876 cibi
2174 824 2546 876 voracitatem.
2574 822 2717 875 idem
2750 822 2940 876 scribit
2968 822 3105 877 libro
3127 823 3389 893 vigesimo
3445 825 3701 894 septimo,
3726 828 3870 895 apud

630 918 1067 977 Lacedaemonios
1102 919 1313 988 insigne
1343 920 1597 987 probrum
1633 916 1818 976 fuisse,
1845 912 1890 966 si
1925 912 2011 966 cui
2060 911 2240 965 minus
2269 920 2412 965 esset
2446 909 2615 963 virilis
2644 907 2840 973 forma,
2882 918 2975 963 aut
3014 912 3259 979 corporis
3298 920 3480 966 tumor
3546 915 3599 967 in
3654 916 3872 983 aquali-

616 1011 808 1064 culum
837 1010 1113 1077 projectus
1143 1020 1195 1061 et
1226 1021 1527 1075 propensus
1560 1003 1991 1073 conspiceretur,
2017 1014 2140 1053 cum
2168 997 2378 1052 decimo
2406 1012 2623 1067 quoque
2652 997 2739 1050 die
2770 998 2947 1052 nudos
2973 1013 3031 1052 se
3085 998 3585 1071 juvenes’ephoris
3623 1013 3874 1057 contem-

627 1098 855 1165 piandos
884 1096 1161 1159 sisterent,
1187 1094 1279 1161 qui
1311 1101 1365 1147 et
1392 1093 1654 1160 juvvnum
1694 1089 1939 1160 quotidie
1968 1098 2082 1141 tum
2133 1085 2357 1149 cubilia,
2401 1094 2513 1137 tum
2561 1084 2817 1138 vestitum
2848 1084 3234 1153 observabant,
3278 1095 3331 1141 et
3376 1088 3574 1143 merito
3622 1092 3868 1159 quidem,

612 1188 883 1253 .quoniam
924 1185 1307 1239 Lacedaemone
1354 1183 1448 1252 qui
1502 1197 1721 1237 carnem
1767 1180 1832 1233 ad
1876 1178 2167 1233 obsonium
2223 1180 2610 1242 praepararent,
2659 1172 2903 1236 luerunt,
2938 1174 3169 1227 aliarum
3223 1184 3483 1244 praeterea
3516 1178 3868 1246 cupediarum

627 1277 784 1331 nihil.
819 1276 961 1329 Idem
984 1286 1173 1328 auctor
1193 1272 1333 1325 libro
1352 1270 1613 1338 vigesimo
1645 1268 1873 1337 septimo
1906 1261 2430 1321 traditNaucleidem
2453 1258 2778 1330 Polybiadis
2804 1260 2979 1314 lilium
3034 1276 3201 1331 supra
3234 1262 3454 1316 modum
3478 1265 3866 1333 corpulentum

626 1371 682 1417 et
714 1364 785 1417 ob
813 1362 1036 1416 delicias
1067 1374 1338 1425 crassum,
1366 1374 1395 1411 a
1421 1356 1853 1411 Lacedaemoniis
1892 1355 1945 1408 in
1974 1353 2208 1407 mediam
2247 1348 2569 1403 concionem
2600 1347 2921 1416 productum
2984 1347 3174 1414 fuisse,
3210 1362 3263 1404 et
3290 1352 3503 1419 publice
3529 1368 3560 1407 a
3587 1351 3873 1435 Lysandro

627 1452 823 1505 acerbe
868 1450 1217 1517 objurgatqu
1253 1457 1313 1501 ut
1342 1445 1769 1515 veluptuarium,
1802 1443 2200 1509 minimumque
2244 1436 2508 1502 abfuisse,
2544 1436 2677 1506 quin
2712 1436 2763 1491 in
2808 1437 3061 1493 exsilium
3097 1449 3373 1508 ageretur,
3408 1442 3570 1511 idque
3621 1442 3867 1496 l‘utnrum

628 1537 907 1591 tninitatos
943 1534 1401 1595 Lacedaemonios,
1460 1532 1565 1587 nisi
1634 1531 1801 1584 vitam
1855 1529 2196 1597 corrigeret:
2252 1526 2704 1599 Lysandrumque
2762 1535 2877 1581 tum
2928 1528 3579 1599 recitasse‘Agesilaum,
3623 1547 3747 1584 cum
3797 1534 3862 1584 ad

629 1625 1043 1693 Hellespontum
1093 1622 1355 1675 barbaros
1398 1620 1539 1674 bello
1589 1625 1880 1687 premeret,
1923 1617 2195 1671 Asiaticos
2242 1615 2492 1669 homines
2543 1615 2883 1683 sumptuosis
2917 1616 3074 1670 stolis
3108 1618 3378 1682 excultos,
3408 1620 3499 1672 sed
3531 1618 3777 1673 imbelles
3816 1629 3870 1673 et

630 1712 849 1766 mutiles
876 1710 1196 1779 corporibus
1231 1725 1351 1763 esse
1396 1708 1723 1771 intueretur,
1761 1704 2004 1774 captivos
2038 1718 2229 1758 omnes
2252 1702 2487 1772 jussisse
2518 1702 2767 1756 vestibus
2800 1712 2992 1756 exutos
3024 1704 3090 1757 ad
3139 1719 3441 1772 pmoonem
3478 1706 3625 1767 duci,
3662 1707 3754 1776 qui
3786 1724 3875 1761 ve-

629 1800 781 1854 nales
810 1797 1129 1867 praedicaret
1161 1811 1175 1849 :
1210 1796 1525 1850 indumenta
1555 1810 1685 1848 vero
1719 1809 1968 1848 seorsum
2004 1791 2280 1855 vendi,'ut
2309 1789 2443 1843 socii
2477 1797 2531 1841 et
2563 1787 2809 1843 fmderati
2863 1800 3255 1857 cognoscerent
3286 1792 3632 1859 praemiorum
3689 1795 3869 1861 ampla

626 1902 726 1955 spe
780 1885 1045 1939 adversus
1081 1884 1328 1939 homines
1359 1882 1493 1937 nihil
1537 1881 1739 1936 bellum
1774 1889 2086 1947 susceptum
2120 1892 2263 1942 esse,
2301 1877 2529 1946 ideoque
2555 1876 2741 1930 animo
2787 1878 3125 1947 promptiore
3158 1889 3211 1933 et
3253 1879 3521 1934 alacriore
3577 1896 3703 1935 cum
3773 1882 3871 1935 hu-

626 1973 805 2028 stibus
832 1973 1180 2027 dimicarent.

1512 2080 1598 2133 Ea:
1620 2080 2040 2150 Agatharchide,
2079 2077 2219 2147 apud
2252 2076 2493 2130 eumdem
2518 2076 2851 2131 Athenaeum.
2888 2093 2995 2132 xiv.

694 2191 858 2248 Sidas
886 2208 916 2245 a
948 2190 1154 2246 BCBOliS
1185 2188 1389 2244 Punica
1428 2190 1727 2256 nominari,
1765 2190 1955 2245 scribit
1984 2185 2415 2258 Agatliarchides
2453 2184 2592 2238 libro
2635 2184 2851 2239 decimo
2879 2201 3023 2238 nono
3063 2184 3597 2256 Europicorum,his
3652 2188 3833 2243 verbis
3864 2211 3875 2246 :

635 2281 1002 2336 Atheuienses
1040 2294 1164 2333 cum
1196 2276 1399 2331 Bteotis
1434 2276 1501 2329 de
1528 2278 1769 2346 regionis
1803 2276 2003 2332 linibus
2038 2275 2339 2342 litigabunt,
2374 2290 2537 2344 quam
2570 2272 2735 2328 Sidas
2767 2274 3061 2343 appellant.
3108 2275 3516 2345 Epaminondas
3551 2278 3606 2330 in
3645 2293 3709 2330 ea
3740 2293 3879 2331 cou-

627 2368 891 2423 troversia
933 2374 1113 2435 partes
1150 2382 1280 2419 suas
1313 2363 1626 2429 defendens,
1680 2364 2030 2433 allegausque
2060 2363 2183 2432 jura
2218 2363 2553 2428 sua,-statim
2594 2376 2625 2415 e
2649 2362 2873 2416 sinistra
2914 2378 3101 2426 manu,
3131 2363 3279 2432 quod
3322 2364 3607 2417 occultum
3652 2366 3879 2434 gerebat

629 2452 911 2521 punicum,
940 2451 1129 2504 dextra
1170 2448 1355 2517 coepit,
1397 2456 1451 2501 et
1472 2448 1833 2504 Athenienses
1860 2448 2089 2519 rogavit,
2123 2463 2232 2517 quo
2266 2450 2488 2504 nomine
2514 2458 2796 2503 vocarent.
2826 2448 3248 2519 Responderunt
3273 2450 3372 2516 illi,
3395 2452 3524 2521 ῥόαν
3553 2467 3673 2506 sese
3697 2453 3873 2505 uomi-

628 2557 758 2594 nare
794 2557 808 2594 :
844 2539 911 2592 At
952 2552 1072 2600 nos,
1104 2537 1299 2605 inquit,
1333 2538 1497 2592 Sidan
1533 2538 1885 2607 appellamus.
1919 2536 1973 2589 In
2001 2552 2066 2591 eo
2099 2547 2277 2591 tractu
2308 2537 2375 2592 de
2407 2553 2516 2607 quo
2546 2538 2652 2591 fuit
2674 2539 2985 2601 contentio,
3008 2538 3260 2608 plurimae
3298 2548 3429 2594 sunt
3476 2539 3602 2593 mali
3626 2540 3875 2610 punicae,

626 2628 864 2698 indeque
904 2624 1171 2694 principio
1212 2641 1409 2679 nomen
1447 2635 1532 2680 est
1560 2626 1809 2679 inditum.
1851 2624 1941 2678 Sic
1966 2623 2367 2694 Epaminondas
2402 2638 2626 2679 causam
2654 2624 2913 2680 obtinuit.

1529 2738 1614 2794 Ea:
1642 2738 2049 2810 Agatharchide,
2081 2741 2221 2807 apud
2256 2737 2634 2805 Plutarchum,
2668 2736 2984 2794 Parallelis.

698 2855 910 2911 Xerxes
950 2869 1192 2909 taaaaa
1256 2852 1537 2906 hominum
1570 2853 1810 2907 exercitu
1844 2855 2169 2918 instructus,
2204 2852 2270 2906 ad
2294 2852 2646 2905 Artemisium
2688 2850 2921 2921 appulit,
2957 2851 3195 2919 ejusque
3230 2855 3476 2925 regionis
3526 2856 3733 2912 incolas
3764 2868 3875 2911 tum

630 2942 849 2997 hostilia
882 2941 981 2995 abs
1012 2955 1070 2994 se
1101 2938 1617 3008 exspectarejussit.
1644 2938 2023 3005 Athenienses,
2051 2942 2392 2996 conturbatis
2417 2941 2638 3004 animis,
2662 2941 2975 3010 Agesilaum
3002 2940 3387 3000 Themistoclis
3416 2945 3639 3001 fratrem
3672 2947 3872 3001 misere

631 3029 1008 3099 exploratum,
1069 3040 1386 3096 quanquam
1439 3036 1592 3095 pater
1635 3026 1755 3096 ejus
1802 3025 2030 3083 Neocles
2075 3031 2129 3083 in
2162 3032 2369 3085 somnis
2398 3030 2631 3086 vidisset
2678 3031 2828 3084 illum
2868 3031 3135 3088 ambabus
3164 3041 3474 3089 truncatum
3510 3037 3782 3090 manibus.
3819 3036 3869 3089 ls

631 3117 916 3187 Agesilaus
945 3113 1055 3177 ubi~
1078 3113 1323 3183 pervenit
1354 3111 1788 3168 habituPersico
1821 3115 1887 3168 ad
1923 3114 2206 3181 barbaros,
2240 3116 2581 3173 Mardonium
2618 3120 2908 3188 quemdam
2940 3121 3003 3174 de
3040 3122 3182 3191 regis
3207 3122 3591 3190 stipatoribus,
3634 3122 3869 3177 Xerxem

632 3214 782 3259 tatus
825 3219 968 3267 esse,
1012 3200 1305 3266 interfecit,
1345 3202 1881 3271 comprehensusque
1910 3219 1939 3256 at
1977 3202 2489 3271 circumstantibus,
2529 3206 2741 3261 vinetus
2776 3207 2845 3260 ad
2889 3222 3070 3275 regem
3117 3217 3201 3263 est
3236 3210 3528 3265 adductus.
3558 3210 3701 3265 Bove
3756 3220 3872 3264 tum

633 3295 887 3348 litaturus
915 3301 1033 3345 erat
1080 3290 1271 3345 rexad
1299 3305 1448 3343 aram
1484 3288 1644 3344 Solis.
1676 3289 1751 3344 lbi
1784 3289 2067 3359 Agesilaus
2106 3292 2227 3363 igni
2276 3294 2328 3347 in
2364 3309 2458 3347 ara
2487 3294 2748 3358 excitato,
2779 3295 3030 3348 dextram
3061 3296 3326 3365 imposuit
3358 3313 3614 3363 manum,
3650 3300 3873 3353 crucia-

631 3390 859 3449 tumque
893 3380 1101 3447 absque
1138 3376 1246 3431 ullo
1290 3377 1512 3445 pertulit
1550 3378 1778 3446 gemitu.
1824 3376 2069 3433 Vinculis
2114 3379 2341 3448 proinde
2390 3382 2604 3436 solutus
2654 3382 2791 3435 dixit
2826 3399 2838 3434 :
2881 3380 3041 3436 Tales
3077 3392 3203 3437 sunt
3233 3398 3426 3439 omnes
3464 3386 3830 3441 Atheuienses
3861 3408 3875 3442 :

629 3468 775 3538 quod
805 3469 848 3523 si
881 3482 988 3521 non
1008 3465 1394 3529 .credis,etiam
1426 3466 1704 3520 sinistram
1734 3466 2068 3536 imposuero.
2113 3467 2343 3530 Xerxes,
2374 3476 2517 3520 metu
2550 3479 2834 3537 concepto,
2869 3468 2921 3521 in
2961 3469 3207 3523 custodia
3244 3485 3368 3523 eum
3390 3471 3559 3540 jussit
3581 3475 3875 3530 asservari.

628 3557 881 3613 Narratio
908 3564 990 3611 est
1020 3554 1433 3625 Agatharchidae
1467 3554 1656 3621 Samii,
1690 3554 1827 3609 libro
1852 3554 2197 3611 Persicarmn
2225 3571 2407 3609 rerum
2441 3554 2706 3609 secundo.

1098 3642 1178 3695 lia:
1206 3642 1616 3710 Agatharchide,
1651 3643 1789 3709 apud
1822 3644 2059 3698 eumdem
2098 3642 2469 3709 Plutarchum,
2503 3642 2749 3712 Sympos.
2782 3643 2877 3698 lib.
2918 3659 3036 3707 vm,
3066 3656 3259 3713 quaest.
3296 3663 3372 3713 Ix,

700 3732 1145 3789 Circa'Rubrum
1193 3724 1322 3783 vero
1363 3743 1515 3784 mare
1551 3730 1782 3797 correpti
1838 3733 1922 3795 (ut
1959 3730 2395 3798 Agatharchides
2445 3737 2656 3801 narrat)
2698 3747 2822 3787 cum
2873 3732 2995 3785 aliis
3026 3733 3287 3790 inauditis
3332 3737 3705 3793 accidentibus
3749 3751 3880 3796 sunt

628 3822 833 3885 vexati,
880 3829 992 3873 tum
1033 3830 1240 3886 angues
1277 3815 1457 3885 exigui
1490 3816 1601 3868 nati
1632 3826 1775 3881 sunt,
1806 3817 1899 3885 qui
1928 3818 2161 3871 exsertis
2186 3819 2457 3889 capitibus
2480 3834 2641 3873 crura
2670 3829 2725 3873 et
2762 3820 2987 3875 brachia
3023 3824 3330 3890 perderent,
3370 3835 3421 3879 et
3477 3828 3605 3881 tacti
3658 3844 3875 3883 rursum

627 3923 851 3963 carnem
884 3905 1152 3968 subiient,
1190 3919 1254 3956 ac
1284 3919 1378 3971 per
1400 3904 1712 3957 musculosa
1741 3914 2040 3973 serpentes,
2068 3905 2556 3963 inllammatiunum
2581 3910 2686 3962 vim
2718 3909 3120 3965 intolerabilem
3148 3915 3483 3972 excitarent.
3510 3916 3676 3986 quue
3700 3920 3877 3973 morbi

624 4011 800 4067 genus
827 3995 980 4064 prius
1011 4000 1105 4046 aut
1134 3989 1408 4060 posterius
1444 3990 1569 4043 ullis
1597 3989 1722 4045 aliis
1753 3990 2035 4061 obtigisse,
2074 4007 2238 4047 nemo
2272 3991 2559 4061 comperit,
2594 4000 2651 4046 ut
2674 4002 2728 4047 et
2763 3994 2935 4047 multa
2969 3996 3098 4049 alia.

1312 4099 1484 4157 CCL].

1076 4212 1348 4268 Hierocles
1380 4213 1457 4267 De
1485 4213 1843 4271 Providentia.

690 4306 824 4376 Legi
871 4305 1138 4362 Hieroclis
1172 4306 1372 4360 librum
1417 4306 1500 4361 De
1533 4306 1893 4365 Providentia.
1939 4309 2194 4374 Cur,'in-

624 4397 768 4466 quit,
818 4395 933 4450 haec
977 4395 1072 4449 tibi
1110 4395 1347 4465 ,colligo,
1393 4396 1613 4463 quando
1659 4396 1921 4454 Platonici
1971 4402 2195 4471 quidam

632 4501 739 4540 non
773 4491 978 4538 rectam
1023 4483 1091 4537 de
1122 4484 1402 4537 conditore
1438 4482 1547 4537 Deo
1574 4486 1887 4554 Opinionem
1936 4491 2195 4545 tuentur?

624 4572 745 4626 Non
786 4570 933 4625 enim
987 4571 1121 4625 satis
1164 4586 1324 4640 posse
1379 4570 1545 4624 Deum
1606 4574 1879 4629 sustinere
1931 4582 2192 4632 mundum

622 4664 839 4734 propria
880 4663 1082 4717 vistute
1113 4670 1168 4716 et
1222 4663 1490 4732 sapientia
1525 4664 1595 4717 ab
1628 4674 1832 4720 aeterno
1878 4678 2193 4736 operantem

623 4765 902 4828 putarunt.
960 4756 1066 4810 Sed
1116 4756 1507 4824 cooperatione
1550 4758 1800 4827 ingenitae
1840 4762 2099 4825 materiae,
2142 4773 2196 4817 et

623 4855 818 4899 natura
872 4844 941 4898 ab
997 4861 1063 4900 eo
1118 4861 1225 4898 non
1287 4845 1649 4914 dependente,
1713 4857 1951 4903 utentem
2011 4853 2189 4906 solum

620 4952 807 4993 creare
838 4952 1022 5007 posse.
1064 4937 1341 5006 Siquidem
1375 4939 1558 4991 omnia
1597 4940 1747 5008 prius
1784 4941 1835 4994 in
1882 4942 2025 4997 dicta
2079 4959 2193 4997 ma-

620 5032 759 5085 teria
785 5031 963 5100 prima
992 5041 1119 5084 sunt
1149 5033 1411 5099 potentia,
1450 5047 1623 5101 eaque
1674 5032 1818 5087 Ileus
1859 5035 2004 5090 velut
2052 5037 2192 5091 deli-

618 5132 762 5184 neet,
825 5137 892 5176 ac
943 5122 1121 5176 solum
1174 5122 1421 5191 digerat,
1470 5134 1633 5193 atque
1684 5141 1751 5180 ex
1800 5125 1915 5195 ipsa
1967 5130 2191 5183 materia

615 5214 838 5277 educat,
866 5215 1018 5283 quod
1050 5230 1472 5284 supervacanea:
1495 5218 1677 5284 potius
1702 5227 1847 5272 esset
1867 5219 2187 5287 diligentiae,

616 5323 781 5376 quam
818 5308 1082 5371 bonitatis
1136 5309 1247 5363 Dei.
1281 5311 1555 5374 Quorsum
1594 5310 1738 5364 enim
1781 5328 1866 5375 ea,
1912 5328 2033 5381 quae
2079 5330 2184 5366 non

615 5399 883 5465 condidit,
915 5400 1165 5472 digerere
1195 5412 1444 5470 conatur,
1478 5418 1603 5458 cum
1647 5404 1872 5459 omnino
1908 5405 2047 5459 bona
2095 5423 2186 5461 or-

2228 4159 2275 4214 A

3006 4108 3177 4162 ΣΝΑθ.

2628 4218 2999 4287 Ἱεροκλέους
3022 4225 3054 4275 ὀ
3084 4223 3218 4290 περὶ
3247 4225 3556 4291 Προνοίας.

2372 4308 2417 4382 [1
2432 4308 2536 4363 ’580
2556 4311 2651 4384 R.]
2668 4312 3008 4385 Ἀνεγνώσθη
3029 4316 3354 4387 Ἱεροκλέους
3368 4320 3395 4370 ὁ
3414 4320 3543 4388 περὶ
3562 4322 3875 4387 Προνοίας.

2298 4403 2409 4455 Καὶ
2451 4403 2525 4468 τί,
2560 4406 2713 4476 φησὶ,
2748 4407 3036 4475 καταλέγω
3095 4425 3177 4461 σοι
3232 4408 3479 4474 τούτους,
3513 4413 3645 4464 ὅπου
3680 4430 3741 4480 γε
3779 4416 3877 4468 καὶ

2297 4494 2404 4545 τῶν
2425 4495 2785 4549 Πλατωνικῶν
2802 4515 2941 4561 τινες
2955 4501 3053 4551 οὐκ
3069 4499 3233 4570 ὀρθὴν
3249 4502 3347 4572 τὴν
3361 4503 3592 4571 περὶτοῦ
3610 4504 3803 4574 δημίου
3816 4524 3876 4574 ρ-

2298 4584 2397 4653 γοῦ
2430 4587 2561 4639 8εοῦ
2594 4588 2954 4652 διασώζουσιν
2980 4591 3225 4655 ἔννοιαν;
3267 4595 3327 4645 οὐ
3361 4594 3469 4663 γὰρ
3505 4595 3687 4649 ἱκανὸν
3713 4597 3875 4649 αὑτὸν

2299 4673 2442 4731 εἶναι
2486 4680 2748 4751 ᾠήθησαν
2797 4683 3101 4746 αὐτοτελῶς
3136 4685 3441 4753 ὑποστῆναι
3474 4687 3728 4741 δύνασθαι
3778 4690 3873 4742 κό-

2299 4786 2435 4839 σμον
2469 4771 2646 4842 οἰκείᾳ
2670 4772 2897 4842 δυνάμει
2928 4777 3019 4827 καὶ
3052 4777 3211 4846 σοςρίᾳ
3235 4777 3292 4841 ἐξ
3318 4778 3486 4830 ἀϊδίου
3512 4780 3867 4848 ἐνεργοῦντα,

2295 4860 2410 4913 ἀλλ’
2434 4862 2702 4934 ἀγενήτου
2720 4864 2765 4895 ⁵⁰
2798 4864 2930 4935 ὕλης
2958 4868 3216 4938 συνεργίᾳ
3238 4870 3333 4923 καὶ
3362 4874 3427 4942 τῇ
3460 4874 3531 4942 μὴ
3552 4876 3682 4944 παρ’
3705 4875 3872 4928 αὐτοῦ

2296 4952 2585 5026 ὑποστάσει
2624 4954 2783 5023 φύσει
2828 4958 3253 5028 καταχρώμενον
3298 4962 3473 5028 μόνως
3516 4963 3872 5035 δημιουργεῖν

2294 5042 2585 5107 δύνασθαι,
2619 5046 2837 5099 πάντων
2875 5048 2973 5116 μὲν
3005 5048 3232 5118 δυνάμει
3292 5057 3778 5124 προϋποκειμένων
3813 5060 3872 5109 ἐν

2295 5137 2362 5205 τῇ
2393 5135 2663 5207 λεγομένῃ
2702 5138 2824 5210 ὕλῃ,
2862 5141 3029 5192 αὑτοῦ
3076 5142 3133 5194 δὲ
3162 5145 3327 5195 οἱονεὶ
3357 5145 3871 5215 διαζο›γραφοῦντος

2294 5226 2434 5279 αὑτὰ
2464 5230 2558 5279 καὶ
2593 5232 2877 5292 τάττοντος
2912 5233 3070 5300 μόνον
3100 5234 3192 5285 καὶ
3225 5235 3596 5304 διακρίνοντος
3621 5241 3740 5307 ὲκε⁵¹
3774 5242 3869 5294 τοῦ

2295 5318 2480 5370 ὑλικοῦ
2542 5320 2853 5389 σχήματος’
2908 5322 2935 5373 ὃ
2998 5326 3300 5393 περιεργίαὶ
3329 5327 3528 5394 μᾶλλον
3574 5330 3639 5380 ἂν
3699 5331 3779 5400 εἴη
3833 5331 3866 5401 ἢ

2290 5409 2563 5481 ἀγαϐότης
2587 5414 2632 5443 ⁵⁸
2653 5412 2825 5479 ,Θεοῦ.
2848 5413 2911 5464 Τί
2941 5412 3048 5485 γὰρ
3070 5414 3133 5485 δὴ
3155 5416 3338 5486 μαθὼν
3361 5419 3406 5449 ³³
3433 5419 3466 5472 ἃ
3499 5420 3573 5490 μὴ
3591 5420 3866 5493 ὑπέστησε

1860 5578 2089 5634 VARI/li]
2161 5580 2562 5641 LECTIONES.

693 5743 741 5776 '°
765 5742 877 5797 ἀλλ’
906 5742 1193 5817 ἁγενήτου]
1216 5744 1350 5799 ἀλλὰ
1378 5744 1612 5816 ’ίενητῆς
1645 5745 1713 5798 Λ.

1784 5744 1833 5819 κ⁵¹
1879 5743 2059 5814 διακρ.
2097 5745 2256 5811 μόνον
2301 5746 2361 5800 ἐκ
2388 5765 2445 5811 ς.

2527 5752 2571 5781 ⁵³
2601 5749 2870 5821 ἅγαΟότης
2897 5753 2937 5805 Δ
2972 5773 2985 5809 :
3018 5754 3352 5828 ἀαίαοότητος
3382 5775 3441 5821 ς.
3518 5758 3561 5791 ⁸³
3584 5758 3769 5816 παοὼν
3801 5759 3862 5817 Β.
