4152 6460
292 403 362 466 ’Π
1420 403 1939 464 BIBLIOTHECA.
1963 404 2208 466 —-con.
2237 382 2424 466 ceu.
3476 407 3544 469 73

291 519 614 575 διατάττειν,
647 520 928 590 πειρᾶται,
969 519 1191 584 πάντως
1230 537 1334 574 που
1350 521 1451 590 τῆς
1491 520 1743 587 εὐταξίας
1781 522 1876 575 αὐ-

1978 521 2186 575 dinatio
2212 522 2263 575 in
2290 533 2484 575 natura
2515 534 2703 575 corum
2732 521 2972 590 ingenita
3004 521 3288 576 consistat.
3324 521 3382 576 Si
3409 522 3542 592 quid

292 614 407 676 τοῖς
433 611 493 664 ἐν
521 613 589 682 τῇ
612 610 882 682 ἀγενησία
912 612 1011 681 τῆς
1054 610 1264 665 ἑαυτῶν
1313 610 1531 682 φύσεως
1574 613 1869 682 κειμένης;

291 703 354 754 τὺ
371 702 486 773 γὰρ
525 703 810 772 ἀγενήτως
850 703 972 756 καθ’
1004 704 1163 756 ἑαυτὸ
1210 702 1503 772 ὐςίινεστὸςΜ
1532 704 1587 757 ετ
1613 722 1666 757 τι
1704 720 1874 775 προσ-

293 795 472 855 λάϐοι,
504 794 654 863 παρά
687 793 854 862 φύσιν
885 793 1256 865 προσλήψεται
1283 810 1298 825 ·
1339 795 1401 847 τὸ
1430 795 1488 848 δὲ
1525 795 1677 864 παρὰ
1707 795 1869 864 φύσιν

291 885 611 953 διατεθῆναι
673 888 844 941 κακὸν
913 886 989 957 τῷ
1033 889 1530 959 μετατρεπομένῳ’
1582 887 1723 940 ῶστε
1774 890 1874 941 οὐκ

291 979 496 1048 ἀγαθὸν
521 979 872 1051 τῇλεγομένῃ
904 979 1001 1050 ὕλῃ
1026 981 1086 1032 τὸ
1115 982 1458 1050 κοσμεῖσθαι,
1488 981 1646 1050 εἴπερ
1668 979 1870 1050 ἀγένη-

290 1090 379 1136 τος
401 1073 494 1139 εἴη
525 1073 599 1142 μὴ
631 1073 738 1124 ἀπὸ
762 1074 957 1142 χρόνου
991 1074 1177 1144 μόνον.
1209 1073 1347 1129 ἀλλά
1366 1075 1462 1128 καὶ
1484 1073 1591 1127 ἀπὸ
1607 1074 1653 1105 ⁵⁸
1677 1073 1870 1140 αἰτίου,

289 1161 412 1216 καθ’
464 1161 494 1214 ὃ
526 1162 928 1232 σημαινόμενον
973 1162 1072 1216 καὶ
1121 1162 1212 1216 τὸν
1259 1163 1394 1217 Θεὸν
1424 1164 1688 1234 ἀγένητον
1723 1163 1876 1230 λέγο-

294 1269 412 1325 μεν.
462 1252 603 1306 Ἀλλ’
644 1254 764 1306 οὐδὲ
795 1253 825 1305 ὀ
845 1255 975 1314 Θεὸς
1012 1255 1174 1319 αὐτὸς
1203 1256 1390 1309 κακῶν
1417 1256 1663 1320 ἀναίτιος
1697 1256 1874 1318 ἔσται,

289 1346 389 1418 τὴν
445 1346 624 1416 ἀρχὴν
669 1347 769 1415 τῆς
806 1346 1168 1417 δημιουργίας
1214 1347 1324 1403 ἀπό
1373 1366 1518 1413 τινος
1553 1349 1876 1412 κακοποιίας

292 1437 696 1507 ἐνστησάμενος
740 1435 818 1507 τῷ
878 1438 1030 1508 παρά
1106 1437 1269 1508 φύσιν
1305 1439 1601 1494 διατιθέναι
1644 1442 1744 1510 τὴν
1787 1442 1873 1493 ἐπ’

295 1529 414 1599 ίσης
445 1529 598 1599 αὐτῷ
635 1529 900 1598 ἀγένητον
924 1528 1114 1583 οὐσίαν
1143 1533 1457 1603 πειρᾶσθαι,
1484 1534 1576 1586 καὶ
1595 1534 1694 1604 τὴν
1718 1533 1872 1587 ἁδελ-

294 1620 420 1689 φὴν,
437 1620 509 1690 ἣν
530 1619 595 1672 τὸ
615 1620 923 1690 αὐτόματον
945 1619 1094 1691 αὑτῷ
1108 1625 1463 1694 συνήγαγεδθ,
1479 1625 1554 1696 μὴ
1573 1627 1668 1697 ὲᾷν
1687 1631 1872 1696 μένειν

294 1713 383 1764 ἐπὶ
415 1711 521 1781 τῆς
549 1712 813 1782 ἀγενήτου
859 1714 1090 1780 τάξεως.
1130 1716 1272 1786 Πρὸς
1309 1716 1388 1788 τῷ
1421 1718 1553 1788 μηδὲ
1576 1720 1621 1751 ⁸⁷
1651 1719 1873 1776 δυνατὸν

293 1797 432 1858 εἶναι
481 1804 874 1874 κατισχῦσαι³³
921 1808 1249 1878 πράγματος
1294 1809 1556 1881 ἰσοτίμως
1607 1813 1872 1884 ἀγενήτου

296 1895 676 1965 τυγχάνοντος,
722 1897 833 1950 εἴτε
879 1897 938 1964 ἐξ
973 1899 1147 1952 ἀϊδίου
1181 1902 1451 1956 ποιεῖσθαι
1487 1903 1585 1974 τὴν
1616 1905 1870 1976 τοιαύτην

301 1989 675 2058 ἐπικράτειαν,
702 1989 813 2042 εἴτε
838 1990 946 2043 ἀπὸ
965 1993 1160 2062 χρόνου
1188 1995 1520 2068 ἐπιχειροίη.
1536 1997 1647 2049 Καὶ
1671 1998 1869 2067 μᾶλλον

304 2081 367 2134 ἂν
407 2083 491 2152 εἴη
525 2084 626 2154 τῆς
671 2082 934 2154 ἀληθείας
976 2086 1295 2154 ἀφεστὸς⁸⁹,
1340 2090 1389 2141 εί
1432 2089 1569 2158 πρὸς
1593 2089 1670 2160 τῷ
1704 2090 1872 2143 ἐνδεεῖ

301 2175 397 2242 τῆς
431 2175 625 2244 ὑλικῆς
673 2177 958 2246 ἐνεργείας
1001 2177 1098 2230 καὶ
1141 2178 1250 2231 ἀπὸ
1271 2180 1316 2211 ⁸ο
1356 2181 1550 2250 χρόνου
1592 2183 1736 2245 τινὸς
1776 2200 1870 2234 κο-

311 2267 459 2333 σμεῖν
478 2265 700 2335 ἤρξατο,
724 2267 861 2336 ὅπερ
889 2267 990 2319 οὐκ
1034 2268 1099 2338 ἐᾷ
1131 2268 1314 2338 μένειν
1335 2270 1500 2323 αὑτὸν
1523 2272 1582 2324 ἐν
1609 2271 1688 2342 τῷ
1706 2272 1869 2325 αὑτοῦ

316 2355 451 2426 ηθει.
471 2355 620 2428 [1⁵581
647 2356 751 2429 R.]
786 2359 847 2410 Εἰ
873 2359 982 2430 γὰρ
1013 2358 1238 2428 ἄμεινον
1272 2359 1348 2431 μὴ
1378 2364 1574 2428 ποιεῖν,
1617 2361 1745 2434 [750
1776 2362 1868 2435 ιι]

326 2446 436 2509 πῶς
452 2449 530 2512 είς
559 2449 611 2501 τὺ
635 2453 814 2503 ποιεῖν
854 2450 1273 2522 μεταϐέϐηκεν;
1319 2454 1368 2506 εί
1413 2453 1471 2507 δὲ
1504 2452 1565 2507 τὸ
1595 2457 1790 2521 ποιεῖν,
1821 2457 1874 2509 τί

326 2540 400 2610 μὴ
431 2541 490 2605 ἐξ
521 2541 682 2594 ἀϊδίου
743 2543 1036 2612 ἔπραττεν,
1084 2546 1244 2614 εῑγ’⁶¹
1265 2545 1557 2616 ἀδιάφορον
1590 2549 1741 2618 αὺτῷ
1781 2552 1876 2602 καὶ

315 2634 374 2685 τό
391 2632 448 2700 ἐξ
465 2635 631 2689 ἀϊδίου
661 2636 886 2706 ποιῆσαι
910 2637 1082 2708 ἐφάνη
1103 2655 1118 2704 ;
1147 2639 1196 2692 εί
1225 2637 1302 2709 μὴ
1321 2639 1429 2710 ἄρα
1447 2637 1663 2708 φύσεως
1691 2640 1872 2706 αὐτὸν,

311 2725 447 2778 εἴποι
463 2726 687 2791 τις,ἀνά
714 2727 883 2800 μέρος
903 2732 1077 2783 ποιεῖν
1091 2747 1153 2784 τε
1176 2730 1272 2784 καὶ
1286 2730 1528 2802 φθείρειν
1551 2731 1873 2802 δυναμένης,

308 2816 499 2870 αἰώνια
565 2818 625 2872 δὲ
687 2819 1044 2891 δημιουργεῖν
1103 2821 1461 2891 ἀσθενούσης,
1514 2822 1650 2876 διότι
1693 2825 1727 2894 ἠ
1777 2826 1879 2896 τῆς

307 2908 437 2980 ὕλης
460 2911 653 2975 κακία,
749 2913 1121 2985 προσχρῆται,
1149 2913 1248 2985 τὴν
1269 2914 1521 2969 ἐπίθετον
1551 2915 1642 2969 καὶ
1664 2916 1879 2969 ἐπεισο-

303 3001 464 3074 διώδη
487 3003 642 3068 τάξιν
683 3005 1023 3070 ἀποσείεται,
1065 3005 1311 3076 συνεχῶς
1353 3007 1433 3070 είς
1468 3007 1568 3076 τὴν
1613 3007 1880 3078 ἀγένητον

303 3095 474 3164 αὐτῆς
497 3095 542 3127 ⁵³
581 3094 690 3168 (ὡς
715 3095 783 3150 ἂν
814 3097 1059 3168 εῐποιμι)
1091 3098 1316 3163 ἀταξίαν
1355 3098 1747 3168 ἀνατρέχουσα,
1787 3097 1883 3152 καὶ

310 3183 488 3248 οὕτως
514 3185 622 3238 ἀνὰ
650 3187 815 3258 μέρος
837 3189 950 3250 τοῖς
979 3188 1192 3258 χρόνοις
1235 3188 1440 3259 κόσμον
1475 3188 1570 3241 καὶ
1611 3187 1881 3257 ἀκοσμίαν

301 3275 652 3346 ἐπικρατεῖν,
685 3278 719 3347 ἢ
760 3278 1164 3350 (ἀληθέστερον
1199 3279 1426 3350 ειπεῖν)
1461 3280 1549 3332 ἀεὶ
1589 3279 1878 3348 ἀκοσμίαν,

299 3368 426 3421 ἐπεὶ
452 3369 549 3421 καὶ
584 3369 620 3440 ἡ
667 3371 960 3439 κόσμησις,
1016 3372 1170 3442 παρά
1219 3371 1384 3441 φύσιν
1440 3367 1576 3425 οὖσα
1614 3371 1875 3438 διάθεσις,

297 3459 545 3531 ἀκοσμία
572 3461 652 3531 τῷ
687 3461 864 3534 ὀρθῶς
893 3462 1230 3535 λογιζομένῳ
1252 3464 1581 3534 φανήσεται.

373 3595 500 3650 Ὅτι
540 3595 855 3666 σύμφωνοι
890 3598 962 3650 ἐν
983 3596 1110 3663 τοῖς
1136 3598 1396 3666 δόγμασι
1428 3599 1682 3652 Πλάτων
1711 3596 1813 3650 καί

486 3728 491 3734 1
890 3667 1318 3736 Ἀριστοτέλης.

378 3778 505 3832 Ὄτι
561 3779 749 3834 πολλοὶ
794 3779 903 3834 τῶν
953 3780 1064 3834 ἀπὸ
1112 3779 1398 3842 Πλάτωνος
1433 3781 1529 3834 καὶ
1564 3779 1672 3834 τῶν
1699 3781 1807 3833 ἀπὸ
1835 3780 1882 3811 ⁸³

317 3872 726 3942 Ἀριστοτέλους
756 3871 1074 3942 συγκρούειν
1103 3872 1150 3904 ⁸⁸
1174 3872 1424 3942 ἀλλήλοις
1453 3872 1582 3936 τοὺς
1615 3872 1768 3940 σφῶν
1805 3873 1884 3926 δι-

302 3964 615 4029 δασκάλους
642 3965 783 4020 κατά
826 3965 894 4019 τὰ
938 3965 1151 4036 καίρια,
1182 3967 1315 4034 φησὶ
1345 3966 1412 4031 ⁸⁵,
1444 3966 1554 4019 τῶν
1595 3967 1880 4036 δογμάτων

307 4056 549 4127 σπουδὴν
601 4056 698 4110 καὶ
743 4055 974 4127 μελέτην
1020 4057 1423 4127 εἰσενηνοχότες
1469 4056 1631 4128 μέχρι
1688 4057 1879 4110 τούτου

307 4145 646 4213 φιλονεικίας
667 4147 762 4198 καὶ
785 4146 991 4217 τόλμης
1020 4146 1247 4218 ήλασαν,
1271 4147 1346 4210 ὡς
1375 4148 1470 4201 καὶ
1499 4150 1567 4201 τὰ
1597 4149 1880 4219 συγγράμ-

311 4252 462 4304 ματα
491 4236 600 4290 τῶν
627 4237 843 4290 οἰκείων
883 4237 1135 4292 νοθεῦσαι
1175 4237 1512 4292 διδασκάλων
1547 4241 1628 4302 εἰς
1665 4240 1726 4291 τὸ
1755 4239 1884 4309 μᾶ).-

308 4327 403 4379 λον
435 4323 701 4391 ἐπιδεῖξαι
725 4329 853 4392 τοὺς
879 4327 1078 4400 ἄνδρας
1097 4329 1346 4399 ἀλλήλοις
1372 4330 1733 4400 μαχομένους.
1770 4330 1881 4383 Καὶ

307 4416 549 4486 διέμεινε
580 4416 625 4448 ⁸⁸
664 4416 821 4470 τοῦτο
855 4417 916 4470 τὸ
963 4418 1135 4482 πάθος
1182 4421 1301 4480 ταῖς
1337 4419 1647 4488 φιλοσόφοις
1673 4418 1881 4489 διατρι-

311 4508 434 4572 6αῖς
477 4509 755 4578 ὲνσκῆψαν
783 4510 889 4572 ἕως
923 4509 1231 4580 Ἀμμωνίου
1277 4510 1373 4564 τοῦ
1416 4509 1805 4580 Ἀλεξανδρέως
1833 4511 1877 4542 ⁸⁷

1973 613 2118 668 enim
2165 614 2406 680 ingenito
2455 628 2518 668 ac
2557 628 2652 683 per
2677 628 2739 668 se
2774 613 3097 668 subsistcnti
3127 614 3377 680 addatur,
3406 629 3543 684 pra:-

1979 716 2064 761 ter
2119 713 2374 759 naturam
2429 706 2540 760 fiet.
2593 704 2752 772 Quod
2796 717 2982 761 autem
3042 716 3240 776 praeter
3292 716 3545 761 naturam

1975 797 2225 862 efficitur,
2268 799 2534 853 vitiatur:
2573 814 2742 870 quare
2783 801 2991 856 dictam
3043 800 3322 863 materiam
3359 802 3546 855 ornari

1978 887 2202 942 minime
2255 889 2485 955 bonum,
2517 889 2785 959 siquidem
2828 905 2944 945 non
2979 890 3156 946 solum
3192 889 3244 944 in
3277 901 3543 961 tempore,

1976 981 2073 1038 sed
2104 991 2159 1037 et
2212 981 2419 1052 absque
2465 997 2632 1038 causa
2680 984 2918 1053 ingenita
2962 984 3214 1054 sitzqua
3267 983 3544 1055 significa-

1977 1077 2125 1129 tione
2147 1083 2200 1128 et
2227 1073 2400 1128 Deum
2434 1074 2738 1144 ingenitum
2764 1075 3025 1130 dicimus.
3053 1074 3159 1130 Sed
3192 1092 3368 1146 neque
3398 1075 3544 1130 Deus

1975 1167 2175 1239 461a
2228 1166 2344 1237 ipse
2400 1166 2658 1222 innoxius
2706 1169 2844 1232 erit,
2898 1167 3114 1222 initium
3169 1169 3466 1223 creationis
3516 1185 3547 1223 a

1979 1261 2217 1327 quodam
2254 1259 2521 1314 maleficio
2554 1259 2842 1324 inchoatis,
2878 1261 3021 1330 quod
3058 1269 3259 1330 praeter
3288 1269 3545 1316 naturam

1977 1352 2188 1406 allicere
2218 1351 2482 1421 aequalem
2524 1351 2625 1406 sibi
2664 1353 2958 1423 ingenitam
2990 1353 3352 1408 substantiam
3380 1367 3550 1408 cone-

1977 1454 2066 1498 tur
2101 1462 2114 1498 :
2153 1453 2208 1498 et
2231 1460 2498 1510 sororem,
2551 1460 2715 1514 quam
2766 1453 3068 1515 spontanca
3124 1445 3399 1500 voluntate
3444 1446 3549 1501 sibi

1978 1535 2287 1605 conjunxit,
2326 1550 2434 1589 non
2465 1535 2609 1590 sinat
2635 1550 2955 1604 permanere
2980 1535 3033 1588 in
3065 1535 3257 1589 ordine
3285 1534 3547 1603 ingenito.

1980 1625 2128 1695 quod
2162 1639 2268 1678 non
2302 1625 2473 1694 possit
2513 1639 2599 1678 res
2627 1640 2784 1694 atque
2817 1623 3060 1694 ingenita
3093 1623 3383 1678 contineri.
3422 1622 3551 1678 Sive

1977 1719 2046 1773 ab
2075 1729 2278 1773 mterno
2308 1719 2447 1772 hanc
2475 1719 2578 1774 sibi
2614 1718 2937 1788 potentiam,
2970 1718 3084 1772 sive
3109 1718 3165 1772 in
3199 1727 3439 1787 tempore
3467 1717 3551 1771 fa-

1981 1827 2104 1865 cere
2131 1811 2380 1880 coeperit,
2413 1819 2467 1865 et
2494 1813 2677 1881 potius
2725 1826 2754 1864 a
2786 1812 3016 1865 veritate
3066 1809 3363 1872 recederet,
3398 1809 3445 1865 si
3479 1811 3550 1864 ob

1905 1880 1948 1934 Β
1980 1901 2334 1967 indigentiam
2367 1880 2668 1956 materiatae
2700 1901 3052 1971 operationis,
3077 1911 3133 1956 et
3157 1900 3388 1968 alicujus
3412 1911 3550 1974 tem-

1974 1995 2124 2064 poris
2175 2010 2373 2050 ornare
2425 1995 2706 2064 cmpisset,
2740 2010 2840 2048 nec
2875 2009 3098 2048 manere
3152 1993 3299 2047 illam
3353 1994 3407 2047 in
3442 2008 3545 2048 suo

1973 2095 2114 2140 statu
2164 2085 2525 2154 permisisset.
2581 2082 2637 2138 Si
2673 2085 2818 2138 enim
2868 2083 3217 2154 praestantius
3270 2094 3389 2138 erat
3437 2099 3547 2138 non

1978 2179 2193 2241 fecisse,
2223 2192 2393 2246 quare
2415 2191 2545 2246 ergo
2571 2175 2753 2231 facere
2808 2175 3052 2244 incepit?
3100 2174 3146 2229 si
3177 2189 3313 2229 vero
3345 2174 3546 2229 fecisse

1975 2271 2170 2324 melius
2204 2278 2344 2333 erat,
2387 2285 2486 2323 cur
2519 2284 2625 2322 non
2662 2269 2731 2322 ab
2762 2277 2967 2323 aeterno
3011 2267 3174 2321 fecit?
3207 2267 3252 2321 si
3290 2281 3416 2321 vero
3463 2267 3549 2319 in-

1977 2363 2234 2418 differens
2257 2363 2308 2417 ei
2337 2363 2405 2417 ab
2435 2373 2639 2417 aeterno
2662 2361 2843 2416 facere
2874 2361 2999 2431 (nisi
3031 2359 3174 2414 forte
3200 2359 3324 2428 quis
3352 2359 3528 2414 dixeri

1977 2467 2173 2510 natura
2222 2471 2320 2510 sua
2369 2469 2494 2509 eum
2545 2453 2855 2522 singulatim
2926 2452 3110 2505 facere
3163 2461 3218 2504 et
3263 2451 3552 2504 destruere

1975 2561 2160 2616 posse,
2218 2553 2420 2600 aeterna
2475 2549 2657 2595 autem
2706 2539 2887 2593 facere
2938 2553 3044 2592 non
3102 2535 3328 2606 posse):
3382 2549 3553 2604 quare

1979 2638 2227 2693 materia:
2273 2634 2614 2706 improbitas,
2644 2648 2753 2702 qua
2794 2631 2990 2696 utitur,
3019 2629 3334 2700 impositum
3366 2637 3421 2684 et
3460 2643 3556 2683 su-

1978 2729 2251 2801 perfluum
2303 2725 2550 2781 ordinem
2598 2723 2778 2794 rejicit
2820 2721 3104 2784 continuo,
3155 2720 3208 2774 in
3257 2707 3592 2789 ingenitam.

1982 2823 2092 2878 illis
2144 2820 2225 2892 (ut
2269 2819 2342 2873 ita
2374 2815 2627 2886 dixerim)
2685 2815 3148 2869 inordinationem
3182 2812 3464 2868 declinans
3497 2821 3558 2867 ut

1984 2929 2080 2984 per
2107 2921 2289 2983 partes
2319 2910 2428 2964 alio
2457 2916 2624 2978 atque
2651 2907 2760 2962 alio
2787 2916 3034 2975 tempore
3062 2903 3410 2974 pulchritudo
3462 2913 3560 2957 aut

1984 3004 2305 3060 deformitas
2340 3009 2563 3070 superet
2589 3018 2602 3055 :
2632 3009 2750 3066 aut,
2807 3007 2864 3052 ut
2897 2998 3078 3052 verius
3106 2996 3311 3061 dicam,
3340 3009 3557 3065 semper

1985 3099 2171 3154 vincat
2212 3094 2550 3157 deformitas,
2585 3090 3032 3162 quandoquidem
3085 3088 3316 3144 materia
3358 3099 3559 3157 prmter

1987 3200 2238 3245 naturam
2285 3196 2515 3251 ornata,
2570 3185 2707 3238 bene
2755 3179 3108 3237 ratiocinanti
3167 3177 3432 3234 deformis
3474 3178 3557 3231 vi-

1983 3283 2197 3338 deatur.

2160 3586 2317 3641 Plato
2338 3596 2386 3640 ει
2411 3584 2722 3639 Aristoteles
2747 3584 2994 3637 doctrina
3037 3582 3381 3637 concordant.

2057 3757 2203 3813 Multi
2222 3755 2485 3812 Platonici
2500 3767 2555 3810 et
2569 3753 2878 3810 Aristotelei
2897 3767 3028 3808 suos
3045 3754 3183 3808 inter
3194 3767 3252 3809 se
3270 3763 3562 3824 praecepto-

1985 3867 2072 3906 res
2101 3850 2396 3920 aliquando
2428 3849 2760 3904 contendere
2794 3847 3148 3916 impulerunt,
3183 3846 3348 3901 allato
3380 3861 3410 3900 a
3448 3847 3560 3902 sin-

1983 3941 2124 4012 gulis
2150 3939 2465 3995 inmedium
2495 3939 2626 4008 quid
2667 3939 2863 4008 cuique
2886 3937 3146 3992 meditato
3179 3937 3475 4001 videretur,
3503 3947 3559 3991 et

1983 4048 2225 4102 eousque
2251 4031 2494 4087 audacia:
2511 4038 2565 4086 et
2587 4030 2956 4086 contentionis
2993 4040 3398 4100 processerunt,
3426 4037 3487 4082 ut
3505 4037 3562 4083 et

1983 4123 2183 4192 scripta
2217 4131 2613 4193 praeceptorum
2646 4135 2868 4175 suorum
2894 4119 3272 4188 depravarent,
3297 4133 3406 4187 quo
3437 4133 3557 4172 ma-

1984 4214 2066 4284 gis
2098 4213 2243 4267 viros
2296 4216 2435 4267 inter
2463 4227 2522 4267 se
2555 4220 2865 4282 pugnantes
2910 4208 3253 4263 exhiberem.
3291 4208 3471 4275 Atque
3495 4223 3560 4261 ea

1983 4305 2321 4376 perturbatio
2385 4305 2662 4359 erdnravit
2714 4299 3108 4384 pbilosophicis
3151 4297 3564 4354 exercitationi-

1983 4398 2086 4452 bus
2144 4398 2352 4467 illapsa,
2395 4411 2565 4465 usque
2618 4395 2685 4448 ad
2741 4392 2986 4447 divinum
3042 4390 3415 4445 Ammonium.
3463 4389 3565 4444 Hic

1982 4491 2128 4544 enim
2183 4491 2392 4560 primus
2441 4497 2576 4542 aestu
2607 4486 2844 4555 quodam
2872 4493 3058 4553 raptus
3111 4483 3178 4537 ad
3203 4481 3565 4552 philosophia:

309 4571 820 4655 @0570505t5ti-x100.
870 4571 1044 4665 Οὗτος
1091 4602 1198 4672 γὰρ
1259 4601 1476 4672 πρῶτος
1527 4571 1876 4666 ἐνθουσιάσας

1984 4585 2265 4637 veritatem
2323 4581 2728 4648 multorumque
2790 4575 3101 4646 opiniones,
3153 4575 3246 4645 qui
3280 4590 3564 4647 magnum-

310 4693 450 4762 πρὸς
482 4693 547 4746 τὸ
579 4693 678 4764 τῆς
719 4694 1036 4764 φιλοσοφίας
1066 4695 1338 4766 ἀληθινὸν,
1375 4695 1590 4759 καὶτὰς
1621 4694 1729 4748 τῶν
1749 4694 1880 4748 πολ-

311 4782 419 4835 λῶν
434 4782 594 4850 δόξας
621 4784 888 4854 ὑπεριδὼν
908 4787 1004 4848 τὰς
1020 4786 1217 4851 δνειδος
1235 4787 1280 4818 ⁸⁸
1305 4786 1592 4856 φιλοσοφία
1624 4803 1884 4857 προστρι-

312 4874 570 4942 δομένας,
603 4870 710 4930 είδε
738 4877 918 4941 καλῶς
946 4877 1016 4931 τέι
1061 4877 1324 4948 ἐκατέρου
1352 4878 1447 4931 καὶ
1473 4878 1780 4948 συνήγαγεν
1803 4880 1883 4941 είς

311 4966 409 5020 ἕνα
444 4967 542 5021 καὶ
589 4967 682 5021 τὸν
713 4969 874 5023 αὑτὸν
907 4967 1052 5033 νοῦν,
1082 4971 1176 5022 καὶ
1220 4970 1580 5024 ἀστασίαστον
1610 4972 1707 5040 τὴν
1737 4971 1884 5039 φιλο-

314 5057 508 5125 σοςρίαν
545 5057 894 5129 παραδέδωκε
925 5061 1058 5112 πᾶσι
1093 5062 1204 5124 τοῖς
1228 5059 1393 5113 αὐτοῦ
1422 5059 1736 5129 γνωρίμοις,
1773 5061 1879 5128 μά-

313 5150 466 5206 λιστα
486 5152 544 5204 δὲ
567 5154 679 5222 τοῖς
703 5153 943 5224 ἀρίστοις
967 5153 1075 5206 τῶν
1105 5153 1255 5223 αὐτῷ
1276 5151 1702 5221 συγγεγονότων,
1727 5152 1880 5205 Πλω-

315 5244 442 5316 τίνῳ
469 5245 564 5298 καὶ
606 5245 871 5317 Ὠριγένει
902 5246 994 5300 καὶ
1025 5249 1138 5309 τοῖς
1181 5245 1308 5316 έξῆς
1340 5246 1448 5298 ἀπὺ
1476 5245 1703 5298 τούτων.

1990 4673 2227 4728 dedecus
2254 4669 2611 4742 philosophiae.
2643 4668 2925 4731 afferrent,
2954 4676 3333 4729 contemnens,
3363 4675 3548 4720 utram

1989 4781 2097 4837 que
2126 4773 2328 4820 sectam
2355 4763 2521 4832 probe
2542 4761 2750 4826 calluit,
2783 4760 2910 4814 etin
2934 4757 3283 4816 concordiam
3313 4758 3562 4821 adduxit,

1990 4867 2095 4913 eta
2133 4854 2576 4912 contentionibus
2625 4853 2848 4907 liberam
2884 4850 3289 4922 philosophiam
3339 4850 3562 4904 tradidit

1993 4951 2246 5004 omnibus
2295 4946 2410 5002 suis
2441 4944 2802 5009 auditoribus,
2851 4953 2906 4998 et
2952 4943 3190 4998 maxime
3225 4943 3563 4998 doctissimis

1990 5041 2292 5111 aequalibus
2341 5039 2457 5094 suis
2507 5037 2744 5102 Plotino,
2777 5044 2832 5092 et
2876 5035 3118 5106 Origeni,
3171 5046 3226 5090 et
3271 5049 3558 5098 successo-

1988 5136 2161 5189 ribus.

1578 5442 1817 5499 VAliI/E
1843 5438 2246 5496 LECTIONES.

379 5608 426 5643 ⁵⁸
456 5607 704 5680 ὑφεστὼς
731 5625 792 5672 ς’.
865 5611 912 5642 ⁸³
943 5611 1038 5664 καὶ
1068 5609 1176 5663 ἀπό
1214 5610 1254 5664 Β
1286 5628 1299 5664 :
1329 5609 1423 5663 καὶ
1450 5609 1511 5662 τὸ
1540 5594 1648 5660 ἀπό
1678 5625 1764 5680 ς.-
1817 5605 1864 5637 ⁸⁸
1897 5605 2203 5680 συνῄγαγεν
2228 5610 2379 5680 αὐτῷ
2411 5609 2471 5662 Β.
2548 5608 2593 5680 ⁵7
2630 5607 2762 5680 μηδέ
2905 5609 2988 5680 ,μή
3025 5624 3092 5680 cy.
3150 5605 3197 5638 ⁸⁸
3221 5602 3557 5680 ⁸κατισχῦσαι

322 5677 398 5764 Δ)
426 5676 1267 5764 κατισχήσαιηνει.κατασχῆσαι
1321 5698 1382 5744 ς.
1560 5676 1911 5764 ἀφεστῶςλς.
1955 5676 2033 5764 ﬂ”
2061 5676 2169 5727 ἀπὸ
2231 5676 2362 5764 add.
2399 5681 2466 5764 fi.
2541 5678 2584 5710 ⁸⁸
2618 5676 2742 5748 εἴγ’]

323 5749 504 5814 αὐτοῖς
541 5746 624 5815 ς-ζ’
649 5746 713 5781 ’⁸³
738 5749 842 5802 τῶν
881 5750 990 5803 ἀπὸ
1037 5746 1171 5805 ante
1206 5749 1613 5820 Ἀριστοτέλους
1649 5748 1774 5803 add.
1814 5747 1878 5800 Λ.
1955 5746 2000 5779 ⁸⁸
2030 5749 2357 5818 συγκρούειν
2385 5751 2432 5804 Α
2461 5767 2476 5805 ε
2511 5746 2831 5817 συγκροτεῖν
2865 5765 2922 5812 ς.

323 5817 555 5884 διέμεινε
586 5822 643 5875 δέ
677 5819 715 5871 Β
751 5837 763 5873 :
794 5824 835 5873 A
864 5837 972 5876 om.
1005 5821 1351 5884 particulam.
1452 5819 1495 5850 ⁸⁷
1525 5817 1620 5871 τοῦ
1666 5817 2060 5884 Ἀλεξανδρέως
2093 5816 2219 5874 add.
2255 5821 2325 5875 A.
2423 5820 2467 5853 ⁸⁸
2498 5821 2597 5881 τὰς
2628 5819 2874 5870 πλεῖστον
2896 5819 2922 5871 ὅ

1536 5835 1620 5871 του
1670 5835 2060 5888 ΛΑεςανορεως
2093 5835 2219 5874 εισιιι.
2255 5835 2325 5875 Λ.

323 5817 555 5890 διέμεινε
586 5822 643 5875 δὲ
677 5819 715 5871 Β
751 5837 763 5873 :
794 5824 835 5873 A
864 5837 972 5876 om.
1005 5817 1351 5891 particulam.

1988 5675 2033 5749 ἕο
2061 5675 2169 5727 ἀπὸ
2231 5675 2362 5735 add:
2402 5681 2466 5733 Α.
2541 5678 2584 5710 ⁸⁸
2618 5675 2742 5748 εἴγ’]
2799 5675 2927 5731 libri
2967 5675 3114 5749 siti".
3193 5675 3432 5749 {fabri};
3474 5676 3557 5749 A‘:

3001 5747 3046 5778 ⁵⁸
3079 5745 3213 5814 φασί
3240 5746 3306 5799 Α.
3383 5745 3428 5776 ⁸⁸
3462 5744 3559 5799 καὶ

2423 5820 2467 5853 ⁸⁸
2498 5821 2597 5881 τὰς
2628 5819 2874 5870 πλεῖστον
2896 5817 3094 5881 ὄνειδος
3121 5833 3180 5880 ς.
