4036 6318
601 326 673 390 79
1755 318 2010 384 ΡΗΟΤῘΙ
2045 321 2191 382 ΡΑΤ

2295 321 2546 382 λΒΟΗιΕ
2586 321 2694 382 CP.
3769 322 3845 383 90

667 438 864 512 ἀθιὺ
881 438 970 494 Ait
1002 438 1298 494 secundum
1318 437 1591 494 Platonem
1609 436 1755 493 solos
1773 438 2053 491 hominum
2066 435 2180 490 ani-

2352 437 2474 490 Ὅτι
2517 433 2780 489 Πλάτωνά
2807 434 2852 466 ⁶⁹
2884 451 3017 505 φησι
3041 432 3146 498 τὰς
3172 434 3516 506 ἀνθρωπίνας
3544 435 3710 504 μόνας
3737 437 3844 504 ψυ-

600 548 721 587 mos
741 533 792 586 in
819 547 1018 602 corpus
1039 532 1448 602 trausmigrare,
1475 540 1529 584 et
1552 531 1674 584 illos
1705 545 1809 583 non
1831 529 2172 598 simpliciter,

600 626 692 679 sed
712 640 776 679 ex
801 622 1258 680 solishominibus
1277 623 1329 675 iu
1347 621 1596 676 homines
1628 639 1641 674 :
1673 635 1737 675 ex
1758 621 1933 674 brutis
1960 635 2088 674 vero
2119 620 2174 674 in

603 713 850 768 homines
879 712 1279 774 transitionem,
1323 711 1404 764 vel
1443 712 1496 764 in
1543 710 1702 764 bruta
1737 726 1799 766 ex
1833 709 2173 776 hominibus,

603 821 944 875 nequaquam
982 804 1134 858 illum
1163 805 1239 857 ait
1267 804 1470 858 dicere.

674 897 828 952 Plato
877 897 1124 967 opiﬁcem
1181 897 1345 949 Deum
1399 895 1613 948 censuit
1659 894 1929 949 sustinere
1957 909 2175 950 omnem

603 988 988 1058 aspectabilem
1049 995 1106 1040 et
1159 986 1596 1054 inaspectabilem
1672 987 1970 1048 mundum,
2030 989 2178 1041 nulla

605 1079 753 1145 prius
779 1077 1072 1131 exsisteute
1099 1077 1323 1130 materia
1345 1077 1687 1146 productum.
1731 1079 1988 1135 Suilicere
2028 1083 2173 1136 enim

611 1169 719 1223 illis
736 1171 1068 1224 voluntatem
1093 1170 1158 1222 ad
1179 1170 1558 1224 sustinendum
1583 1172 1919 1228 universum.
1954 1173 2028 1228 Ex
2061 1191 2182 1229 cor-

612 1278 775 1331 porca
816 1277 950 1316 vero
997 1271 1188 1314 natura
1221 1261 1555 1328 incorporea;
1581 1264 1893 1332 conjuncta,
1918 1267 2179 1320 mundum

610 1353 1062 1425 perfectissimum
1114 1354 1300 1420 statui,
1335 1353 1604 1425 duplicem
1660 1357 1822 1411 simul
1870 1368 1924 1412 et
1955 1375 2121 1412 unum
2163 1376 2178 1412 :

611 1449 664 1500 in
723 1462 832 1515 quo
879 1461 1092 1500 summa
1142 1461 1264 1500 esse
1320 1448 1496 1506 media
1552 1457 1608 1502 et
1676 1450 1858 1502 intima
1896 1467 1908 1502 :
1949 1466 2180 1518 quormn

611 1540 780 1606 prima
817 1538 1036 1606 quidem
1070 1537 1313 1592 cmlestia
1347 1549 1526 1600 vocat,
1559 1549 1614 1592 et
1643 1539 1774 1594 deos
1802 1558 1814 1594 :
1853 1541 2028 1594 media
2057 1557 2186 1594 vero

612 1630 822 1684 ratione
855 1630 1102 1698 praedita,
1129 1630 1297 1693 aeria,
1326 1630 1603 1684 daemones
1637 1630 1832 1692 bonos,
1863 1631 2186 1699 interpretes

606 1730 660 1774 et
693 1721 911 1775 nuntios
957 1735 1145 1774 eorum
1194 1736 1315 1789 quae.
1372 1720 1688 1776 hominibus
1717 1721 2043 1776 conducunt.
2096 1720 2180 1775 lu-

2275 527 2378 598 χάς
2444 525 3024 597 μετενσωματοῦσθαι,
3090 527 3184 580 καὶ
3231 527 3436 591 ταύτας
3493 528 3592 598 οὐχ
3637 529 3844 592 ἁπλῶς,

2277 621 2335 686 ἐξ
2365 619 2668 690 ἀνθρώπων
2696 620 2754 672 δὲ
2789 619 2948 688 μόνον
2977 619 3023 651 τ’
3048 620 3128 680 είς
3155 620 3252 673 ἀνθ
3262 618 3494 690 ρώπους.
3531 620 3621 686 Ἐξ
3639 622 3851 688 ἀλόγων

2277 713 2331 765 δὲ
2357 713 2509 776 ζώων
2535 713 2612 775 εἰς
2640 711 2961 782 ἀνθρώπους
2987 711 3288 783 μετάϐασιν
3311 712 3343 782 ἢ
3371 715 3452 777 εἰς
3479 711 3650 781 ἄλογα
3675 711 3735 777 ἐξ
3755 713 3854 766 ἀν·-

2279 804 2512 876 Θρώπων
2541 805 2790 874 οὐδαμῶς
2822 806 2987 858 αὐτόν
3021 822 3155 876 φησι
3182 804 3444 871 δοξάζειν.

2353 899 2472 950 Ὀτι
2497 897 2830 968 δημιουργὸν
2859 898 3012 961 Θεὸν,
3041 898 3196 970 φησὶ,
3229 898 3629 968 προύιρίστησιν
3651 899 3679 951 ὁ
3705 897 3856 951 Πλά-

2279 1005 2386 1040 των
2425 988 2707 1056 ἐφεστῶτα
2741 989 2915 1058 πάσης
2955 987 3230 1059 ἐμφανοῦς
3256 1005 3315 1041 τε
3347 990 3439 1041 καὶ
3467 989 3704 1058 ἀφανοῦς
3739 989 3860 1042 δια-

2282 1083 2626 1151 κοσμήσεως,
2655 1084 2720 1134 ὲκ
2757 1082 2988 1151 μηδενὸς
3037 1082 3512 1154 προύποκειμένου
3553 1083 3862 1154 γεγενημέ-

2285 1189 2401 1242 νης·
2428 1175 2618 1246 ἀρκεῖν
2661 1175 2769 1244 γάρ
2797 1175 2858 1227 τὸ
2899 1175 3108 1227 ἐκείνου
3146 1173 3392 1245 βούλημα
3435 1177 3515 1238 είς
3560 1176 3863 1228 ὑπόστασιν

2280 1265 2389 1316 τῶν
2420 1265 2607 1320 ὅντων.
2643 1266 2755 1336 Τῆς
2780 1268 2837 1320 δὲ
2874 1267 3198 1336 σωματικῆς
3227 1267 3440 1336 φύσεως
3478 1269 3866 1338 συντεταγμέ-

2284 1375 2380 1427 νης
2411 1361 2476 1427 τῇ
2522 1359 2800 1429 ἀσωμάτῳ
2841 1361 2885 1392 ⁷¹
2927 1361 3258 1431 δημιουργίᾳ
3299 1361 3505 1430 κόσμον
3554 1360 3614 1424 ἐξ
3653 1361 3864 1430 ἀμφοῖν

2288 1450 2637 1504 συνίστασθαι
2664 1453 2710 1482 ⁷³
2735 1451 3088 1513 τελεώτατον,
3117 1450 3337 1504 διπλοῦν
3370 1452 3488 1522 ἅμα
3537 1451 3628 1504 καὶ
3660 1452 3757 1505 ἓνα
3803 1452 3867 1502 ἐν

2284 1533 2326 1606 ᾧ
2351 1540 2496 1610 ἄκρα
2537 1537 2676 1594 εἶναι
2723 1543 2818 1595 καὶ
2859 1543 3002 1611 μέσα
3055 1543 3152 1595 καὶ
3195 1544 3500 1603 τελευταῖα,
3535 1535 3610 1595 ὧν
3655 1544 3723 1596 τά
3762 1543 3867 1612 μὲν

2287 1627 2479 1694 πρῶτα
2501 1629 2726 1698 οὐράνια
2770 1630 2924 1693 καλεί
2949 1631 2994 1661 ⁷³
3035 1632 3130 1684 καὶ
3158 1631 3335 1695 θεοὺς,
3363 1632 3432 1684 τά
3461 1631 3517 1684 δὲ
3542 1632 3684 1701 μέσα
3710 1633 3868 1701 λογι-

2288 1719 2380 1781 κά,
2432 1719 2651 1788 αἰθέρια
2695 1721 2789 1772 καὶ
2846 1719 3106 1788 δαίμονας
3161 1721 3424 1789 ἀγαθοὺς,
3482 1722 3756 1791 ἑρμηνέας
3802 1739 3870 1774 τε

607 1815 730 1868 tium
755 1816 989 1884 denique
1027 1813 1238 1867 ratione
1289 1814 1531 1883 praedita,
1567 1823 1622 1868 et
1663 1815 1965 1878 terrestria,
1992 1824 2047 1868 et
2075 1815 2178 1867 hu-

2295 1810 2376 1863 καὶ
2434 1787 2697 1878 ἀγγέλους
2749 1811 2860 1864 τῶν
2918 1787 3306 1882 συμφερόντων
3363 1787 3674 1882 ἀνθρώποις
3711 1829 3872 1878 γινο-

609 1919 799 1957 manas
831 1905 1066 1966 animas,
1099 1903 1181 1957 vel
1217 1902 1555 1957 immortales
1593 1904 1862 1959 homines.
1921 1903 1985 1958 Et
2044 1903 2184 1959 infe-

611 1997 846 2051 rioribus
876 1997 1158 2066 superiora
1187 2011 1402 2066 semper
1426 1996 1694 2052 dominari
1729 2015 1744 2050 :
1775 1997 2031 2052 omnibus
2059 2011 2185 2052 vero

610 2089 779 2144 Deum
821 2079 1010 2143 eorum
1055 2089 1410 2142 architectum
1444 2098 1500 2144 et
1530 2097 1760 2159 patrem,
1791 2098 1845 2144 et
1878 2091 1980 2144 hoc
2010 2097 2188 2158 pater-

611 2199 743 2237 num
781 2181 902 2251 ejus
936 2179 1222 2249 imperium
1278 2180 1674 2249 providentiam
1727 2195 1848 2234 esse
1893 2179 2188 2247 unicuique

612 2277 792 2347 generi
823 2273 1203 2330 convenientia
1248 2273 1688 2328 distribuentem.
1741 2271 2017 2326 Justitiam
2059 2287 2188 2325 vero

619 2371 1044 2438 subsequentem
1081 2368 1236 2422 illam
1271 2365 1461 2421 Fatum
1490 2365 1696 2419 vocari.
1748 2363 1866 2417 Non
1907 2364 2049 2417 enim
2094 2379 2187 2431 ge-

616 2461 1014 2516 nethliacorum
1065 2461 1408 2514 temerariam
1464 2457 1866 2519 necessitatem,
1899 2470 2005 2508 non
2045 2454 2189 2508 Stoi-

623 2572 744 2607 ram
774 2554 1115 2613 violentiam,
1144 2567 1243 2605 nec
1273 2567 1436 2620 quant
1463 2549 1767 2603 Alexander
1800 2547 2193 2618 Aphrodisieus

613 2655 785 2716 putat,
819 2645 1068 2700 eamdem
1090 2643 1162 2696 illi
1189 2644 1754 2710 conditionem,quam
1783 2654 2072 2708 corporum
2101 2653 2195 2690 na-

625 2751 762 2792 tura:
812 2737 1136 2800 attribuens,
1164 2750 1337 2804 neque
1367 2733 1828 2795 incantationibus
1855 2741 1908 2786 et
1937 2730 2198 2784 litationi-

616 2831 719 2885 bus
738 2830 1135 2898 inauspicatum
1163 2825 1430 2880 uativitati
1447 2825 1686 2890 sidus,ut
1702 2824 1920 2894 quidam
1933 2823 2195 2887 sentiunt,

621 2926 714 2975 sed
765 2932 1002 2975 veterem
1048 2919 1401 2988 providentiae
1439 2919 1607 2985 legem
1663 2925 1926 2980 transeat,
1955 2915 2192 2984 judicia-

618 3014 722 3065 lem
770 3010 860 3064 Dei
918 3007 1313 3078 operationem,
1335 3007 1526 3061 ordine
1546 3021 1610 3060 ac
1639 3007 1780 3060 serie
1803 3007 1960 3073 juxta
2002 3019 2198 3058 causa-

2290 1901 2484 1972 μένους
2515 1945 2531 1969 ,
2583 1905 2652 1956 τὰ
2703 1903 2760 1956 δὲ
2817 1903 3109 1956 τελευταῖα
3179 1903 3374 1970 λογικά
3426 1905 3520 1956 καὶ
3605 1904 3871 1974 περίγεια

2286 1994 2378 2045 καὶ
2434 1993 2780 2063 ἀνθρωπίνας
2823 1993 3002 2064 ψυχάς
3053 1994 3086 2063 ἢ
3143 1993 3450 2056 ἀθανάτους
3515 1992 3865 2063 ἀνθρώπους.

2289 2085 2384 2138 καὶ
2444 2085 2553 2138 τῶν
2618 2086 2716 2157 μὲν
2769 2086 3198 2156 ὑποϐεϐηκότων
3241 2088 3310 2139 τά
3362 2087 3744 2156 προηγούμενα
3779 2089 3875 2138 ἀεὶ

2290 2181 2562 2250 ἡγεῖσθαι,
2603 2182 2818 2236 πάντων
2868 2183 2913 2214 τι
2945 2182 3001 2234 δὲ
3047 2183 3093 2213 ⁷⁸
3153 2182 3463 2251 βασιλεύειν
3503 2183 3595 2235 τὸν
3634 2183 3877 2254 ποιητὴν

2291 2273 2470 2326 αὐτῶν
2500 2273 2631 2327 Θεὸν
2677 2275 2770 2327 καὶ
2813 2275 3064 2344 Πατέρα,
3097 2275 3192 2327 καὶ
3221 2274 3425 2346 ταύτην
3468 2274 3569 2345 τὴν
3601 2291 3880 2346 πατρονοο

2297 2363 2461 2435 μικὴν
2504 2365 2550 2396 ’⁷⁸
2581 2365 2860 2434 βασιλείαν
2903 2365 3070 2418 αὐτοῦ
3113 2365 3232 2436 [751
3274 2364 3368 2437 Η.]
3430 2367 3686 2437 πρόνοιαν
3731 2363 3881 2420 εἶναι

2293 2456 2390 2526 τὴν
2429 2457 2644 2525 ἑκάστῳ
2690 2456 2834 2524 γένει
2884 2455 2952 2509 τὰ
2999 2458 3353 2526 προσήκοντα
3381 2457 3775 2528 νομοθετοῦσαν
3801 2460 3880 2525 ’⁷,

2295 2550 2393 2619 τὴν
2427 2549 2482 2602 δὲ
2527 2551 2699 2622 ταύτῃ
2728 2550 2774 2582 ⁷⁸
2805 2549 3081 2620 ἑπομένην
3111 2550 3266 2620 δίκην
3319 2553 3662 2622 εἱμαρμένην
3692 2552 3883 2605 καλεῖ-

2301 2641 2444 2694 σθαι·
2478 2641 2538 2694 οὐ
2567 2641 2675 2710 γὰρ
2699 2642 2796 2709 τὴν
2843 2643 2951 2694 τῶν
2999 2641 3428 2708 γενεθλιαλόγων
3462 2641 3885 2709 ἀνεπιλόγιστον

2301 2734 2545 2803 ἀνάγκην
2569 2735 2636 2796 τ’,
2671 2734 2788 2785 οὐδὲ
2839 2734 2935 2803 τὴν
2968 2734 3209 2802 Στωῖκὴν
3237 2733 3392 2804 βίαν,
3435 2733 3543 2786 οὐδ’
3584 2737 3654 2802 ἣν
3693 2735 3886 2799 Ἀλέξ-

2301 2825 2492 2893 ανδρος
2549 2827 2577 2876 ὁ
2628 2825 2996 2893 Ἀφροδισιευς
3073 2825 3241 2876 οἴεται
3272 2863 3286 2888 ,
3349 2825 3429 2886 είς
3470 2824 3665 2876 ταυτὸν
3701 2825 3747 2856 ⁸ο
3806 2828 3884 2894 τῇ

2304 2917 2622 2986 Πλατωνικῇ
2665 2915 2774 2968 τῶν
2819 2917 3084 2985 σωμάτων
3135 2914 3298 2982 φύσει
3343 2913 3548 2983 ταύτην
3576 2915 3886 2984 περιάγων,

2303 3007 2425 3058 οὐδὲ
2443 3005 2542 3076 τὴν
2571 3005 2802 3074 ἐπῳδαῖς
2830 3007 2926 3056 καλ⁵
2955 3004 3170 3065 θυσίαις
3192 3004 3689 3074 παρατρεπομένην
3727 3007 3891 3072 γενε-

622 3119 738 3155 rum
793 3102 1088 3156 liberarum
1146 3099 1422 3170 proposita
1481 3114 1566 3152 res
1602 3105 1820 3152 nostras
1867 3095 2190 3167 dirigentem

2299 3114 2402 3157 σιν,
2429 3096 2504 3159 ώς
2532 3096 2731 3150 οἴονταί
2765 3113 2908 3158 τινες
2945 3094 3107 3166 [1582
3137 3095 3251 3166 R.],
3277 3095 3411 3148 ἁλλά
3439 3098 3537 3164 τὴν
3571 3097 3679 3148 τῶν
3703 3097 3892 3149 ἐκϐαι-

621 3211 782 3263 atque
814 3195 1066 3249 consilia.

627 3288 721 3338 τοῦ
774 3285 908 3338 Θεοῦ
941 3285 1224 3354 ἐνέργειαν
1255 3286 1302 3317 ⁸³
1322 3327 1338 3350 ,

622 3378 1101 3448 ὲπανορθουμένην
1133 3377 1202 3430 τὰ
1241 3375 1364 3430 καθ’
1396 3377 1565 3446 ἡμᾶς.

976 3496 1108 3562 Qua:
1129 3498 1200 3550 sit
1233 3495 1576 3550 Providentia
1605 3504 1652 3548 et
1695 3494 1846 3548 ordo.

690 3615 1070 3669 Communiter
1103 3611 1322 3682 quidem
1377 3607 1715 3678 providentia
1744 3616 1799 3660 et
1826 3607 1961 3660 ordo
1990 3621 2019 3659 a
2045 3618 2200 3658 crea-

629 3719 757 3763 tore
779 3707 892 3762 Deo
911 3705 1226 3762 extenditur
1256 3703 1311 3756 in
1343 3701 1527 3757 omnia
1552 3699 1943 3756 immortalium
1977 3711 2198 3764 genera,

629 3801 862 3855 maxime
915 3812 1044 3852 vero
1069 3804 1124 3851 et
1150 3793 1498 3863 conjunctius
1527 3791 1595 3845 ad
1624 3791 1818 3860 prima,
1849 3806 1914 3843 ac
1963 3803 2196 3850 summa,

624 3889 1033 3943 etcontinenter
1063 3885 1131 3939 ab
1169 3883 1290 3953 ipso
1337 3891 1521 3936 ortum
1551 3880 1826 3942 ducentia,
1850 3887 1903 3932 et
1945 3877 2200 3943 deinceps

635 3996 760 4051 qua:
788 3980 855 4033 ab
881 3979 976 4033 illo
1001 3977 1220 4032 condita
1251 3982 1400 4039 sunt,
1427 3988 1652 4042 quaeque
1675 3969 2089 4037 intelligibilium
2107 3967 2201 4020 bo-

629 4085 824 4122 norum
874 4064 1515 4138 optima'communione
1573 4061 1852 4115 fruuntur.
1889 4055 2022 4110 Cum
2053 4055 2200 4110 enim

627 4163 734 4215 tria
791 4160 902 4215 sint
930 4174 1128 4229 genera
1169 4159 1225 4214 in
1275 4156 1478 4210 mundo
1519 4155 1726 4208 ratione
1750 4150 1974 4222 praedita
2005 4168 2020 4203 :
2054 4166 2203 4205 sutu-

629 4266 778 4305 mum
843 4258 898 4306 et
954 4249 1190 4320 primum
1243 4245 1656 4302 communicans
1715 4243 1836 4297 sine
1886 4241 1993 4295 ulla
2049 4255 2203 4295 com-

631 4339 930 4395 mutatione
975 4355 1098 4395 cum
1151 4337 1335 4392 divina
1384 4333 1584 4407 462a
1644 4333 1900 4403 imagine,
1954 4331 2200 4386 divinum

629 4427 854 4480 omnino
898 4427 1146 4482 ordinem
1180 4428 1741 4494 compositionemque
1769 4422 1948 4485 habet,
1984 4421 2200 4490 qualem

625 4517 941 4572 twlestibus
981 4518 1158 4571 inesse
1188 4515 1447 4570 diximus.
1491 4511 1800 4566 Secundum
1832 4526 1960 4565 vero
2005 4527 2197 4564 conse-

630 4612 859 4670 quenter
904 4603 1147 4657 divinum
1183 4603 1431 4656 ordinem
1470 4601 1791 4666 admittens,
1840 4615 1948 4654 non
1991 4599 2201 4654 incom-

632 4695 996 4761 mutabiliter,
1037 4709 1138 4749 nec
1184 4693 1416 4749 indivise
1440 4693 1722 4749 Creatoris
1788 4690 2199 4746 similitudinem

631 4787 878 4848 sottitur,
909 4787 1001 4838 sed
1037 4785 1155 4838 sine
1181 4799 1368 4839 errore
1399 4798 1464 4838 ac
1502 4783 1634 4836 vitio
1685 4780 1927 4851 paternis
1967 4780 2203 4834 volvitur

635 4875 841 4945 legibus
874 4875 1018 4944 quod
1051 4875 1289 4930 aetheriis
1329 4875 1746 4946 assignavimus.
1793 4870 2041 4926 Tertium
2075 4886 2202 4926 vero

631 4977 889 5038 tauquam
947 4977 1304 5036 postremum,
1336 4984 1442 5022 non
1491 4967 1667 5022 solum
1697 4964 1906 5021 caelesti
1943 4964 2206 5032 dignitate

630 5061 1124 5128 quomodocuuque
1150 5059 1397 5123 vertitur,
1429 5059 1523 5114 sed
1557 5067 1610 5112 et
1646 5057 1715 5111 ab
1762 5055 2003 5110 aetheriis
2033 5055 2204 5109 inter-

633 5159 760 5202 dum
797 5151 1032 5204 vitiatur.
1067 5150 1131 5202 Et
1157 5152 1372 5218 quidem
1417 5166 1627 5219 semper
1667 5148 1834 5202 Deum
1881 5147 2204 5216 intelligere,

2299 3188 2498 3241 νόντων
2522 3189 2665 3241 κατὰ
2693 3189 2735 3218 ⁸¹
2771 3188 2864 3241 τὸν
2894 3189 2992 3256 τῆς
3021 3189 3275 3258 προνοίας
3315 3187 3514 3256 θεσμὸν
3559 3187 3888 3257 δικαστικὴν

1403 3283 1556 3348 τάξει
1603 3285 1700 3337 καὶ
1743 3280 1921 3353 εἱρμῷ
1974 3280 2109 3352 πρὸς
2145 3281 2242 3345 τὰς
2306 3283 2700 3351 προαιρετικάς
2743 3282 3031 3345 ὑποθέσεις
3067 3280 3176 3333 τῶν
3223 3280 3584 3345 αὐτεξουσίων
3626 3281 3804 3350 ἔργων
3835 3283 3892 3313 ⁸³

2675 3482 2776 3549 Τίς
2802 3485 2838 3551 ἡ
2880 3483 3130 3550 πρόνοια
3159 3484 3254 3536 καί
3287 3482 3492 3550 τάξις;

2400 3601 2496 3651 Οτι
2534 3596 2726 3656 κοινῶς
2754 3597 2850 3666 μὲν
2882 3597 2914 3664 ἡ
2945 3596 3168 3663 πρόνοια
3199 3597 3294 3648 καὶ
3326 3595 3485 3661 τάξις
3529 3596 3638 3650 ἀπὸ
3669 3597 3760 3650 τοῦ
3788 3600 3894 3671 δη-

2302 3688 2566 3762 μιουργοῦ
2615 3689 2749 3742 Θεοῦ
2788 3689 2964 3757 διήκει
2996 3681 3091 3741 ὲπῐ
3123 3690 3302 3742 πάντα
3331 3692 3402 3744 τὰ
3447 3689 3692 3745 ἀθάνατα
3729 3691 3893 3762 γένη,

2301 3782 2542 3854 μάλιστα
2588 3780 2646 3834 δὲ
2695 3781 2791 3832 καὶ
2841 3779 3285 3852 προσφυέστερον
3319 3782 3411 3835 ἐπὶ
3455 3784 3526 3836 τὰ
3562 3785 3752 3856 πρῶτα
3789 3788 3895 3839 καὶ

2301 3871 2584 3942 προσεχῶς
2606 3870 2701 3924 ἀπ’
2743 3870 2908 3922 αὐτοῦ
2953 3874 3052 3941 τὴν
3081 3872 3294 3940 γένεσιν
3338 3873 3531 3943 ἔχοντα
3553 3877 3646 3928 καὶ
3677 3877 3804 3946 ἑξῆς
3837 3879 3894 3910 ⁸⁸

2299 3961 2427 4014 ὄντα
2459 3961 2675 4030 ἐκείνῳ,
2728 3961 2822 4013 καὶ
2864 3961 2964 4030 τῆς
2992 3961 3104 4014 τῶν
3143 3963 3351 4032 νοητῶν
3399 3965 3622 4032 ἀγαθῶν
3654 3967 3893 4036 ἀρίστης

2303 4052 2598 4122 μετουσίας
2628 4051 2995 4106 ἀπολαύοντα.
3050 4054 3229 4123 Τριῶν
3259 4055 3369 4125 γάρ
3402 4057 3570 4110 ὄντων
3593 4058 3702 4110 τῶν
3725 4061 3896 4124 ἐγκο-

2303 4143 2477 4212 σμίων
2519 4142 2718 4212 νοερῶν
2749 4143 2944 4210 γενῶν,
2977 4144 3038 4196 τὸ
3070 4147 3169 4223 μὲν
3213 4147 3516 4216 ἀκρότατον
3539 4149 3634 4201 καὶ
3667 4150 3895 4218 πρῶτον

2299 4235 2409 4289 τῶν
2427 4234 2522 4287 τοῦ
2551 4235 2900 4306 Δημιουργοῦ
2928 4237 3284 4306 γεννημάτων
3308 4239 3596 4304 ἀτρέπτως
3625 4241 3716 4293 καὶ
3747 4243 3894 4312 άμε-

2299 4326 2582 4397 ταὸλήτως
2629 4326 2730 4395 τῆς
2771 4328 2907 4396 πρὸς
2956 4329 3118 4382 αὐτὸν
3163 4329 3476 4398 ὁμοιώσεως
3522 4333 3791 4400 τυγχάνον
3827 4335 3894 4385 ἐν

2302 4419 2450 4488 πάσῃ
2485 4418 2598 4470 ἐστὶ
2655 4418 2882 4471 θεοειδεί
2935 4419 3178 4492 εὐταξίᾳ,
3209 4414 3320 4473 οἷον
3367 4422 3429 4474 τὸ
3473 4423 3578 4476 τῶν
3617 4424 3892 4493 οὐρανίων

2303 4510 2512 4578 ἔφαμεν
2543 4507 2718 4575 γένος.
2747 4508 2819 4560 Τὸ
2853 4507 2910 4560 δὲ
2935 4508 2979 4540 ⁸⁸
3009 4509 3282 4580 δεύτερον,
3315 4511 3582 4584 δευτέρως
3608 4516 3702 4568 καὶ
3727 4516 3891 4585 ὐφει-

2306 4598 2481 4667 μένως
2518 4599 2618 4666 τὴν
2659 4595 2809 4650 θείαν
2848 4597 3002 4664 τάξιν
3047 4600 3486 4670 παραδεχόμενοι)
3513 4643 3529 4669 ,
3582 4605 3682 4656 οὐκ
3727 4607 3895 4676 άτρὲ-

2305 4703 2455 4750 πτως
2493 4687 2593 4757 μὲν
2637 4687 2746 4740 οὐδ’
2779 4688 3096 4759 ἀμερίστως
3125 4691 3224 4761 τῆς
3254 4692 3661 4764 δημιουργικῆς
3689 4695 3894 4764 ὁμοιώ-

2309 4795 2448 4841 σεως
2493 4778 2910 4848 μεταλαγχάνει,
2942 4783 3342 4854 ἀναμαρτήτως
3365 4786 3421 4838 δὲ
3450 4788 3544 4838 καὶ
3565 4788 3894 4850 άκακύντως

2307 4870 2415 4923 τῶν
2444 4869 2728 4942 πατρικῶν
2756 4873 3150 4942 ἐπιστρέφεται
3176 4876 3382 4944 νόμων,
3425 4877 3454 4929 ὅ
3483 4881 3597 4940 τοῖς
3626 4879 3895 4950 αίθερίοις

2309 4961 2756 5034 ἀποδεδώκαμεν.
2789 4963 2863 5015 Τὸ
2905 4962 2961 5015 δὲ
3001 4964 3205 5034 τρίτον,
3227 4965 3299 5030 ώς
3327 4967 3557 5036 ἔσχατον
3580 4969 3686 5022 τῶν
3729 4969 3895 5021 θείων

2309 5055 2508 5122 γενῶν,
2539 5055 2599 5108 οὐ
2631 5054 2790 5123 μόνον
2817 5053 2893 5124 τῷ
2920 5054 2967 5086 ⁸⁸
2989 5055 3237 5109 ὁπωσοῦν
3277 5059 3576 5129 τρέπεσθαι
3601 5060 3700 5130 τῆς
3725 5061 3898 5128 ὐπερο

2311 5148 2444 5218 οχῆς
2473 5147 2578 5200 τῶν
2609 5147 2874 5218 οὐρανίων
2903 5147 3101 5220 ὑπέὃη,
3148 5149 3286 5205 ἀλλὰ
3316 5153 3409 5206 καὶ
3438 5152 3516 5224 τῷ
3547 5170 3678 5207 ποτε
3717 5155 3896 5206 κακύ-

1898 5290 2139 5347 ἾΛΒΙᾹΞ
2205 5289 2609 5346 LECTIONES.

698 5379 744 5410 ⁸³
777 5377 1059 5456 Πλάτων-α]
1091 5380 1231 5456 κατά
1261 5381 1522 5456 Πλάτωνα
1547 5382 1908 5456 Needltautus,
1932 5393 2123 5456 recte.
2153 5384 2258 5456 nisi
2288 5398 2412 5437 mox
2451 5383 2554 5456 leg.
2593 5385 3065 5456 μετενσωματοῦν.
3099 5385 3274 5456 ψυχὰς
3302 5400 3411 5456 om.
3443 5401 3529 5455 pr.
3568 5386 3630 5440 Α.
3708 5387 3756 5419 ⁷⁸
3791 5389 3894 5456 μό-

630 5467 734 5519 νων
763 5464 823 5512 ς’.
855 5517 864 5519 _
899 5449 1291 5519 “_ddwp.dtwv
1332 5468 1393 5514 ς.

628 5518 726 5591 Βη
771 5521 812 5551 ⁷⁵
847 5517 986 5591 de}!
1012 5527 1066 5573 et
1095 5517 1170 5574 rc.
1202 5523 1381 5590 A,qui
1413 5537 1495 5591 pr.
1527 5539 1636 5578 om.
1668 5540 1682 5576 :
1715 5534 1775 5576 τε
1815 5541 1876 5588 ς.

627 5590 753 5663 coll.
791 5606 842 5658 ι).
880 5589 982 5641 172
1011 5591 1116 5663 ἀεὶ.
1195 5591 1237 5663 τέ
1266 5589 1436 5662 ταύτῄ
1464 5597 1506 5646 Α
1543 5612 1556 5647 :
1588 5595 1722 5663 αὐτῇ
1759 5611 1818 5656 ς’.

628 5657 673 5688 ⁸⁸
700 5657 863 5713 ταύτὸ
895 5677 954 5724 ς’.

633 5728 675 5759 ε’
705 5732 760 5784 δὲ
789 5749 896 5787 om.
920 5734 984 5784 Α.
1084 5733 1131 5764 ⁸⁵
1160 5732 1235 5799 τῷ
1258 5730 1339 5790 B;
1377 5735 1432 5786 τό
1463 5751 1520 5799 ς.

1469 5453 1512 5483 ⁷³
1542 5453 1894 5508 συνίστασθαι
1915 5453 1956 5506 Α
1992 5471 2006 5507 :
2035 5451 2290 5506 ἵστασθαι
2322 5470 2383 5516 ς’.

1951 5524 1998 5556 ⁷⁸
2035 5523 2473 5593 πατρωνυμικήν
2507 5522 2568 5578 Β.

1467 5597 1506 5668 _A
1543 5595 1722 5668 rubri)
1759 5611 1818 5656 ς’.
1871 5595 1962 5668 ἅτ’-
1981 5591 2250 5668 ἀνάγκην]
2284 5591 2531 5668 ἀνάγκην
2583 5591 2863 5668 προσίεται
2928 5591 3268 5668 Νυοάιιιιῖιιυε
3290 5591 3301 5596 “
3324 5597 3450 5668 coll.

1033 5662 1074 5690 ³³
1102 5661 1241 5712 κατὰ
1271 5663 1398 5714 add.
1429 5661 1778 5720 '~.\'ecdltanius
1801 5665 1924 5720 coll.
1951 5665 1985 5720 Ι.
2021 5666 2056 5718 ι.
2079 5681 2128 5717 v.
2154 5661 2240 5719 15.

2460 5454 2715 5530 "ﬁxa‘AEEV
2767 5454 2853 5526 pr.
2877 5459 2951 5530 _A.
2997 5457 3076 5530 _”
3105 5454 3347 5530 πάντων]
3378 5454 3485 5509 των
3514 5457 3634 5530 sine
3662 5454 3890 5530 accentu

2658 5526 2702 5560 ⁷⁷
2738 5524 3168 5598 νομοθετοῦσαν]
3224 5524 3493 5596 νέμουσαν
3543 5524 3892 5582 Needltamus

2658 5597 2859 5632 Ληῖεφηο
2928 5596 3267 5632 Νιιηιημιηηιε
3324 5597 3426 5632 nn“
3505 5612 3537 5632 η
3613 5597 3711 5632 ΙἿδ
3771 5599 3797 5632 II
3833 5598 3866 5632 0

2311 5597 2531 5695 ἓιάγκην
2579 5597 2863 5679 προσίεται
2928 5597 3268 5652 Ncedltainus
3324 5597 3450 5678 coll.
3613 5597 3797 5678 172.}
3833 5598 3888 5651 9.

2338 5666 2356 5696 ³
2384 5679 2594 5734 ενεργει
2619 5668 2677 5721 l3.
2718 5669 2764 5710 β³
2787 5667 2964 5739 ἔργων
2993 5667 3119 5724 add.
3152 5669 3217 5722 Λ.
3259 5667 3304 5699 ⁸³
3337 5668 3462 5738 ὲξης
3559 5685 3571 5722 :
3601 5666 3796 5739 ἐφεξης
3823 5684 3886 5734 ς’

3873 246 3904 261 κ
