4152 6420
275 359 344 425 8!
1401 373 1922 436 BIBLIOTHECA.
1945 376 2190 437 —-coo.
2231 371 2415 431 ceu.
3457 360 3529 425 32

279 476 476 530 νεσθαι
504 475 603 545 τῆς
638 473 746 528 τῶν
779 475 1036 547 αίθερίων
1062 476 1217 540 ἀξίας
1244 475 1475 546 ὑπέστη.
1520 478 1594 530 Τὸ
1619 481 1717 548 μὲν
1746 481 1851 548 γὰρ

1972 490 2004 534 ιι
2036 481 2360 534 adhaerendo
2393 473 2536 532 illius
2569 477 2931 545 cognitionem
2959 477 3180 538 habere,
3213 477 3526 532 cmlestibus

276 567 369 620 ἀεὶ
397 569 546 619 νοεῖν
579 566 668 618 τὸν
697 567 832 620 Θεὸν
882 569 978 621 καὶ
998 567 1288 637 ήνωμένως
1329 567 1494 622 αὐτοῦ
1526 570 1624 638 τὴν
1655 571 1859 636 γνῶσιν

277 659 432 729 ἔχειν
460 661 576 723 τοῖς
607 658 880 729 οὐρανίοις
913 661 1187 729 πρόσεστι·
1227 660 1289 712 τὸ
1341 660 1398 714 δὲ
1435 663 1520 714 ἀεὶ
1550 664 1648 732 μὲν
1687 663 1860 728 διεξο-

279 751 452 814 δικῶς
490 752 547 804 δὲ
595 754 707 816 τοῖς
737 753 999 822 αἰθερίοις
1029 755 1146 805 κατ’
1184 753 1371 806 οὐσίαν
1409 753 1664 824 ὑπάρχει·
1697 756 1757 808 τὸ
1803 757 1859 809 δὲ

283 844 424 912 μήτε
458 842 552 894 ἀεὶ
583 845 722 895 νοεῖν
765 844 860 895 καὶ
893 845 950 896 ὲν
981 843 1127 913 αὐτῷ
1159 844 1236 916 τῷ
1264 848 1402 898 νοεῖν
1441 843 1859 915 μεμερισμένως

280 936 423 985 νοεῖν
459 936 587 996 ταῖς
631 933 1000 998 ἀνθρωπίναις
1027 936 1224 1006 ψυχαῖς
1251 937 1327 1000 ὡς
1357 937 1486 989 ἴδιον
1515 935 1851 998 ἀποδέδοται,

278 1024 751 1094 ἀπολειπομέναις
778 1028 918 1078 κατὰ
939 1027 1099 1096 φύσιν
1121 1029 1219 1097 τῆς
1243 1047 1300 1081 τε
1327 1030 1370 1060 ⁸⁷
1402 1029 1700 1098 ἀμερίστου
1733 1031 1860 1098 νοή-

280 1132 423 1178 σεως
459 1115 576 1168 τῶν
625 1117 893 1185 οὐρανίων
942 1120 1032 1170 καὶ
1084 1119 1182 1187 τῆς
1216 1121 1273 1170 ὲν
1297 1118 1447 1184 τάξει
1477 1118 1859 1188 πληθυομένης

277 1205 542 1272 γνώσεως
558 1205 665 1258 τῶν
685 1207 959 1276 αίθερίων,
977 1207 1098 1260 ἐπεὶ
1117 1209 1252 1278 μήτε
1278 1209 1492 1268 ἐνιαίως
1516 1209 1650 1278 μήτε
1675 1207 1860 1269 ἀῖδίως

279 1300 507 1350 νοοῦσιν
537 1293 718 1360 αἷοται,
751 1298 887 1352 ἀλλά
929 1301 1020 1352 καὶ
1073 1299 1380 1376 ὅταν-πρὸς
1428 1299 1526 1370 τὴν
1576 1298 1670 1350 τοῦ
1718 1301 1860 1351 νοεῖν

283 1390 441 1452 ἀξίαν
481 1389 816 1456 ἀνάγωνται,
842 1391 939 1461 τὴν
969 1391 1218 1460 αἰθερίαν
1246 1390 1534 1461 μιμοῦνται
1555 1392 1758 1458 γνῶσιν
1791 1390 1858 1454 ⁸⁸,

285 1486 377 1537 καὶ
410 1483 594 1554 ταύτῃ
623 1485 982 1552 συνεπόμεναι
1013 1481 1121 1534 τῶν
1145 1482 1350 1550 νοητῶν
1399 1482 1734 1552 καρποῦνται
1764 1481 1863 1550 τὴν

287 1577 436 1628 θέαν.
478 1573 634 1627 Μετά
665 1573 723 1626 δὲ
761 1572 824 1625 τὸ
850 1572 1030 1642 τρίτον
1073 1573 1259 1643 νοερὸν
1304 1572 1479 1640 γένος,
1505 1571 1565 1624 τὸ
1595 1574 1723 1622 ποτε
1757 1570 1856 1639 μὲν

288 1666 441 1718 νοοῦν
465 1665 598 1717 ποτὲ
616 1666 674 1717 δὲ
697 1665 770 1733 μὴ
799 1664 974 1728 νοοῦν,
1006 1665 1090 1734 εἴη
1119 1664 1185 1716 ἂν
1200 1664 1260 1715 τὸ
1290 1664 1557 1732 μηδέποτε
1579 1663 1734 1716 νοοῦν
1759 1680 1863 1716 κα·-

289 1760 354 1811 τά
375 1759 470 1810 τὸν
493 1757 594 1826 τῆς
615 1757 825 1819 τελείας
845 1757 1158 1825 διαιρέσεως
1187 1756 1364 1824 λόγον*
1385 1756 1413 1808 ὂ
1442 1755 1506 1826 δὴ
1527 1755 1686 1824 φύσει
1715 1756 1863 1808 ἐστὶν

291 1819 822 1912 ἀνόητονξάληοείας
851 1862 912 1897 τε
943 1819 1038 1898 καὶ
1068 1819 1272 1915 ἀρετῆς⁷
1295 1819 1506 1914 οὐδαμῆ
1530 1819 1576 1878 ίθ
1615 1847 1861 1915 μετέχειν
1887 1819 1935 1878 Β

293 1937 588 2006 δυνάμενον
611 1935 678 1990 ⁸⁸.
697 1935 788 1988 Διὸ
803 1936 974 1988 καὶτὸ
989 1932 1128 1989 εἶναι
1164 1939 1411 2006 γέννημα.
1429 1939 1636 1990 ἐκείνου
1666 1938 1864 1990 ἐκϐάλ-

296 2030 466 2082 λεται.
501 2028 625 2091 Πῶς
655 2029 765 2098 γάρ
795 2021 960 2082 είκιὶῖν
975 2029 1066 2083 τοῦ
1111 2031 1300 2098 νοητοῦ
1315 2031 1449 2083 Θεοῦ
1470 2030 1531 2082 τὸ
1555 2030 1748 2097 ἄλογον
1772 2031 1865 2083 καὶ

300 2121 558 2188 ἀνόητονς
587 2122 736 2172 πᾶσα
760 2123 868 2191 τὶρ
893 2123 1100 2174 ἐκείνου
1135 2121 1299 2173 είκὼν
1322 2122 1504 2184 ἔννους
1522 2123 1616 2175 καὶ
1646 2122 1863 2191 λογικὴ,

307 2213 398 2263 καὶ
416 2214 458 2242 ⁸⁸
484 2212 772 2280 γινώσκειν
791 2214 990 2282 ἑαυτὴν
1031 2215 1123 2268 καὶ
1156 2213 1247 2266 τὸν
1271 2215 1572 2284 ποιήσαντα
1597 2213 1862 2282 πέφυκεν.

385 2325 504 2376 Ὀτι
547 2323 650 2376 τῶν
708 2323 894 2377 ἐνθάδε
928 2324 1315 2394 πραττομένων
1345 2326 1474 2393 ἡμῖν
1523 2324 1681 2391 λόγον
1721 2326 1868 2395 ἡμᾶς

326 2417 528 2477 ἕπεται,
560 2416 732 2485 φησὶν,
756 2415 980 2484 ὑπέχειν
1013 2413 1143 2486 [752
1180 2413 1278 2488 Η.]
1304 2417 1417 2476 τοῖς
1447 2415 1544 2484 τὴν
1583 2417 1756 2484 μέσην
1783 2417 1871 2487 λῆο

325 2508 405 2574 ξιν
426 2507 686 2577 λαχοῦσιν,
714 2510 811 2561 ἅτε
840 2509 904 2576 δὴ
933 2507 1127 2575 φύλαξι
1151 2509 1246 2560 καὶ⁹
1272 2509 1488 2578 ἐφόροις
1513 2505 1662 2562 οὖσιν
1689 2509 1866 2579 ἡμῶν.

316 2600 494 2652 Πᾶσαν
518 2601 573 2653 δὲ
603 2602 704 2671 τὴν
737 2603 866 2671 περὶ
901 2603 1046 2672 ἡμᾶς
1074 2600 1252 2653 αὐτῶν
1285 2600 1566 2668 ἐνέργειαν
1595 2600 1871 2670 είμαρμέυ

311 2710 404 2761 νην
439 2693 742 2758 καλεῖσθαι,
778 2693 932 2762 δίκης
970 2693 1156 2763 νόμοις
1187 2693 1257 2744 τὰ
1280 2691 1522 2762 ἡμέτερα
1564 2691 1872 2744 διατάττου-

308 2801 422 2838 σαν.
461 2787 522 2837 Et
553 2785 612 2838 δὲ
661 2785 902 2853 φύλακές
929 2787 1034 2836 είσι
1068 2785 1246 2854 (φησι)
1281 2784 1377 2837 τοῦ
1417 2783 1554 2851 πρὸς
1583 2785 1681 2854 τὴν
1714 2783 1870 2848 ἀξίαν

303 2878 698 2948 ἀφοριζομένου
741 2877 878 2946 βίου,
929 2877 1172 2947 δηλονότι
1203 2876 1299 2928 καὶ
1325 2873 1418 2927 τοῦ
1446 2876 1641 2945 χρόνου
1669 2870 1776 2926 εἶεν
1803 2874 1870 2928 ἂν

302 2971 716 3041 ἀποπληρωταὶ,
739 2969 798 3022 ὃν
827 2970 1054 3032 ἕκαστος
1087 2969 1197 3039 βίος
1219 2968 1264 3000 ⁹²
1287 2967 1660 3038 ἐκληρώσατοο
1683 2969 1744 3020 οὐ
1763 2968 1872 3036 γάρ

300 3062 413 3116 ἔστι
443 3065 536 3114 τὸν
573 3063 685 3132 βίον
707 3065 889 3133 τηρεῖν
914 3062 1008 3114 τοῦ
1039 3061 1228 3132 χρόνου
1260 3061 1320 3112 τὸ
1350 3062 1598 3130 ἀόριστον
1632 3060 1867 3130 ἔχοντος.

299 3155 468 3206 Ὥστε
503 3156 586 3208 δεῖ
614 3155 704 3206 τὸν
737 3156 835 3224 μὲν
876 3155 1067 3224 χρόνον
1109 3153 1339 3221 ὡρίσθαι
1385 3153 1472 3205 διὰ
1510 3153 1572 3205 τὸ
1603 3153 1873 3216 σώζεσθαι
1901 3152 1943 3208 C

297 3249 388 3299 τὸν
427 3247 760 3316 εἱμαρμένον
819 3245 953 3315 βίον,
987 3246 1079 3297 τὸν
1123 3245 1178 3296 δὲ
1211 3246 1410 3313 τρόπον
1463 3246 1564 3313 τῆς
1615 3246 1872 3317 τελευτῆς

296 3338 683 3405 συνδιωρίσθαι
709 3337 789 3406 τῷ
832 3336 1008 3405 χρόνῳ
1053 3336 1127 3400 ὡς
1182 3337 1342 3405 μέρος
1385 3334 1522 3388 ὄντα
1555 3337 1616 3389 τὸ
1645 3337 1873 3406 ἔσχατον

292 3429 392 3482 τοῦ
436 3429 577 3498 πρὸς
624 3429 723 3499 τὴν
769 3427 925 3492 ἀξίαν
970 3429 1406 3498 ἀπονεμηθέντος
1451 3429 1589 3498 βίου.
1636 3431 1746 3482 Καὶ
1766 3431 1874 3500 γὰρ

292 3523 398 3590 τῆς
445 3521 715 3588 γενέσεως
753 3521 1066 3590 ὡρισμένης
1120 3521 1330 3590 ἀνάγκη
1389 3521 1485 3573 καὶ
1525 3523 1614 3573 τὸν
1647 3522 1874 3574 θάνατον

292 3614 556 3683 ὡρίσθαι.
607 3613 717 3683 Τὴν
763 3613 819 3665 δὲ
852 3615 1027 3683 ἀρχὴν
1077 3613 1178 3682 τῆς
1205 3613 1471 3679 γενέσεως
1507 3612 1677 3682 ὁρίζει
1709 3614 1743 3682 ἡ
1775 3613 1875 3684 τῆς

296 3706 518 3760 ἐκεῖθεν
569 3706 864 3776 ἐκπομπῆς
908 3707 1236 3775 εἱμαρμένη,
1291 3704 1412 3757 θεία
1463 3703 1712 3773 βούλησις
1741 3700 1877 3759 οὖσα

293 3799 397 3853 καὶ
431 3799 596 3869 νόμος
631 3799 728 3867 τῆς
770 3799 862 3851 τοῦ
893 3797 1027 3850 Θεοῦ
1062 3798 1238 3868 δίκης.
1275 3796 1438 3868 [1585
1466 3797 1561 3867 1L]
1591 3798 1750 3849 Ὥστε
1781 3797 1877 3850 καὶ

293 3892 393 3944 τὸν
420 3890 651 3943 θάνατον
681 3890 980 3961 ὡρισμένον
1005 3892 1232 3960 τηρήσει
1256 3892 1289 3959 ἠ
1316 3890 1416 3958 τῆς
1447 3889 1657 3942 ἐνθένδε
1693 3891 1876 3942 ἐκεῖσε

301 3981 692 4051 μεταστάσεως
740 3980 1071 4049 εἱμαρμένη.
1131 3979 1220 4032 Διὸ
1272 3978 1500 4044 ὥρισται
1559 3981 1652 4032 καὶ
1699 3981 1760 4032 τὸ
1789 3979 1878 4033 διὰ

299 4072 474 4125 τῶνδε
517 4072 616 4142 μὲν
651 4069 939 4140 παρελθεῖν
971 4072 1046 4130 ei;
1096 4070 1187 4122 τὸν
1226 4069 1365 4140 βίον,
1407 4069 1496 4123 διὰ
1527 4069 1692 4122 τῶνδε
1734 4070 1791 4124 δὲ
1829 4071 1876 4102 ⁸³

301 4165 371 4217 ἐκ
394 4164 490 4216 τοῦ
532 4162 649 4232 βίου
679 4161 960 4214 ἀπελθεῖν.
1001 4161 1064 4214 Ei
1091 4160 1200 4231 γὰρ
1237 4161 1467 4231 ἀόριστα
1495 4162 1693 4222 ταῦτα,
1727 4164 1820 4216 καὶ
1849 4163 1879 4214 ὁ

302 4256 423 4328 βίος
457 4255 603 4318 ἅπας
635 4255 885 4327 ἀόριστος
930 4254 1024 4306 καὶ
1075 4257 1174 4323 τῆς
1212 4257 1520 4324 κρείττονος
1557 4255 1878 4320 ἐπιστασίας

301 4351 558 4420 ἄμοιρος.
596 4348 706 4400 Ποῦ
746 4347 855 4416 γὰρ
896 4344 976 4399 ἔτι
1017 4345 1051 4415 ἢ
1089 4346 1146 4397 ὲν
1169 4344 1278 4398 τίσι
1318 4346 1416 4414 τῆς
1451 4345 1602 4408 θείας
1642 4347 1878 4416 κρίσεως

303 4445 402 4497 καὶ
421 4441 524 4511 τῆς
553 4440 688 4511 πρὸς
715 4439 874 4505 ἀξίαν
892 4439 1150 4509 διανομῆς
1177 4437 1327 4490 ἔσται
1357 4440 1389 4508 ή
1429 4438 1734 4508 ἐπιμέλεια,
1765 4438 1874 4491 τῶν

1959 573 2119 626 inest.
2176 572 2309 625 Illud
2353 588 2480 625 vero
2532 587 2745 636 semper
2797 569 2916 624 l‘nse
2952 569 3193 624 aetheriis
3223 570 3524 624 secundum

1959 663 2249 718 essentiam
2286 664 2491 718 subest.
2539 661 2656 716 Non
2719 678 2936 731 semper
2990 671 3170 714 autem
3207 661 3527 731 intelligere,

1961 763 2126 822 atque
2177 753 2523 822 intelligendo
2572 751 2807 805 divisum
2857 766 3004 814 esse,
3043 751 3296 804 humanis
3334 751 3531 806 animis

1963 855 2220 913 tanquam
2253 845 2531 913 proprium
2553 843 2737 897 datum
2773 851 2875 907 est,
2906 859 3012 896 non
3037 843 3456 912 assequeutibus
3476 843 3529 895 in

1963 919 2156 990 natura
2183 935 2847 1007 divisam'intelligentiam
2877 935 3200 1000 caelestium,
3224 951 3323 989 nec
3354 936 3406 988 in
3436 951 3529 989 or-

1962 1031 2088 1084 dine
2119 1045 2218 1083 suo
2235 1030 2447 1098 plenam
2469 1029 2830 1098 cognitionem
2849 1028 3221 1082 :etheriorum.
3245 1029 3527 1098 Siquidem

1962 1138 2064 1176 nec
2111 1122 2471 1186 continenter,
2497 1136 2599 1174 nec
2648 1131 2910 1190 perpetuo
2973 1119 3140 1172 animi
3168 1128 3526 1189 cognoscunt.

1965 1215 2069 1270 Sed
2109 1231 2245 1270 cum
2267 1217 2330 1268 ad
2364 1215 2687 1284 cognitionis
2703 1217 3074 1284 praestantiam
3107 1219 3338 1278 ducunt,
3365 1215 3532 1267 aethe-

1966 1311 2103 1362 rium
2137 1308 2381 1360 ordinem
2403 1307 2666 1370 imitatur,
2685 1321 2916 1375 cumque
2945 1305 3402 1368 concomitautes,
3437 1303 3524 1356 in-

1967 1395 2323 1470 telligibilidm
2358 1398 2621 1452 visionem
2649 1399 2978 1468 percipiunt.
3022 1399 3149 1452 Post
3189 1397 3406 1451 tertium
3436 1412 3533 1450 an-

1965 1500 2070 1545 tem
2112 1489 2476 1544 intellectuale
2523 1504 2691 1560 genus
2721 1489 3014 1558 aliquando
3058 1488 3274 1558 quidem
3324 1488 3528 1542 intelli-

1964 1598 2114 1652 gens,
2172 1582 2465 1650 aliquando
2526 1596 2633 1634 non
2700 1581 3023 1650 intelligens,
3059 1589 3204 1634 esset
3246 1596 3525 1648 nunquam

1964 1675 2270 1744 intelligens
2329 1673 2624 1728 secundum
2652 1673 2915 1726 rationem
2950 1673 3201 1742 perfectzr
3228 1672 3533 1726 divisionis.

1965 1764 2118 1831 Quod
2138 1774 2282 1818 certe
2305 1773 2499 1818 natura
2515 1775 2596 1818 est
2623 1780 2727 1818 non
2749 1765 3070 1834 intelligens,
3090 1763 3334 1818 veritatis
3353 1772 3406 1816 et
3429 1762 3537 1816 vir-

1968 1860 2454 1928 tutisnequaqnam
2485 1868 2790 1927 potestesse
2819 1858 3086 1927 particeps
3118 1871 3323 1926 :quare
3348 1865 3404 1909 et
3435 1854 3539 1908 hoc

1965 1966 2138 2021 genus
2190 1951 2454 2019 rejicitur.
2492 1949 2777 2015 Quomodo
2809 1949 2950 2003 enim
2983 1946 3534 2017 imagointelligibilis

1966 2043 2062 2097 Dei
2117 2043 2325 2096 ratione
2349 2052 2403 2095 et
2443 2056 2548 2094 nou
2600 2041 2873 2095 intellectu
2899 2039 3118 2094 careat?
3156 2037 3347 2093 Omnis
3392 2039 3533 2092 enim

1968 2137 2115 2190 illius
2173 2137 2352 2205 imago
2413 2134 2718 2203 intelligens
2757 2141 2812 2186 et
2866 2133 3146 2186 rationalis
3210 2146 3539 2201 cognoscere

1969 2227 2199 2295 scipsam
2230 2236 2294 2280 .et
2315 2227 2396 2279 sui
2449 2225 2707 2279 factorem
2739 2224 2896 2278 solet.

2038 2339 2496 2402 Consentaneum,
2551 2339 2748 2407 inquit,
2773 2346 2859 2392 est
2898 2337 3147 2390 actiones
3199 2344 3412 2389 nostras
3440 2334 3542 2388 liu-

1971 2445 2160 2483 manas
2194 2430 2417 2482 subesse
2448 2429 2535 2492 iis,
2562 2443 2685 2496 qua:
2720 2426 2955 2480 mediam
3011 2426 3287 2495 regionem
3334 2425 3542 2479 sortitae

1972 2529 2118 2586 sunt,
2154 2530 2410 2588 tauquam
2436 2517 2757 2571 custodibus
2784 2525 2839 2570 et
2870 2516 3269 2584 inspectoribus
3316 2515 3541 2569 nostris.

1971 2611 2199 2665 Omnem
2236 2611 2380 2663 enim
2416 2609 2789 2677 operationem
2832 2623 3022 2661 eorum
3083 2607 3138 2659 in
3182 2605 3339 2660 nobis
3369 2604 3540 2658 fatum

1970 2705 2151 2758 voeari
2180 2703 2404 2773 justitia:
2434 2704 2642 2770 legibus
2669 2701 2930 2770 dirigens.
2959 2700 3014 2754 Si
3041 2714 3190 2763 vero,
3223 2698 3421 2767 inquit,
3447 2712 3546 2751 cu-

1973 2801 2159 2854 stodes
2192 2797 2310 2849 vitae
2337 2810 2433 2863 pro
2466 2797 2661 2847 merito
2695 2791 2900 2846 deﬁuiti
2925 2799 3073 2850 sunt.
3103 2795 3318 2844 constat
3344 2797 3398 2841 et
3423 2789 3546 2842 vita:

1976 2902 2222 2959 tempus,
2270 2887 2414 2956 quod
2458 2888 2653 2957 singuli
2707 2886 2883 2940 sortiti
2937 2884 3161 2946 fuerint,
3201 2881 3543 2949 impleturos.

1973 2987 2089 3042 Non
2123 2988 2267 3039 enim
2299 2965 2424 3040 licet
2453 2975 2639 3035 vitam
2676 2993 2892 3037 servare
2940 2986 3149 3044 tempus
3204 2973 3543 3026 indeﬁnitum

1976 3079 2282 3132 habentem.
2309 3075 2492 3142 Quare
2526 3082 2740 3141 oportet
2778 3081 2988 3139 tempus
3013 3065 3246 3129 deliniri,
3277 3074 3334 3118 ut
3366 3063 3546 3118 fatalis

1979 3168 2084 3220 vita
2112 3175 2484 3219 conservetur.
2531 3161 2751 3216 Modum
2788 3175 2916 3213 vero
2943 3160 3137 3211 mortis
3168 3155 3330 3211 simul
3363 3155 3546 3208 deter-

1977 3259 2172 3313 minari
2223 3272 2347 3311 cum
2407 3263 2673 3324 tempore,
2734 3261 2990 3318 tanquam
3035 3255 3243 3316 partem
3303 3243 3545 3295 ultimam

1977 3354 2098 3404 vita:
2131 3364 2226 3417 pro
2252 3347 2449 3401 merito
2500 3345 2830 3399 distributa).
2887 3339 3098 3394 Etenim
3142 3347 3264 3391 ortu
3300 3334 3544 3398 deﬁnito,

1975 3454 2202 3494 necesse
2231 3447 2315 3490 est
2361 3446 2412 3489 et
2449 3436 2607 3488 linem
2661 3432 2944 3485 delinitum
3007 3441 3148 3481 esse.
3181 3423 3375 3496 4621)
3432 3422 3540 3474 lni-

1976 3527 2110 3580 tiuin
2162 3535 2316 3579 ortus
2344 3522 2530 3577 delinit
2574 3521 2748 3575 fatum
2792 3517 3136 3587 migrationis
3173 3532 3204 3569 e
3240 3517 3368 3577 vita,
3403 3513 3546 3582 quod

1976 3617 2146 3669 fatum
2201 3614 2384 3668 divina
2440 3613 2718 3671 voluntas.
2751 3617 2867 3674 est,
2910 3619 2963 3661 et
3019 3608 3100 3660 lex
3154 3605 3380 3673 iustitia:
3433 3603 3546 3656 Dei.

1979 3716 2159 3781 Quare
2216 3712 2378 3766 etiam
2431 3718 2658 3764 mortem
2731 3705 3010 3760 deﬁnitam
3087 3700 3324 3754 servabit
3378 3697 3546 3750 fatum

1978 3805 2317 3862 transitionis
2348 3803 2474 3857 hinc
2505 3801 2653 3855 illuc.
2681 3799 2859 3866 Quare
2893 3794 3176 3849 deliuitum
3212 3799 3316 3852 est,
3350 3788 3547 3856 quibus

1979 3898 2044 3951 ad
2091 3899 2255 3949 vitam
2307 3903 2362 3949 et
2414 3894 2480 3946 ad
2528 3900 2754 3944 mortem
2802 3886 3105 3941 veniemus.
3153 3879 3208 3934 Si
3241 3879 3385 3933 enim
3437 3877 3551 3929 haec

1979 3987 2246 4042 destinata
2279 3999 2388 4037 non
2420 3984 2551 4045 sint,
2586 3988 2639 4034 et
2670 3977 2850 4032 omnis
2896 3977 3009 4028 vita
3052 3972 3282 4032 inﬁnita,
3309 3983 3406 4021 nec
3433 3981 3550 4020 me-

1983 4078 2136 4133 lioris
2164 4076 2330 4131 sortis
2348 4076 2638 4145 particeps.
2686 4069 2789 4125 Ubi
2816 4070 2984 4130 enim,
3010 4077 3102 4121 aut
3129 4065 3182 4117 in
3215 4061 3436 4130 quibus,
3463 4059 3551 4126 ju-

1980 4173 2107 4226 dicii
2139 4170 2329 4233 divini,
2363 4177 2419 4221 et
2457 4162 2864 4220 distributionis
2886 4159 3186 4216 secundum
3220 4154 3413 4208 merita
3447 4150 3550 4204 erit

1981 4271 2134 4319 cura,
2170 4268 2358 4320 eorum
2383 4265 2503 4320 qua:
2527 4249 2580 4302 in
2615 4259 2842 4314 corpore
2873 4253 2927 4298 et
2948 4240 3187 4297 externis
3214 4237 3431 4291 ‘tcmere
3488 4248 3553 4288 ac

1995 4345 2219 4399 fortuito
2247 4343 2403 4396 nobis
2441 4338 2732 4395 accidunt?
2765 4333 2886 4389 Non
2918 4333 3064 4386 enim
3107 4331 3222 4384 hac
3245 4328 3551 4382 inordinata

1985 4437 2381 4506 relinquemus,
2422 4431 2589 4485 animi
2623 4427 2851 4482 consilia
2881 4422 3185 4494 etjudicia,
3224 4430 3280 4474 et
3315 4420 3550 4486 impetus

303 4537 434 4606 περὶ
464 4507 526 4586 τὸ
563 4507 720 4603 σὼμα
762 4532 945 4584 καὶτὰ
971 4507 1125 4594 ἐκτὸς
1157 4533 1278 4602 εἰκῆ
1308 4507 1400 4585 και
1427 4531 1501 4594 ὡς
1530 4507 1723 4601 ἔτυχεν
1746 4533 1872 4601 ἡμῖν

1985 4544 2014 4581 a
2049 4528 2256 4581 meliori
2289 4524 2612 4579 necessitate
2659 4519 2774 4590 ﬁeri
2804 4519 3068 4571 dicemus.
3095 4513 3188 4568 Sic
3216 4511 3360 4566 enim
3387 4509 3554 4562 virtu-

305 4626 758 4697 συμπιπτόντων;
784 4626 858 4678 Οὐ
882 4625 990 4696 γὰρ
1014 4625 1186 4677 ταῦτα
1208 4625 1303 4694 μὲν
1324 4627 1533 4679 ἄτακτα
1551 4625 1874 4693 καταλείψο-

307 4737 427 4788 μεν,
459 4720 558 4782 τάς
572 4719 630 4772 δὲ
660 4721 756 4789 τῆς
771 4721 818 4751 9"
841 4719 1018 4789 ψῦχῆς
1055 4718 1400 4788 προαιρέσεις
1422 4716 1516 4769 καὶ¹
1538 4717 1748 4788 κρίσεις
1782 4716 1876 4769 καὶ

301 4809 480 4880 ὁρμὰς
503 4809 612 4862 ἀπὸ
644 4810 950 4879 κρείττονος
978 4809 1224 4878 ἀνάγκης
1268 4805 1578 4875 ἐγγίνεσθαι
1604 4808 1872 4876 φήσομενο

303 4903 448 4956 οὕτω
483 4901 593 4972 γὰρ
621 4902 820 4971 ἀρετῆς
848 4902 942 4954 καὶ
969 4901 1168 4964 κακίας
1190 4901 1289 4970 οὐχ
1329 4901 1477 4970 ἡμᾶς
1515 4900 1733 4962 αὐτοὺς,
1758 4897 1876 4951 ἀλλ’

301 4993 522 5063 ἐκείνην
551 4992 955 5063 αἱτιασαίμεθα.
984 4981 1118 5048 Οὐδὲ
1150 4993 1254 5063 μὴν
1278 4993 1456 5046 πάντα
1483 4993 1549 5060 τῇ
1574 4992 1704 5060 παρ’
1734 4989 1879 5042 ὲκεί-

305 5077 420 5140 νων
443 5087 658 5157 ἀνάγκη
687 5085 906 5154 εὔλογον
935 5087 1264 5150 ἀνατιθέναι,
1297 5084 1365 5138 τά
1398 5085 1495 5152 τῆς
1526 5083 1702 5153 ψυχῆς
1733 5083 1878 5150 λέγω

308 5183 403 5232 καὶ
452 5179 705 5249 σώματος
746 5180 841 5232 καῖ⁹
869 5179 979 5232 τῶν
1005 5179 1180 5241 ἐκτός·
1218 5177 1332 5230 ἀλλ’
1359 5177 1477 5229 οὐδὲ
1509 5176 1685 5230 πάντα
1729 5175 1880 5228 ἀνεῖ-

309 5273 433 5325 σθαι
463 5275 580 5336 ταῖς
623 5272 840 5340 ἀλόγοις
869 5271 964 5324 καὶ
993 5271 1360 5342 ἀνεπικρίτοις
1405 5269 1618 5340 φοραῖς,
1649 5265 1741 5321 νοῦ
1770 5263 1879 5318 τῶν

1688 5467 1931 5525 ἾΑΒΙᾸΞ

1981 4623 2050 4675 tis
2086 4631 2139 4674 et
2182 4619 2398 4673 malitim
2426 4631 2532 4670 non
2560 4629 2658 4668 nos
2687 4614 2858 4682 ipsos,
2889 4610 2981 4665 sed
3017 4609 3162 4662 illam
3198 4602 3550 4660 accusaveri-

1980 4727 2126 4765 mus.
2189 4708 2372 4778 Neque
2431 4707 2574 4760 enim
2635 4719 2851 4773 arquum
2895 4711 2980 4755 est
3037 4699 3184 4753 fatali
3241 4692 3550 4750 necessitati

1981 4804 2274 4866 ascribere,
2295 4816 2416 4869 qua:
2445 4799 2629 4852 animo
2659 4797 2744 4851 vel
2769 4794 3007 4864 corpori,
3032 4791 3113 4845 vel
3134 4788 3376 4844 externis
3409 4786 3553 4840 acci-

1981 4897 2138 4949 dunt.
2171 4892 2277 4947 Sed
2316 4907 2490 4961 neque
2524 4891 2707 4944 omnia
2758 4887 2884 4942 ferri
2938 4882 3242 4939 temerariis
3300 4889 3395 4933 aut
3439 4879 3551 4932 for-

1977 4987 2126 5042 tuitis
2193 4986 2414 5039 casibus
2474 4999 2572 5054 par
2633 4992 2740 5045 est,
2773 4987 2954 5034 mente
3011 4976 3372 5048 principatum
3432 4987 3552 5025 om-

1977 5079 2126 5131 nium
2177 5084 2416 5136 tenente.
2465 5084 2521 5128 et
2569 5071 2680 5126 Deo
2732 5071 2977 5124 omnium
3026 5068 3318 5120 exsistente
3363 5077 3549 5116 causa.

1978 5170 2300 5226 Necessario
2357 5169 2542 5238 itaque
2590 5166 2920 5234 relinquitur
2968 5161 3258 5216 arbitrium
3313 5159 3544 5213 liberum

1978 5262 2033 5316 iu
2061 5262 2218 5318 nobis
2245 5275 2389 5326 esse,
2415 5268 2471 5314 et
2497 5259 2676 5328 justas
2715 5254 3103 5313 retributiones
3133 5251 3321 5307 liberis
3375 5248 3548 5304 actio-

1994 5464 2400 5522 LECTIONES.

371 5630 414 5661 "
443 5645 503 5682 τε
530 5642 642 5682 om.
666 5628 729 5681 B.
805 5609 853 5662 ⁸⁸
884 5645 1009 5698 μιμ.
1033 5627 1185 5693 τάξιν
1213 5626 1411 5693 γνῶσιν
1447 5645 1506 5692 ς.
1583 5627 1628 5659 ⁸⁸
1661 5625 1868 5698 οὐδαμῆ
1918 5621 2187 5698 μετέχειν]
2227 5621 2466 5698 οὐδαμοῦ
2495 5617 2724 5698 μένονηβ
2752 5592 2978 5698 σιροῖς,
3023 5615 3090 5669 Α.
3187 5614 3552 5698 δυνάμενον

313 5712 422 5753 ein.
458 5699 525 5770 Α,
559 5708 620 5770 ut
655 5687 1045 5770 legenduin'sit
1070 5687 1276 5770 οῦδαμῆ
1301 5687 1544 5770 μετέχον.
1619 5699 1662 5730 ¹⁹¹
1697 5687 1940 5752 καὶόἱιιὸ
1966 5687 2257 5763 γινὼσκὶιν
2279 5687 2409 5748 add.
2437 5687 2507 5744 A.
2580 5689 2626 5721 ”
2657 5692 2771 5760 βίος
2804 5687 2890 5744 A:
2921 5689 3036 5760 βίον
3059 5705 3121 5750 ς.
3195 5687 3241 5719 ⁸³
3263 5687 3320 5739 δὲ
3343 5703 3454 5743 om.
3479 5689 3547 5750 Α,

314 5777 436 5824 ante
457 5768 626 5822 τῶνδε
662 5773 813 5837 ponit
845 5768 904 5823 Β.
997 5768 1041 5801 ’⁸
1064 5768 1162 5838 τῆς
1186 5769 1310 5822 add.
1344 5771 1406 5823 Δ.

2024 5885 2044 5914 4.
