4036 6318
557 261 627 324 83
1714 264 1979 328 PHOTII
2017 262 2144 325 ΡΑἸ

2246 264 2523 326 TABCHlE
2550 267 2664 329 ep.
3748 262 3817 326 8-5

558 374 724 431 nibus
741 391 907 446 penes
936 374 1195 431 aetherios
1225 390 1347 431 esse
1372 391 1401 431 a
1439 375 1551 432 Deo
1583 375 1795 446 iudices
1825 378 2133 443 ordinatos,

2246 379 2458 433 πάντων
2484 381 2793 452 ἡγουμένου
2825 384 2919 435 καὶ
2948 378 3081 435 Θεοῦ
3112 380 3221 434 τῶν
3250 381 3386 434 ὅλων
3425 381 3577 444 ὄντος
3614 380 3813 435 αἰτίου.

555 477 609 519 et
649 466 823 520 nostri
861 482 1048 520 curam
1101 476 1373 535 gerentes.
1428 464 1564 521 Cum
1594 468 1740 522 enim
1773 467 1872 521 tria
1935 468 2046 521 sint
2079 465 2133 520 in

554 558 737 621 nobis,
780 560 962 613 omnia
1014 559 1269 612 nimirum
1324 559 1639 614 necessario
1676 558 1814 623 lleri,
1846 568 1941 613 aut
1973 556 2132 624 nihil,

557 660 650 703 aut
677 651 915 705 vicissim
940 669 954 717 ;
986 651 1069 705 vel
1099 660 1156 704 ut
1178 661 1414 720 oportet,
1437 666 1589 720 atque
1619 646 1912 706 absurdum
1940 663 2041 715 est,
2083 659 2136 705 et

553 744 835 812 aequaliter
884 758 1099 797 omnem
1143 742 1722 813 tollitprovidentiam.
1754 743 1943 799 Merita
1989 744 2135 799 enim

558 838 789 905 praavisa
816 853 922 891 una
945 853 1130 893 secum
1153 838 1375 892 omnino
1408 837 1678 891 inducunt
1711 838 2133 906 providentiam,

556 939 611 983 et
642 929 835 984 deinde
878 928 1050 983 fatum
1084 929 1427 1000 etjudicium
1477 929 1796 999 providens,
1822 931 2035 1000 justitia
2082 939 2139 986 et

557 1021 674 1090 lege
705 1021 943 1075 humana
976 1021 1259 1089 ordinans,
1301 1021 1474 1077 libero
1505 1037 1570 1077 ac
1589 1023 1900 1078 voluntario
1933 1024 2139 1095 indiget

562 1112 855 1182 principio.
886 1111 1068 1179 Quare
1094 1129 1220 1182 pars
1254 1123 1335 1168 est
1366 1114 1534 1169 totius
1573 1114 1931 1184 providentia:
1965 1114 2135 1170 fatum

558 1203 625 1255 ad
652 1203 920 1258 humanas
941 1203 1460 1273 animasjudiciaria
1488 1205 1604 1278 lege
1638 1207 2134 1263 accommodatum.

558 1293 940 1349 llumanorum
971 1310 1102 1350 vero
1141 1296 1453 1353 animorum
1488 1300 1759 1369 operatio,
1796 1300 1965 1355 libera
1995 1300 2139 1355 actio

559 1395 662 1452 est,
698 1397 771 1450 et,
830 1386 974 1455 quod
1001 1386 1198 1442 dicitur
1223 1388 1277 1442 in
1299 1399 1489 1444 nostra
1527 1405 1650 1445 esse
1682 1401 1965 1460 potestate,
1989 1390 2043 1445 id
2060 1392 2142 1446 di-

558 1478 701 1531 vinis
719 1477 999 1546 judicibus
1028 1481 1226 1534 rationi
1258 1492 1630 1537 consentanea
1650 1482 1869 1537 occasio
1892 1492 1975 1537 est
2002 1482 2137 1538 inte-

559 1568 739 1637 qualis
763 1568 1189 1627 distributionis.
1219 1566 1523 1627 Fortuitum
1560 1588 1691 1629 vero
1737 1580 1907 1629 totum
1937 1584 2143 1628 morta-

557 1660 726 1722 libus,
760 1670 814 1714 et
841 1662 1019 1718 brutis
1054 1664 1313 1719 tribuitur
1338 1664 1803 1736 generationibus.
1847 1658 1966 1720 Non
1992 1666 2137 1720 enim

559 1754 617 1807 in
653 1753 888 1825 singulis
933 1756 1203 1822 ordinate,
1250 1773 1429 1826 neque
1474 1758 1629 1828 juxta
1679 1759 1908 1829 praevisa
1949 1759 2141 1813 merita

559 1846 807 1915 procedit
837 1866 853 1905 :
888 1847 1158 1919 siquidem
1216 1866 1282 1905 ex
1323 1851 1445 1921 igne
1487 1850 1755 1906 exstincto
1796 1866 1889 1906 aer
1937 1851 1998 1905 ﬁt
2029 1867 2044 1905 :
2074 1866 2141 1905 ex

559 1954 686 1994 aere
730 1940 1070 1996 condensato
1101 1958 1264 2012 aqua,
1299 1958 1481 2012 neque
1510 1958 1575 1997 ex
1623 1942 1710 1997 liis
1740 1944 1876 1999 cibis
1901 1945 2025 2014 equi
2057 1944 2142 1998 vel

559 2032 715 2087 canis
762 2047 983 2102 corpus,
1015 2049 1081 2088 ex
1112 2035 1235 2089 aliis
1262 2050 1391 2090 vero
1415 2035 1562 2090 aliud
1588 2036 1716 2105 quid
1767 2039 2000 2093 exsistit.
2034 2036 2141 2092 Sed

558 2124 744 2177 omnia
796 2139 865 2179 ex
906 2126 1162 2182 omnibus
1213 2136 1415 2182 temere
1461 2140 1691 2199 possunt
1731 2130 1956 2199 produci
2014 2146 2143 2200 pro-

481 2200 491 2219 ”
558 2224 681 2283 pter
728 2215 929 2288 463a
973 2233 1320 2274 communem
1350 2223 1656 2285 materiam,
1689 2233 1744 2277 et
1786 2224 1969 2278 omnia
1998 2225 2052 2278 in
2081 2239 2141 2278 se

558 2307 973 2377 suscipientem,
1023 2322 1263 2379 eumque
1305 2312 1518 2369 ordinis
1572 2314 2141 2386 divinaquenecessi-

558 2395 687 2450 tutis
720 2397 942 2452 modum
978 2400 1288 2471 participat,
1323 2412 1383 2456 ut
1412 2404 1626 2474 singula
1660 2418 1761 2459 suo
1787 2421 2020 2477 quaeque
2051 2423 2142 2477 ge—

558 2503 690 2543 nere
722 2502 1136 2557 conserventur,
1159 2503 1213 2549 et
1229 2510 1521 2551 occurrere
1546 2496 1614 2552 ad
1636 2498 1995 2554 aeternitatem
2024 2515 2143 2555 suc-

558 2584 810 2637 cessione
863 2585 1122 2653 quadam,
1150 2586 1334 2641 causis
1368 2587 1817 2645 subsistentibus.
1848 2592 1906 2643 In
1931 2590 2142 2645 anima-

560 2670 707 2725 libus
763 2672 1018 2743 singulis,
1052 2683 1109 2730 et
1160 2676 1456 2745 plantis,et
1483 2679 1606 2735 aliis
1642 2680 1980 2748 inanimatis,
2006 2683 2141 2737 nihil

561 2764 845 2818 delinitum
900 2776 1079 2835 neque
1119 2768 1432 2823 ordinatum
1485 2783 1584 2838 est,
1611 2773 1770 2841 quasi
1802 2790 1901 2844 pro
1928 2777 2141 2832 meritis

562 2872 795 2927 merces,
832 2862 977 2931 quod
1002 2876 1068 2917 ex
1102 2862 1286 2932 priore
1316 2865 1426 2919 vita
1459 2869 1831 2924 remuneratio
1858 2870 2004 2925 nulla
2034 2872 2142 2929 illis

564 2950 850 3017 debeatur,
879 2967 980 3009 nec
1023 2968 1123 3024 pro
1153 2954 1241 3020 iis,
1269 2969 1388 3024 qua:
1424 2972 1572 3013 nunc
1594 2958 1827 3026 faciunt,
1857 2977 2019 3031 poena
2041 2978 2140 3017 ex-

2252 472 2571 539 Ἀναγκαῖον
2610 473 2674 542 δὴ
2714 473 2775 525 τὸ
2823 473 3164 542 λειπόμενον,
3195 472 3292 535 τὰς
3324 472 3422 542 μὲν
3464 471 3818 543 προαιρέσεις

2237 566 2321 633 ἐφ’
2350 566 2482 635 ἡμῖν
2515 562 2677 624 εἶναι.
2710 565 2809 628 τὰς
2850 566 2895 619 δ’
2923 567 3015 619 ἐπὶ
3051 568 3173 628 ταῖς
3223 567 3574 636 προαιρέσεσι
3603 564 3818 627 δικαίας

2237 655 2475 723 ἀμοιϐὰς
2502 656 2593 706 ἐπὶ
2619 657 2731 717 τοῖς
2762 654 3022 725 αἰθερίοις
3051 655 3290 720 κεῖσθαι,
3332 653 3411 717 ὡς
3440 655 3485 686 9⁵
3531 655 3634 708 ὐπὸ
3679 654 3819 706 Θεοῦ

2236 747 2590 815 τεταγμένοις
2623 748 2670 778 9°
2706 748 2989 810 δικασταῖς
3020 747 3117 799 καὶ
3164 746 3465 816 πεφυκόσιν
3495 745 3654 816 ἡμῶν
3696 746 3821 799 ἐπι·

2241 840 2540 908 μελεῖσθαι.
2580 839 2824 909 Τριττῶν
2868 838 2976 910 γὰρ
3018 839 3186 892 όντων
3215 838 3323 891 τῶν
3367 837 3488 891 καθ’
3521 839 3687 908 ἡμᾶς,
3724 838 3822 890 καὶ

2237 932 2300 986 τὸ
2329 932 2507 986 πάντα
2538 932 2880 1001 ἠναγκάσθαι
2922 930 3017 984 καὶ
3060 930 3120 983 τὸ
3161 929 3328 1001 μηδὲν
3357 929 3453 983 καὶ¹
3486 929 3530 960 ’⁷
3563 928 3627 981 τὸ
3651 927 3823 999 ὲπηλ-

2238 1026 2582 1097 λαγμένωςῆ
2612 1027 2687 1089 ώς
2714 1029 2797 1079 δεῖ
2829 1025 2928 1096 τὴν
2964 1024 3085 1094 ἴσην
3118 1024 3350 1077 ἀτοπίαν
3382 1023 3517 1093 ἔχει,
3551 1022 3647 1075 καὶ
3682 1039 3824 1093 προ-

2239 1120 2389 1183 νοίας
2429 1119 2611 1190 πάσης
2640 1120 2729 1172 ἐπ’
2764 1121 2886 1190 ἴσης
2919 1117 2966 1150 9⁸
3001 1119 3150 1170 ἐστὶν
3199 1115 3522 1187 ἀναιρετικά
3549 1115 3617 1167 θ’.
3658 1114 3732 1167 Ἥ
3758 1129 3822 1167 τε

2238 1211 2349 1284 γὰρ
2384 1212 2481 1265 τοῦ
2529 1212 2663 1283 πρὸς
2702 1211 2859 1276 ἀξίαν
2906 1210 3165 1272 ὑπόθεσις
3221 1210 3441 1271 πάντως
3495 1205 3812 1273 συνεισάγει

2238 1303 2339 1375 τὴν
2378 1303 2634 1376 πρόνοιαν
2664 1302 2761 1356 καὶ
2793 1302 2891 1373 τὴν
2918 1302 3014 1355 ἀπ’
3054 1301 3225 1371 αὐτῆς
3259 1299 3625 1372 εἱμαρμένην⁹
3661 1299 3757 1352 καὶ
3787 1299 3829 1368 ή

2240 1396 2572 1466 προνοητικὴ
2609 1396 2813 1467 κρίσις,
2863 1395 2986 1466 δίκῃ
3036 1394 3128 1447 καὶ
3157 1394 3309 1464 νόμῳ
3337 1392 3407 1445 τὰ
3456 1392 3771 1463 ἀνθρώπινα
3804 1394 3824 1422 ι

2239 1487 2532 1552 τάττουσα,
2570 1487 2672 1556 τῆς
2708 1486 3059 1550 αὐτεξουσίου
3107 1484 3263 1555 ἡμῶν
3296 1484 3390 1537 καὶ
3428 1483 3827 1555 προαιρετικῆς

2240 1579 2416 1650 ἀρχῆς
2441 1580 2632 1632 δεῖται.
2671 1580 2830 1631 Ὥστε
2863 1582 3027 1649 μέρος
3056 1580 3174 1632 ἐστὶ
3200 1578 3300 1648 τῆς
3331 1578 3461 1648 ὅλης
3500 1576 3755 1647 προνοίας
3785 1577 3825 1645 ἡ

2242 1672 2591 1743 είρμσρμένη
2625 1675 2644 1703 ²
2684 1671 2746 1724 τὸ
2779 1672 2915 1741 πρὸς
2951 1670 3050 1735 τὰς
3076 1670 3428 1741 ἀνθρωπίνας
3454 1668 3634 1741 ψυχὰς
3672 1668 3830 1721 δικα-

2245 1766 2445 1830 στικῶς
2485 1764 2878 1837 ἁρμοζόμενον.
2925 1764 3307 1835 Ἀνθρωπίνων
3340 1763 3399 1815 δὲ
3438 1763 3624 1832 ψυχῶν
3670 1760 3830 1830 ἐνέρ-

2242 1876 2368 1927 γεια
2393 1860 2427 1928 ἡ
2462 1857 2815 1927 αὐτοκίνητος
2841 1857 3161 1926 προαίρεσις
3198 1856 3296 1908 καί¹
3328 1854 3390 1907 τὸ
3419 1854 3709 1923 λεγόμενον
3735 1851 3826 1921 ἐφ’

2241 1952 2396 2022 ἡμῖν,
2430 1950 2459 2003 ὃ
2486 1950 2551 2020 δὴ
2599 1952 2710 2012 τοῖς
2748 1948 2913 2013 θείοις
2954 1949 3247 2015 ,δικασταῖς
3287 1946 3547 2009 ὑπόθεσις
3596 1944 3826 2011 εὔλογος

2243 2048 2451 2116 γίνεται
2477 2045 2576 2114 τῆς
2605 2045 2792 2099 ἀνίσου
2823 2044 3106 2113 διανομῆς·
3134 2044 3197 2095 τὸ
3228 2043 3286 2096 δὲ
3316 2043 3535 2111 τυχαῖον
3567 2040 3686 2093 ὅλον
3709 2041 3830 2100 τοῖς

2244 2141 2458 2211 θνητοῖς
2500 2142 2596 2192 καὶ
2636 2138 2851 2206 ἀλόγοις
2880 2136 3196 2190 ἀποδέδοται
3226 2134 3442 2203 γένεσιν
3495 2132 3539 2186 ³.
3585 2133 3662 2185 Οὐ
3710 2129 3828 2199 γὰρ

2243 2230 2366 2284 καθ’
2397 2230 2628 2284 ἕκαστον
2671 2228 3024 2297 τεταγμένως
3059 2226 3101 2291 ⁸,
3134 2226 3256 2279 οὐδὲ
3304 2225 3445 2279 κατά
3496 2240 3621 2277 τινα
3675 2222 3831 2276 λελο-

2240 2323 2508 2394 γισμένην
2535 2320 2713 2386 ἀξίαν,
2743 2321 2806 2372 ὲκ
2832 2320 2929 2390 μὲν
2949 2318 3104 2371 τοῦδε
3124 2318 3220 2371 τοῦ
3255 2318 3430 2389 πυρὸς
3460 2316 3830 2384 σϐεννυμένου

2241 2418 2352 2485 ἀὴρ
2392 2413 2621 2483 γίνεται,
2661 2409 2788 2483 [755
2824 2409 2919 2481 Η.]
2950 2410 3012 2462 ὲκ
3042 2409 3101 2462 δὲ
3125 2408 3219 2462 τοῦ
3255 2408 3415 2479 ἀέρος
3447 2406 3829 2477 παχυνομένου

2243 2506 2407 2578 ὕδωρ,
2444 2506 2567 2559 οὐδὲ
2602 2506 2667 2556 ἐκ
2699 2502 2865 2555 τῶνδε
2898 2501 2996 2571 μὲν
3029 2501 3136 2553 τῶν
3169 2500 3352 2553 σιτίων
3390 2500 3560 2553 ἵππου
3597 2499 3761 2568 σῶμα
3790 2497 3827 2567 ἢ

2241 2601 2426 2663 κυνὸς,
2454 2602 2519 2652 ὲκ
2545 2597 2713 2651 τῶνδε
2739 2597 2798 2650 δὲ
2843 2595 2970 2649 ἄλλο
3000 2610 3074 2646 τι’
3108 2593 3244 2647 ἀλλὰ
3276 2594 3452 2646 πάντα
3498 2594 3563 2644 ἐκ
3604 2592 3832 2644 πάντων

2241 2690 2365 2751 ταῖς
2408 2686 2884 2756 προσπιπτούσαις
2942 2682 3272 2753 μεταϐολαῖς
3317 2681 3544 2735 δύναται
3574 2681 3834 2748 γίνεσθαι

2241 2774 2331 2828 διὰ
2361 2774 2422 2827 τὸ
2451 2773 2628 2827 κοινὸν
2675 2772 2774 2843 τῆς
2819 2770 2951 2842 ὕλης
2992 2774 3086 2826 καὶ
3128 2772 3263 2843 πρὸς
3303 2772 3485 2825 πάντα
3518 2771 3831 2839 εὐάγωγον,

2241 2868 2496 2922 τοσοῦτον
2524 2866 2732 2932 τάξεως
2763 2866 3061 2936 μετέχοντα
3087 2865 3184 2918 καὶ⁵
3212 2864 3365 2927 θείας
3400 2865 3650 2934 ἀνάγκης
3680 2862 3832 2916 ὥστε

2243 2959 2387 3014 κατά
2443 2958 2601 3027 γένος
2651 2958 2859 3011 ἕκαστα
2909 2955 3273 3020 διασώζεσθαι
3308 2956 3403 3008 καὶ⁸
3439 2953 3835 3025 συμπαραθεῖν

563 3045 882 3114 spectanda.
940 3044 1057 3101 Non
1097 3048 1241 3102 enim
1276 3049 1341 3102 iis
1370 3050 1577 3120 aliquid
1627 3054 1861 3109 accessit
1910 3071 1975 3110 ex
2009 3055 2143 3110 locis

2248 3052 2383 3122 πρὸς
2404 3050 2465 3103 τὸ
2491 3051 2659 3104 ἀΐδιον
2680 3052 2747 3121 τῇ
2784 3048 2999 3119 διαδοχῇ
3030 3050 3142 3110 τοῖς
3176 3048 3543 3117 ὐποστήσασιν
3574 3044 3713 3098 αὐτά
3742 3045 3839 3096 αἱ·

565 3137 833 3203 aetlieriis,
863 3139 1009 3208 quod
1061 3139 1234 3194 basim
1263 3144 1589 3208 constituat,
1627 3155 1686 3198 ut
1713 3144 1898 3200 divino
1934 3146 2144 3216 judicio

564 3230 632 3284 ad
692 3232 922 3287 reditum
960 3230 1292 3289 ducerentur
1344 3254 1358 3291 :
1417 3239 1880 3307 quemadmodum
1923 3242 1977 3295 in
2029 3242 2147 3297 sin-

565 3323 709 3391 gulis
733 3320 1046 3381 liominibus
1079 3328 1292 3383 animos
1337 3330 1571 3386 rationis
1605 3332 1920 3402 participes,
1960 3343 2014 3388 et
2044 3336 2150 3388 im-

566 3415 827 3471 mortales
860 3418 983 3471 inde
1000 3418 1367 3488 advenientes,
1397 3437 1619 3477 necesse
1642 3426 1991 3480 estmaximm
2005 3442 2150 3482 cura:

567 3523 634 3562 ac
658 3508 1011 3563 sollicitudini
1035 3513 1282 3581 cognatis
1310 3528 1455 3579 esse,
1489 3530 1557 3569 ne
1578 3515 1633 3569 in
1666 3517 1893 3582 malum,
1928 3519 1982 3572 in
2002 3522 2149 3589 quod

566 3601 725 3669 proni
745 3613 891 3669 sunt,
915 3604 1233 3657 dilabantur
1258 3622 1271 3657 ε
1296 3617 1581 3675 propterea
1604 3608 1885 3677 patiuntur
1902 3610 2147 3680 quidem,

566 3702 621 3747 et
665 3694 828 3747 simul
870 3696 1125 3762 patiendo
1173 3699 1650 3767 acquiescuntzet
1695 3717 1918 3757 rursum
1982 3703 2150 3758 libere

567 3785 778 3851 volunt,
826 3801 891 3840 ac
953 3788 1236 3855 patiuntur
1293 3789 1359 3843 ad
1414 3792 1664 3845 meritum
1724 3793 1879 3847 liberi
1931 3794 2148 3849 arbitrii

567 3880 1036 3949 consequendum.
1100 3879 1441 3951 Quapropter
1481 3884 1763 3939 fortuitum
1797 3897 1851 3940 et
1908 3888 2149 3942 carentia

568 3970 737 4023 divini
789 3962 981 4039 judicii
1038 3972 1212 4027 brutis
1266 3977 1539 4029 convenit.
1602 3976 1659 4030 lu
1719 3979 1920 4033 nostris
1966 3993 2147 4033 autem

570 4061 879 4116 actionibus
904 4064 1067 4117 etiam
1103 4067 1250 4134 quod
1307 4064 1590 4121 fortuitum
1651 4069 1881 4131 videtur.
1917 4072 2150 4139 prteviso

571 4151 682 4205 l'ato
721 4151 953 4206 inservit
1002 4172 1014 4206 :
1064 4156 1199 4209 adeo
1254 4165 1314 4209 ut
1366 4154 1582 4211 fortuna
1618 4158 1796 4225 nobis,
1839 4177 1946 4214 non
1987 4177 2151 4233 secus

570 4250 734 4310 atque
769 4244 964 4309 brutis,
999 4245 1273 4299 dominari
1324 4248 1589 4314 videatur,
1613 4265 1785 4320 eaque
1820 4252 1979 4307 nobis
2009 4254 2151 4307 acci-
2192 4296 2193 4299 η

580 4333 673 4386 dat
697 4333 751 4385 iu
790 4337 1038 4404 corporis
1066 4346 1230 4407 atque
1252 4340 1493 4393 externis
1524 4340 1703 4406 bonis,
1731 4357 1853 4411 qua:
1875 4343 2147 4411 judicium

2247 3144 2405 3206 τίοις.
2423 3142 2509 3194 Ἐν
2537 3142 2593 3193 δὲ
2621 3144 2733 3201 τοῖς
2755 3138 2895 3193 κατά
2921 3140 3087 3209 μέρος
3113 3136 3272 3200 ζώοις
3300 3155 3361 3189 τε
3390 3136 3485 3190 καὶ
3502 3137 3709 3205 φυτοῖς,
3733 3132 3841 3188 καὶ

2249 3236 2433 3295 αὐτοῖς
2464 3234 2577 3295 τοῖς
2608 3231 2857 3301 ἀψύχοις,
2888 3230 3040 3283 οὐδὲν
3097 3227 3383 3299 διώρισται
3417 3228 3541 3280 οὐδὲ
3569 3228 3840 3281 τέτακται

2249 3327 2325 3389 ώς
2364 3327 2385 3358 ⁸
2417 3325 2553 3395 πρὸς
2605 3324 2763 3389 ἀξίαν
2807 3312 3197 3392 ’ἀποδιδόμενον
3247 3320 3440 3385 πάθος,
3471 3318 3547 3389 τῷ
3586 3321 3723 3389 μήτε
3770 3320 3843 3371 ἐκ

2252 3417 2546 3487 προϐιοτῆς
2578 3417 2816 3485 ἀμοιϐάς
2850 3432 3001 3477 τινας
3036 3414 3221 3475 αὐτοῖς
3250 3411 3665 3480 ὲποφείλεσθαι,
3702 3408 3841 3480 μήτ’

2252 3514 2345 3565 ἐπὶ
2391 3515 2502 3575 τοῖς
2552 3509 2648 3563 νῦν
2681 3509 2980 3579 δρωμένοις
3009 3507 3419 3578 προσδοκᾶσθαι
3467 3505 3721 3567 εὐθύνας.
3758 3505 3839 3556 Οὐ

2252 3607 2360 3675 γὰρ
2392 3602 2679 3672 ἐπεισῆλθέ
2716 3620 2772 3654 τι
2802 3601 3029 3662 ἐκείνοις
3068 3601 3089 3631 ⁸
3133 3601 3199 3653 ὲκ
3234 3598 3327 3651 τοῦ
3382 3596 3623 3668 αἰθερίου
3666 3597 3840 3650 τόπου

2253 3698 2350 3768 τὴν
2378 3695 2643 3749 ὑπόϐασιν
2684 3692 3054 3762 ποιησάμενον
3078 3730 3093 3755 ,
3145 3692 3232 3745 ἵνα
3261 3692 3357 3743 καὶ
3397 3693 3463 3760 τῇ
3506 3690 3625 3760 θείᾳ
3654 3689 3842 3760 κρίσει

2252 3788 2644 3856 παιδαγωγηθῇ
2674 3786 2808 3856 πρὸς
2841 3786 3118 3848 ἐπάνοδον,
3149 3783 3224 3846 ώς
3254 3784 3312 3836 ἐν
3336 3785 3449 3845 τοῖς
3471 3782 3592 3835 καθ’
3626 3783 3841 3834 ἕκαστα

2252 3879 2563 3949 ἀνθρώποις
2587 3877 2683 3937 τὰς
2715 3875 2936 3944 λογικὰς
2963 3877 3054 3927 καὶ⁸
3081 3875 3379 3937 ἀθανάτους
3412 3874 3588 3943 ψυχάς
3624 3873 3841 3925 ἐκεῖθεν

2255 3969 2550 4032 κατιούσας
2586 3969 2800 4039 ἀνάγκη
2833 3968 3093 4037 πλείστης
3125 3969 3143 3999 ’⁷
3176 3968 3517 4036 ἐπιστροφῆς
3553 3968 3646 4018 καὶ
3673 3966 3842 4036 κηδε-

2258 4062 2449 4131 μονίας
2481 4060 2770 4130 τυγχάνειν
2801 4061 2953 4131 παρά
2977 4060 3085 4111 τῶν
3121 4058 3399 4128 συγγενῶν
3434 4059 3574 4128 πρὸς
3610 4058 3843 4128 ἐπανόρ-

2256 4152 2421 4205 θωσιν
2451 4153 2549 4222 τῆς
2580 4153 2660 4214 εἰς
2688 4152 2887 4204 κακίαν
2910 4152 3211 4220 ὐποφορᾶς.
3242 4150 3333 4202 Διὸ
3362 4148 3631 4219 πάσχουσί
3657 4166 3714 4201 τε
3740 4150 3840 4201 καὶ

2255 4242 2535 4314 αἱροῦνται
2563 4244 2621 4294 ἐν
2650 4244 2831 4306 αὐτοῖς
2854 4245 2966 4305 τοῖς
2986 4242 3206 4296 πάθεσι’
3237 4242 3333 4295 καὶ
3369 4242 3533 4295 πάλιν
3567 4242 3589 4272 ⁸
3618 4241 3843 4312 αἱροῦν-

2255 4355 2347 4390 ται
2391 4338 2485 4390 καὶ
2523 4336 2793 4405 πάσχουσι
2831 4335 2968 4405 πρὸς
3018 4334 3116 4406 τὴν
3147 4335 3305 4401 ἀξίαν
3341 4334 3448 4388 τῶν
3481 4333 3837 4405 αἱρεθέντων.

568 4425 817 4493 ιη’ίιῑεωὶε
848 4426 1023 4483 instar
1050 4429 1316 4484 delinivit.
1369 4430 1716 4487 “emissione
1746 4434 1917 4497 enim,
1975 4442 2029 4489 et
2066 4437 2144 4487 in-

2254 4428 2354 4482 Διὰ
2379 4430 2536 4481 τοῦτο
2561 4424 2653 4481 οὖν
2679 4429 2811 4480 πολύ
2838 4428 2899 4479 τὸ
2931 4428 3005 4489 ὡς
3046 4428 3234 4497 ἔτυχεν
3264 4429 3321 4481 ὲν
3349 4428 3461 4488 τοῖς
3494 4426 3712 4494 ἀλόγοις
3743 4426 3843 4477 καὶ¹

568 4517 836 4582 teutione,
874 4520 1149 4591 variisque
1200 4522 1597 4578 mutationibus
1637 4540 1823 4579 eorum
1848 4527 2153 4597 quaanobis

570 4615 867 4680 accidunt,
917 4616 1088 4670 libera
1142 4618 1311 4671 animi
1360 4619 1616 4676 voluntas
1672 4623 1739 4676 ad
1804 4625 2148 4678 moderatum

568 4716 771 4758 statmn
827 4707 1116 4762 deducitur
1152 4728 1165 4762 :
1199 4711 1362 4765 citius
1390 4713 1636 4781 quidem,
1671 4715 1717 4768 si
1737 4715 1967 4770 adversa
2028 4733 2149 4785 quae

498 4796 511 4815 ³
569 4797 716 4850 circa
742 4798 857 4852 Iuec
880 4799 1501 4865 accitluntgconstantcr
1531 4804 1673 4859 ferat
1704 4823 1716 4857 :
1750 4806 1995 4875 longiore
2020 4822 2150 4861 vero

570 4902 833 4960 tempore,
870 4892 914 4947 si
950 4894 1233 4962 impotenti
1264 4904 1429 4963 atque
1466 4899 1670 4953 amenti
1720 4900 1907 4953 animo
1936 4900 2025 4952 illa
2068 4910 2150 4955 to-

570 4984 724 5036 leret.
747 4982 902 5038 Tunc
931 4985 1074 5037 enim
1097 4986 1333 5054 perﬁdiae
1355 5004 1546 5057 pinnas
1580 4990 1692 5055 dat,
1718 5001 1770 5044 et
1786 4991 2147 5046 nihilominus

568 5090 691 5144 qua:
718 5076 921 5143 patitur
955 5074 1094 5129 [erat
1131 5094 1353 5132 necesse
1387 5090 1488 5134 est.

2255 4522 2317 4575 τὸ
2346 4521 2496 4585 θείας
2532 4524 2768 4591 κρίσεως
2798 4521 3045 4592 ἄμοιρον.
3079 4520 3242 4592 [1⁸588
3268 4519 3361 4591 R.]
3396 4520 3482 4572 Ἐν
3502 4519 3559 4571 δὲ
3584 4522 3693 4581 τοῖς
3714 4519 3842 4571 καθ’

2256 4615 2403 4683 ἡμᾶς
2436 4613 2529 4665 καὶ
2560 4613 2620 4664 τὸ
2648 4612 2837 4665 δοκοῦν
2883 4607 3023 4665 εἶναι
3070 4614 3288 4681 τυχαῖον
3335 4613 3413 4674 εἰς
3441 4611 3539 4679 τὴν
3569 4610 3669 4679 τῆς
3703 4627 3841 4680 προ-

2256 4706 2514 4776 νοητικῆς
2547 4706 2891 4775 εἱμαρμένης
2924 4704 3232 4776 ὑπηρεσίαν
3261 4704 3427 4764 τελεῖ,
3469 4703 3611 4756 ὥστε
3655 4703 3836 4755 δοκεὶν

2259 4798 2359 4869 μὲν
2387 4800 2494 4850 ἀπὸ
2537 4799 2876 4866 ταύτομάτου
2924 4799 3153 4867 πάσχειν
3191 4797 3338 4867 ἡμᾶς
3371 4796 3467 4849 καὶ
3494 4797 3697 4866 ὁμοίως
3722 4797 3839 4858 τοῖς

2256 4893 2473 4959 ἀλόγοις
2508 4892 2688 4956 ζώοις,
2722 4885 2879 4944 τοῦτο
2916 4891 2972 4943 δὲ
3004 4892 3235 4960 πάσχειν
3283 4889 3412 4959 περί
3460 4906 3518 4941 τε
3555 4889 3716 4958 σῶμα
3743 4888 3841 4939 καὶ

2253 4986 2322 5038 τά
2358 4986 2538 5049 ἐκτὸς,
2572 4985 2601 5037 ὃ
2633 4988 2653 5015 θ
2757 4985 2951 5054 ἔφορος
2987 4983 3169 5053 κρίσις
3218 4982 3409 5052 ὥρισε.
3448 4983 3527 5052 Τῇ
3565 4982 3675 5051 γὰρ
3723 4981 3836 5032 τῶν

2254 5080 2383 5150 περὶ
2418 5080 2564 5150 ἡμᾶς
2601 5080 2643 5110 ¹⁰
2672 5080 2918 5131 ἐπιτάσει
2962 5095 3019 5130 τε
3082 5078 3177 5129 καὶ
3217 5076 3399 5130 ἀνέσει
3443 5080 3536 5128 καὶ
3556 5079 3675 5139 ταῖς
3700 5092 3837 5129 παν-

568 5174 739 5236 τοίαις
782 5174 988 5226 τούτων
1041 5175 1369 5244 μεταϐολαῖς
1414 5176 1473 5229 τὸ
1513 5178 1860 5244 αὐτεξούσιον
1904 5180 2003 5248 τῆς
2045 5178 2226 5248 ψυχῆς
2275 5178 2703 5243 παιδαγωγεῖ-σαι
2764 5177 2899 5245 πρὸς
2951 5176 3229 5242 εὐταξίαν,
3296 5176 3493 5257 θᾶττον
3555 5177 3677 5246 μὲν,
3737 5174 3842 5237 ἐὰν

571 5268 931 5336 εὐγνωμόνως
963 5269 1291 5341 ὑποδέχηται
1320 5271 1390 5323 τὰ
1420 5273 1550 5342 περὶ
1613 5273 1785 5325 ταῦτα
1821 5272 2188 5341 συμϐαίνοντα
2216 5272 2386 5339 πάθη,
2433 5272 2491 5323 ἐν
2538 5270 2757 5332 πολλαῖς
2788 5270 2845 5322 δὲ
2896 5270 2991 5322 καὶ
3027 5271 3265 5342 μακραῖς
3295 5270 3493 5341 χρόνου
3539 5270 3830 5339 περιόδοις,

1828 5384 2062 5439 νΑιιιΑε
2119 5384 2411 5439 LECTION
2420 5384 2519 5439 ES.

661 5509 707 5541 9⁵
737 5511 813 5573 ώς
838 5542 908 5551 ——
932 5514 977 5544 9°
1006 5514 1362 5582 τεταγμένοις
1402 5514 1442 5565 Α
1474 5531 1486 5565 :
1515 5512 1611 5564 καὶ
1657 5512 1991 5579 τεταγμένου
2037 5528 2098 5582 ςί.

571 5577 616 5611 ’θ
643 5581 989 5650 ἀναιρετικόν
1020 5601 1080 5646 ς.
1151 5577 1521 5655 “¹“άνθρώπεια
1555 5600 1615 5645 ς.
1676 5586 1722 5655 γ’
1754 5577 2089 5655 εἱμαρμένη]

571 5665 655 5717 pr.
688 5653 752 5703 A.
852 5655 873 5683 ⁵
904 5653 977 5715 ὡς
1031 5671 1139 5705 om.
1171 5654 1233 5707 A.

2206 5510 2251 5540 9"
2290 5511 2383 5562 καὶ
2439 5521 2579 5578 post,
2624 5510 2790 5580 μηδὲν
2849 5510 2978 5565 add.
3009 5509 3076 5562 A.

2123 5583 2430 5650 εἱμαρμένη
2456 5583 2617 5649 μέρος
2657 5581 2773 5632 ὲστί
2807 5582 2867 5633 Α.
2926 5582 2947 5612 ³
2977 5580 3260 5647 γενέσεσιν
3292 5596 3350 5642 ς.

1332 5655 1354 5685 ⁸
1383 5654 1611 5715 ἐκείνοις
1670 5654 1711 5704 Β
1738 5672 1750 5705 :
1783 5654 1841 5703 ἐν
1889 5653 2120 5713 ἐκείνοις
2151 5670 2210 5715 ς.
2304 5653 2322 5683 ⁷

573 5722 736 5775 πάλιν
766 5724 1115 5795 ἀναιροῦνται
1154 5725 1211 5776 Β.
1291 5726 1311 5755 ⁹
1340 5724 1369 5777 ὃ
1401 5740 1510 5778 om.
1547 5721 1586 5775 Β
1625 5732 1679 5778 ct
1713 5738 1860 5778 corr.
1890 5725 1957 5786 A,
1988 5723 2079 5792 qui
2106 5739 2191 5792 pr.
2218 5738 2327 5779 om.
2361 5724 2415 5790 ἡ.

3192 5509 3237 5539 ³⁸
3279 5507 3368 5559 ἐπ’
3427 5508 3548 5574 ἴσης
3604 5523 3713 5559 oin.
3773 5504 3830 5558 Β.

3431 5578 3453 5607 ’⁸
3482 5578 3832 5644 τεταγμένων

2361 5642 2621 5718 πλείστης
2648 5651 2735 5702 A:
2780 5642 3031 5702 πλεῖστον
3083 5668 3143 5714 ς.
3253 5650 3274 5681 ⁸
3315 5648 3478 5702 πάλιν
3533 5642 3834 5719 αἱροῦνταιῖ

2498 5722 2540 5752 ¹⁰
2569 5722 2694 5791 περί
2725 5739 2785 5773 τε
2806 5724 2954 5791 ἡμᾶς
2979 5738 3039 5784 ς.
