  <div class='ocr_page' id='page_1' title='image "/cluster/home/n/w/nwhite01/storage/ocr_20150623/104/hvd.32044018872853/050.png"; bbox 0 0 4152 6422; ppageno 0'>
   <div class='ocr_carea' id='block_1_1' title="bbox 226 350 3505 462">
    <p class='ocr_par' dir='ltr' id='par_1_1' title="bbox 226 350 3505 462">
     <span class='ocr_line' id='line_1_1' title="bbox 226 350 3505 462; baseline 0.005 -18"><span class='ocrx_word' id='word_1_1' title='bbox 226 395 297 458; x_wconf 74' lang='grc' dir='ltr'>ετ,</span> <span class='ocrx_word' id='word_1_2' title='bbox 1372 392 1967 455; x_wconf 78' lang='lat' dir='ltr'><strong>BlBLIOTHECA.—-</strong></span> <span class='ocrx_word' id='word_1_3' title='bbox 2000 350 2167 453; x_wconf 64' lang='lat' dir='ltr'><strong>con.</strong></span> <span class='ocrx_word' id='word_1_4' title='bbox 2198 391 2385 454; x_wconf 90' lang='lat' dir='ltr'>CCLI.</span> <span class='ocrx_word' id='word_1_5' title='bbox 3434 397 3505 462; x_wconf 71' lang='lat' dir='ltr'><strong>eo</strong></span> 
     </span>
    </p>
   </div>
   <div class='ocr_carea' id='block_1_2' title="bbox 223 498 3504 581">
    <p class='ocr_par' dir='ltr' id='par_1_2' title="bbox 223 498 3504 581">
     <span class='ocr_line' id='line_1_2' title="bbox 223 498 3504 581; baseline 0.003 -27"><span class='ocrx_word' id='word_1_6' title='bbox 223 502 359 555; x_wconf 80' lang='grc' dir='ltr'>ὅταν</span> <span class='ocrx_word' id='word_1_7' title='bbox 390 498 618 570; x_wconf 76' lang='grc' dir='ltr'>ἰταμῶς</span> <span class='ocrx_word' id='word_1_8' title='bbox 647 500 743 552; x_wconf 73' lang='grc' dir='ltr'><strong>καὶ</strong></span> <span class='ocrx_word' id='word_1_9' title='bbox 769 499 1015 569; x_wconf 83' lang='grc' dir='ltr'><strong>ἀνοήτως</strong></span> <span class='ocrx_word' id='word_1_10' title='bbox 1045 502 1180 573; x_wconf 83' lang='grc' dir='ltr'>πρὸς</span> <span class='ocrx_word' id='word_1_11' title='bbox 1227 502 1367 555; x_wconf 87' lang='grc' dir='ltr'><strong>αὑτά</strong></span> <span class='ocrx_word' id='word_1_12' title='bbox 1439 504 1682 575; x_wconf 82' lang='grc' dir='ltr'>διατεθῇ.</span> <span class='ocrx_word' id='word_1_13' title='bbox 1752 506 1887 560; x_wconf 85' lang='grc' dir='ltr'>Τότε</span> <span class='ocrx_word' id='word_1_14' title='bbox 1927 506 2036 577; x_wconf 74' lang='grc' dir='ltr'>γὰρ</span> <span class='ocrx_word' id='word_1_15' title='bbox 2063 506 2217 571; x_wconf 81' lang='grc' dir='ltr'><strong>δίκας</strong></span> <span class='ocrx_word' id='word_1_16' title='bbox 2252 509 2350 579; x_wconf 79' lang='grc' dir='ltr'>μὲν</span> <span class='ocrx_word' id='word_1_17' title='bbox 2385 507 2579 578; x_wconf 78' lang='grc' dir='ltr'><strong>ὑπέχει</strong></span> <span class='ocrx_word' id='word_1_18' title='bbox 2631 509 2731 579; x_wconf 81' lang='grc' dir='ltr'>τῆς</span> <span class='ocrx_word' id='word_1_19' title='bbox 2784 510 3197 581; x_wconf 80' lang='grc' dir='ltr'><strong>ἀγνωμοσύνης,</strong></span> <span class='ocrx_word' id='word_1_20' title='bbox 3236 508 3390 565; x_wconf 76' lang='grc' dir='ltr'>οὐδὲν</span> <span class='ocrx_word' id='word_1_21' title='bbox 3443 513 3504 567; x_wconf 80' lang='grc' dir='ltr'>δὲ</span> 
     </span>
    </p>
   </div>
   <div class='ocr_carea' id='block_1_3' title="bbox 224 585 1547 665">
    <p class='ocr_par' dir='ltr' id='par_1_3' title="bbox 224 585 1547 665">
     <span class='ocr_line' id='line_1_3' title="bbox 224 585 1547 665; baseline 0.002 -17"><span class='ocrx_word' id='word_1_22' title='bbox 224 592 402 665; x_wconf 71' lang='grc' dir='ltr'>ἦττον</span> <span class='ocrx_word' id='word_1_23' title='bbox 428 593 506 645; x_wconf 79' lang='grc' dir='ltr'>δι’</span> <span class='ocrx_word' id='word_1_24' title='bbox 539 585 617 646; x_wconf 80' lang='grc' dir='ltr'>ὧν</span> <span class='ocrx_word' id='word_1_25' title='bbox 658 592 861 663; x_wconf 81' lang='grc' dir='ltr'>πάσχει</span> <span class='ocrx_word' id='word_1_26' title='bbox 885 594 1108 665; x_wconf 76' lang='grc' dir='ltr'>φέρεται</span> <span class='ocrx_word' id='word_1_27' title='bbox 1143 594 1281 665; x_wconf 82' lang='grc' dir='ltr'>πρὸς</span> <span class='ocrx_word' id='word_1_28' title='bbox 1324 596 1384 647; x_wconf 78' lang='grc' dir='ltr'><strong>τὸ</strong></span> <span class='ocrx_word' id='word_1_29' title='bbox 1408 595 1547 650; x_wconf 84' lang='grc' dir='ltr'>δέον.</span> 
     </span>
    </p>
   </div>
   <div class='ocr_carea' id='block_1_4' title="bbox 222 732 1820 802">
    <p class='ocr_par' dir='ltr' id='par_1_4' title="bbox 222 732 1820 802">
     <span class='ocr_line' id='line_1_4' title="bbox 222 732 1820 802; baseline 0 -17"><span class='ocrx_word' id='word_1_30' title='bbox 222 732 351 786; x_wconf 81' lang='grc' dir='ltr'>Ὅτι</span> <span class='ocrx_word' id='word_1_31' title='bbox 412 732 863 797; x_wconf 81' lang='grc' dir='ltr'>αὐτεξουσίους</span> <span class='ocrx_word' id='word_1_32' title='bbox 912 732 1035 800; x_wconf 80' lang='grc' dir='ltr'>ἔχει</span> <span class='ocrx_word' id='word_1_33' title='bbox 1078 732 1116 798; x_wconf 73' lang='grc' dir='ltr'><strong><em>ἡ</em></strong></span> <span class='ocrx_word' id='word_1_34' title='bbox 1150 733 1321 801; x_wconf 73' lang='grc' dir='ltr'>ψυχὴ</span> <span class='ocrx_word' id='word_1_35' title='bbox 1366 735 1472 799; x_wconf 81' lang='grc' dir='ltr'>τὰς</span> <span class='ocrx_word' id='word_1_36' title='bbox 1510 734 1820 802; x_wconf 74' lang='grc' dir='ltr'><strong>κινήσεις,</strong></span> 
     </span>
    </p>
   </div>
   <div class='ocr_carea' id='block_1_5' title="bbox 668 803 1408 871">
    <p class='ocr_par' dir='ltr' id='par_1_5' title="bbox 668 803 1408 871">
     <span class='ocr_line' id='line_1_5' title="bbox 668 803 1408 871; baseline 0.003 -17"><span class='ocrx_word' id='word_1_37' title='bbox 668 803 767 855; x_wconf 80' lang='grc' dir='ltr'>καὶ</span> <span class='ocrx_word' id='word_1_38' title='bbox 802 804 934 871; x_wconf 72' lang='grc' dir='ltr'>περὶ</span> <span class='ocrx_word' id='word_1_39' title='bbox 965 803 1072 870; x_wconf 82' lang='grc' dir='ltr'>τῆς</span> <span class='ocrx_word' id='word_1_40' title='bbox 1099 806 1408 871; x_wconf 79' lang='grc' dir='ltr'>Προνοίας,</span> 
     </span>
    </p>
   </div>
   <div class='ocr_carea' id='block_1_6' title="bbox 298 934 1827 1009">
    <p class='ocr_par' dir='ltr' id='par_1_6' title="bbox 298 934 1827 1009">
     <span class='ocr_line' id='line_1_6' title="bbox 298 934 1827 1009; baseline 0.001 -20"><span class='ocrx_word' id='word_1_41' title='bbox 298 936 431 989; x_wconf 87' lang='grc' dir='ltr'><strong>Ὅτι</strong></span> <span class='ocrx_word' id='word_1_42' title='bbox 474 938 513 1006; x_wconf 78' lang='grc' dir='ltr'><strong>ἡ</strong></span> <span class='ocrx_word' id='word_1_43' title='bbox 552 934 721 1007; x_wconf 70' lang='grc' dir='ltr'>ψυχὴ,</span> <span class='ocrx_word' id='word_1_44' title='bbox 760 938 947 1006; x_wconf 75' lang='grc' dir='ltr'>φησὶν,</span> <span class='ocrx_word' id='word_1_45' title='bbox 988 937 1088 991; x_wconf 91' lang='grc' dir='ltr'><strong>οὑκ</strong></span> <span class='ocrx_word' id='word_1_46' title='bbox 1140 937 1432 993; x_wconf 87' lang='grc' dir='ltr'>ἀνεύθυνον</span> <span class='ocrx_word' id='word_1_47' title='bbox 1479 937 1679 1009; x_wconf 80' lang='grc' dir='ltr'>ἔχουσα</span> <span class='ocrx_word' id='word_1_48' title='bbox 1727 938 1827 1008; x_wconf 84' lang='grc' dir='ltr'><strong>τῆς</strong></span> 
     </span>
    </p>
   </div>
   <div class='ocr_carea' id='block_1_7' title="bbox 229 1028 1829 1103">
    <p class='ocr_par' dir='ltr' id='par_1_7' title="bbox 229 1028 1829 1103">
     <span class='ocr_line' id='line_1_7' title="bbox 229 1028 1829 1103; baseline 0.001 -20"><span class='ocrx_word' id='word_1_49' title='bbox 229 1028 536 1083; x_wconf 76' lang='grc' dir='ltr'>ὁποιασοῦν</span> <span class='ocrx_word' id='word_1_50' title='bbox 562 1030 832 1100; x_wconf 84' lang='grc' dir='ltr'>αἱρέσεως</span> <span class='ocrx_word' id='word_1_51' title='bbox 875 1030 974 1100; x_wconf 85' lang='grc' dir='ltr'><strong>τὴν</strong></span> <span class='ocrx_word' id='word_1_52' title='bbox 1004 1032 1204 1101; x_wconf 81' lang='grc' dir='ltr'>ὁρμὴν,</span> <span class='ocrx_word' id='word_1_53' title='bbox 1232 1032 1326 1084; x_wconf 72' lang='grc' dir='ltr'>καὶ</span> <span class='ocrx_word' id='word_1_54' title='bbox 1369 1031 1475 1085; x_wconf 78' lang='grc' dir='ltr'><strong>ὑπὸ</strong></span> <span class='ocrx_word' id='word_1_55' title='bbox 1512 1032 1608 1086; x_wconf 88' lang='grc' dir='ltr'><strong>τοῦ</strong></span> <span class='ocrx_word' id='word_1_56' title='bbox 1655 1049 1829 1103; x_wconf 86' lang='grc' dir='ltr'>προσ-</span> 
     </span>
    </p>
   </div>
   <div class='ocr_carea' id='block_1_8' title="bbox 231 1126 1825 1198">
    <p class='ocr_par' dir='ltr' id='par_1_8' title="bbox 231 1126 1825 1198">
     <span class='ocr_line' id='line_1_8' title="bbox 231 1126 1825 1198; baseline -0.001 -17"><span class='ocrx_word' id='word_1_57' title='bbox 231 1127 391 1198; x_wconf 82' lang='grc' dir='ltr'>εχοῦς</span> <span class='ocrx_word' id='word_1_58' title='bbox 434 1129 757 1198; x_wconf 87' lang='grc' dir='ltr'>κρείττονος</span> <span class='ocrx_word' id='word_1_59' title='bbox 788 1126 983 1195; x_wconf 79' lang='grc' dir='ltr'><strong>γένους</strong></span> <span class='ocrx_word' id='word_1_60' title='bbox 1005 1128 1329 1191; x_wconf 76' lang='grc' dir='ltr'>ἐπιστασίας</span> <span class='ocrx_word' id='word_1_61' title='bbox 1364 1126 1633 1193; x_wconf 79' lang='grc' dir='ltr'>ἀξιοῦται,</span> <span class='ocrx_word' id='word_1_62' title='bbox 1666 1127 1825 1197; x_wconf 85' lang='grc' dir='ltr'>δίκης</span> 
     </span>
    </p>
   </div>
   <div class='ocr_carea' id='block_1_9' title="bbox 232 1218 1825 1290">
    <p class='ocr_par' dir='ltr' id='par_1_9' title="bbox 232 1218 1825 1290">
     <span class='ocr_line' id='line_1_9' title="bbox 232 1218 1825 1290; baseline -0.001 -17"><span class='ocrx_word' id='word_1_63' title='bbox 232 1221 326 1273; x_wconf 70' lang='grc' dir='ltr'><strong>καὶ</strong></span> <span class='ocrx_word' id='word_1_64' title='bbox 354 1220 698 1289; x_wconf 74' lang='grc' dir='ltr'>καθάρσεως</span> <span class='ocrx_word' id='word_1_65' title='bbox 727 1218 824 1271; x_wconf 77' lang='grc' dir='ltr'><strong>καὶ</strong></span> <span class='ocrx_word' id='word_1_66' title='bbox 870 1218 1144 1288; x_wconf 82' lang='grc' dir='ltr'><strong>τιμωρίας</strong></span> <span class='ocrx_word' id='word_1_67' title='bbox 1175 1220 1519 1287; x_wconf 80' lang='grc' dir='ltr'>τυγχάνουσα</span> <span class='ocrx_word' id='word_1_68' title='bbox 1545 1220 1633 1272; x_wconf 70' lang='grc' dir='ltr'><strong>ἀεὶ</strong></span> <span class='ocrx_word' id='word_1_69' title='bbox 1686 1220 1825 1290; x_wconf 76' lang='grc' dir='ltr'>πρὸς</span> 
     </span>
    </p>
   </div>
   <div class='ocr_carea' id='block_1_10' title="bbox 230 1308 1821 1381">
    <p class='ocr_par' dir='ltr' id='par_1_10' title="bbox 230 1308 1821 1381">
     <span class='ocr_line' id='line_1_10' title="bbox 230 1308 1821 1381; baseline 0.001 -18"><span class='ocrx_word' id='word_1_70' title='bbox 230 1310 329 1381; x_wconf 76' lang='grc' dir='ltr'>τὴν</span> <span class='ocrx_word' id='word_1_71' title='bbox 369 1309 542 1374; x_wconf 80' lang='grc' dir='ltr'>ἀξίαν</span> <span class='ocrx_word' id='word_1_72' title='bbox 570 1310 681 1361; x_wconf 85' lang='grc' dir='ltr'>τῶν</span> <span class='ocrx_word' id='word_1_73' title='bbox 712 1308 917 1377; x_wconf 79' lang='grc' dir='ltr'>ἑαυτῆς</span> <span class='ocrx_word' id='word_1_74' title='bbox 948 1309 1264 1362; x_wconf 77' lang='grc' dir='ltr'>διαθέσεων.</span> <span class='ocrx_word' id='word_1_75' title='bbox 1306 1312 1416 1363; x_wconf 76' lang='grc' dir='ltr'>Καὶ</span> <span class='ocrx_word' id='word_1_76' title='bbox 1441 1310 1501 1363; x_wconf 76' lang='grc' dir='ltr'><strong>τὸ</strong></span> <span class='ocrx_word' id='word_1_77' title='bbox 1563 1311 1660 1381; x_wconf 82' lang='grc' dir='ltr'><strong>μὲν</strong></span> <span class='ocrx_word' id='word_1_78' title='bbox 1700 1310 1821 1364; x_wconf 81' lang='grc' dir='ltr'>ἐλέ-</span> 
     </span>
    </p>
   </div>
   <div class='ocr_carea' id='block_1_11' title="bbox 240 1401 1827 1472">
    <p class='ocr_par' dir='ltr' id='par_1_11' title="bbox 240 1401 1827 1472">
     <span class='ocr_line' id='line_1_11' title="bbox 240 1401 1827 1472; baseline 0 -17"><span class='ocrx_word' id='word_1_79' title='bbox 240 1403 365 1455; x_wconf 85' lang='grc' dir='ltr'>σθαι</span> <span class='ocrx_word' id='word_1_80' title='bbox 396 1404 495 1454; x_wconf 75' lang='grc' dir='ltr'><strong>ἐπ’</strong></span> <span class='ocrx_word' id='word_1_81' title='bbox 530 1402 667 1471; x_wconf 81' lang='grc' dir='ltr'>αὑτῇ</span> <span class='ocrx_word' id='word_1_82' title='bbox 715 1402 916 1464; x_wconf 86' lang='grc' dir='ltr'>κεῖται,</span> <span class='ocrx_word' id='word_1_83' title='bbox 964 1401 1034 1453; x_wconf 86' lang='grc' dir='ltr'><strong>τά</strong></span> <span class='ocrx_word' id='word_1_84' title='bbox 1088 1401 1145 1453; x_wconf 85' lang='grc' dir='ltr'><strong>δὲ</strong></span> <span class='ocrx_word' id='word_1_85' title='bbox 1184 1402 1651 1472; x_wconf 81' lang='grc' dir='ltr'>ἐπισυμϐαίνοντα</span> <span class='ocrx_word' id='word_1_86' title='bbox 1705 1406 1827 1466; x_wconf 85' lang='grc' dir='ltr'>ταῖς</span> 
     </span>
    </p>
   </div>
   <div class='ocr_carea' id='block_1_12' title="bbox 235 1493 1828 1567">
    <p class='ocr_par' dir='ltr' id='par_1_12' title="bbox 235 1493 1828 1567">
     <span class='ocr_line' id='line_1_12' title="bbox 235 1493 1828 1567; baseline -0.001 -18"><span class='ocrx_word' id='word_1_87' title='bbox 235 1497 487 1566; x_wconf 80' lang='grc' dir='ltr'>αἱρέσεσι</span> <span class='ocrx_word' id='word_1_88' title='bbox 517 1497 586 1565; x_wconf 83' lang='grc' dir='ltr'>τῇ</span> <span class='ocrx_word' id='word_1_89' title='bbox 605 1494 704 1564; x_wconf 81' lang='grc' dir='ltr'>τῆς</span> <span class='ocrx_word' id='word_1_90' title='bbox 727 1493 986 1565; x_wconf 88' lang='grc' dir='ltr'>προνοίας</span> <span class='ocrx_word' id='word_1_91' title='bbox 1011 1493 1191 1563; x_wconf 88' lang='grc' dir='ltr'>κρίσει</span> <span class='ocrx_word' id='word_1_92' title='bbox 1219 1495 1472 1567; x_wconf 78' lang='grc' dir='ltr'>ὥρισται,</span> <span class='ocrx_word' id='word_1_93' title='bbox 1502 1495 1639 1565; x_wconf 81' lang='grc' dir='ltr'>πρὸς</span> <span class='ocrx_word' id='word_1_94' title='bbox 1671 1495 1828 1561; x_wconf 78' lang='grc' dir='ltr'>ἀξίαν</span> 
     </span>
    </p>
   </div>
   <div class='ocr_carea' id='block_1_13' title="bbox 238 1586 1827 1660">
    <p class='ocr_par' dir='ltr' id='par_1_13' title="bbox 238 1586 1827 1660">
     <span class='ocr_line' id='line_1_13' title="bbox 238 1586 1827 1660; baseline 0.001 -19"><span class='ocrx_word' id='word_1_95' title='bbox 238 1588 590 1660; x_wconf 69' lang='grc' dir='ltr'>ἀμειϐομένη</span> <span class='ocrx_word' id='word_1_96' title='bbox 632 1586 731 1650; x_wconf 84' lang='grc' dir='ltr'><strong>τάς</strong></span> <span class='ocrx_word' id='word_1_97' title='bbox 763 1586 1002 1657; x_wconf 76' lang='grc' dir='ltr'>ψυχικὰς</span> <span class='ocrx_word' id='word_1_98' title='bbox 1031 1587 1327 1651; x_wconf 86' lang='grc' dir='ltr'>διαθέσεις.</span> <span class='ocrx_word' id='word_1_99' title='bbox 1362 1587 1479 1641; x_wconf 79' lang='grc' dir='ltr'>Καὶ</span> <span class='ocrx_word' id='word_1_100' title='bbox 1515 1587 1688 1652; x_wconf 82' lang='grc' dir='ltr'>οὑτως</span> <span class='ocrx_word' id='word_1_101' title='bbox 1740 1590 1827 1642; x_wconf 62' lang='lat' dir='ltr'><strong>aio</strong></span> 
     </span>
    </p>
   </div>
   <div class='ocr_carea' id='block_1_14' title="bbox 244 1674 1829 1747">
    <p class='ocr_par' dir='ltr' id='par_1_14' title="bbox 244 1674 1829 1747">
     <span class='ocr_line' id='line_1_14' title="bbox 244 1674 1829 1747; baseline 0.002 -19"><span class='ocrx_word' id='word_1_102' title='bbox 244 1677 457 1746; x_wconf 79' lang='grc' dir='ltr'>ρείσθαί</span> <span class='ocrx_word' id='word_1_103' title='bbox 499 1677 539 1708; x_wconf 79' lang='grc'>¹¹</span> <span class='ocrx_word' id='word_1_104' title='bbox 568 1692 628 1727; x_wconf 86' lang='grc' dir='ltr'><strong>τε</strong></span> <span class='ocrx_word' id='word_1_105' title='bbox 657 1675 777 1745; x_wconf 77' lang='grc' dir='ltr'><strong>ἅμα</strong></span> <span class='ocrx_word' id='word_1_106' title='bbox 804 1674 902 1728; x_wconf 75' lang='grc' dir='ltr'>καὶ</span> <span class='ocrx_word' id='word_1_107' title='bbox 933 1674 1263 1747; x_wconf 84' lang='grc' dir='ltr'>κληροῦσθαι</span> <span class='ocrx_word' id='word_1_108' title='bbox 1285 1678 1377 1729; x_wconf 83' lang='grc' dir='ltr'><strong>τὸν</strong></span> <span class='ocrx_word' id='word_1_109' title='bbox 1405 1676 1568 1730; x_wconf 78' lang='grc' dir='ltr'>αὑτὸν</span> <span class='ocrx_word' id='word_1_110' title='bbox 1603 1678 1717 1747; x_wconf 88' lang='grc' dir='ltr'>βίον</span> <span class='ocrx_word' id='word_1_111' title='bbox 1734 1678 1829 1731; x_wconf 89' lang='grc' dir='ltr'>λε-</span> 
     </span>
    </p>
   </div>
   <div class='ocr_carea' id='block_1_15' title="bbox 242 1766 1829 1840">
    <p class='ocr_par' dir='ltr' id='par_1_15' title="bbox 242 1766 1829 1840">
     <span class='ocr_line' id='line_1_15' title="bbox 242 1766 1829 1840; baseline 0.001 -19"><span class='ocrx_word' id='word_1_112' title='bbox 242 1769 476 1839; x_wconf 80' lang='grc' dir='ltr'>γὸμεθα.</span> <span class='ocrx_word' id='word_1_113' title='bbox 522 1767 589 1822; x_wconf 85' lang='grc' dir='ltr'><strong>Ἡ</strong></span> <span class='ocrx_word' id='word_1_114' title='bbox 619 1766 728 1840; x_wconf 89' lang='grc' dir='ltr'><strong>γάρ</strong></span> <span class='ocrx_word' id='word_1_115' title='bbox 776 1768 873 1821; x_wconf 74' lang='grc' dir='ltr'>ἐπὶ</span> <span class='ocrx_word' id='word_1_116' title='bbox 914 1769 1027 1831; x_wconf 86' lang='grc' dir='ltr'>τοῖς</span> <span class='ocrx_word' id='word_1_117' title='bbox 1073 1767 1459 1838; x_wconf 81' lang='grc' dir='ltr'>εἰργασμένοις</span> <span class='ocrx_word' id='word_1_118' title='bbox 1504 1770 1636 1839; x_wconf 74' lang='grc' dir='ltr'>ἡμῖν</span> <span class='ocrx_word' id='word_1_119' title='bbox 1669 1786 1829 1823; x_wconf 87' lang='grc' dir='ltr'>τετα-</span> 
     </span>
    </p>
   </div>
   <div class='ocr_carea' id='block_1_16' title="bbox 244 1856 1828 1931">
    <p class='ocr_par' dir='ltr' id='par_1_16' title="bbox 244 1856 1828 1931">
     <span class='ocr_line' id='line_1_16' title="bbox 244 1856 1828 1931; baseline 0.001 -18"><span class='ocrx_word' id='word_1_120' title='bbox 244 1856 418 1931; x_wconf 66' lang='grc' dir='ltr'>γμένη</span> <span class='ocrx_word' id='word_1_121' title='bbox 454 1860 662 1930; x_wconf 79' lang='grc' dir='ltr'>ἀμοιϐὴ</span> <span class='ocrx_word' id='word_1_122' title='bbox 690 1861 783 1913; x_wconf 73' lang='grc' dir='ltr'><strong>καὶ</strong></span> <span class='ocrx_word' id='word_1_123' title='bbox 808 1859 907 1929; x_wconf 85' lang='grc' dir='ltr'>τὴν</span> <span class='ocrx_word' id='word_1_124' title='bbox 941 1857 1285 1924; x_wconf 79' lang='grc' dir='ltr'>αὐτεξούσιον</span> <span class='ocrx_word' id='word_1_125' title='bbox 1309 1860 1524 1931; x_wconf 86' lang='grc' dir='ltr'>κίνησιν</span> <span class='ocrx_word' id='word_1_126' title='bbox 1556 1861 1596 1893; x_wconf 85' lang='grc'><strong>¹¹</strong></span> <span class='ocrx_word' id='word_1_127' title='bbox 1621 1862 1828 1931; x_wconf 76' lang='grc' dir='ltr'>καὶτὴν</span> 
     </span>
    </p>
   </div>
   <div class='ocr_carea' id='block_1_17' title="bbox 248 1949 1828 2022">
    <p class='ocr_par' dir='ltr' id='par_1_17' title="bbox 248 1949 1828 2022">
     <span class='ocr_line' id='line_1_17' title="bbox 248 1949 1828 2022; baseline 0 -18"><span class='ocrx_word' id='word_1_128' title='bbox 248 1953 395 2005; x_wconf 87' lang='grc' dir='ltr'>θείαν</span> <span class='ocrx_word' id='word_1_129' title='bbox 426 1950 752 2005; x_wconf 75' lang='grc' dir='ltr'>ἐπιστασίαν</span> <span class='ocrx_word' id='word_1_130' title='bbox 774 1950 1047 2019; x_wconf 77' lang='grc' dir='ltr'>ἐκφαίνει,</span> <span class='ocrx_word' id='word_1_131' title='bbox 1078 1949 1214 2003; x_wconf 85' lang='grc' dir='ltr'>ὥστε</span> <span class='ocrx_word' id='word_1_132' title='bbox 1243 1950 1337 2003; x_wconf 78' lang='grc' dir='ltr'>ἀπ’</span> <span class='ocrx_word' id='word_1_133' title='bbox 1365 1952 1540 2022; x_wconf 80' lang='grc' dir='ltr'>ἀρχῆς</span> <span class='ocrx_word' id='word_1_134' title='bbox 1576 1952 1657 2015; x_wconf 87' lang='grc' dir='ltr'><strong>είς</strong></span> <span class='ocrx_word' id='word_1_135' title='bbox 1674 1953 1828 2015; x_wconf 83' lang='grc' dir='ltr'>τέλος</span> 
     </span>
    </p>
   </div>
   <div class='ocr_carea' id='block_1_18' title="bbox 2001 738 3431 799">
    <p class='ocr_par' dir='ltr' id='par_1_18' title="bbox 2001 738 3431 799">
     <span class='ocr_line' id='line_1_18' title="bbox 2001 738 3431 799; baseline 0.002 -6"><span class='ocrx_word' id='word_1_136' title='bbox 2001 739 2241 793; x_wconf 78' lang='lat' dir='ltr'><strong>Animam</strong></span> <span class='ocrx_word' id='word_1_137' title='bbox 2266 738 2454 793; x_wconf 76' lang='lat' dir='ltr'><strong>liberos</strong></span> <span class='ocrx_word' id='word_1_138' title='bbox 2476 738 2663 791; x_wconf 78' lang='lat' dir='ltr'><strong>habere</strong></span> <span class='ocrx_word' id='word_1_139' title='bbox 2689 750 2886 799; x_wconf 82' lang='lat' dir='ltr'><strong>motus.</strong></span> <span class='ocrx_word' id='word_1_140' title='bbox 2907 739 3031 793; x_wconf 76' lang='lat' dir='ltr'><strong>etde</strong></span> <span class='ocrx_word' id='word_1_141' title='bbox 3064 740 3431 797; x_wconf 78' lang='lat' dir='ltr'><strong>Providentia.</strong></span> 
     </span>
    </p>
   </div>
   <div class='ocr_carea' id='block_1_19' title="bbox 2000 942 3509 1014">
    <p class='ocr_par' dir='ltr' id='par_1_19' title="bbox 2000 942 3509 1014">
     <span class='ocr_line' id='line_1_19' title="bbox 2000 942 3509 1014; baseline 0.003 -16"><span class='ocrx_word' id='word_1_142' title='bbox 2000 944 2133 998; x_wconf 89' lang='lat' dir='ltr'><strong>Cum</strong></span> <span class='ocrx_word' id='word_1_143' title='bbox 2171 943 2373 1008; x_wconf 89' lang='lat' dir='ltr'><strong>anima,</strong></span> <span class='ocrx_word' id='word_1_144' title='bbox 2402 943 2598 1013; x_wconf 81' lang='lat' dir='ltr'><strong>inquit,</strong></span> <span class='ocrx_word' id='word_1_145' title='bbox 2637 942 3067 1014; x_wconf 89' lang='lat' dir='ltr'><strong>quibuseunque</strong></span> <span class='ocrx_word' id='word_1_146' title='bbox 3110 945 3162 999; x_wconf 90' lang='lat' dir='ltr'><strong>in</strong></span> <span class='ocrx_word' id='word_1_147' title='bbox 3195 947 3509 1002; x_wconf 90' lang='lat' dir='ltr'><strong>actionibus</strong></span> 
     </span>
    </p>
   </div>
   <div class='ocr_carea' id='block_1_20' title="bbox 1929 1035 3507 1110">
    <p class='ocr_par' dir='ltr' id='par_1_20' title="bbox 1929 1035 3507 1110">
     <span class='ocr_line' id='line_1_20' title="bbox 1929 1035 3507 1110; baseline 0.003 -20"><span class='ocrx_word' id='word_1_148' title='bbox 1929 1035 2116 1091; x_wconf 84' lang='lat' dir='ltr'><strong>liberis</strong></span> <span class='ocrx_word' id='word_1_149' title='bbox 2152 1037 2382 1091; x_wconf 89' lang='lat' dir='ltr'><strong>crimine</strong></span> <span class='ocrx_word' id='word_1_150' title='bbox 2440 1053 2545 1090; x_wconf 90' lang='lat' dir='ltr'><strong>non</strong></span> <span class='ocrx_word' id='word_1_151' title='bbox 2603 1046 2774 1103; x_wconf 88' lang='lat' dir='ltr'><strong>vacet,</strong></span> <span class='ocrx_word' id='word_1_152' title='bbox 2806 1048 2859 1091; x_wconf 92' lang='lat' dir='ltr'><strong>et</strong></span> <span class='ocrx_word' id='word_1_153' title='bbox 2888 1038 3049 1108; x_wconf 81' lang='lat' dir='ltr'><strong>digna</strong></span> <span class='ocrx_word' id='word_1_154' title='bbox 3097 1040 3165 1093; x_wconf 90' lang='lat' dir='ltr'><strong>sit</strong></span> <span class='ocrx_word' id='word_1_155' title='bbox 3195 1055 3317 1110; x_wconf 71' lang='lat' dir='ltr'><strong>quae</strong></span> <span class='ocrx_word' id='word_1_156' title='bbox 3344 1056 3373 1094; x_wconf 88' lang='lat' dir='ltr'><strong>a</strong></span> <span class='ocrx_word' id='word_1_157' title='bbox 3409 1056 3507 1110; x_wconf 91' lang='lat' dir='ltr'><strong>po-</strong></span> 
     </span>
    </p>
   </div>
   <div class='ocr_carea' id='block_1_21' title="bbox 1932 1126 3508 1199">
    <p class='ocr_par' dir='ltr' id='par_1_21' title="bbox 1932 1126 3508 1199">
     <span class='ocr_line' id='line_1_21' title="bbox 1932 1126 3508 1199; baseline 0.001 -20"><span class='ocrx_word' id='word_1_158' title='bbox 1932 1136 2129 1180; x_wconf 77' lang='lat' dir='ltr'><strong>testate</strong></span> <span class='ocrx_word' id='word_1_159' title='bbox 2173 1126 2495 1180; x_wconf 84' lang='lat' dir='ltr'><strong>sublimiore</strong></span> <span class='ocrx_word' id='word_1_160' title='bbox 2542 1127 2895 1181; x_wconf 80' lang='lat' dir='ltr'><strong>continenter</strong></span> <span class='ocrx_word' id='word_1_161' title='bbox 2966 1137 3207 1199; x_wconf 83' lang='lat' dir='ltr'><strong>regatur,</strong></span> <span class='ocrx_word' id='word_1_162' title='bbox 3261 1144 3508 1197; x_wconf 60' lang='lat' dir='ltr'><strong>pugnam,</strong></span> 
     </span>
    </p>
   </div>
   <div class='ocr_carea' id='block_1_22' title="bbox 1929 1219 3512 1291">
    <p class='ocr_par' dir='ltr' id='par_1_22' title="bbox 1929 1219 3512 1291">
     <span class='ocr_line' id='line_1_22' title="bbox 1929 1219 3512 1291; baseline 0 -18"><span class='ocrx_word' id='word_1_163' title='bbox 1929 1219 2331 1289; x_wconf 79' lang='lat' dir='ltr'><strong>purgationem,</strong></span> <span class='ocrx_word' id='word_1_164' title='bbox 2364 1230 2525 1287; x_wconf 88' lang='lat' dir='ltr'><strong>atque</strong></span> <span class='ocrx_word' id='word_1_165' title='bbox 2562 1220 2888 1289; x_wconf 90' lang='lat' dir='ltr'><strong>supplicium</strong></span> <span class='ocrx_word' id='word_1_166' title='bbox 2943 1236 3042 1289; x_wconf 88' lang='lat' dir='ltr'><strong>pro</strong></span> <span class='ocrx_word' id='word_1_167' title='bbox 3100 1221 3311 1276; x_wconf 91' lang='lat' dir='ltr'><strong>meritis</strong></span> <span class='ocrx_word' id='word_1_168' title='bbox 3335 1220 3512 1291; x_wconf 88' lang='lat' dir='ltr'><strong>adipi-</strong></span> 
     </span>
    </p>
   </div>
   <div class='ocr_carea' id='block_1_23' title="bbox 1931 1310 3515 1383">
    <p class='ocr_par' dir='ltr' id='par_1_23' title="bbox 1931 1310 3515 1383">
     <span class='ocr_line' id='line_1_23' title="bbox 1931 1310 3515 1383; baseline 0.001 -18"><span class='ocrx_word' id='word_1_169' title='bbox 1931 1312 2121 1365; x_wconf 81' lang='lat' dir='ltr'><strong>scitur.</strong></span> <span class='ocrx_word' id='word_1_170' title='bbox 2164 1311 2325 1380; x_wconf 83' lang='lat' dir='ltr'><strong>Atqui</strong></span> <span class='ocrx_word' id='word_1_171' title='bbox 2381 1310 2546 1365; x_wconf 88' lang='lat' dir='ltr'><strong>libera</strong></span> <span class='ocrx_word' id='word_1_172' title='bbox 2592 1311 2783 1365; x_wconf 83' lang='lat' dir='ltr'><strong>electio</strong></span> <span class='ocrx_word' id='word_1_173' title='bbox 2812 1313 2879 1366; x_wconf 91' lang='lat' dir='ltr'><strong>ab</strong></span> <span class='ocrx_word' id='word_1_174' title='bbox 2901 1328 2961 1365; x_wconf 86' lang='lat' dir='ltr'><strong>ea</strong></span> <span class='ocrx_word' id='word_1_175' title='bbox 2992 1313 3208 1382; x_wconf 85' lang='lat' dir='ltr'><strong>pendet,</strong></span> <span class='ocrx_word' id='word_1_176' title='bbox 3241 1329 3361 1383; x_wconf 71' lang='lat' dir='ltr'><strong>qua:</strong></span> <span class='ocrx_word' id='word_1_177' title='bbox 3387 1329 3515 1367; x_wconf 88' lang='lat' dir='ltr'><strong>vero</strong></span> 
     </span>
    </p>
   </div>
   <div class='ocr_carea' id='block_1_24' title="bbox 1931 1400 3514 1473">
    <p class='ocr_par' dir='ltr' id='par_1_24' title="bbox 1931 1400 3514 1473">
     <span class='ocr_line' id='line_1_24' title="bbox 1931 1400 3514 1473; baseline 0.002 -19"><span class='ocrx_word' id='word_1_178' title='bbox 1931 1400 2117 1455; x_wconf 88' lang='lat' dir='ltr'><strong>liberis</strong></span> <span class='ocrx_word' id='word_1_179' title='bbox 2148 1402 2469 1463; x_wconf 69' lang='lat' dir='ltr'><strong>contingunt</strong></span> <span class='ocrx_word' id='word_1_180' title='bbox 2524 1402 2853 1467; x_wconf 76' lang='lat' dir='ltr'><strong>actionibus,</strong></span> <span class='ocrx_word' id='word_1_181' title='bbox 2909 1403 3265 1470; x_wconf 74' lang='lat' dir='ltr'><strong>providentia:</strong></span> <span class='ocrx_word' id='word_1_182' title='bbox 3304 1404 3514 1473; x_wconf 89' lang='lat' dir='ltr'><strong>judicio</strong></span> 
     </span>
    </p>
   </div>
   <div class='ocr_carea' id='block_1_25' title="bbox 1931 1490 3515 1563">
    <p class='ocr_par' dir='ltr' id='par_1_25' title="bbox 1931 1490 3515 1563">
     <span class='ocr_line' id='line_1_25' title="bbox 1931 1490 3515 1563; baseline 0.003 -17"><span class='ocrx_word' id='word_1_183' title='bbox 1931 1490 2158 1546; x_wconf 65' lang='lat' dir='ltr'><strong>allectus</strong></span> <span class='ocrx_word' id='word_1_184' title='bbox 2214 1491 2378 1545; x_wconf 90' lang='lat' dir='ltr'><strong>animi</strong></span> <span class='ocrx_word' id='word_1_185' title='bbox 2433 1506 2531 1561; x_wconf 91' lang='lat' dir='ltr'><strong>pro</strong></span> <span class='ocrx_word' id='word_1_186' title='bbox 2580 1492 2790 1547; x_wconf 89' lang='lat' dir='ltr'><strong>meritis</strong></span> <span class='ocrx_word' id='word_1_187' title='bbox 2845 1505 3250 1563; x_wconf 91' lang='lat' dir='ltr'><strong>compensante.</strong></span> <span class='ocrx_word' id='word_1_188' title='bbox 3294 1496 3515 1550; x_wconf 82' lang='lat' dir='ltr'><strong>deﬁnita</strong></span> 
     </span>
    </p>
   </div>
   <div class='ocr_carea' id='block_1_26' title="bbox 1930 1580 3514 1655">
    <p class='ocr_par' dir='ltr' id='par_1_26' title="bbox 1930 1580 3514 1655">
     <span class='ocr_line' id='line_1_26' title="bbox 1930 1580 3514 1655; baseline 0.003 -20"><span class='ocrx_word' id='word_1_189' title='bbox 1930 1591 2058 1635; x_wconf 90' lang='lat' dir='ltr'><strong>sunt</strong></span> <span class='ocrx_word' id='word_1_190' title='bbox 2087 1598 2100 1633; x_wconf 92' lang='lat'><strong>:</strong></span> <span class='ocrx_word' id='word_1_191' title='bbox 2124 1590 2177 1635; x_wconf 90' lang='lat' dir='ltr'><strong>et</strong></span> <span class='ocrx_word' id='word_1_192' title='bbox 2205 1580 2283 1635; x_wconf 81' lang='lat' dir='ltr'><strong>sic</strong></span> <span class='ocrx_word' id='word_1_193' title='bbox 2314 1581 2534 1650; x_wconf 81' lang='lat' dir='ltr'><strong>eligere,</strong></span> <span class='ocrx_word' id='word_1_194' title='bbox 2560 1590 2725 1652; x_wconf 89' lang='lat' dir='ltr'><strong>atque</strong></span> <span class='ocrx_word' id='word_1_195' title='bbox 2754 1598 2860 1636; x_wconf 90' lang='lat' dir='ltr'><strong>una</strong></span> <span class='ocrx_word' id='word_1_196' title='bbox 2885 1584 3061 1638; x_wconf 87' lang='lat' dir='ltr'><strong>sortiti</strong></span> <span class='ocrx_word' id='word_1_197' title='bbox 3092 1584 3305 1639; x_wconf 81' lang='lat' dir='ltr'><strong>vivendi</strong></span> <span class='ocrx_word' id='word_1_198' title='bbox 3340 1601 3514 1655; x_wconf 80' lang='lat' dir='ltr'><strong>genus</strong></span> 
     </span>
    </p>
   </div>
   <div class='ocr_carea' id='block_1_27' title="bbox 1929 1673 3515 1743">
    <p class='ocr_par' dir='ltr' id='par_1_27' title="bbox 1929 1673 3515 1743">
     <span class='ocr_line' id='line_1_27' title="bbox 1929 1673 3515 1743; baseline 0.001 -16"><span class='ocrx_word' id='word_1_199' title='bbox 1929 1673 2184 1727; x_wconf 82' lang='lat' dir='ltr'><strong>dicimur.</strong></span> <span class='ocrx_word' id='word_1_200' title='bbox 2225 1674 2607 1743; x_wconf 86' lang='lat' dir='ltr'><strong>Compensatio</strong></span> <span class='ocrx_word' id='word_1_201' title='bbox 2652 1684 2833 1729; x_wconf 90' lang='lat' dir='ltr'><strong>autem</strong></span> <span class='ocrx_word' id='word_1_202' title='bbox 2886 1675 3093 1731; x_wconf 89' lang='lat' dir='ltr'><strong>meritis</strong></span> <span class='ocrx_word' id='word_1_203' title='bbox 3140 1676 3344 1731; x_wconf 90' lang='lat' dir='ltr'><strong>nostris</strong></span> <span class='ocrx_word' id='word_1_204' title='bbox 3375 1676 3515 1730; x_wconf 82' lang='lat' dir='ltr'><strong>deli-</strong></span> 
     </span>
    </p>
   </div>
   <div class='ocr_carea' id='block_1_28' title="bbox 1931 1764 3515 1838">
    <p class='ocr_par' dir='ltr' id='par_1_28' title="bbox 1931 1764 3515 1838">
     <span class='ocr_line' id='line_1_28' title="bbox 1931 1764 3515 1838; baseline 0 -20"><span class='ocrx_word' id='word_1_205' title='bbox 1931 1765 2065 1832; x_wconf 80' lang='lat' dir='ltr'><strong>nita,</strong></span> <span class='ocrx_word' id='word_1_206' title='bbox 2097 1764 2334 1820; x_wconf 86' lang='lat' dir='ltr'><strong>divinam</strong></span> <span class='ocrx_word' id='word_1_207' title='bbox 2367 1766 2605 1820; x_wconf 88' lang='lat' dir='ltr'><strong>ostendit</strong></span> <span class='ocrx_word' id='word_1_208' title='bbox 2636 1766 3058 1836; x_wconf 81' lang='lat' dir='ltr'><strong>providentiam.</strong></span> <span class='ocrx_word' id='word_1_209' title='bbox 3090 1765 3278 1838; x_wconf 87' lang='lat' dir='ltr'><strong>Itaque</strong></span> <span class='ocrx_word' id='word_1_210' title='bbox 3302 1767 3372 1821; x_wconf 88' lang='lat' dir='ltr'><strong>ab</strong></span> <span class='ocrx_word' id='word_1_211' title='bbox 3408 1766 3515 1820; x_wconf 85' lang='lat' dir='ltr'><strong>ini-</strong></span> 
     </span>
    </p>
   </div>
   <div class='ocr_carea' id='block_1_29' title="bbox 1930 1857 3525 1930">
    <p class='ocr_par' dir='ltr' id='par_1_29' title="bbox 1930 1857 3525 1930">
     <span class='ocr_line' id='line_1_29' title="bbox 1930 1857 3525 1930; baseline 0.002 -19"><span class='ocrx_word' id='word_1_212' title='bbox 1930 1858 2006 1911; x_wconf 87' lang='lat' dir='ltr'><strong>tio</strong></span> <span class='ocrx_word' id='word_1_213' title='bbox 2027 1858 2094 1911; x_wconf 88' lang='lat' dir='ltr'><strong>ad</strong></span> <span class='ocrx_word' id='word_1_214' title='bbox 2129 1866 2429 1912; x_wconf 83' lang='lat' dir='ltr'><strong>extremum</strong></span> <span class='ocrx_word' id='word_1_215' title='bbox 2456 1874 2649 1924; x_wconf 89' lang='lat' dir='ltr'><strong>usque,</strong></span> <span class='ocrx_word' id='word_1_216' title='bbox 2667 1857 2860 1930; x_wconf 65' lang='grc'><strong>4631)</strong></span> <span class='ocrx_word' id='word_1_217' title='bbox 2902 1860 3102 1915; x_wconf 84' lang='lat' dir='ltr'><strong>liberos</strong></span> <span class='ocrx_word' id='word_1_218' title='bbox 3140 1860 3306 1913; x_wconf 90' lang='lat' dir='ltr'><strong>animi</strong></span> <span class='ocrx_word' id='word_1_219' title='bbox 3334 1868 3525 1914; x_wconf 83' lang='lat' dir='ltr'><strong>motus</strong></span> 
     </span>
    </p>
   </div>
   <div class='ocr_carea' id='block_1_30' title="bbox 1932 1950 3516 2022">
    <p class='ocr_par' dir='ltr' id='par_1_30' title="bbox 1932 1950 3516 2022">
     <span class='ocr_line' id='line_1_30' title="bbox 1932 1950 3516 2022; baseline 0.003 -19"><span class='ocrx_word' id='word_1_220' title='bbox 1932 1950 2219 2014; x_wconf 86' lang='lat' dir='ltr'><strong>habemus,</strong></span> <span class='ocrx_word' id='word_1_221' title='bbox 2248 1950 2339 2004; x_wconf 86' lang='lat' dir='ltr'><strong>alii</strong></span> <span class='ocrx_word' id='word_1_222' title='bbox 2376 1950 2497 2019; x_wconf 89' lang='lat' dir='ltr'><strong>plus</strong></span> <span class='ocrx_word' id='word_1_223' title='bbox 2519 1951 2759 2018; x_wconf 81' lang='lat' dir='ltr'><strong>quidem,</strong></span> <span class='ocrx_word' id='word_1_224' title='bbox 2786 1952 2977 2007; x_wconf 87' lang='lat' dir='ltr'><strong>minus.</strong></span> <span class='ocrx_word' id='word_1_225' title='bbox 3004 1952 3130 2017; x_wconf 88' lang='lat' dir='ltr'><strong>alii;</strong></span> <span class='ocrx_word' id='word_1_226' title='bbox 3162 1968 3262 2008; x_wconf 89' lang='lat' dir='ltr'><strong>nec</strong></span> <span class='ocrx_word' id='word_1_227' title='bbox 3287 1952 3390 2022; x_wconf 87' lang='lat' dir='ltr'><strong>ipsi</strong></span> <span class='ocrx_word' id='word_1_228' title='bbox 3436 1953 3516 2009; x_wconf 87' lang='lat' dir='ltr'><strong>si-</strong></span> 
     </span>
    </p>
   </div>
   <div class='ocr_carea' id='block_1_31' title="bbox 248 2042 1837 2115">
    <p class='ocr_par' dir='ltr' id='par_1_31' title="bbox 248 2043 1831 2115">
     <span class='ocr_line' id='line_1_31' title="bbox 248 2043 1831 2115; baseline 0.001 -18"><span class='ocrx_word' id='word_1_229' title='bbox 248 2043 631 2107; x_wconf 74' lang='grc' dir='ltr'>αὑτεξουσίους</span> <span class='ocrx_word' id='word_1_230' title='bbox 668 2043 769 2113; x_wconf 85' lang='grc' dir='ltr'>μὲν</span> <span class='ocrx_word' id='word_1_231' title='bbox 802 2043 950 2113; x_wconf 81' lang='grc' dir='ltr'>ἔχειν</span> <span class='ocrx_word' id='word_1_232' title='bbox 994 2044 1143 2112; x_wconf 80' lang='grc' dir='ltr'>ἡμᾶς</span> <span class='ocrx_word' id='word_1_233' title='bbox 1198 2045 1298 2107; x_wconf 84' lang='grc' dir='ltr'>τὰς</span> <span class='ocrx_word' id='word_1_234' title='bbox 1347 2045 1609 2115; x_wconf 82' lang='grc' dir='ltr'>κινήσεις,</span> <span class='ocrx_word' id='word_1_235' title='bbox 1636 2046 1686 2099; x_wconf 79' lang='grc' dir='ltr'>εἰ</span> <span class='ocrx_word' id='word_1_236' title='bbox 1736 2046 1831 2098; x_wconf 77' lang='grc' dir='ltr'>καὶ</span> 
     </span>
    </p>
   </div>
   <div class='ocr_carea' id='block_1_32' title="bbox 1942 2042 3512 2115">
    <p class='ocr_par' dir='ltr' id='par_1_32' title="bbox 1942 2042 3512 2112">
     <span class='ocr_line' id='line_1_32' title="bbox 1942 2042 3512 2112; baseline 0.002 -15"><span class='ocrx_word' id='word_1_237' title='bbox 1942 2043 2134 2097; x_wconf 91' lang='lat' dir='ltr'><strong>militer</strong></span> <span class='ocrx_word' id='word_1_238' title='bbox 2165 2058 2379 2112; x_wconf 85' lang='lat' dir='ltr'><strong>semper</strong></span> <span class='ocrx_word' id='word_1_239' title='bbox 2410 2043 2461 2095; x_wconf 92' lang='lat' dir='ltr'><strong>in</strong></span> <span class='ocrx_word' id='word_1_240' title='bbox 2496 2042 2653 2097; x_wconf 88' lang='lat' dir='ltr'><strong>nobis</strong></span> <span class='ocrx_word' id='word_1_241' title='bbox 2677 2043 2824 2097; x_wconf 89' lang='lat' dir='ltr'><strong>illam</strong></span> <span class='ocrx_word' id='word_1_242' title='bbox 2852 2043 3159 2099; x_wconf 87' lang='lat' dir='ltr'><strong>libertatem</strong></span> <span class='ocrx_word' id='word_1_243' title='bbox 3203 2060 3512 2109; x_wconf 88' lang='lat' dir='ltr'><strong>servamus,</strong></span> 
     </span>
    </p>
   </div>
   <div class='ocr_carea' id='block_1_33' title="bbox 253 2127 1829 2206">
    <p class='ocr_par' dir='ltr' id='par_1_33' title="bbox 253 2127 1829 2206">
     <span class='ocr_line' id='line_1_33' title="bbox 253 2127 1829 2206; baseline 0.001 -19"><span class='ocrx_word' id='word_1_244' title='bbox 253 2134 398 2187; x_wconf 78' lang='grc' dir='ltr'>ἄλλοι</span> <span class='ocrx_word' id='word_1_245' title='bbox 448 2132 623 2187; x_wconf 79' lang='grc' dir='ltr'>ἄλλων</span> <span class='ocrx_word' id='word_1_246' title='bbox 681 2131 886 2201; x_wconf 79' lang='grc' dir='ltr'>μᾶλλον</span> <span class='ocrx_word' id='word_1_247' title='bbox 923 2133 1022 2185; x_wconf 78' lang='grc' dir='ltr'>καὶ</span> <span class='ocrx_word' id='word_1_248' title='bbox 1072 2127 1257 2203; x_wconf 82' lang='grc' dir='ltr'>ἦττον,</span> <span class='ocrx_word' id='word_1_249' title='bbox 1293 2134 1387 2190; x_wconf 76' lang='grc' dir='ltr'><strong>καὶ</strong></span> <span class='ocrx_word' id='word_1_250' title='bbox 1436 2134 1592 2187; x_wconf 76' lang='grc' dir='ltr'>αὑτοὶ</span> <span class='ocrx_word' id='word_1_251' title='bbox 1624 2134 1681 2188; x_wconf 83' lang='grc' dir='ltr'>δὲ</span> <span class='ocrx_word' id='word_1_252' title='bbox 1731 2137 1829 2206; x_wconf 83' lang='grc' dir='ltr'><strong>οὑχ</strong></span> 
     </span>
    </p>
   </div>
   <div class='ocr_carea' id='block_1_34' title="bbox 260 2224 1829 2295">
    <p class='ocr_par' dir='ltr' id='par_1_34' title="bbox 260 2224 1829 2295">
     <span class='ocr_line' id='line_1_34' title="bbox 260 2224 1829 2295; baseline 0.003 -20"><span class='ocrx_word' id='word_1_253' title='bbox 260 2226 453 2293; x_wconf 78' lang='grc' dir='ltr'>ὁμοίως</span> <span class='ocrx_word' id='word_1_254' title='bbox 492 2225 579 2277; x_wconf 71' lang='grc' dir='ltr'>ἀεὶ</span> <span class='ocrx_word' id='word_1_255' title='bbox 611 2224 672 2277; x_wconf 87' lang='grc' dir='ltr'><strong>τὸ</strong></span> <span class='ocrx_word' id='word_1_256' title='bbox 700 2224 786 2293; x_wconf 79' lang='grc' dir='ltr'><strong>ἐφ’</strong></span> <span class='ocrx_word' id='word_1_257' title='bbox 822 2225 955 2294; x_wconf 79' lang='grc' dir='ltr'>ἡμῖν</span> <span class='ocrx_word' id='word_1_258' title='bbox 976 2225 1336 2295; x_wconf 78' lang='grc' dir='ltr'>διασώζομεν,</span> <span class='ocrx_word' id='word_1_259' title='bbox 1376 2226 1475 2278; x_wconf 88' lang='grc' dir='ltr'><strong>οὑκ</strong></span> <span class='ocrx_word' id='word_1_260' title='bbox 1497 2226 1829 2290; x_wconf 78' lang='grc' dir='ltr'>ἀδεσπότους</span> 
     </span>
    </p>
   </div>
   <div class='ocr_carea' id='block_1_35' title="bbox 270 2315 1824 2391">
    <p class='ocr_par' dir='ltr' id='par_1_35' title="bbox 270 2315 1824 2391">
     <span class='ocr_line' id='line_1_35' title="bbox 270 2315 1824 2391; baseline 0.005 -25"><span class='ocrx_word' id='word_1_261' title='bbox 270 2316 327 2366; x_wconf 74' lang='grc' dir='ltr'>δὲ</span> <span class='ocrx_word' id='word_1_262' title='bbox 373 2316 465 2377; x_wconf 71' lang='grc' dir='ltr'><strong>τὰς</strong></span> <span class='ocrx_word' id='word_1_263' title='bbox 512 2315 643 2387; x_wconf 72' lang='grc' dir='ltr'>πρὸς</span> <span class='ocrx_word' id='word_1_264' title='bbox 694 2315 795 2387; x_wconf 80' lang='grc' dir='ltr'><strong>τὴν</strong></span> <span class='ocrx_word' id='word_1_265' title='bbox 844 2316 1003 2383; x_wconf 82' lang='grc' dir='ltr'>ἀξίαν</span> <span class='ocrx_word' id='word_1_266' title='bbox 1050 2318 1370 2381; x_wconf 74' lang='grc' dir='ltr'>ἀντιδόσεις.</span> <span class='ocrx_word' id='word_1_267' title='bbox 1402 2318 1513 2371; x_wconf 69' lang='grc' dir='ltr'><strong>Καὶ</strong></span> <span class='ocrx_word' id='word_1_268' title='bbox 1565 2318 1692 2390; x_wconf 72' lang='grc' dir='ltr'><strong>ι754</strong></span> <span class='ocrx_word' id='word_1_269' title='bbox 1732 2319 1824 2391; x_wconf 80' lang='lat' dir='ltr'><strong>IL]</strong></span> 
     </span>
    </p>
   </div>
   <div class='ocr_carea' id='block_1_36' title="bbox 280 2404 1829 2482">
    <p class='ocr_par' dir='ltr' id='par_1_36' title="bbox 280 2404 1829 2482">
     <span class='ocr_line' id='line_1_36' title="bbox 280 2404 1829 2482; baseline 0.005 -24"><span class='ocrx_word' id='word_1_270' title='bbox 280 2408 431 2461; x_wconf 81' lang='grc' dir='ltr'>τοῦτο</span> <span class='ocrx_word' id='word_1_271' title='bbox 472 2404 602 2462; x_wconf 78' lang='grc' dir='ltr'>εἶναι</span> <span class='ocrx_word' id='word_1_272' title='bbox 642 2409 745 2479; x_wconf 81' lang='grc' dir='ltr'>τὴν</span> <span class='ocrx_word' id='word_1_273' title='bbox 791 2409 1033 2478; x_wconf 84' lang='grc' dir='ltr'>ἄγουσαν</span> <span class='ocrx_word' id='word_1_274' title='bbox 1090 2412 1241 2481; x_wconf 76' lang='grc' dir='ltr'>ἡμᾶς</span> <span class='ocrx_word' id='word_1_275' title='bbox 1283 2411 1421 2481; x_wconf 81' lang='grc' dir='ltr'>πρὸς</span> <span class='ocrx_word' id='word_1_276' title='bbox 1463 2412 1531 2464; x_wconf 74' lang='grc' dir='ltr'>τὰ</span> <span class='ocrx_word' id='word_1_277' title='bbox 1566 2411 1692 2482; x_wconf 79' lang='grc' dir='ltr'>τῇδε</span> <span class='ocrx_word' id='word_1_278' title='bbox 1732 2413 1829 2468; x_wconf 65' lang='grc' dir='ltr'>καὶ</span> 
     </span>
    </p>
   </div>
   <div class='ocr_carea' id='block_1_37' title="bbox 282 2499 1829 2574">
    <p class='ocr_par' dir='ltr' id='par_1_37' title="bbox 282 2499 1829 2574">
     <span class='ocr_line' id='line_1_37' title="bbox 282 2499 1829 2574; baseline 0.003 -22"><span class='ocrx_word' id='word_1_279' title='bbox 282 2499 435 2552; x_wconf 77' lang='grc' dir='ltr'>πάλιν</span> <span class='ocrx_word' id='word_1_280' title='bbox 484 2500 722 2554; x_wconf 80' lang='grc' dir='ltr'>ἐντεῦθεν</span> <span class='ocrx_word' id='word_1_281' title='bbox 777 2501 1099 2569; x_wconf 82' lang='grc' dir='ltr'>ἀπάγουσαν</span> <span class='ocrx_word' id='word_1_282' title='bbox 1168 2502 1513 2574; x_wconf 76' lang='grc' dir='ltr'>εἱμαρμένην</span> <span class='ocrx_word' id='word_1_283' title='bbox 1545 2542 1559 2568; x_wconf 94' lang='grc'><strong>,</strong></span> <span class='ocrx_word' id='word_1_284' title='bbox 1603 2502 1829 2572; x_wconf 84' lang='grc' dir='ltr'>πλέγμα</span> 
     </span>
    </p>
   </div>
   <div class='ocr_carea' id='block_1_38' title="bbox 272 2588 1833 2665">
    <p class='ocr_par' dir='ltr' id='par_1_38' title="bbox 272 2588 1833 2665">
     <span class='ocr_line' id='line_1_38' title="bbox 272 2588 1833 2665; baseline 0.002 -21"><span class='ocrx_word' id='word_1_285' title='bbox 272 2588 430 2645; x_wconf 74' lang='grc' dir='ltr'>οὖσαν</span> <span class='ocrx_word' id='word_1_286' title='bbox 473 2594 564 2646; x_wconf 83' lang='grc' dir='ltr'><strong>καὶ</strong></span> <span class='ocrx_word' id='word_1_287' title='bbox 606 2593 914 2665; x_wconf 84' lang='grc' dir='ltr'>συνδρομὴν</span> <span class='ocrx_word' id='word_1_288' title='bbox 951 2594 1301 2665; x_wconf 85' lang='grc' dir='ltr'>ἀνθρωπίνης</span> <span class='ocrx_word' id='word_1_289' title='bbox 1327 2594 1701 2664; x_wconf 84' lang='grc' dir='ltr'>προαιρέσεως</span> <span class='ocrx_word' id='word_1_290' title='bbox 1738 2595 1833 2647; x_wconf 74' lang='grc' dir='ltr'><strong>καὶ</strong></span> 
     </span>
    </p>
   </div>
   <div class='ocr_carea' id='block_1_39' title="bbox 266 2683 1831 2756">
    <p class='ocr_par' dir='ltr' id='par_1_39' title="bbox 266 2683 1831 2756">
     <span class='ocr_line' id='line_1_39' title="bbox 266 2683 1831 2756; baseline 0.002 -20"><span class='ocrx_word' id='word_1_291' title='bbox 266 2683 407 2748; x_wconf 78' lang='grc' dir='ltr'>θείας</span> <span class='ocrx_word' id='word_1_292' title='bbox 448 2685 701 2754; x_wconf 85' lang='grc' dir='ltr'>κρίσεως,</span> <span class='ocrx_word' id='word_1_293' title='bbox 730 2685 873 2739; x_wconf 82' lang='grc' dir='ltr'>ὥστε</span> <span class='ocrx_word' id='word_1_294' title='bbox 927 2685 1218 2755; x_wconf 80' lang='grc' dir='ltr'>ἑλομένους</span> <span class='ocrx_word' id='word_1_295' title='bbox 1254 2686 1401 2756; x_wconf 78' lang='grc' dir='ltr'>ἡμᾶς</span> <span class='ocrx_word' id='word_1_296' title='bbox 1447 2684 1484 2739; x_wconf 79' lang='grc' dir='ltr'><strong>ἀ</strong></span> <span class='ocrx_word' id='word_1_297' title='bbox 1528 2685 1831 2756; x_wconf 85' lang='grc' dir='ltr'>βουλόμεθα</span> 
     </span>
    </p>
   </div>
   <div class='ocr_carea' id='block_1_40' title="bbox 260 2774 1833 2847">
    <p class='ocr_par' dir='ltr' id='par_1_40' title="bbox 260 2774 1833 2847">
     <span class='ocr_line' id='line_1_40' title="bbox 260 2774 1833 2847; baseline 0.002 -20"><span class='ocrx_word' id='word_1_298' title='bbox 260 2775 346 2827; x_wconf 74' lang='grc' dir='ltr'>διὰ</span> <span class='ocrx_word' id='word_1_299' title='bbox 372 2774 433 2829; x_wconf 74' lang='grc' dir='ltr'>τὸ</span> <span class='ocrx_word' id='word_1_300' title='bbox 462 2777 561 2847; x_wconf 79' lang='grc' dir='ltr'><strong>τῆς</strong></span> <span class='ocrx_word' id='word_1_301' title='bbox 590 2776 969 2846; x_wconf 85' lang='grc' dir='ltr'>προαιρέσεως</span> <span class='ocrx_word' id='word_1_302' title='bbox 992 2776 1313 2843; x_wconf 82' lang='grc' dir='ltr'>ἀδούλωτον,</span> <span class='ocrx_word' id='word_1_303' title='bbox 1347 2776 1589 2847; x_wconf 85' lang='grc' dir='ltr'>πάσχειν</span> <span class='ocrx_word' id='word_1_304' title='bbox 1630 2775 1833 2830; x_wconf 88' lang='grc' dir='ltr'>πολλά-</span> 
     </span>
    </p>
   </div>
   <div class='ocr_carea' id='block_1_41' title="bbox 262 2867 1826 2940">
    <p class='ocr_par' dir='ltr' id='par_1_41' title="bbox 262 2867 1826 2940">
     <span class='ocr_line' id='line_1_41' title="bbox 262 2867 1826 2940; baseline 0.003 -21"><span class='ocrx_word' id='word_1_305' title='bbox 262 2884 341 2929; x_wconf 87' lang='grc' dir='ltr'><strong>κις</strong></span> <span class='ocrx_word' id='word_1_306' title='bbox 355 2868 388 2920; x_wconf 80' lang='grc' dir='ltr'>ἃ.</span> <span class='ocrx_word' id='word_1_307' title='bbox 405 2867 480 2938; x_wconf 83' lang='grc' dir='ltr'>μὴ</span> <span class='ocrx_word' id='word_1_308' title='bbox 501 2867 806 2938; x_wconf 78' lang='grc' dir='ltr'>βουλόμεθα</span> <span class='ocrx_word' id='word_1_309' title='bbox 838 2868 927 2922; x_wconf 86' lang='grc' dir='ltr'><strong>διά</strong></span> <span class='ocrx_word' id='word_1_310' title='bbox 942 2869 1001 2922; x_wconf 88' lang='grc' dir='ltr'><strong>τὸ</strong></span> <span class='ocrx_word' id='word_1_311' title='bbox 1022 2868 1119 2940; x_wconf 83' lang='grc' dir='ltr'><strong>τῆς</strong></span> <span class='ocrx_word' id='word_1_312' title='bbox 1150 2869 1384 2940; x_wconf 86' lang='grc' dir='ltr'>κρίσεως</span> <span class='ocrx_word' id='word_1_313' title='bbox 1417 2868 1826 2923; x_wconf 86' lang='grc' dir='ltr'>ἀδιάπταιστον.</span> 
     </span>
    </p>
   </div>
   <div class='ocr_carea' id='block_1_42' title="bbox 1937 2135 3532 2208">
    <p class='ocr_par' dir='ltr' id='par_1_42' title="bbox 1937 2135 3532 2208">
     <span class='ocr_line' id='line_1_42' title="bbox 1937 2135 3532 2208; baseline 0.001 -18"><span class='ocrx_word' id='word_1_314' title='bbox 1937 2152 2037 2190; x_wconf 87' lang='lat' dir='ltr'><strong>nee</strong></span> <span class='ocrx_word' id='word_1_315' title='bbox 2075 2135 2381 2189; x_wconf 90' lang='lat' dir='ltr'><strong>mercedem</strong></span> <span class='ocrx_word' id='word_1_316' title='bbox 2414 2152 2623 2206; x_wconf 66' lang='lat' dir='ltr'><strong>utquam</strong></span> <span class='ocrx_word' id='word_1_317' title='bbox 2656 2151 2845 2190; x_wconf 88' lang='lat' dir='ltr'><strong>omnes</strong></span> <span class='ocrx_word' id='word_1_318' title='bbox 2895 2136 3305 2207; x_wconf 87' lang='lat' dir='ltr'><strong>consequimur.</strong></span> <span class='ocrx_word' id='word_1_319' title='bbox 3338 2138 3532 2208; x_wconf 81' lang='lat' dir='ltr'><strong>Atque.</strong></span> 
     </span>
    </p>
   </div>
   <div class='ocr_carea' id='block_1_43' title="bbox 1936 2229 3534 2298">
    <p class='ocr_par' dir='ltr' id='par_1_43' title="bbox 1936 2229 3534 2298">
     <span class='ocr_line' id='line_1_43' title="bbox 1936 2229 3534 2298; baseline 0 -16"><span class='ocrx_word' id='word_1_320' title='bbox 1936 2229 1991 2283; x_wconf 93' lang='lat' dir='ltr'><strong>id</strong></span> <span class='ocrx_word' id='word_1_321' title='bbox 2041 2229 2185 2298; x_wconf 89' lang='lat' dir='ltr'><strong>quod</strong></span> <span class='ocrx_word' id='word_1_322' title='bbox 2235 2244 2336 2284; x_wconf 90' lang='lat' dir='ltr'><strong>nos</strong></span> <span class='ocrx_word' id='word_1_323' title='bbox 2382 2230 2487 2284; x_wconf 88' lang='lat' dir='ltr'><strong>hoc</strong></span> <span class='ocrx_word' id='word_1_324' title='bbox 2538 2229 2710 2295; x_wconf 91' lang='lat' dir='ltr'><strong>ducit,</strong></span> <span class='ocrx_word' id='word_1_325' title='bbox 2750 2230 2804 2284; x_wconf 84' lang='lat' dir='ltr'><strong>et</strong></span> <span class='ocrx_word' id='word_1_326' title='bbox 2832 2229 2958 2283; x_wconf 85' lang='lat' dir='ltr'><strong>hinc</strong></span> <span class='ocrx_word' id='word_1_327' title='bbox 2998 2246 3214 2284; x_wconf 90' lang='lat' dir='ltr'><strong>rursum</strong></span> <span class='ocrx_word' id='word_1_328' title='bbox 3263 2231 3534 2296; x_wconf 89' lang='lat' dir='ltr'><strong>abducit,.</strong></span> 
     </span>
    </p>
   </div>
   <div class='ocr_carea' id='block_1_44' title="bbox 1934 2320 3533 2387">
    <p class='ocr_par' dir='ltr' id='par_1_44' title="bbox 1934 2320 3533 2387">
     <span class='ocr_line' id='line_1_44' title="bbox 1934 2320 3533 2387; baseline 0.002 -12"><span class='ocrx_word' id='word_1_329' title='bbox 1934 2335 2107 2377; x_wconf 83' lang='lat' dir='ltr'><strong>nexus</strong></span> <span class='ocrx_word' id='word_1_330' title='bbox 2145 2320 2395 2375; x_wconf 88' lang='lat' dir='ltr'><strong>videlicet</strong></span> <span class='ocrx_word' id='word_1_331' title='bbox 2434 2328 2487 2373; x_wconf 89' lang='lat' dir='ltr'><strong>et</strong></span> <span class='ocrx_word' id='word_1_332' title='bbox 2514 2336 2817 2377; x_wconf 88' lang='lat' dir='ltr'><strong>concursus</strong></span> <span class='ocrx_word' id='word_1_333' title='bbox 2877 2322 3171 2377; x_wconf 84' lang='lat' dir='ltr'><strong>voluntatis</strong></span> <span class='ocrx_word' id='word_1_334' title='bbox 3232 2322 3533 2387; x_wconf 51' lang='lat' dir='ltr'><strong>humana},</strong></span> 
     </span>
    </p>
   </div>
   <div class='ocr_carea' id='block_1_45' title="bbox 1933 2409 3536 2480">
    <p class='ocr_par' dir='ltr' id='par_1_45' title="bbox 1933 2409 3536 2480">
     <span class='ocr_line' id='line_1_45' title="bbox 1933 2409 3536 2480; baseline 0.003 -17"><span class='ocrx_word' id='word_1_335' title='bbox 1933 2422 2095 2480; x_wconf 90' lang='lat' dir='ltr'><strong>atque</strong></span> <span class='ocrx_word' id='word_1_336' title='bbox 2122 2409 2288 2464; x_wconf 89' lang='lat' dir='ltr'><strong>divini</strong></span> <span class='ocrx_word' id='word_1_337' title='bbox 2315 2411 2526 2479; x_wconf 86' lang='lat' dir='ltr'><strong>judieii,</strong></span> <span class='ocrx_word' id='word_1_338' title='bbox 2557 2409 2724 2465; x_wconf 79' lang='lat' dir='ltr'><strong>fatum</strong></span> <span class='ocrx_word' id='word_1_339' title='bbox 2773 2422 2872 2467; x_wconf 85' lang='lat' dir='ltr'><strong>est.</strong></span> <span class='ocrx_word' id='word_1_340' title='bbox 2916 2414 3037 2478; x_wconf 89' lang='lat' dir='ltr'><strong>Quo</strong></span> <span class='ocrx_word' id='word_1_341' title='bbox 3078 2414 3136 2467; x_wconf 87' lang='lat' dir='ltr'><strong>tit</strong></span> <span class='ocrx_word' id='word_1_342' title='bbox 3165 2423 3244 2479; x_wconf 88' lang='lat' dir='ltr'><strong>ut,</strong></span> <span class='ocrx_word' id='word_1_343' title='bbox 3274 2413 3536 2469; x_wconf 56' lang='lat' dir='ltr'><strong>libertate:</strong></span> 
     </span>
    </p>
   </div>
   <div class='ocr_carea' id='block_1_46' title="bbox 1940 2500 3535 2572">
    <p class='ocr_par' dir='ltr' id='par_1_46' title="bbox 1940 2500 3535 2572">
     <span class='ocr_line' id='line_1_46' title="bbox 1940 2500 3535 2572; baseline 0.001 -18"><span class='ocrx_word' id='word_1_344' title='bbox 1940 2500 2147 2554; x_wconf 86' lang='lat' dir='ltr'><strong>arbitrii</strong></span> <span class='ocrx_word' id='word_1_345' title='bbox 2204 2501 2398 2563; x_wconf 86' lang='lat' dir='ltr'><strong>nostri,</strong></span> <span class='ocrx_word' id='word_1_346' title='bbox 2454 2516 2581 2570; x_wconf 55' lang='lat' dir='ltr'><strong>qua;</strong></span> <span class='ocrx_word' id='word_1_347' title='bbox 2625 2502 2877 2555; x_wconf 89' lang='lat' dir='ltr'><strong>volumus</strong></span> <span class='ocrx_word' id='word_1_348' title='bbox 2915 2512 3156 2571; x_wconf 77' lang='lat' dir='ltr'><strong>agentes,</strong></span> <span class='ocrx_word' id='word_1_349' title='bbox 3209 2502 3535 2572; x_wconf 75' lang='lat' dir='ltr'><strong>frequenter.</strong></span> 
     </span>
    </p>
   </div>
   <div class='ocr_carea' id='block_1_47' title="bbox 1940 2592 3526 2665">
    <p class='ocr_par' dir='ltr' id='par_1_47' title="bbox 1940 2592 3526 2665">
     <span class='ocr_line' id='line_1_47' title="bbox 1940 2592 3526 2665; baseline 0.003 -20"><span class='ocrx_word' id='word_1_350' title='bbox 1940 2602 2159 2664; x_wconf 85' lang='lat' dir='ltr'><strong>propter</strong></span> <span class='ocrx_word' id='word_1_351' title='bbox 2207 2601 2414 2647; x_wconf 89' lang='lat' dir='ltr'><strong>certum</strong></span> <span class='ocrx_word' id='word_1_352' title='bbox 2471 2594 2560 2647; x_wconf 89' lang='lat' dir='ltr'><strong>Dei</strong></span> <span class='ocrx_word' id='word_1_353' title='bbox 2597 2592 2891 2663; x_wconf 86' lang='lat' dir='ltr'><strong>judicium,</strong></span> <span class='ocrx_word' id='word_1_354' title='bbox 2922 2610 3043 2665; x_wconf 55' lang='lat' dir='ltr'><strong>qua;</strong></span> <span class='ocrx_word' id='word_1_355' title='bbox 3083 2595 3321 2650; x_wconf 89' lang='lat' dir='ltr'><strong>nolimus</strong></span> <span class='ocrx_word' id='word_1_356' title='bbox 3349 2595 3526 2664; x_wconf 58' lang='lat' dir='ltr'><strong>patia-c</strong></span> 
     </span>
    </p>
   </div>
   <div class='ocr_carea' id='block_1_48' title="bbox 1938 2685 3531 2757">
    <p class='ocr_par' dir='ltr' id='par_1_48' title="bbox 1938 2685 3531 2757">
     <span class='ocr_line' id='line_1_48' title="bbox 1938 2685 3531 2757; baseline 0.001 -17"><span class='ocrx_word' id='word_1_357' title='bbox 1938 2702 2082 2740; x_wconf 88' lang='lat' dir='ltr'><strong>mur.</strong></span> <span class='ocrx_word' id='word_1_358' title='bbox 2126 2685 2375 2741; x_wconf 87' lang='lat' dir='ltr'><strong>Generali</strong></span> <span class='ocrx_word' id='word_1_359' title='bbox 2436 2687 2621 2757; x_wconf 85' lang='lat' dir='ltr'><strong>itaque</strong></span> <span class='ocrx_word' id='word_1_360' title='bbox 2673 2687 2894 2741; x_wconf 89' lang='lat' dir='ltr'><strong>decreto</strong></span> <span class='ocrx_word' id='word_1_361' title='bbox 2945 2704 3069 2742; x_wconf 93' lang='lat' dir='ltr'><strong>cum</strong></span> <span class='ocrx_word' id='word_1_362' title='bbox 3101 2703 3163 2742; x_wconf 90' lang='lat' dir='ltr'><strong>ea</strong></span> <span class='ocrx_word' id='word_1_363' title='bbox 3195 2703 3317 2757; x_wconf 67' lang='lat' dir='ltr'><strong>qum</strong></span> <span class='ocrx_word' id='word_1_364' title='bbox 3353 2688 3531 2741; x_wconf 85' lang='lat' dir='ltr'><strong>vitam</strong></span> 
     </span>
    </p>
   </div>
   <div class='ocr_carea' id='block_1_49' title="bbox 1938 2778 3525 2849">
    <p class='ocr_par' dir='ltr' id='par_1_49' title="bbox 1938 2778 3525 2849">
     <span class='ocr_line' id='line_1_49' title="bbox 1938 2778 3525 2849; baseline -0.001 -17"><span class='ocrx_word' id='word_1_365' title='bbox 1938 2778 2232 2833; x_wconf 83' lang='lat' dir='ltr'><strong>humanam</strong></span> <span class='ocrx_word' id='word_1_366' title='bbox 2286 2779 2616 2849; x_wconf 87' lang='lat' dir='ltr'><strong>participant</strong></span> <span class='ocrx_word' id='word_1_367' title='bbox 2664 2780 3075 2847; x_wconf 85' lang='lat' dir='ltr'><strong>contineantur,</strong></span> <span class='ocrx_word' id='word_1_368' title='bbox 3127 2789 3240 2833; x_wconf 87' lang='lat' dir='ltr'><strong>tum</strong></span> <span class='ocrx_word' id='word_1_369' title='bbox 3289 2790 3525 2848; x_wconf 90' lang='lat' dir='ltr'><strong>tempus,</strong></span> 
     </span>
    </p>
   </div>
   <div class='ocr_carea' id='block_1_50' title="bbox 1935 2871 3524 2940">
    <p class='ocr_par' dir='ltr' id='par_1_50' title="bbox 1935 2871 3524 2940">
     <span class='ocr_line' id='line_1_50' title="bbox 1935 2871 3524 2940; baseline 0 -17"><span class='ocrx_word' id='word_1_370' title='bbox 1935 2884 2001 2925; x_wconf 88' lang='lat' dir='ltr'><strong>ac</strong></span> <span class='ocrx_word' id='word_1_371' title='bbox 2032 2873 2221 2924; x_wconf 90' lang='lat' dir='ltr'><strong>mortis</strong></span> <span class='ocrx_word' id='word_1_372' title='bbox 2243 2886 2434 2940; x_wconf 81' lang='lat' dir='ltr'><strong>genus,</strong></span> <span class='ocrx_word' id='word_1_373' title='bbox 2461 2887 2566 2925; x_wconf 90' lang='lat' dir='ltr'><strong>una</strong></span> <span class='ocrx_word' id='word_1_374' title='bbox 2592 2887 2715 2926; x_wconf 91' lang='lat' dir='ltr'><strong>cum</strong></span> <span class='ocrx_word' id='word_1_375' title='bbox 2745 2871 2839 2925; x_wconf 80' lang='lat' dir='ltr'><strong>fati</strong></span> <span class='ocrx_word' id='word_1_376' title='bbox 2864 2872 3084 2927; x_wconf 87' lang='lat' dir='ltr'><strong>decreto</strong></span> <span class='ocrx_word' id='word_1_377' title='bbox 3104 2872 3354 2926; x_wconf 85' lang='lat' dir='ltr'><strong>ordinata</strong></span> <span class='ocrx_word' id='word_1_378' title='bbox 3375 2880 3524 2925; x_wconf 90' lang='lat' dir='ltr'><strong>sunt.</strong></span> 
     </span>
    </p>
   </div>
   <div class='ocr_carea' id='block_1_51' title="bbox 273 2962 3531 3040">
    <p class='ocr_par' dir='ltr' id='par_1_51' title="bbox 273 2962 3531 3040">
     <span class='ocr_line' id='line_1_51' title="bbox 273 2962 3531 3040; baseline 0.002 -26"><span class='ocrx_word' id='word_1_379' title='bbox 273 2962 353 3014; x_wconf 83' lang='grc' dir='ltr'>Ἐν</span> <span class='ocrx_word' id='word_1_380' title='bbox 401 2964 510 3035; x_wconf 74' lang='grc' dir='ltr'><strong>ὅλῳ</strong></span> <span class='ocrx_word' id='word_1_381' title='bbox 566 2962 631 3034; x_wconf 80' lang='grc' dir='ltr'>δὴ</span> <span class='ocrx_word' id='word_1_382' title='bbox 691 2962 770 3034; x_wconf 85' lang='grc' dir='ltr'>τῷ</span> <span class='ocrx_word' id='word_1_383' title='bbox 820 2964 1198 3035; x_wconf 78' lang='grc' dir='ltr'>ἀφοριζομένῳ</span> <span class='ocrx_word' id='word_1_384' title='bbox 1256 2964 1356 3035; x_wconf 85' lang='grc' dir='ltr'><strong>βίῳ</strong></span> <span class='ocrx_word' id='word_1_385' title='bbox 1392 2964 1435 2997; x_wconf 75' lang='grc'><strong><em>⁸³</em></strong></span> <span class='ocrx_word' id='word_1_386' title='bbox 1495 2964 1565 3017; x_wconf 83' lang='grc' dir='ltr'>τά</span> <span class='ocrx_word' id='word_1_387' title='bbox 1604 2982 1664 3018; x_wconf 89' lang='grc' dir='ltr'><strong>τε</strong></span> <span class='ocrx_word' id='word_1_388' title='bbox 1716 2964 1853 3020; x_wconf 83' lang='grc' dir='ltr'>ἄλλα</span> <span class='ocrx_word' id='word_1_389' title='bbox 1907 2968 2103 3033; x_wconf 81' lang='grc' dir='ltr'>κεῖται,</span> <span class='ocrx_word' id='word_1_390' title='bbox 2151 2969 2250 3021; x_wconf 86' lang='grc' dir='ltr'><strong>ὅσα</strong></span> <span class='ocrx_word' id='word_1_391' title='bbox 2299 2968 2590 3022; x_wconf 87' lang='grc' dir='ltr'>συνεκτικά</span> <span class='ocrx_word' id='word_1_392' title='bbox 2636 2970 2732 3039; x_wconf 84' lang='grc' dir='ltr'><strong>τῆς</strong></span> <span class='ocrx_word' id='word_1_393' title='bbox 2783 2967 3127 3040; x_wconf 82' lang='grc' dir='ltr'>ἀνθρωπίνης</span> <span class='ocrx_word' id='word_1_394' title='bbox 3170 2966 3336 3039; x_wconf 78' lang='grc' dir='ltr'>ζωῆς,</span> <span class='ocrx_word' id='word_1_395' title='bbox 3369 2967 3468 3022; x_wconf 76' lang='grc' dir='ltr'><strong>καὶ</strong></span> <span class='ocrx_word' id='word_1_396' title='bbox 3500 2968 3531 3021; x_wconf 84' lang='grc' dir='ltr'>ὀ</span> 
     </span>
    </p>
   </div>
   <div class='ocr_carea' id='block_1_52' title="bbox 258 3056 2807 3133">
    <p class='ocr_par' dir='ltr' id='par_1_52' title="bbox 258 3056 2807 3133">
     <span class='ocr_line' id='line_1_52' title="bbox 258 3056 2807 3133; baseline 0.004 -23"><span class='ocrx_word' id='word_1_397' title='bbox 258 3058 438 3129; x_wconf 79' lang='grc' dir='ltr'>καιρὸς</span> <span class='ocrx_word' id='word_1_398' title='bbox 486 3058 585 3111; x_wconf 75' lang='grc' dir='ltr'>καὶ</span> <span class='ocrx_word' id='word_1_399' title='bbox 639 3059 669 3111; x_wconf 85' lang='grc' dir='ltr'>ὁ</span> <span class='ocrx_word' id='word_1_400' title='bbox 716 3057 917 3127; x_wconf 85' lang='grc' dir='ltr'>τρόπος</span> <span class='ocrx_word' id='word_1_401' title='bbox 963 3056 1057 3110; x_wconf 87' lang='grc' dir='ltr'><strong>τοῦ</strong></span> <span class='ocrx_word' id='word_1_402' title='bbox 1093 3056 1324 3111; x_wconf 70' lang='grc' dir='ltr'>θανάτου</span> <span class='ocrx_word' id='word_1_403' title='bbox 1372 3056 1449 3128; x_wconf 86' lang='grc' dir='ltr'>τῷ</span> <span class='ocrx_word' id='word_1_404' title='bbox 1481 3058 1581 3128; x_wconf 82' lang='grc' dir='ltr'>τῆς</span> <span class='ocrx_word' id='word_1_405' title='bbox 1618 3058 1961 3131; x_wconf 78' lang='grc' dir='ltr'>εἱμαρμένης</span> <span class='ocrx_word' id='word_1_406' title='bbox 1992 3062 2304 3133; x_wconf 65' lang='grc' dir='ltr'>ψηφίσματι</span> <span class='ocrx_word' id='word_1_407' title='bbox 2339 3064 2807 3120; x_wconf 88' lang='grc' dir='ltr'>συνδιατέτακται.</span> 
     </span>
    </p>
   </div>
   <div class='ocr_carea' id='block_1_53' title="bbox 320 3149 1826 3225">
    <p class='ocr_par' dir='ltr' id='par_1_53' title="bbox 320 3149 1826 3225">
     <span class='ocr_line' id='line_1_53' title="bbox 320 3149 1826 3225; baseline 0.003 -22"><span class='ocrx_word' id='word_1_408' title='bbox 320 3150 443 3203; x_wconf 83' lang='grc' dir='ltr'>Ὀτι</span> <span class='ocrx_word' id='word_1_409' title='bbox 478 3149 673 3219; x_wconf 66' lang='grc' dir='ltr'>φησιν,</span> <span class='ocrx_word' id='word_1_410' title='bbox 719 3149 1045 3219; x_wconf 82' lang='grc' dir='ltr'>Ἐπιστῆσαι</span> <span class='ocrx_word' id='word_1_411' title='bbox 1087 3150 1236 3217; x_wconf 75' lang='grc' dir='ltr'>ἀξιον</span> <span class='ocrx_word' id='word_1_412' title='bbox 1269 3151 1344 3214; x_wconf 86' lang='grc' dir='ltr'>ὡς</span> <span class='ocrx_word' id='word_1_413' title='bbox 1381 3153 1414 3222; x_wconf 84' lang='grc' dir='ltr'><strong>ή</strong></span> <span class='ocrx_word' id='word_1_414' title='bbox 1443 3152 1589 3225; x_wconf 77' lang='grc' dir='ltr'>ψυχὴ</span> <span class='ocrx_word' id='word_1_415' title='bbox 1617 3152 1742 3206; x_wconf 84' lang='grc' dir='ltr'>οὑτε</span> <span class='ocrx_word' id='word_1_416' title='bbox 1769 3157 1826 3207; x_wconf 82' lang='grc' dir='ltr'>ὲν</span> 
     </span>
    </p>
   </div>
   <div class='ocr_carea' id='block_1_54' title="bbox 2013 3155 3521 3230">
    <p class='ocr_par' dir='ltr' id='par_1_54' title="bbox 2013 3155 3521 3230">
     <span class='ocr_line' id='line_1_54' title="bbox 2013 3155 3521 3230; baseline 0.001 -19"><span class='ocrx_word' id='word_1_417' title='bbox 2013 3155 2205 3228; x_wconf 75' lang='lat' dir='ltr'><strong>Operae</strong></span> <span class='ocrx_word' id='word_1_418' title='bbox 2238 3160 2471 3229; x_wconf 84' lang='lat' dir='ltr'><strong>pretium</strong></span> <span class='ocrx_word' id='word_1_419' title='bbox 2499 3169 2601 3225; x_wconf 90' lang='lat' dir='ltr'><strong>est,</strong></span> <span class='ocrx_word' id='word_1_420' title='bbox 2644 3160 2841 3230; x_wconf 90' lang='lat' dir='ltr'><strong>inquit,</strong></span> <span class='ocrx_word' id='word_1_421' title='bbox 2882 3159 3046 3224; x_wconf 88' lang='lat' dir='ltr'><strong>scire,</strong></span> <span class='ocrx_word' id='word_1_422' title='bbox 3071 3158 3309 3214; x_wconf 79' lang='lat' dir='ltr'><strong>animum</strong></span> <span class='ocrx_word' id='word_1_423' title='bbox 3344 3174 3521 3229; x_wconf 78' lang='lat' dir='ltr'><strong>neque</strong></span> 
     </span>
    </p>
   </div>
   <div class='ocr_carea' id='block_1_55' title="bbox 252 3235 1837 3318">
    <p class='ocr_par' dir='ltr' id='par_1_55' title="bbox 252 3240 1834 3318">
     <span class='ocr_line' id='line_1_55' title="bbox 252 3240 1834 3318; baseline 0.006 -26"><span class='ocrx_word' id='word_1_424' title='bbox 252 3243 313 3312; x_wconf 79' lang='grc' dir='ltr'>τῇ</span> <span class='ocrx_word' id='word_1_425' title='bbox 370 3240 512 3311; x_wconf 73' lang='grc' dir='ltr'>πρὸς</span> <span class='ocrx_word' id='word_1_426' title='bbox 560 3240 688 3294; x_wconf 89' lang='grc' dir='ltr'>νοῦν</span> <span class='ocrx_word' id='word_1_427' title='bbox 739 3245 953 3313; x_wconf 78' lang='grc' dir='ltr'>στροφῇ</span> <span class='ocrx_word' id='word_1_428' title='bbox 994 3242 1094 3315; x_wconf 80' lang='grc' dir='ltr'>τὴν</span> <span class='ocrx_word' id='word_1_429' title='bbox 1152 3244 1248 3297; x_wconf 86' lang='grc' dir='ltr'><strong>τοῦ</strong></span> <span class='ocrx_word' id='word_1_430' title='bbox 1301 3261 1433 3297; x_wconf 88' lang='grc' dir='ltr'>ποτε</span> <span class='ocrx_word' id='word_1_431' title='bbox 1493 3246 1834 3318; x_wconf 87' lang='grc' dir='ltr'>ἀνοηταίνειν</span> 
     </span>
    </p>
   </div>
   <div class='ocr_carea' id='block_1_56' title="bbox 1942 3235 3527 3318">
    <p class='ocr_par' dir='ltr' id='par_1_56' title="bbox 1942 3252 3527 3316">
     <span class='ocr_line' id='line_1_56' title="bbox 1942 3252 3527 3316; baseline 0.001 -11"><span class='ocrx_word' id='word_1_432' title='bbox 1942 3260 2207 3306; x_wconf 89' lang='lat' dir='ltr'><strong>tumcum</strong></span> <span class='ocrx_word' id='word_1_433' title='bbox 2247 3253 2315 3306; x_wconf 89' lang='lat' dir='ltr'><strong>ad</strong></span> <span class='ocrx_word' id='word_1_434' title='bbox 2345 3261 2583 3306; x_wconf 87' lang='lat' dir='ltr'><strong>mentem</strong></span> <span class='ocrx_word' id='word_1_435' title='bbox 2624 3252 2982 3316; x_wconf 86' lang='lat' dir='ltr'><strong>convertitur,</strong></span> <span class='ocrx_word' id='word_1_436' title='bbox 3008 3252 3381 3307; x_wconf 89' lang='lat' dir='ltr'><strong>imbecillitate</strong></span> <span class='ocrx_word' id='word_1_437' title='bbox 3427 3252 3527 3306; x_wconf 81' lang='lat' dir='ltr'><strong>ali-</strong></span> 
     </span>
    </p>
   </div>
   <div class='ocr_carea' id='block_1_57' title="bbox 250 3333 1833 3412">
    <p class='ocr_par' dir='ltr' id='par_1_57' title="bbox 250 3333 1833 3412">
     <span class='ocr_line' id='line_1_57' title="bbox 250 3333 1833 3412; baseline 0.006 -27"><span class='ocrx_word' id='word_1_438' title='bbox 250 3333 539 3387; x_wconf 84' lang='grc' dir='ltr'>ἀσθένειαν</span> <span class='ocrx_word' id='word_1_439' title='bbox 569 3334 872 3406; x_wconf 79' lang='grc' dir='ltr'>ἀφῄρηται,</span> <span class='ocrx_word' id='word_1_440' title='bbox 903 3334 1028 3389; x_wconf 86' lang='grc' dir='ltr'>οὑτε</span> <span class='ocrx_word' id='word_1_441' title='bbox 1071 3338 1129 3389; x_wconf 87' lang='grc' dir='ltr'>ὲν</span> <span class='ocrx_word' id='word_1_442' title='bbox 1166 3340 1233 3408; x_wconf 81' lang='grc' dir='ltr'>τῇ</span> <span class='ocrx_word' id='word_1_443' title='bbox 1268 3338 1473 3410; x_wconf 75' lang='grc' dir='ltr'>ἐσχάτῃ</span> <span class='ocrx_word' id='word_1_444' title='bbox 1520 3340 1692 3412; x_wconf 68' lang='grc' dir='ltr'>κακίᾳ</span> <span class='ocrx_word' id='word_1_445' title='bbox 1732 3341 1833 3409; x_wconf 84' lang='grc' dir='ltr'><strong>τὴν</strong></span> 
     </span>
    </p>
   </div>
   <div class='ocr_carea' id='block_1_58' title="bbox 252 3422 1837 3501">
    <p class='ocr_par' dir='ltr' id='par_1_58' title="bbox 252 3422 1837 3501">
     <span class='ocr_line' id='line_1_58' title="bbox 252 3422 1837 3501; baseline 0.004 -22"><span class='ocrx_word' id='word_1_446' title='bbox 252 3426 341 3479; x_wconf 81' lang='grc' dir='ltr'><strong>τοῦ</strong></span> <span class='ocrx_word' id='word_1_447' title='bbox 374 3422 539 3490; x_wconf 75' lang='grc' dir='ltr'>αὖθις</span> <span class='ocrx_word' id='word_1_448' title='bbox 564 3430 707 3480; x_wconf 87' lang='grc' dir='ltr'>νοεῖν</span> <span class='ocrx_word' id='word_1_449' title='bbox 728 3427 958 3499; x_wconf 84' lang='grc' dir='ltr'>δύναμιν</span> <span class='ocrx_word' id='word_1_450' title='bbox 995 3431 1089 3482; x_wconf 75' lang='grc' dir='ltr'><strong>καὶ</strong></span> <span class='ocrx_word' id='word_1_451' title='bbox 1129 3429 1306 3501; x_wconf 84' lang='grc' dir='ltr'>ὀρθῶς</span> <span class='ocrx_word' id='word_1_452' title='bbox 1342 3435 1641 3500; x_wconf 86' lang='grc' dir='ltr'>μετανοεῖν.</span> <span class='ocrx_word' id='word_1_453' title='bbox 1672 3433 1837 3487; x_wconf 83' lang='grc' dir='ltr'>Φύσει</span> 
     </span>
    </p>
   </div>
   <div class='ocr_carea' id='block_1_59' title="bbox 255 3518 1840 3593">
    <p class='ocr_par' dir='ltr' id='par_1_59' title="bbox 255 3518 1840 3593">
     <span class='ocr_line' id='line_1_59' title="bbox 255 3518 1840 3593; baseline 0.004 -22"><span class='ocrx_word' id='word_1_454' title='bbox 255 3519 362 3591; x_wconf 82' lang='grc' dir='ltr'>γὰρ</span> <span class='ocrx_word' id='word_1_455' title='bbox 386 3521 423 3587; x_wconf 80' lang='grc' dir='ltr'>ἠ</span> <span class='ocrx_word' id='word_1_456' title='bbox 449 3518 771 3589; x_wconf 87' lang='grc' dir='ltr'>ἀνθρωπίνη</span> <span class='ocrx_word' id='word_1_457' title='bbox 812 3519 959 3590; x_wconf 79' lang='grc' dir='ltr'><strong>ψυχὴ</strong></span> <span class='ocrx_word' id='word_1_458' title='bbox 984 3520 1211 3591; x_wconf 84' lang='grc' dir='ltr'>τοιαύτη</span> <span class='ocrx_word' id='word_1_459' title='bbox 1241 3522 1303 3591; x_wconf 85' lang='grc' dir='ltr'><strong>δη</strong></span> <span class='ocrx_word' id='word_1_460' title='bbox 1313 3523 1711 3593; x_wconf 82' lang='grc' dir='ltr'>μιουργηθείσα</span> <span class='ocrx_word' id='word_1_461' title='bbox 1745 3526 1840 3578; x_wconf 84' lang='grc' dir='ltr'><strong>καί</strong></span> 
     </span>
    </p>
   </div>
   <div class='ocr_carea' id='block_1_60' title="bbox 256 3610 1840 3685">
    <p class='ocr_par' dir='ltr' id='par_1_60' title="bbox 256 3610 1840 3685">
     <span class='ocr_line' id='line_1_60' title="bbox 256 3610 1840 3685; baseline 0.003 -23"><span class='ocrx_word' id='word_1_462' title='bbox 256 3612 394 3681; x_wconf 78' lang='grc' dir='ltr'>πρὸς</span> <span class='ocrx_word' id='word_1_463' title='bbox 430 3611 535 3682; x_wconf 78' lang='grc' dir='ltr'>τὴν</span> <span class='ocrx_word' id='word_1_464' title='bbox 563 3611 715 3663; x_wconf 86' lang='grc' dir='ltr'>θείαν</span> <span class='ocrx_word' id='word_1_465' title='bbox 744 3610 979 3675; x_wconf 76' lang='grc' dir='ltr'>εὑζωῖαν</span> <span class='ocrx_word' id='word_1_466' title='bbox 1017 3612 1111 3665; x_wconf 79' lang='grc' dir='ltr'><strong>καὶ</strong></span> <span class='ocrx_word' id='word_1_467' title='bbox 1148 3612 1283 3682; x_wconf 80' lang='grc' dir='ltr'>πρὸς</span> <span class='ocrx_word' id='word_1_468' title='bbox 1308 3613 1406 3683; x_wconf 78' lang='grc' dir='ltr'>τὴν</span> <span class='ocrx_word' id='word_1_469' title='bbox 1455 3612 1655 3685; x_wconf 87' lang='grc' dir='ltr'>θνητὴν</span> <span class='ocrx_word' id='word_1_470' title='bbox 1686 3615 1840 3683; x_wconf 87' lang='grc' dir='ltr'>γένε-</span> 
     </span>
    </p>
   </div>
   <div class='ocr_carea' id='block_1_61' title="bbox 254 3702 1843 3778">
    <p class='ocr_par' dir='ltr' id='par_1_61' title="bbox 254 3702 1843 3778">
     <span class='ocr_line' id='line_1_61' title="bbox 254 3702 1843 3778; baseline 0.003 -23"><span class='ocrx_word' id='word_1_471' title='bbox 254 3720 335 3756; x_wconf 89' lang='grc' dir='ltr'><strong>σιν</strong></span> <span class='ocrx_word' id='word_1_472' title='bbox 384 3703 714 3773; x_wconf 81' lang='grc' dir='ltr'>ἐπιτηδείως</span> <span class='ocrx_word' id='word_1_473' title='bbox 752 3702 887 3773; x_wconf 74' lang='grc' dir='ltr'>ἔχει,</span> <span class='ocrx_word' id='word_1_474' title='bbox 930 3704 1035 3757; x_wconf 85' lang='grc' dir='ltr'><strong>ἀνά</strong></span> <span class='ocrx_word' id='word_1_475' title='bbox 1078 3704 1243 3776; x_wconf 87' lang='grc' dir='ltr'>μέρος</span> <span class='ocrx_word' id='word_1_476' title='bbox 1292 3706 1561 3776; x_wconf 84' lang='grc' dir='ltr'>ἑκατέραν</span> <span class='ocrx_word' id='word_1_477' title='bbox 1608 3706 1843 3778; x_wconf 74' lang='grc' dir='ltr'>προϐάλ-</span> 
     </span>
    </p>
   </div>
   <div class='ocr_carea' id='block_1_62' title="bbox 252 3795 1845 3870">
    <p class='ocr_par' dir='ltr' id='par_1_62' title="bbox 252 3795 1845 3870">
     <span class='ocr_line' id='line_1_62' title="bbox 252 3795 1845 3870; baseline 0.004 -23"><span class='ocrx_word' id='word_1_478' title='bbox 252 3795 424 3849; x_wconf 84' lang='grc' dir='ltr'>λουσα</span> <span class='ocrx_word' id='word_1_479' title='bbox 458 3795 708 3866; x_wconf 88' lang='grc' dir='ltr'>δύναμιν,</span> <span class='ocrx_word' id='word_1_480' title='bbox 740 3797 864 3850; x_wconf 72' lang='grc' dir='ltr'>ἐπεὶ</span> <span class='ocrx_word' id='word_1_481' title='bbox 908 3797 1003 3851; x_wconf 74' lang='grc' dir='ltr'><strong>καὶ</strong></span> <span class='ocrx_word' id='word_1_482' title='bbox 1034 3798 1175 3851; x_wconf 80' lang='grc' dir='ltr'>κατὰ</span> <span class='ocrx_word' id='word_1_483' title='bbox 1219 3800 1479 3869; x_wconf 74' lang='grc' dir='ltr'>πρόνοιαν</span> <span class='ocrx_word' id='word_1_484' title='bbox 1525 3799 1659 3853; x_wconf 84' lang='grc' dir='ltr'>Θεοῦ</span> <span class='ocrx_word' id='word_1_485' title='bbox 1706 3801 1845 3870; x_wconf 82' lang='grc' dir='ltr'>πρὸς</span> 
     </span>
    </p>
   </div>
   <div class='ocr_carea' id='block_1_63' title="bbox 252 3886 1844 3961">
    <p class='ocr_par' dir='ltr' id='par_1_63' title="bbox 252 3886 1844 3961">
     <span class='ocr_line' id='line_1_63' title="bbox 252 3886 1844 3961; baseline 0.003 -23"><span class='ocrx_word' id='word_1_486' title='bbox 252 3887 427 3956; x_wconf 76' lang='grc' dir='ltr'>ἄμφω</span> <span class='ocrx_word' id='word_1_487' title='bbox 456 3886 769 3956; x_wconf 84' lang='grc' dir='ltr'>γεγένηται.</span> <span class='ocrx_word' id='word_1_488' title='bbox 794 3886 951 3939; x_wconf 88' lang='grc' dir='ltr'>Οὑτω</span> <span class='ocrx_word' id='word_1_489' title='bbox 995 3886 1103 3959; x_wconf 88' lang='grc' dir='ltr'><strong>γάρ</strong></span> <span class='ocrx_word' id='word_1_490' title='bbox 1134 3887 1195 3940; x_wconf 85' lang='grc' dir='ltr'><strong>τὸ</strong></span> <span class='ocrx_word' id='word_1_491' title='bbox 1221 3888 1323 3957; x_wconf 84' lang='grc' dir='ltr'><strong>μὲν</strong></span> <span class='ocrx_word' id='word_1_492' title='bbox 1352 3888 1629 3944; x_wconf 87' lang='grc' dir='ltr'>δύνασθαι</span> <span class='ocrx_word' id='word_1_493' title='bbox 1675 3890 1844 3961; x_wconf 85' lang='grc' dir='ltr'>αὑτὴν</span> 
     </span>
    </p>
   </div>
   <div class='ocr_carea' id='block_1_64' title="bbox 254 3977 1846 4049">
    <p class='ocr_par' dir='ltr' id='par_1_64' title="bbox 254 3977 1846 4049">
     <span class='ocr_line' id='line_1_64' title="bbox 254 3977 1846 4049; baseline 0.003 -18"><span class='ocrx_word' id='word_1_494' title='bbox 254 3978 645 4032; x_wconf 83' lang='grc' dir='ltr'>πολιτεύεσθαι</span> <span class='ocrx_word' id='word_1_495' title='bbox 677 3978 721 4010; x_wconf 62' lang='grc' dir='ltr'>ιδ</span> <span class='ocrx_word' id='word_1_496' title='bbox 746 3977 866 4031; x_wconf 87' lang='grc' dir='ltr'>κατ’</span> <span class='ocrx_word' id='word_1_497' title='bbox 892 3977 1079 4032; x_wconf 88' lang='grc' dir='ltr'>οὑσίαν</span> <span class='ocrx_word' id='word_1_498' title='bbox 1110 3977 1373 4049; x_wconf 86' lang='grc' dir='ltr'>κέκτηται</span> <span class='ocrx_word' id='word_1_499' title='bbox 1407 3995 1420 4008; x_wconf 69' lang='grc' dir='ltr'><strong>ο</strong></span> <span class='ocrx_word' id='word_1_500' title='bbox 1449 3981 1510 4034; x_wconf 81' lang='grc' dir='ltr'><strong>τὸ</strong></span> <span class='ocrx_word' id='word_1_501' title='bbox 1541 3981 1597 4034; x_wconf 89' lang='grc' dir='ltr'>δὲ</span> <span class='ocrx_word' id='word_1_502' title='bbox 1624 3982 1846 4035; x_wconf 82' lang='grc' dir='ltr'>πλείονα</span> 
     </span>
    </p>
   </div>
   <div class='ocr_carea' id='block_1_65' title="bbox 256 4070 1846 4143">
    <p class='ocr_par' dir='ltr' id='par_1_65' title="bbox 256 4070 1846 4143">
     <span class='ocr_line' id='line_1_65' title="bbox 256 4070 1846 4143; baseline 0.003 -21"><span class='ocrx_word' id='word_1_503' title='bbox 256 4070 455 4139; x_wconf 77' lang='grc' dir='ltr'>χρόνον</span> <span class='ocrx_word' id='word_1_504' title='bbox 488 4070 601 4123; x_wconf 85' lang='grc' dir='ltr'>ἄνω</span> <span class='ocrx_word' id='word_1_505' title='bbox 626 4070 833 4138; x_wconf 82' lang='grc' dir='ltr'>διάγειν</span> <span class='ocrx_word' id='word_1_506' title='bbox 875 4070 908 4141; x_wconf 82' lang='grc' dir='ltr'>ἤ</span> <span class='ocrx_word' id='word_1_507' title='bbox 944 4070 1097 4123; x_wconf 89' lang='grc' dir='ltr'>κάτω</span> <span class='ocrx_word' id='word_1_508' title='bbox 1140 4070 1278 4141; x_wconf 84' lang='grc' dir='ltr'>πρὸς</span> <span class='ocrx_word' id='word_1_509' title='bbox 1329 4071 1429 4142; x_wconf 81' lang='grc' dir='ltr'>τὴν</span> <span class='ocrx_word' id='word_1_510' title='bbox 1486 4073 1846 4143; x_wconf 82' lang='grc' dir='ltr'>αὐτοκίνητον</span> 
     </span>
    </p>
   </div>
   <div class='ocr_carea' id='block_1_66' title="bbox 258 4162 1846 4235">
    <p class='ocr_par' dir='ltr' id='par_1_66' title="bbox 258 4162 1846 4235">
     <span class='ocr_line' id='line_1_66' title="bbox 258 4162 1846 4235; baseline 0.002 -21"><span class='ocrx_word' id='word_1_511' title='bbox 258 4163 437 4231; x_wconf 78' lang='grc' dir='ltr'>αὑτῆς</span> <span class='ocrx_word' id='word_1_512' title='bbox 467 4163 756 4231; x_wconf 76' lang='grc' dir='ltr'>συμϐαίνει</span> <span class='ocrx_word' id='word_1_513' title='bbox 789 4163 1049 4216; x_wconf 84' lang='grc' dir='ltr'>διάθεσιν.</span> <span class='ocrx_word' id='word_1_514' title='bbox 1086 4162 1177 4215; x_wconf 78' lang='grc' dir='ltr'><strong>Διὸ</strong></span> <span class='ocrx_word' id='word_1_515' title='bbox 1206 4165 1261 4215; x_wconf 87' lang='grc' dir='ltr'>αἰ</span> <span class='ocrx_word' id='word_1_516' title='bbox 1307 4163 1406 4233; x_wconf 80' lang='grc' dir='ltr'><strong>μὲν</strong></span> <span class='ocrx_word' id='word_1_517' title='bbox 1453 4167 1752 4235; x_wconf 81' lang='grc' dir='ltr'>μυριετεῖς,</span> <span class='ocrx_word' id='word_1_518' title='bbox 1789 4166 1846 4218; x_wconf 81' lang='grc' dir='ltr'>αἱ</span> 
     </span>
    </p>
   </div>
   <div class='ocr_carea' id='block_1_67' title="bbox 258 4253 1849 4325">
    <p class='ocr_par' dir='ltr' id='par_1_67' title="bbox 258 4253 1849 4325">
     <span class='ocr_line' id='line_1_67' title="bbox 258 4253 1849 4325; baseline 0.002 -19"><span class='ocrx_word' id='word_1_519' title='bbox 258 4254 318 4306; x_wconf 85' lang='grc' dir='ltr'>δὲ</span> <span class='ocrx_word' id='word_1_520' title='bbox 368 4254 750 4323; x_wconf 81' lang='grc' dir='ltr'>τρισχιλιετεῖς</span> <span class='ocrx_word' id='word_1_521' title='bbox 798 4254 1077 4325; x_wconf 83' lang='grc' dir='ltr'>περιόδους</span> <span class='ocrx_word' id='word_1_522' title='bbox 1124 4253 1372 4322; x_wconf 88' lang='grc' dir='ltr'>λέγονται</span> <span class='ocrx_word' id='word_1_523' title='bbox 1425 4255 1716 4320; x_wconf 86' lang='grc' dir='ltr'>ποιεῖσθαι,</span> <span class='ocrx_word' id='word_1_524' title='bbox 1747 4258 1849 4325; x_wconf 85' lang='grc' dir='ltr'><strong>τῆς</strong></span> 
     </span>
    </p>
   </div>
   <div class='ocr_carea' id='block_1_68' title="bbox 259 4344 1844 4418">
    <p class='ocr_par' dir='ltr' id='par_1_68' title="bbox 259 4344 1844 4418">
     <span class='ocr_line' id='line_1_68' title="bbox 259 4344 1844 4418; baseline 0 -19"><span class='ocrx_word' id='word_1_525' title='bbox 259 4345 464 4414; x_wconf 78' lang='grc' dir='ltr'>ἀρετῆς</span> <span class='ocrx_word' id='word_1_526' title='bbox 487 4345 916 4416; x_wconf 80' lang='grc' dir='ltr'>ἐπιτεμνομένης</span> <span class='ocrx_word' id='word_1_527' title='bbox 945 4344 1042 4416; x_wconf 78' lang='grc' dir='ltr'>τὴν</span> <span class='ocrx_word' id='word_1_528' title='bbox 1065 4344 1291 4418; x_wconf 88' lang='grc' dir='ltr'>πλάνην,</span> <span class='ocrx_word' id='word_1_529' title='bbox 1355 4346 1451 4399; x_wconf 78' lang='grc' dir='ltr'><strong>καὶ</strong></span> <span class='ocrx_word' id='word_1_530' title='bbox 1515 4345 1610 4399; x_wconf 90' lang='grc' dir='ltr'><strong>τοῦ</strong></span> <span class='ocrx_word' id='word_1_531' title='bbox 1657 4348 1844 4401; x_wconf 88' lang='grc' dir='ltr'>συντό-</span> 
     </span>
    </p>
   </div>
   <div class='ocr_carea' id='block_1_69' title="bbox 261 4436 1849 4511">
    <p class='ocr_par' dir='ltr' id='par_1_69' title="bbox 261 4436 1849 4511">
     <span class='ocr_line' id='line_1_69' title="bbox 261 4436 1849 4511; baseline 0.001 -20"><span class='ocrx_word' id='word_1_532' title='bbox 261 4453 361 4491; x_wconf 88' lang='grc' dir='ltr'><strong>νου</strong></span> <span class='ocrx_word' id='word_1_533' title='bbox 396 4437 507 4489; x_wconf 79' lang='grc' dir='ltr'>τῶν</span> <span class='ocrx_word' id='word_1_534' title='bbox 533 4436 753 4505; x_wconf 83' lang='grc' dir='ltr'>ἀγαθῶν</span> <span class='ocrx_word' id='word_1_535' title='bbox 779 4437 979 4508; x_wconf 81' lang='grc' dir='ltr'>ἔρωτος</span> <span class='ocrx_word' id='word_1_536' title='bbox 1014 4438 1416 4509; x_wconf 74' lang='grc' dir='ltr'>ὑφαιρουμένου</span> <span class='ocrx_word' id='word_1_537' title='bbox 1446 4438 1546 4509; x_wconf 80' lang='grc' dir='ltr'>τῆς</span> <span class='ocrx_word' id='word_1_538' title='bbox 1567 4440 1849 4511; x_wconf 88' lang='grc' dir='ltr'>περιγείου</span> 
     </span>
    </p>
   </div>
   <div class='ocr_carea' id='block_1_70' title="bbox 262 4529 1098 4601">
    <p class='ocr_par' dir='ltr' id='par_1_70' title="bbox 262 4529 1098 4601">
     <span class='ocr_line' id='line_1_70' title="bbox 262 4529 1098 4601; baseline 0.004 -20"><span class='ocrx_word' id='word_1_539' title='bbox 262 4529 607 4598; x_wconf 80' lang='grc' dir='ltr'>λειτουργίας</span> <span class='ocrx_word' id='word_1_540' title='bbox 634 4529 705 4595; x_wconf 71' lang='grc' dir='ltr'><strong>⁴τὸ</strong></span> <span class='ocrx_word' id='word_1_541' title='bbox 734 4529 1098 4601; x_wconf 84' lang='grc' dir='ltr'>πολυχρόνιον.</span> 
     </span>
    </p>
   </div>
   <div class='ocr_carea' id='block_1_71' title="bbox 1943 3344 3539 3416">
    <p class='ocr_par' dir='ltr' id='par_1_71' title="bbox 1943 3344 3539 3416">
     <span class='ocr_line' id='line_1_71' title="bbox 1943 3344 3539 3416; baseline 0.001 -18"><span class='ocrx_word' id='word_1_542' title='bbox 1943 3345 2162 3414; x_wconf 90' lang='lat' dir='ltr'><strong>quando</strong></span> <span class='ocrx_word' id='word_1_543' title='bbox 2193 3344 2523 3415; x_wconf 79' lang='lat' dir='ltr'><strong>intelligendi</strong></span> <span class='ocrx_word' id='word_1_544' title='bbox 2546 3345 2769 3416; x_wconf 86' lang='lat' dir='ltr'><strong>privari.</strong></span> <span class='ocrx_word' id='word_1_545' title='bbox 2800 3345 3046 3416; x_wconf 88' lang='lat' dir='ltr'><strong>nequein</strong></span> <span class='ocrx_word' id='word_1_546' title='bbox 3087 3356 3330 3401; x_wconf 80' lang='lat' dir='ltr'><strong>extrema</strong></span> <span class='ocrx_word' id='word_1_547' title='bbox 3356 3345 3539 3401; x_wconf 36' lang='lat' dir='ltr'><strong>mali-v</strong></span> 
     </span>
    </p>
   </div>
   <div class='ocr_carea' id='block_1_72' title="bbox 1946 3437 3526 3509">
    <p class='ocr_par' dir='ltr' id='par_1_72' title="bbox 1946 3437 3526 3509">
     <span class='ocr_line' id='line_1_72' title="bbox 1946 3437 3526 3509; baseline -0.001 -17"><span class='ocrx_word' id='word_1_548' title='bbox 1946 3438 2019 3493; x_wconf 66' lang='lat' dir='ltr'><strong>lia</strong></span> <span class='ocrx_word' id='word_1_549' title='bbox 2051 3454 2265 3504; x_wconf 90' lang='lat' dir='ltr'><strong>rursus,</strong></span> <span class='ocrx_word' id='word_1_550' title='bbox 2306 3438 2639 3509; x_wconf 86' lang='lat' dir='ltr'><strong>intelligendi</strong></span> <span class='ocrx_word' id='word_1_551' title='bbox 2670 3448 2832 3508; x_wconf 88' lang='lat' dir='ltr'><strong>atque</strong></span> <span class='ocrx_word' id='word_1_552' title='bbox 2868 3438 3221 3507; x_wconf 74' lang='lat' dir='ltr'><strong>resipiscendi</strong></span> <span class='ocrx_word' id='word_1_553' title='bbox 3246 3437 3526 3493; x_wconf 81' lang='lat' dir='ltr'><strong>facultate.</strong></span> 
     </span>
    </p>
   </div>
   <div class='ocr_carea' id='block_1_73' title="bbox 1947 3530 3539 3595">
    <p class='ocr_par' dir='ltr' id='par_1_73' title="bbox 1947 3530 3539 3595">
     <span class='ocr_line' id='line_1_73' title="bbox 1947 3530 3539 3595; baseline -0.001 -10"><span class='ocrx_word' id='word_1_554' title='bbox 1947 3531 2038 3586; x_wconf 92' lang='lat' dir='ltr'><strong>Sic</strong></span> <span class='ocrx_word' id='word_1_555' title='bbox 2069 3532 2211 3585; x_wconf 90' lang='lat' dir='ltr'><strong>enim</strong></span> <span class='ocrx_word' id='word_1_556' title='bbox 2238 3530 2418 3584; x_wconf 88' lang='lat' dir='ltr'><strong>anima</strong></span> <span class='ocrx_word' id='word_1_557' title='bbox 2450 3531 2687 3585; x_wconf 87' lang='lat' dir='ltr'><strong>humana</strong></span> <span class='ocrx_word' id='word_1_558' title='bbox 2715 3539 2910 3583; x_wconf 84' lang='lat' dir='ltr'><strong>natura</strong></span> <span class='ocrx_word' id='word_1_559' title='bbox 2959 3544 3058 3584; x_wconf 87' lang='lat' dir='ltr'><strong>sua</strong></span> <span class='ocrx_word' id='word_1_560' title='bbox 3086 3530 3305 3584; x_wconf 89' lang='lat' dir='ltr'><strong>condita</strong></span> <span class='ocrx_word' id='word_1_561' title='bbox 3330 3537 3431 3595; x_wconf 90' lang='lat' dir='ltr'><strong>est,</strong></span> <span class='ocrx_word' id='word_1_562' title='bbox 3466 3539 3539 3584; x_wconf 65' lang='lat' dir='ltr'><strong>ut:</strong></span> 
     </span>
    </p>
   </div>
   <div class='ocr_carea' id='block_1_74' title="bbox 1945 3616 3541 3691">
    <p class='ocr_par' dir='ltr' id='par_1_74' title="bbox 1945 3616 3541 3691">
     <span class='ocr_line' id='line_1_74' title="bbox 1945 3616 3541 3691; baseline -0.003 -18"><span class='ocrx_word' id='word_1_563' title='bbox 1945 3621 2138 3691; x_wconf 92' lang='lat' dir='ltr'><strong>partim</strong></span> <span class='ocrx_word' id='word_1_564' title='bbox 2187 3620 2253 3674; x_wconf 84' lang='lat' dir='ltr'><strong>ad</strong></span> <span class='ocrx_word' id='word_1_565' title='bbox 2277 3620 2517 3673; x_wconf 90' lang='lat' dir='ltr'><strong>divinam</strong></span> <span class='ocrx_word' id='word_1_566' title='bbox 2550 3618 2887 3683; x_wconf 80' lang='lat' dir='ltr'><strong>felicitatem,</strong></span> <span class='ocrx_word' id='word_1_567' title='bbox 2924 3618 3123 3685; x_wconf 89' lang='lat' dir='ltr'><strong>partim</strong></span> <span class='ocrx_word' id='word_1_568' title='bbox 3152 3617 3219 3669; x_wconf 87' lang='lat' dir='ltr'><strong>ad</strong></span> <span class='ocrx_word' id='word_1_569' title='bbox 3250 3616 3541 3670; x_wconf 43' lang='lat' dir='ltr'><strong>humanos.</strong></span> 
     </span>
    </p>
   </div>
   <div class='ocr_carea' id='block_1_75' title="bbox 1946 3706 3530 3780">
    <p class='ocr_par' dir='ltr' id='par_1_75' title="bbox 1946 3706 3530 3780">
     <span class='ocr_line' id='line_1_75' title="bbox 1946 3706 3530 3780; baseline -0.003 -15"><span class='ocrx_word' id='word_1_570' title='bbox 1946 3728 2109 3766; x_wconf 86' lang='lat' dir='ltr'><strong>casus</strong></span> <span class='ocrx_word' id='word_1_571' title='bbox 2128 3712 2535 3765; x_wconf 87' lang='lat' dir='ltr'><strong>accommodata</strong></span> <span class='ocrx_word' id='word_1_572' title='bbox 2559 3712 2648 3775; x_wconf 92' lang='lat' dir='ltr'><strong>sit,</strong></span> <span class='ocrx_word' id='word_1_573' title='bbox 2671 3725 2734 3764; x_wconf 90' lang='lat' dir='ltr'><strong>ac</strong></span> <span class='ocrx_word' id='word_1_574' title='bbox 2752 3725 2845 3780; x_wconf 88' lang='lat' dir='ltr'><strong>per</strong></span> <span class='ocrx_word' id='word_1_575' title='bbox 2868 3709 3014 3764; x_wconf 88' lang='lat' dir='ltr'><strong>vices</strong></span> <span class='ocrx_word' id='word_1_576' title='bbox 3041 3716 3331 3777; x_wconf 78' lang='lat' dir='ltr'><strong>utramque</strong></span> <span class='ocrx_word' id='word_1_577' title='bbox 3354 3706 3530 3762; x_wconf 78' lang='lat' dir='ltr'><strong>facul-</strong></span> 
     </span>
    </p>
   </div>
   <div class='ocr_carea' id='block_1_76' title="bbox 1948 3797 3524 3872">
    <p class='ocr_par' dir='ltr' id='par_1_76' title="bbox 1948 3797 3524 3872">
     <span class='ocr_line' id='line_1_76' title="bbox 1948 3797 3524 3872; baseline -0.003 -16"><span class='ocrx_word' id='word_1_578' title='bbox 1948 3812 2113 3857; x_wconf 88' lang='lat' dir='ltr'><strong>tatem</strong></span> <span class='ocrx_word' id='word_1_579' title='bbox 2141 3811 2378 3872; x_wconf 87' lang='lat' dir='ltr'><strong>promat,</strong></span> <span class='ocrx_word' id='word_1_580' title='bbox 2400 3801 2670 3870; x_wconf 91' lang='lat' dir='ltr'><strong>siquidem</strong></span> <span class='ocrx_word' id='word_1_581' title='bbox 2697 3801 2851 3871; x_wconf 80' lang='lat' dir='ltr'><strong>juxta</strong></span> <span class='ocrx_word' id='word_1_582' title='bbox 2888 3798 2979 3854; x_wconf 89' lang='lat' dir='ltr'><strong>Dei</strong></span> <span class='ocrx_word' id='word_1_583' title='bbox 3022 3797 3524 3869; x_wconf 13' lang='lat' dir='ltr'><strong>providentiamlad</strong></span> 
     </span>
    </p>
   </div>
   <div class='ocr_carea' id='block_1_77' title="bbox 1948 3888 3530 3961">
    <p class='ocr_par' dir='ltr' id='par_1_77' title="bbox 1948 3888 3530 3961">
     <span class='ocr_line' id='line_1_77' title="bbox 1948 3888 3530 3961; baseline 0.001 -16"><span class='ocrx_word' id='word_1_584' title='bbox 1948 3902 2243 3961; x_wconf 88' lang='lat' dir='ltr'><strong>utrumque</strong></span> <span class='ocrx_word' id='word_1_585' title='bbox 2301 3902 2423 3960; x_wconf 86' lang='lat' dir='ltr'><strong>apta</strong></span> <span class='ocrx_word' id='word_1_586' title='bbox 2451 3900 2555 3945; x_wconf 84' lang='lat' dir='ltr'><strong>est.</strong></span> <span class='ocrx_word' id='word_1_587' title='bbox 2609 3889 2719 3944; x_wconf 87' lang='lat' dir='ltr'><strong>Sua</strong></span> <span class='ocrx_word' id='word_1_588' title='bbox 2763 3891 2910 3945; x_wconf 88' lang='lat' dir='ltr'><strong>enim</strong></span> <span class='ocrx_word' id='word_1_589' title='bbox 2955 3899 3149 3944; x_wconf 88' lang='lat' dir='ltr'><strong>natura</strong></span> <span class='ocrx_word' id='word_1_590' title='bbox 3179 3890 3260 3945; x_wconf 89' lang='lat' dir='ltr'><strong>sic</strong></span> <span class='ocrx_word' id='word_1_591' title='bbox 3302 3888 3530 3959; x_wconf 80' lang='lat' dir='ltr'><strong>regitur.</strong></span> 
     </span>
    </p>
   </div>
   <div class='ocr_carea' id='block_1_78' title="bbox 1947 3979 3516 4049">
    <p class='ocr_par' dir='ltr' id='par_1_78' title="bbox 1947 3979 3516 4049">
     <span class='ocr_line' id='line_1_78' title="bbox 1947 3979 3516 4049; baseline -0.001 -14"><span class='ocrx_word' id='word_1_592' title='bbox 1947 3981 2099 4048; x_wconf 85' lang='lat' dir='ltr'><strong>Quod</strong></span> <span class='ocrx_word' id='word_1_593' title='bbox 2125 3989 2307 4036; x_wconf 89' lang='lat' dir='ltr'><strong>autem</strong></span> <span class='ocrx_word' id='word_1_594' title='bbox 2336 3981 2543 4035; x_wconf 89' lang='lat' dir='ltr'><strong>diutius</strong></span> <span class='ocrx_word' id='word_1_595' title='bbox 2582 3983 2634 4036; x_wconf 92' lang='lat' dir='ltr'><strong>in</strong></span> <span class='ocrx_word' id='word_1_596' title='bbox 2662 3982 2890 4036; x_wconf 85' lang='lat' dir='ltr'><strong>summis</strong></span> <span class='ocrx_word' id='word_1_597' title='bbox 2918 3995 3079 4049; x_wconf 89' lang='lat' dir='ltr'><strong>quam</strong></span> <span class='ocrx_word' id='word_1_598' title='bbox 3106 3981 3159 4034; x_wconf 91' lang='lat' dir='ltr'><strong>in</strong></span> <span class='ocrx_word' id='word_1_599' title='bbox 3190 3979 3392 4034; x_wconf 88' lang='lat' dir='ltr'><strong>inlimis</strong></span> <span class='ocrx_word' id='word_1_600' title='bbox 3421 3979 3516 4033; x_wconf 89' lang='lat' dir='ltr'><strong>de-</strong></span> 
     </span>
    </p>
   </div>
   <div class='ocr_carea' id='block_1_79' title="bbox 1950 4070 3531 4143">
    <p class='ocr_par' dir='ltr' id='par_1_79' title="bbox 1950 4070 3531 4143">
     <span class='ocr_line' id='line_1_79' title="bbox 1950 4070 3531 4143; baseline 0 -17"><span class='ocrx_word' id='word_1_601' title='bbox 1950 4083 2063 4143; x_wconf 84' lang='lat' dir='ltr'><strong>gat,</strong></span> <span class='ocrx_word' id='word_1_602' title='bbox 2095 4074 2147 4129; x_wconf 90' lang='lat' dir='ltr'><strong>id</strong></span> <span class='ocrx_word' id='word_1_603' title='bbox 2179 4073 2390 4128; x_wconf 89' lang='lat' dir='ltr'><strong>arbitrii</strong></span> <span class='ocrx_word' id='word_1_604' title='bbox 2427 4074 2510 4128; x_wconf 85' lang='lat' dir='ltr'><strong>sui</strong></span> <span class='ocrx_word' id='word_1_605' title='bbox 2543 4073 2793 4127; x_wconf 87' lang='lat' dir='ltr'><strong>libertate</strong></span> <span class='ocrx_word' id='word_1_606' title='bbox 2850 4072 3223 4141; x_wconf 83' lang='lat' dir='ltr'><strong>consequitur.</strong></span> <span class='ocrx_word' id='word_1_607' title='bbox 3261 4070 3531 4137; x_wconf 84' lang='lat' dir='ltr'><strong>Quocirca</strong></span> 
     </span>
    </p>
   </div>
   <div class='ocr_carea' id='block_1_80' title="bbox 1952 4164 3532 4230">
    <p class='ocr_par' dir='ltr' id='par_1_80' title="bbox 1952 4164 3532 4230">
     <span class='ocr_line' id='line_1_80' title="bbox 1952 4164 3532 4230; baseline -0.001 -10"><span class='ocrx_word' id='word_1_608' title='bbox 1952 4167 2074 4222; x_wconf 76' lang='lat' dir='ltr'><strong>alize</strong></span> <span class='ocrx_word' id='word_1_609' title='bbox 2136 4166 2280 4221; x_wconf 90' lang='lat' dir='ltr'><strong>intra</strong></span> <span class='ocrx_word' id='word_1_610' title='bbox 2323 4167 2508 4221; x_wconf 89' lang='lat' dir='ltr'><strong>decem</strong></span> <span class='ocrx_word' id='word_1_611' title='bbox 2542 4166 2711 4220; x_wconf 89' lang='lat' dir='ltr'><strong>millia</strong></span> <span class='ocrx_word' id='word_1_612' title='bbox 2772 4164 3210 4230; x_wconf 69' lang='lat' dir='ltr'><strong>annorum,alia:</strong></span> <span class='ocrx_word' id='word_1_613' title='bbox 3258 4165 3399 4217; x_wconf 90' lang='lat' dir='ltr'><strong>intra</strong></span> <span class='ocrx_word' id='word_1_614' title='bbox 3428 4164 3532 4219; x_wconf 85' lang='lat' dir='ltr'><strong>tria</strong></span> 
     </span>
    </p>
   </div>
   <div class='ocr_carea' id='block_1_81' title="bbox 1954 4258 3532 4325">
    <p class='ocr_par' dir='ltr' id='par_1_81' title="bbox 1954 4258 3532 4325">
     <span class='ocr_line' id='line_1_81' title="bbox 1954 4258 3532 4325; baseline -0.002 -11"><span class='ocrx_word' id='word_1_615' title='bbox 1954 4261 2124 4323; x_wconf 87' lang='lat' dir='ltr'><strong>millia</strong></span> <span class='ocrx_word' id='word_1_616' title='bbox 2150 4276 2373 4316; x_wconf 91' lang='lat' dir='ltr'><strong>cursum</strong></span> <span class='ocrx_word' id='word_1_617' title='bbox 2405 4259 2671 4314; x_wconf 77' lang='lat' dir='ltr'><strong>coniicere</strong></span> <span class='ocrx_word' id='word_1_618' title='bbox 2721 4258 2997 4325; x_wconf 87' lang='lat' dir='ltr'><strong>dicuntur,</strong></span> <span class='ocrx_word' id='word_1_619' title='bbox 3024 4258 3223 4312; x_wconf 88' lang='lat' dir='ltr'><strong>virtute</strong></span> <span class='ocrx_word' id='word_1_620' title='bbox 3282 4270 3532 4311; x_wconf 87' lang='lat' dir='ltr'><strong>errorem</strong></span> 
     </span>
    </p>
   </div>
   <div class='ocr_carea' id='block_1_82' title="bbox 1966 4348 3535 4413">
    <p class='ocr_par' dir='ltr' id='par_1_82' title="bbox 1966 4348 3535 4413">
     <span class='ocr_line' id='line_1_82' title="bbox 1966 4348 3535 4413; baseline -0.001 -9"><span class='ocrx_word' id='word_1_621' title='bbox 1966 4351 2263 4413; x_wconf 87' lang='lat' dir='ltr'><strong>recidente,</strong></span> <span class='ocrx_word' id='word_1_622' title='bbox 2288 4361 2341 4405; x_wconf 88' lang='lat' dir='ltr'><strong>et</strong></span> <span class='ocrx_word' id='word_1_623' title='bbox 2372 4349 2676 4404; x_wconf 81' lang='lat' dir='ltr'><strong>vehementi</strong></span> <span class='ocrx_word' id='word_1_624' title='bbox 2708 4348 2977 4402; x_wconf 89' lang='lat' dir='ltr'><strong>bonorum</strong></span> <span class='ocrx_word' id='word_1_625' title='bbox 3000 4348 3181 4404; x_wconf 82' lang='lat' dir='ltr'><strong>studio</strong></span> <span class='ocrx_word' id='word_1_626' title='bbox 3208 4349 3410 4404; x_wconf 89' lang='lat' dir='ltr'><strong>terreni</strong></span> <span class='ocrx_word' id='word_1_627' title='bbox 3431 4348 3535 4404; x_wconf 90' lang='lat' dir='ltr'><strong>ob-</strong></span> 
     </span>
    </p>
   </div>
   <div class='ocr_carea' id='block_1_83' title="bbox 1955 4441 2826 4500">
    <p class='ocr_par' dir='ltr' id='par_1_83' title="bbox 1955 4441 2826 4500">
     <span class='ocr_line' id='line_1_83' title="bbox 1955 4441 2826 4500; baseline -0.006 0"><span class='ocrx_word' id='word_1_628' title='bbox 1955 4444 2083 4500; x_wconf 91' lang='lat' dir='ltr'><strong>sidii</strong></span> <span class='ocrx_word' id='word_1_629' title='bbox 2124 4446 2541 4500; x_wconf 87' lang='lat' dir='ltr'><strong>diuturnitatem</strong></span> <span class='ocrx_word' id='word_1_630' title='bbox 2585 4441 2826 4497; x_wconf 88' lang='lat' dir='ltr'><strong>tollente.</strong></span> 
     </span>
    </p>
   </div>
   <div class='ocr_carea' id='block_1_84' title="bbox 280 4662 1837 4743">
    <p class='ocr_par' dir='ltr' id='par_1_84' title="bbox 280 4666 1837 4743">
     <span class='ocr_line' id='line_1_84' title="bbox 280 4666 1837 4743; baseline 0.003 -24"><span class='ocrx_word' id='word_1_631' title='bbox 280 4667 384 4720; x_wconf 81' lang='grc' dir='ltr'>Ἔκ</span> <span class='ocrx_word' id='word_1_632' title='bbox 414 4666 522 4720; x_wconf 84' lang='grc' dir='ltr'><strong>τοῦ</strong></span> <span class='ocrx_word' id='word_1_633' title='bbox 546 4666 609 4730; x_wconf 81' lang='grc' dir='ltr'><strong>,β’</strong></span> <span class='ocrx_word' id='word_1_634' title='bbox 638 4669 826 4737; x_wconf 72' lang='grc' dir='ltr'>λόγου</span> <span class='ocrx_word' id='word_1_635' title='bbox 849 4684 863 4698; x_wconf 91' lang='grc'><strong>·</strong></span> <span class='ocrx_word' id='word_1_636' title='bbox 908 4698 979 4708; x_wconf 87' lang='lat'><strong>-—</strong></span> <span class='ocrx_word' id='word_1_637' title='bbox 1024 4668 1169 4743; x_wconf 68' lang='grc' dir='ltr'>Τίνα</span> <span class='ocrx_word' id='word_1_638' title='bbox 1200 4670 1328 4722; x_wconf 79' lang='grc' dir='ltr'>κατ’</span> <span class='ocrx_word' id='word_1_639' title='bbox 1352 4670 1580 4724; x_wconf 80' lang='grc' dir='ltr'>οὐσίαν</span> <span class='ocrx_word' id='word_1_640' title='bbox 1600 4670 1837 4743; x_wconf 72' lang='grc' dir='ltr'>λέγεται</span> 
     </span>
    </p>
   </div>
   <div class='ocr_carea' id='block_1_85' title="bbox 1942 4662 3514 4743">
    <p class='ocr_par' dir='ltr' id='par_1_85' title="bbox 1993 4662 3514 4736">
     <span class='ocr_line' id='line_1_85' title="bbox 1993 4662 3514 4736; baseline -0.005 -12"><span class='ocrx_word' id='word_1_641' title='bbox 1993 4671 2037 4724; x_wconf 83' lang='lat' dir='ltr'><em>E</em></span> <span class='ocrx_word' id='word_1_642' title='bbox 2067 4670 2198 4724; x_wconf 82' lang='lat' dir='ltr'><strong>libro</strong></span> <span class='ocrx_word' id='word_1_643' title='bbox 2218 4669 2465 4723; x_wconf 76' lang='lat' dir='ltr'><strong>secundo.</strong></span> <span class='ocrx_word' id='word_1_644' title='bbox 2490 4699 2557 4709; x_wconf 94' lang='lat'><strong><em>—</em></strong></span> <span class='ocrx_word' id='word_1_645' title='bbox 2584 4669 2840 4734; x_wconf 71' lang='lat' dir='ltr'><strong>Quantam</strong></span> <span class='ocrx_word' id='word_1_646' title='bbox 2859 4667 3104 4720; x_wconf 79' lang='lat' dir='ltr'><strong>dicantur</strong></span> <span class='ocrx_word' id='word_1_647' title='bbox 3122 4682 3216 4736; x_wconf 80' lang='lat' dir='ltr'><strong>per</strong></span> <span class='ocrx_word' id='word_1_648' title='bbox 3244 4681 3300 4720; x_wconf 79' lang='lat' dir='ltr'><strong>se</strong></span> <span class='ocrx_word' id='word_1_649' title='bbox 3323 4662 3514 4736; x_wconf 80' lang='lat' dir='ltr'><strong>agere?</strong></span> 
     </span>
    </p>
   </div>
   <div class='ocr_carea' id='block_1_86' title="bbox 923 4740 1160 4801">
    <p class='ocr_par' dir='ltr' id='par_1_86' title="bbox 923 4740 1160 4801">
     <span class='ocr_line' id='line_1_86' title="bbox 923 4740 1160 4801; baseline 0.008 -10"><span class='ocrx_word' id='word_1_650' title='bbox 923 4740 1120 4793; x_wconf 77' lang='grc' dir='ltr'>ποιεῖν</span> <span class='ocrx_word' id='word_1_651' title='bbox 1141 4757 1160 4801; x_wconf 86' lang='lat'><strong><em>;</em></strong></span> 
     </span>
    </p>
   </div>
   <div class='ocr_carea' id='block_1_87' title="bbox 341 4854 1849 4925">
    <p class='ocr_par' dir='ltr' id='par_1_87' title="bbox 341 4854 1849 4925">
     <span class='ocr_line' id='line_1_87' title="bbox 341 4854 1849 4925; baseline 0.004 -20"><span class='ocrx_word' id='word_1_652' title='bbox 341 4854 467 4906; x_wconf 88' lang='grc' dir='ltr'>Ὅτι</span> <span class='ocrx_word' id='word_1_653' title='bbox 514 4858 672 4924; x_wconf 65' lang='grc' dir='ltr'>φησι,</span> <span class='ocrx_word' id='word_1_654' title='bbox 720 4854 859 4911; x_wconf 85' lang='grc' dir='ltr'>Κατ’</span> <span class='ocrx_word' id='word_1_655' title='bbox 909 4856 1098 4909; x_wconf 84' lang='grc' dir='ltr'>οὐσίαν</span> <span class='ocrx_word' id='word_1_656' title='bbox 1149 4857 1327 4909; x_wconf 80' lang='grc' dir='ltr'>ἐκεῖνα</span> <span class='ocrx_word' id='word_1_657' title='bbox 1378 4858 1599 4925; x_wconf 84' lang='grc' dir='ltr'>λέγεται</span> <span class='ocrx_word' id='word_1_658' title='bbox 1648 4860 1849 4921; x_wconf 86' lang='grc' dir='ltr'>ποιεῖν,</span> 
     </span>
    </p>
   </div>
   <div class='ocr_carea' id='block_1_88' title="bbox 268 4946 1850 5021">
    <p class='ocr_par' dir='ltr' id='par_1_88' title="bbox 268 4946 1850 5021">
     <span class='ocr_line' id='line_1_88' title="bbox 268 4946 1850 5021; baseline 0.002 -23"><span class='ocrx_word' id='word_1_659' title='bbox 268 4946 368 4998; x_wconf 82' lang='grc' dir='ltr'><strong>ὅσα</strong></span> <span class='ocrx_word' id='word_1_660' title='bbox 405 4946 637 5015; x_wconf 86' lang='grc' dir='ltr'>μένοντα</span> <span class='ocrx_word' id='word_1_661' title='bbox 665 4948 951 5015; x_wconf 87' lang='grc' dir='ltr'>ἀτρέπτως</span> <span class='ocrx_word' id='word_1_662' title='bbox 991 4948 1050 5000; x_wconf 83' lang='grc' dir='ltr'>ἐν</span> <span class='ocrx_word' id='word_1_663' title='bbox 1078 4949 1145 5019; x_wconf 80' lang='grc' dir='ltr'>τῇ</span> <span class='ocrx_word' id='word_1_664' title='bbox 1175 4948 1354 5003; x_wconf 83' lang='grc' dir='ltr'>αὑτῶν</span> <span class='ocrx_word' id='word_1_665' title='bbox 1383 4948 1540 5019; x_wconf 72' lang='grc' dir='ltr'>οὑσίᾳ</span> <span class='ocrx_word' id='word_1_666' title='bbox 1562 4949 1657 5002; x_wconf 77' lang='grc' dir='ltr'><strong>καὶ</strong></span> <span class='ocrx_word' id='word_1_667' title='bbox 1692 4949 1850 5021; x_wconf 84' lang='grc' dir='ltr'>ἐνερ-</span> 
     </span>
    </p>
   </div>
   <div class='ocr_carea' id='block_1_89' title="bbox 2029 4844 3541 4915">
    <p class='ocr_par' dir='ltr' id='par_1_89' title="bbox 2029 4844 3541 4915">
     <span class='ocr_line' id='line_1_89' title="bbox 2029 4844 3541 4915; baseline -0.005 -13"><span class='ocrx_word' id='word_1_668' title='bbox 2029 4849 2146 4911; x_wconf 88' lang='lat' dir='ltr'><strong>Illa,</strong></span> <span class='ocrx_word' id='word_1_669' title='bbox 2182 4848 2379 4915; x_wconf 81' lang='lat' dir='ltr'><strong>inquit,</strong></span> <span class='ocrx_word' id='word_1_670' title='bbox 2420 4861 2517 4914; x_wconf 90' lang='lat' dir='ltr'><strong>per</strong></span> <span class='ocrx_word' id='word_1_671' title='bbox 2548 4862 2605 4899; x_wconf 88' lang='lat' dir='ltr'><strong>se</strong></span> <span class='ocrx_word' id='word_1_672' title='bbox 2631 4858 2789 4914; x_wconf 78' lang='lat' dir='ltr'><strong>agere</strong></span> <span class='ocrx_word' id='word_1_673' title='bbox 2814 4844 3098 4907; x_wconf 90' lang='lat' dir='ltr'><strong>dicuntur,</strong></span> <span class='ocrx_word' id='word_1_674' title='bbox 3125 4857 3246 4913; x_wconf 73' lang='lat' dir='ltr'><strong>quze</strong></span> <span class='ocrx_word' id='word_1_675' title='bbox 3269 4855 3394 4896; x_wconf 93' lang='lat' dir='ltr'><strong>cum</strong></span> <span class='ocrx_word' id='word_1_676' title='bbox 3420 4854 3541 4895; x_wconf 86' lang='lat' dir='ltr'><strong>sme</strong></span> 
     </span>
    </p>
   </div>
   <div class='ocr_carea' id='block_1_90' title="bbox 1958 4936 3538 5007">
    <p class='ocr_par' dir='ltr' id='par_1_90' title="bbox 1958 4936 3538 5007">
     <span class='ocr_line' id='line_1_90' title="bbox 1958 4936 3538 5007; baseline -0.008 -11"><span class='ocrx_word' id='word_1_677' title='bbox 1958 4942 2260 4997; x_wconf 90' lang='lat' dir='ltr'><strong>mutatione</strong></span> <span class='ocrx_word' id='word_1_678' title='bbox 2280 4940 2335 4993; x_wconf 91' lang='lat' dir='ltr'><strong>in</strong></span> <span class='ocrx_word' id='word_1_679' title='bbox 2359 4954 2458 4993; x_wconf 85' lang='lat' dir='ltr'><strong>sua</strong></span> <span class='ocrx_word' id='word_1_680' title='bbox 2477 4940 2713 4992; x_wconf 87' lang='lat' dir='ltr'><strong>essentia</strong></span> <span class='ocrx_word' id='word_1_681' title='bbox 2738 4946 2900 5007; x_wconf 89' lang='lat' dir='ltr'><strong>atque</strong></span> <span class='ocrx_word' id='word_1_682' title='bbox 2920 4936 3241 5005; x_wconf 88' lang='lat' dir='ltr'><strong>operatione</strong></span> <span class='ocrx_word' id='word_1_683' title='bbox 3260 4941 3538 4996; x_wconf 86' lang='lat' dir='ltr'><strong>maneant,</strong></span> 
     </span>
    </p>
   </div>
   <div class='ocr_carea' id='block_1_91' title="bbox 270 5033 1837 5110">
    <p class='ocr_par' dir='ltr' id='par_1_91' title="bbox 270 5038 1837 5110">
     <span class='ocr_line' id='line_1_91' title="bbox 270 5038 1837 5110; baseline 0.001 -18"><span class='ocrx_word' id='word_1_684' title='bbox 270 5040 419 5109; x_wconf 66' lang='grc' dir='ltr'>γείᾳ,</span> <span class='ocrx_word' id='word_1_685' title='bbox 451 5039 548 5092; x_wconf 79' lang='grc' dir='ltr'><strong>καὶ</strong></span> <span class='ocrx_word' id='word_1_686' title='bbox 576 5039 741 5109; x_wconf 80' lang='grc' dir='ltr'>μηδὲν</span> <span class='ocrx_word' id='word_1_687' title='bbox 759 5038 968 5092; x_wconf 81' lang='grc' dir='ltr'>ἑαυτῶν</span> <span class='ocrx_word' id='word_1_688' title='bbox 995 5039 1405 5109; x_wconf 73' lang='grc' dir='ltr'>ἀπομερίζοντα</span> <span class='ocrx_word' id='word_1_689' title='bbox 1431 5040 1565 5110; x_wconf 80' lang='grc' dir='ltr'>μηδὲ</span> <span class='ocrx_word' id='word_1_690' title='bbox 1594 5040 1837 5095; x_wconf 78' lang='grc' dir='ltr'>κινοῦντα</span> 
     </span>
    </p>
   </div>
   <div class='ocr_carea' id='block_1_92' title="bbox 1942 5033 3533 5110">
    <p class='ocr_par' dir='ltr' id='par_1_92' title="bbox 1954 5033 3533 5099">
     <span class='ocr_line' id='line_1_92' title="bbox 1954 5033 3533 5099; baseline -0.009 -8"><span class='ocrx_word' id='word_1_691' title='bbox 1954 5046 2009 5091; x_wconf 90' lang='lat' dir='ltr'><strong>et</strong></span> <span class='ocrx_word' id='word_1_692' title='bbox 2031 5036 2150 5090; x_wconf 86' lang='lat' dir='ltr'><strong>sine</strong></span> <span class='ocrx_word' id='word_1_693' title='bbox 2166 5034 2272 5088; x_wconf 85' lang='lat' dir='ltr'><strong>ulla</strong></span> <span class='ocrx_word' id='word_1_694' title='bbox 2304 5035 2387 5089; x_wconf 89' lang='lat' dir='ltr'><strong>sui</strong></span> <span class='ocrx_word' id='word_1_695' title='bbox 2423 5034 2728 5087; x_wconf 84' lang='lat' dir='ltr'><strong>mutatione</strong></span> <span class='ocrx_word' id='word_1_696' title='bbox 2753 5033 2817 5086; x_wconf 89' lang='lat' dir='ltr'><strong>ad</strong></span> <span class='ocrx_word' id='word_1_697' title='bbox 2839 5046 3028 5085; x_wconf 86' lang='lat' dir='ltr'><strong>eorum</strong></span> <span class='ocrx_word' id='word_1_698' title='bbox 3051 5043 3174 5099; x_wconf 66' lang='lat' dir='ltr'><strong>quae</strong></span> <span class='ocrx_word' id='word_1_699' title='bbox 3198 5034 3533 5098; x_wconf 81' lang='lat' dir='ltr'><strong>generantur</strong></span> 
     </span>
    </p>
   </div>
   <div class='ocr_carea' id='block_1_93' title="bbox 272 5130 1849 5203">
    <p class='ocr_par' dir='ltr' id='par_1_93' title="bbox 272 5130 1849 5203">
     <span class='ocr_line' id='line_1_93' title="bbox 272 5130 1849 5203; baseline 0.001 -18"><span class='ocrx_word' id='word_1_700' title='bbox 272 5134 410 5201; x_wconf 66' lang='grc' dir='ltr'>πρὸς</span> <span class='ocrx_word' id='word_1_701' title='bbox 470 5132 572 5203; x_wconf 76' lang='grc' dir='ltr'><strong>τὴν</strong></span> <span class='ocrx_word' id='word_1_702' title='bbox 617 5132 728 5183; x_wconf 80' lang='grc' dir='ltr'><strong>τῶν</strong></span> <span class='ocrx_word' id='word_1_703' title='bbox 770 5130 1125 5201; x_wconf 87' lang='grc' dir='ltr'>γεννωμένων</span> <span class='ocrx_word' id='word_1_704' title='bbox 1169 5132 1488 5197; x_wconf 79' lang='grc' dir='ltr'>ὑπόστασιν,</span> <span class='ocrx_word' id='word_1_705' title='bbox 1547 5132 1713 5203; x_wconf 79' lang='grc'>[1589</span> <span class='ocrx_word' id='word_1_706' title='bbox 1754 5131 1849 5203; x_wconf 63' lang='lat' dir='ltr'><strong>IL]</strong></span> 
     </span>
    </p>
   </div>
   <div class='ocr_carea' id='block_1_94' title="bbox 276 5219 1859 5294">
    <p class='ocr_par' dir='ltr' id='par_1_94' title="bbox 276 5219 1859 5294">
     <span class='ocr_line' id='line_1_94' title="bbox 276 5219 1859 5294; baseline -0.003 -16"><span class='ocrx_word' id='word_1_707' title='bbox 276 5225 395 5278; x_wconf 74' lang='grc' dir='ltr'>κατ’</span> <span class='ocrx_word' id='word_1_708' title='bbox 427 5223 561 5276; x_wconf 87' lang='grc' dir='ltr'>αὑτὸ</span> <span class='ocrx_word' id='word_1_709' title='bbox 591 5223 752 5293; x_wconf 87' lang='grc' dir='ltr'>μόνον</span> <span class='ocrx_word' id='word_1_710' title='bbox 779 5224 837 5276; x_wconf 87' lang='grc' dir='ltr'><strong>τὸ</strong></span> <span class='ocrx_word' id='word_1_711' title='bbox 867 5219 1007 5277; x_wconf 83' lang='grc' dir='ltr'>εἶναι</span> <span class='ocrx_word' id='word_1_712' title='bbox 1034 5224 1062 5277; x_wconf 82' lang='grc' dir='ltr'><strong>δ</strong></span> <span class='ocrx_word' id='word_1_713' title='bbox 1088 5225 1203 5276; x_wconf 81' lang='grc' dir='ltr'>ἐστι</span> <span class='ocrx_word' id='word_1_714' title='bbox 1226 5223 1580 5294; x_wconf 83' lang='grc' dir='ltr'>παράγειτὴν</span> <span class='ocrx_word' id='word_1_715' title='bbox 1612 5224 1719 5277; x_wconf 87' lang='grc' dir='ltr'><strong>τῶν</strong></span> <span class='ocrx_word' id='word_1_716' title='bbox 1739 5224 1859 5277; x_wconf 86' lang='grc' dir='ltr'>δευ-</span> 
     </span>
    </p>
   </div>
   <div class='ocr_carea' id='block_1_95' title="bbox 277 5310 1861 5389">
    <p class='ocr_par' dir='ltr' id='par_1_95' title="bbox 277 5310 1861 5389">
     <span class='ocr_line' id='line_1_95' title="bbox 277 5310 1861 5389; baseline 0.001 -21"><span class='ocrx_word' id='word_1_717' title='bbox 277 5316 446 5385; x_wconf 81' lang='grc' dir='ltr'>τέρων</span> <span class='ocrx_word' id='word_1_718' title='bbox 464 5317 702 5384; x_wconf 88' lang='grc' dir='ltr'>γένεσιν.</span> <span class='ocrx_word' id='word_1_719' title='bbox 723 5310 817 5377; x_wconf 74' lang='grc' dir='ltr'><strong>Οἷς</strong></span> <span class='ocrx_word' id='word_1_720' title='bbox 831 5316 1021 5371; x_wconf 74' lang='grc' dir='ltr'>ἕπεται</span> <span class='ocrx_word' id='word_1_721' title='bbox 1047 5318 1183 5387; x_wconf 81' lang='grc' dir='ltr'>μήτε</span> <span class='ocrx_word' id='word_1_722' title='bbox 1204 5315 1305 5388; x_wconf 79' lang='grc' dir='ltr'>ὕλῃ</span> <span class='ocrx_word' id='word_1_723' title='bbox 1324 5334 1497 5389; x_wconf 84' lang='grc' dir='ltr'>προσχ</span> <span class='ocrx_word' id='word_1_724' title='bbox 1509 5317 1730 5387; x_wconf 82' lang='grc' dir='ltr'>ρῆσθαι,</span> <span class='ocrx_word' id='word_1_725' title='bbox 1758 5319 1861 5387; x_wconf 80' lang='grc' dir='ltr'><strong>μή·</strong></span> 
     </span>
    </p>
   </div>
   <div class='ocr_carea' id='block_1_96' title="bbox 278 5407 1859 5479">
    <p class='ocr_par' dir='ltr' id='par_1_96' title="bbox 278 5407 1859 5479">
     <span class='ocr_line' id='line_1_96' title="bbox 278 5407 1859 5479; baseline 0 -19"><span class='ocrx_word' id='word_1_726' title='bbox 278 5408 451 5461; x_wconf 81' lang='grc' dir='ltr'>τεάπὸ</span> <span class='ocrx_word' id='word_1_727' title='bbox 474 5407 668 5478; x_wconf 84' lang='grc' dir='ltr'>χρόνου</span> <span class='ocrx_word' id='word_1_728' title='bbox 690 5409 883 5472; x_wconf 88' lang='grc' dir='ltr'>ποιεῖν,</span> <span class='ocrx_word' id='word_1_729' title='bbox 905 5408 1043 5478; x_wconf 80' lang='grc' dir='ltr'>μήτε</span> <span class='ocrx_word' id='word_1_730' title='bbox 1059 5410 1138 5472; x_wconf 85' lang='grc' dir='ltr'><strong>εἰς</strong></span> <span class='ocrx_word' id='word_1_731' title='bbox 1155 5408 1345 5479; x_wconf 84' lang='grc' dir='ltr'>χρόνον</span> <span class='ocrx_word' id='word_1_732' title='bbox 1391 5408 1683 5471; x_wconf 80' lang='grc' dir='ltr'>παύεσθαι,</span> <span class='ocrx_word' id='word_1_733' title='bbox 1720 5411 1859 5479; x_wconf 76' lang='grc' dir='ltr'>μήτε</span> 
     </span>
    </p>
   </div>
   <div class='ocr_carea' id='block_1_97' title="bbox 1960 5124 3540 5189">
    <p class='ocr_par' dir='ltr' id='par_1_97' title="bbox 1960 5124 3540 5189">
     <span class='ocr_line' id='line_1_97' title="bbox 1960 5124 3540 5189; baseline -0.01 -4"><span class='ocrx_word' id='word_1_734' title='bbox 1960 5127 2412 5185; x_wconf 87' lang='lat' dir='ltr'><strong>sustentationem</strong></span> <span class='ocrx_word' id='word_1_735' title='bbox 2466 5135 2827 5189; x_wconf 86' lang='lat' dir='ltr'><strong>moveantur,</strong></span> <span class='ocrx_word' id='word_1_736' title='bbox 2877 5138 2944 5178; x_wconf 87' lang='lat' dir='ltr'><strong>eo</strong></span> <span class='ocrx_word' id='word_1_737' title='bbox 2998 5124 3175 5176; x_wconf 90' lang='lat' dir='ltr'><strong>solum</strong></span> <span class='ocrx_word' id='word_1_738' title='bbox 3244 5132 3355 5188; x_wconf 89' lang='lat' dir='ltr'><strong>quo</strong></span> <span class='ocrx_word' id='word_1_739' title='bbox 3407 5126 3540 5171; x_wconf 84' lang='lat' dir='ltr'><strong>sunt</strong></span> 
     </span>
    </p>
   </div>
   <div class='ocr_carea' id='block_1_98' title="bbox 1964 5206 3543 5290">
    <p class='ocr_par' dir='ltr' id='par_1_98' title="bbox 1964 5206 3543 5290">
     <span class='ocr_line' id='line_1_98' title="bbox 1964 5206 3543 5290; baseline -0.011 -15"><span class='ocrx_word' id='word_1_740' title='bbox 1964 5221 2017 5275; x_wconf 89' lang='lat' dir='ltr'><strong>id</strong></span> <span class='ocrx_word' id='word_1_741' title='bbox 2045 5221 2189 5290; x_wconf 85' lang='lat' dir='ltr'><strong>quod</strong></span> <span class='ocrx_word' id='word_1_742' title='bbox 2220 5228 2369 5283; x_wconf 90' lang='lat' dir='ltr'><strong>sunt,</strong></span> <span class='ocrx_word' id='word_1_743' title='bbox 2400 5235 2488 5273; x_wconf 84' lang='lat' dir='ltr'><strong>res</strong></span> <span class='ocrx_word' id='word_1_744' title='bbox 2528 5232 2559 5270; x_wconf 86' lang='lat' dir='ltr'><strong>a</strong></span> <span class='ocrx_word' id='word_1_745' title='bbox 2582 5232 2640 5271; x_wconf 91' lang='lat' dir='ltr'><strong>se</strong></span> <span class='ocrx_word' id='word_1_746' title='bbox 2670 5216 2916 5270; x_wconf 75' lang='lat' dir='ltr'><strong>diversas</strong></span> <span class='ocrx_word' id='word_1_747' title='bbox 2944 5214 3275 5282; x_wconf 87' lang='lat' dir='ltr'><strong>producunt.</strong></span> <span class='ocrx_word' id='word_1_748' title='bbox 3308 5208 3385 5262; x_wconf 87' lang='lat' dir='ltr'><strong>Ex</strong></span> <span class='ocrx_word' id='word_1_749' title='bbox 3418 5206 3543 5276; x_wconf 82' lang='lat' dir='ltr'><strong>qui-</strong></span> 
     </span>
    </p>
   </div>
   <div class='ocr_carea' id='block_1_99' title="bbox 1963 5299 3542 5377">
    <p class='ocr_par' dir='ltr' id='par_1_99' title="bbox 1963 5299 3542 5377">
     <span class='ocr_line' id='line_1_99' title="bbox 1963 5299 3542 5377; baseline -0.011 -9"><span class='ocrx_word' id='word_1_750' title='bbox 1963 5317 2066 5368; x_wconf 91' lang='lat' dir='ltr'><strong>bus</strong></span> <span class='ocrx_word' id='word_1_751' title='bbox 2091 5313 2341 5375; x_wconf 76' lang='lat' dir='ltr'><strong>edicitur,</strong></span> <span class='ocrx_word' id='word_1_752' title='bbox 2362 5311 2451 5363; x_wconf 87' lang='lat' dir='ltr'><strong>illa</strong></span> <span class='ocrx_word' id='word_1_753' title='bbox 2474 5324 2651 5377; x_wconf 84' lang='lat' dir='ltr'><strong>neque</strong></span> <span class='ocrx_word' id='word_1_754' title='bbox 2675 5307 2899 5360; x_wconf 87' lang='lat' dir='ltr'><strong>materia</strong></span> <span class='ocrx_word' id='word_1_755' title='bbox 2925 5304 3021 5367; x_wconf 89' lang='lat' dir='ltr'><strong>uti,</strong></span> <span class='ocrx_word' id='word_1_756' title='bbox 3046 5317 3223 5372; x_wconf 89' lang='lat' dir='ltr'><strong>neque</strong></span> <span class='ocrx_word' id='word_1_757' title='bbox 3254 5300 3323 5355; x_wconf 89' lang='lat' dir='ltr'><strong>ab</strong></span> <span class='ocrx_word' id='word_1_758' title='bbox 3353 5299 3542 5369; x_wconf 81' lang='lat' dir='ltr'><strong>aliquo</strong></span> 
     </span>
    </p>
   </div>
   <div class='ocr_carea' id='block_1_100' title="bbox 1964 5391 3543 5476">
    <p class='ocr_par' dir='ltr' id='par_1_100' title="bbox 1964 5391 3543 5476">
     <span class='ocr_line' id='line_1_100' title="bbox 1964 5391 3543 5476; baseline -0.01 -14"><span class='ocrx_word' id='word_1_759' title='bbox 1964 5417 2211 5476; x_wconf 91' lang='lat' dir='ltr'><strong>tempore</strong></span> <span class='ocrx_word' id='word_1_760' title='bbox 2258 5406 2519 5474; x_wconf 83' lang='lat' dir='ltr'><strong>incipere,</strong></span> <span class='ocrx_word' id='word_1_761' title='bbox 2559 5414 2736 5471; x_wconf 87' lang='lat' dir='ltr'><strong>neque</strong></span> <span class='ocrx_word' id='word_1_762' title='bbox 2768 5399 2823 5453; x_wconf 92' lang='lat' dir='ltr'><strong>in</strong></span> <span class='ocrx_word' id='word_1_763' title='bbox 2851 5398 3072 5467; x_wconf 86' lang='lat' dir='ltr'><strong>aliquod</strong></span> <span class='ocrx_word' id='word_1_764' title='bbox 3130 5406 3346 5465; x_wconf 87' lang='lat' dir='ltr'><strong>tempus</strong></span> <span class='ocrx_word' id='word_1_765' title='bbox 3391 5391 3543 5448; x_wconf 81' lang='lat' dir='ltr'><strong>desi-</strong></span> 
     </span>
    </p>
   </div>
   <div class='ocr_carea' id='block_1_101' title="bbox 1522 5595 2219 5654">
    <p class='ocr_par' dir='ltr' id='par_1_101' title="bbox 1522 5595 2219 5654">
     <span class='ocr_line' id='line_1_101' title="bbox 1522 5595 2219 5654; baseline -0.006 0"><span class='ocrx_word' id='word_1_766' title='bbox 1522 5598 1760 5654; x_wconf 78' lang='lat' dir='ltr'><strong>VARUE</strong></span> <span class='ocrx_word' id='word_1_767' title='bbox 1813 5595 2219 5653; x_wconf 80' lang='lat' dir='ltr'><strong>LECTIONES.</strong></span> 
     </span>
    </p>
   </div>
   <div class='ocr_carea' id='block_1_102' title="bbox 354 5722 3549 5816">
    <p class='ocr_par' dir='ltr' id='par_1_102' title="bbox 354 5722 3549 5816">
     <span class='ocr_line' id='line_1_102' title="bbox 354 5722 3549 5816; baseline -0.007 -17"><span class='ocrx_word' id='word_1_768' title='bbox 354 5746 393 5777; x_wconf 84' lang='grc'>¹¹</span> <span class='ocrx_word' id='word_1_769' title='bbox 422 5743 699 5816; x_wconf 85' lang='grc' dir='ltr'>αἱρεῖσθαί</span> <span class='ocrx_word' id='word_1_770' title='bbox 730 5742 771 5796; x_wconf 86' lang='grc' dir='ltr'><strong>Β</strong></span> <span class='ocrx_word' id='word_1_771' title='bbox 800 5764 813 5797; x_wconf 86' lang='lat'><strong>:</strong></span> <span class='ocrx_word' id='word_1_772' title='bbox 840 5743 1092 5813; x_wconf 80' lang='grc' dir='ltr'>αἴρεσθαί</span> <span class='ocrx_word' id='word_1_773' title='bbox 1126 5762 1186 5809; x_wconf 80' lang='grc' dir='ltr'><strong>ς.</strong></span> <span class='ocrx_word' id='word_1_774' title='bbox 1243 5746 1326 5796; x_wconf 74' lang='grc' dir='ltr'><strong>,η</strong></span> <span class='ocrx_word' id='word_1_775' title='bbox 1355 5744 1452 5797; x_wconf 74' lang='grc' dir='ltr'><strong>καὶ</strong></span> <span class='ocrx_word' id='word_1_776' title='bbox 1516 5743 1615 5815; x_wconf 79' lang='grc' dir='ltr'>τὴν</span> <span class='ocrx_word' id='word_1_777' title='bbox 1671 5739 2020 5807; x_wconf 72' lang='grc' dir='ltr'>αὐτεξούσιον</span> <span class='ocrx_word' id='word_1_778' title='bbox 2063 5737 2291 5808; x_wconf 85' lang='grc' dir='ltr'>κίνησιν</span> <span class='ocrx_word' id='word_1_779' title='bbox 2343 5735 2470 5791; x_wconf 87' lang='lat' dir='ltr'><strong>add.</strong></span> <span class='ocrx_word' id='word_1_780' title='bbox 2513 5735 2579 5789; x_wconf 75' lang='grc' dir='ltr'>Α.</span> <span class='ocrx_word' id='word_1_781' title='bbox 2661 5735 2702 5765; x_wconf 77' lang='grc'><strong>³³</strong></span> <span class='ocrx_word' id='word_1_782' title='bbox 2740 5731 2842 5802; x_wconf 77' lang='grc' dir='ltr'><strong>βίῳ</strong></span> <span class='ocrx_word' id='word_1_783' title='bbox 2887 5730 3013 5785; x_wconf 87' lang='lat' dir='ltr'><strong>add.</strong></span> <span class='ocrx_word' id='word_1_784' title='bbox 3083 5730 3146 5782; x_wconf 81' lang='grc' dir='ltr'>Α.</span> <span class='ocrx_word' id='word_1_785' title='bbox 3223 5728 3265 5761; x_wconf 73' lang='grc'><strong>³⁸</strong></span> <span class='ocrx_word' id='word_1_786' title='bbox 3296 5722 3549 5779; x_wconf 78' lang='grc' dir='ltr'>πολιτεὺ-</span> 
     </span>
    </p>
   </div>
   <div class='ocr_carea' id='block_1_103' title="bbox 286 5816 1458 5887">
    <p class='ocr_par' dir='ltr' id='par_1_103' title="bbox 286 5816 1458 5887">
     <span class='ocr_line' id='line_1_103' title="bbox 286 5816 1458 5887; baseline 0.001 -19"><span class='ocrx_word' id='word_1_787' title='bbox 286 5816 458 5887; x_wconf 74' lang='grc' dir='ltr'>εσθαιι</span> <span class='ocrx_word' id='word_1_788' title='bbox 488 5818 585 5869; x_wconf 79' lang='grc' dir='ltr'><strong>ἐπὶ</strong></span> <span class='ocrx_word' id='word_1_789' title='bbox 618 5819 723 5885; x_wconf 76' lang='grc' dir='ltr'>γῆς</span> <span class='ocrx_word' id='word_1_790' title='bbox 757 5816 1133 5870; x_wconf 83' lang='grc' dir='ltr'>πολιτεύεσθαι</span> <span class='ocrx_word' id='word_1_791' title='bbox 1166 5816 1458 5871; x_wconf 74' lang='lat' dir='ltr'><strong>Bentleius.</strong></span> 
     </span>
    </p>
   </div>
  </div>
