  <div class='ocr_page' id='page_1' title='image "/cluster/home/n/w/nwhite01/storage/ocr_20150623/104/hvd.32044018872853/051.png"; bbox 0 0 4036 6318; ppageno 0'>
   <div class='ocr_carea' id='block_1_1' title="bbox 593 357 662 419">
    <p class='ocr_par' dir='ltr' id='par_1_1' title="bbox 593 357 662 419">
     <span class='ocr_line' id='line_1_1' title="bbox 593 357 662 419; baseline 0 0"><span class='ocrx_word' id='word_1_1' title='bbox 593 357 662 419; x_wconf 83' lang='grc'><strong>87</strong></span> 
     </span>
    </p>
   </div>
   <div class='ocr_carea' id='block_1_2' title="bbox 1730 368 2674 430">
    <p class='ocr_par' dir='ltr' id='par_1_2' title="bbox 1730 368 2674 430">
     <span class='ocr_line' id='line_1_2' title="bbox 1730 368 2674 430; baseline 0 -2"><span class='ocrx_word' id='word_1_2' title='bbox 1730 368 1992 430; x_wconf 84' lang='grc' dir='ltr'><strong>ΡΗΟΤΙΙ</strong></span> <span class='ocrx_word' id='word_1_3' title='bbox 2021 368 2522 430; x_wconf 77' lang='lat' dir='ltr'><strong>PATRIABCH/E</strong></span> <span class='ocrx_word' id='word_1_4' title='bbox 2563 370 2674 429; x_wconf 82' lang='lat' dir='ltr'><strong>CP.</strong></span> 
     </span>
    </p>
   </div>
   <div class='ocr_carea' id='block_1_3' title="bbox 3759 366 3835 430">
    <p class='ocr_par' dir='ltr' id='par_1_3' title="bbox 3759 366 3835 430">
     <span class='ocr_line' id='line_1_3' title="bbox 3759 366 3835 430; baseline 0 0"><span class='ocrx_word' id='word_1_5' title='bbox 3759 366 3835 430; x_wconf 84' lang='lat'><strong>88</strong></span> 
     </span>
    </p>
   </div>
   <div class='ocr_carea' id='block_1_4' title="bbox 592 480 2147 557">
    <p class='ocr_par' dir='ltr' id='par_1_4' title="bbox 592 480 2147 556">
     <span class='ocr_line' id='line_1_4' title="bbox 592 480 2147 556; baseline 0.01 -30"><span class='ocrx_word' id='word_1_6' title='bbox 592 487 744 536; x_wconf 79' lang='lat' dir='ltr'><strong>nere,</strong></span> <span class='ocrx_word' id='word_1_7' title='bbox 776 489 950 544; x_wconf 89' lang='lat' dir='ltr'><strong>neque</strong></span> <span class='ocrx_word' id='word_1_8' title='bbox 978 484 1133 531; x_wconf 82' lang='lat' dir='ltr'><strong>extra</strong></span> <span class='ocrx_word' id='word_1_9' title='bbox 1160 480 1373 548; x_wconf 75' lang='lat' dir='ltr'><strong>agentis</strong></span> <span class='ocrx_word' id='word_1_10' title='bbox 1394 484 1791 552; x_wconf 82' lang='lat' dir='ltr'><strong>Operationem,</strong></span> <span class='ocrx_word' id='word_1_11' title='bbox 1815 484 1868 539; x_wconf 89' lang='lat' dir='ltr'><strong>id</strong></span> <span class='ocrx_word' id='word_1_12' title='bbox 1895 486 2041 556; x_wconf 89' lang='lat' dir='ltr'><strong>quod</strong></span> <span class='ocrx_word' id='word_1_13' title='bbox 2074 486 2147 550; x_wconf 74' lang='lat' dir='ltr'><strong>lit,</strong></span> 
     </span>
    </p>
   </div>
   <div class='ocr_carea' id='block_1_5' title="bbox 2252 480 3835 557">
    <p class='ocr_par' dir='ltr' id='par_1_5' title="bbox 2262 483 3835 557">
     <span class='ocr_line' id='line_1_5' title="bbox 2262 483 3835 557; baseline 0.002 -21"><span class='ocrx_word' id='word_1_14' title='bbox 2262 483 2365 549; x_wconf 75' lang='grc' dir='ltr'><strong>ἔξω</strong></span> <span class='ocrx_word' id='word_1_15' title='bbox 2393 486 2489 554; x_wconf 87' lang='grc' dir='ltr'><strong>τῆς</strong></span> <span class='ocrx_word' id='word_1_16' title='bbox 2506 485 2600 537; x_wconf 89' lang='grc' dir='ltr'><strong>τοῦ</strong></span> <span class='ocrx_word' id='word_1_17' title='bbox 2632 484 2907 547; x_wconf 83' lang='grc' dir='ltr'>ποιοῦντος</span> <span class='ocrx_word' id='word_1_18' title='bbox 2941 483 3220 553; x_wconf 72' lang='grc' dir='ltr'><strong>ἐνεργείας</strong></span> <span class='ocrx_word' id='word_1_19' title='bbox 3254 484 3467 538; x_wconf 80' lang='grc' dir='ltr'>κεῖσθαι</span> <span class='ocrx_word' id='word_1_20' title='bbox 3519 486 3581 538; x_wconf 82' lang='grc' dir='ltr'><strong>τὸ</strong></span> <span class='ocrx_word' id='word_1_21' title='bbox 3607 488 3835 557; x_wconf 75' lang='grc' dir='ltr'>γινέμεο</span> 
     </span>
    </p>
   </div>
   <div class='ocr_carea' id='block_1_6' title="bbox 589 565 2159 635">
    <p class='ocr_par' dir='ltr' id='par_1_6' title="bbox 589 565 2159 635">
     <span class='ocr_line' id='line_1_6' title="bbox 589 565 2159 635; baseline 0.011 -18"><span class='ocrx_word' id='word_1_22' title='bbox 589 565 909 622; x_wconf 89' lang='lat' dir='ltr'><strong>consistere.</strong></span> <span class='ocrx_word' id='word_1_23' title='bbox 970 566 1097 623; x_wconf 69' lang='lat' dir='ltr'><strong>Haze</strong></span> <span class='ocrx_word' id='word_1_24' title='bbox 1147 571 1290 625; x_wconf 87' lang='lat' dir='ltr'><strong>enim</strong></span> <span class='ocrx_word' id='word_1_25' title='bbox 1334 576 1518 629; x_wconf 89' lang='lat' dir='ltr'><strong>omnia</strong></span> <span class='ocrx_word' id='word_1_26' title='bbox 1561 577 1854 631; x_wconf 90' lang='lat' dir='ltr'><strong>secundum</strong></span> <span class='ocrx_word' id='word_1_27' title='bbox 1908 579 2159 635; x_wconf 87' lang='lat' dir='ltr'><strong>accidens</strong></span> 
     </span>
    </p>
   </div>
   <div class='ocr_carea' id='block_1_7' title="bbox 589 661 2158 739">
    <p class='ocr_par' dir='ltr' id='par_1_7' title="bbox 589 661 2158 739">
     <span class='ocr_line' id='line_1_7' title="bbox 589 661 2158 739; baseline 0.011 -31"><span class='ocrx_word' id='word_1_28' title='bbox 589 668 904 725; x_wconf 78' lang='lat' dir='ltr'><strong>operantem</strong></span> <span class='ocrx_word' id='word_1_29' title='bbox 961 661 1307 728; x_wconf 75' lang='lat' dir='ltr'><strong>comitantur,</strong></span> <span class='ocrx_word' id='word_1_30' title='bbox 1339 665 1485 720; x_wconf 81' lang='lat' dir='ltr'><strong>verbi</strong></span> <span class='ocrx_word' id='word_1_31' title='bbox 1514 668 1707 735; x_wconf 84' lang='lat' dir='ltr'><strong>gratia,</strong></span> <span class='ocrx_word' id='word_1_32' title='bbox 1749 669 1804 722; x_wconf 91' lang='lat' dir='ltr'><strong>in</strong></span> <span class='ocrx_word' id='word_1_33' title='bbox 1834 670 2158 739; x_wconf 69' lang='lat' dir='ltr'><strong>mdilicante,</strong></span> 
     </span>
    </p>
   </div>
   <div class='ocr_carea' id='block_1_8' title="bbox 587 745 1205 817">
    <p class='ocr_par' dir='ltr' id='par_1_8' title="bbox 587 745 1205 817">
     <span class='ocr_line' id='line_1_8' title="bbox 587 745 1205 817; baseline 0.016 -19"><span class='ocrx_word' id='word_1_34' title='bbox 587 755 643 799; x_wconf 88' lang='lat' dir='ltr'><strong>et</strong></span> <span class='ocrx_word' id='word_1_35' title='bbox 669 745 721 799; x_wconf 92' lang='lat' dir='ltr'><strong>id</strong></span> <span class='ocrx_word' id='word_1_36' title='bbox 747 763 916 817; x_wconf 87' lang='lat' dir='ltr'><strong>genus</strong></span> <span class='ocrx_word' id='word_1_37' title='bbox 943 751 1084 806; x_wconf 90' lang='lat' dir='ltr'><strong>aliis.</strong></span> <span class='ocrx_word' id='word_1_38' title='bbox 1190 747 1205 763; x_wconf 84' lang='grc'><em>’</em></span> 
     </span>
    </p>
   </div>
   <div class='ocr_carea' id='block_1_9' title="bbox 660 838 2155 921">
    <p class='ocr_par' dir='ltr' id='par_1_9' title="bbox 660 838 2155 921">
     <span class='ocr_line' id='line_1_9' title="bbox 660 838 2155 921; baseline 0.011 -30"><span class='ocrx_word' id='word_1_39' title='bbox 660 838 815 892; x_wconf 89' lang='lat' dir='ltr'><strong>Plato</strong></span> <span class='ocrx_word' id='word_1_40' title='bbox 852 842 906 893; x_wconf 94' lang='lat' dir='ltr'><strong>in</strong></span> <span class='ocrx_word' id='word_1_41' title='bbox 930 840 1158 899; x_wconf 65' lang='lat' dir='ltr'><strong>Phaedro</strong></span> <span class='ocrx_word' id='word_1_42' title='bbox 1190 846 1268 899; x_wconf 91' lang='lat' dir='ltr'><strong>ait</strong></span> <span class='ocrx_word' id='word_1_43' title='bbox 1317 846 1495 900; x_wconf 90' lang='lat' dir='ltr'><strong>locum</strong></span> <span class='ocrx_word' id='word_1_44' title='bbox 1536 848 1834 914; x_wconf 72' lang='lat' dir='ltr'><strong>cmlestem,</strong></span> <span class='ocrx_word' id='word_1_45' title='bbox 1872 862 2155 921; x_wconf 89' lang='lat' dir='ltr'><strong>poetarum</strong></span> 
     </span>
    </p>
   </div>
   <div class='ocr_carea' id='block_1_10' title="bbox 587 924 2154 1013">
    <p class='ocr_par' dir='ltr' id='par_1_10' title="bbox 587 924 2154 1013">
     <span class='ocr_line' id='line_1_10' title="bbox 587 924 2154 1013; baseline 0.01 -32"><span class='ocrx_word' id='word_1_46' title='bbox 587 928 759 983; x_wconf 89' lang='lat' dir='ltr'><strong>ullum</strong></span> <span class='ocrx_word' id='word_1_47' title='bbox 818 948 996 1003; x_wconf 86' lang='lat' dir='ltr'><strong>neque</strong></span> <span class='ocrx_word' id='word_1_48' title='bbox 1054 924 1329 991; x_wconf 71' lang='lat' dir='ltr'><strong>laudasse</strong></span> <span class='ocrx_word' id='word_1_49' title='bbox 1396 937 1663 995; x_wconf 83' lang='lat' dir='ltr'><strong>hactenus</strong></span> <span class='ocrx_word' id='word_1_50' title='bbox 1722 956 1821 1010; x_wconf 90' lang='lat' dir='ltr'><strong>pro</strong></span> <span class='ocrx_word' id='word_1_51' title='bbox 1873 944 2154 1013; x_wconf 84' lang='lat' dir='ltr'><strong>dignitate,</strong></span> 
     </span>
    </p>
   </div>
   <div class='ocr_carea' id='block_1_11' title="bbox 587 1025 2152 1099">
    <p class='ocr_par' dir='ltr' id='par_1_11' title="bbox 587 1025 2152 1099">
     <span class='ocr_line' id='line_1_11' title="bbox 587 1025 2152 1099; baseline 0.011 -24"><span class='ocrx_word' id='word_1_52' title='bbox 587 1037 765 1092; x_wconf 87' lang='lat' dir='ltr'><strong>neque</strong></span> <span class='ocrx_word' id='word_1_53' title='bbox 809 1025 1155 1082; x_wconf 88' lang='lat' dir='ltr'><strong>laudaturum</strong></span> <span class='ocrx_word' id='word_1_54' title='bbox 1188 1025 1215 1081; x_wconf 67' lang='grc' dir='ltr'><strong>ε’</strong></span> <span class='ocrx_word' id='word_1_55' title='bbox 1249 1029 1316 1084; x_wconf 91' lang='lat' dir='ltr'><strong>de</strong></span> <span class='ocrx_word' id='word_1_56' title='bbox 1352 1033 1574 1099; x_wconf 88' lang='lat' dir='ltr'><strong>proprio</strong></span> <span class='ocrx_word' id='word_1_57' title='bbox 1642 1044 1826 1088; x_wconf 91' lang='lat' dir='ltr'><strong>autem</strong></span> <span class='ocrx_word' id='word_1_58' title='bbox 1875 1036 1995 1091; x_wconf 91' lang='lat' dir='ltr'><strong>loco</strong></span> <span class='ocrx_word' id='word_1_59' title='bbox 2047 1054 2152 1092; x_wconf 88' lang='lat' dir='ltr'><strong>non</strong></span> 
     </span>
    </p>
   </div>
   <div class='ocr_carea' id='block_1_12' title="bbox 583 1114 2155 1200">
    <p class='ocr_par' dir='ltr' id='par_1_12' title="bbox 583 1114 2155 1200">
     <span class='ocr_line' id='line_1_12' title="bbox 583 1114 2155 1200; baseline 0.011 -32"><span class='ocrx_word' id='word_1_60' title='bbox 583 1114 845 1184; x_wconf 86' lang='lat' dir='ltr'><strong>loquitur,</strong></span> <span class='ocrx_word' id='word_1_61' title='bbox 920 1120 1012 1189; x_wconf 91' lang='lat' dir='ltr'><strong>qui</strong></span> <span class='ocrx_word' id='word_1_62' title='bbox 1068 1135 1358 1190; x_wconf 87' lang='lat' dir='ltr'><strong>corporum</strong></span> <span class='ocrx_word' id='word_1_63' title='bbox 1419 1132 1503 1177; x_wconf 89' lang='lat' dir='ltr'><strong>est</strong></span> <span class='ocrx_word' id='word_1_64' title='bbox 1555 1139 1745 1194; x_wconf 83' lang='lat' dir='ltr'><strong>capax.</strong></span> <span class='ocrx_word' id='word_1_65' title='bbox 1802 1126 1998 1200; x_wconf 61' lang='grc' dir='ltr'>ἀθᾰα</span> <span class='ocrx_word' id='word_1_66' title='bbox 2051 1131 2155 1185; x_wconf 81' lang='lat' dir='ltr'><strong>Sed</strong></span> 
     </span>
    </p>
   </div>
   <div class='ocr_carea' id='block_1_13' title="bbox 582 1208 2157 1289">
    <p class='ocr_par' dir='ltr' id='par_1_13' title="bbox 582 1208 2157 1289">
     <span class='ocr_line' id='line_1_13' title="bbox 582 1208 2157 1289; baseline 0.011 -29"><span class='ocrx_word' id='word_1_67' title='bbox 582 1220 683 1275; x_wconf 86' lang='lat' dir='ltr'><strong>per</strong></span> <span class='ocrx_word' id='word_1_68' title='bbox 732 1208 915 1264; x_wconf 89' lang='lat' dir='ltr'><strong>locum</strong></span> <span class='ocrx_word' id='word_1_69' title='bbox 972 1212 1132 1266; x_wconf 85' lang='lat' dir='ltr'><strong>talem</strong></span> <span class='ocrx_word' id='word_1_70' title='bbox 1186 1216 1503 1281; x_wconf 71' lang='lat' dir='ltr'><strong>essentiam,</strong></span> <span class='ocrx_word' id='word_1_71' title='bbox 1539 1227 1631 1272; x_wconf 89' lang='lat' dir='ltr'><strong>aut</strong></span> <span class='ocrx_word' id='word_1_72' title='bbox 1677 1220 1783 1273; x_wconf 84' lang='lat' dir='ltr'><strong>tale</strong></span> <span class='ocrx_word' id='word_1_73' title='bbox 1833 1238 2004 1289; x_wconf 81' lang='lat' dir='ltr'><strong>genus</strong></span> <span class='ocrx_word' id='word_1_74' title='bbox 2075 1224 2157 1276; x_wconf 89' lang='lat' dir='ltr'><strong>in-</strong></span> 
     </span>
    </p>
   </div>
   <div class='ocr_carea' id='block_1_14' title="bbox 586 1295 2155 1374">
    <p class='ocr_par' dir='ltr' id='par_1_14' title="bbox 586 1295 2155 1374">
     <span class='ocr_line' id='line_1_14' title="bbox 586 1295 2155 1374; baseline 0.011 -29"><span class='ocrx_word' id='word_1_75' title='bbox 586 1295 776 1365; x_wconf 85' lang='lat' dir='ltr'><strong>telligi,</strong></span> <span class='ocrx_word' id='word_1_76' title='bbox 859 1300 1036 1367; x_wconf 88' lang='lat' dir='ltr'><strong>qualis</strong></span> <span class='ocrx_word' id='word_1_77' title='bbox 1102 1303 1342 1358; x_wconf 76' lang='lat' dir='ltr'><strong>cmlestis</strong></span> <span class='ocrx_word' id='word_1_78' title='bbox 1404 1316 1507 1368; x_wconf 90' lang='lat' dir='ltr'><strong>est,</strong></span> <span class='ocrx_word' id='word_1_79' title='bbox 1592 1321 1818 1374; x_wconf 72' lang='lat' dir='ltr'><strong>quzeque</strong></span> <span class='ocrx_word' id='word_1_80' title='bbox 1878 1309 2155 1364; x_wconf 85' lang='lat' dir='ltr'><strong>intellectu</strong></span> 
     </span>
    </p>
   </div>
   <div class='ocr_carea' id='block_1_15' title="bbox 582 1380 2159 1472">
    <p class='ocr_par' dir='ltr' id='par_1_15' title="bbox 582 1380 2159 1472">
     <span class='ocr_line' id='line_1_15' title="bbox 582 1380 2159 1472; baseline 0.013 -34"><span class='ocrx_word' id='word_1_81' title='bbox 582 1387 920 1457; x_wconf 87' lang='lat' dir='ltr'><strong>percipitur,</strong></span> <span class='ocrx_word' id='word_1_82' title='bbox 984 1392 1059 1445; x_wconf 89' lang='lat' dir='ltr'><strong>uti</strong></span> <span class='ocrx_word' id='word_1_83' title='bbox 1146 1395 1382 1450; x_wconf 89' lang='lat' dir='ltr'><strong>solemus</strong></span> <span class='ocrx_word' id='word_1_84' title='bbox 1451 1398 1517 1452; x_wconf 89' lang='lat' dir='ltr'><strong>de</strong></span> <span class='ocrx_word' id='word_1_85' title='bbox 1598 1380 1836 1469; x_wconf 42' lang='lat' dir='ltr'><strong>scriptis.</strong></span> <span class='ocrx_word' id='word_1_86' title='bbox 1892 1419 2159 1472; x_wconf 86' lang='lat' dir='ltr'><strong>quorum-</strong></span> 
     </span>
    </p>
   </div>
   <div class='ocr_carea' id='block_1_16' title="bbox 583 1478 2156 1567">
    <p class='ocr_par' dir='ltr' id='par_1_16' title="bbox 583 1478 2156 1567">
     <span class='ocr_line' id='line_1_16' title="bbox 583 1478 2156 1567; baseline 0.015 -37"><span class='ocrx_word' id='word_1_87' title='bbox 583 1478 709 1532; x_wconf 86' lang='lat' dir='ltr'><strong>dam</strong></span> <span class='ocrx_word' id='word_1_88' title='bbox 757 1480 1033 1551; x_wconf 88' lang='lat' dir='ltr'><strong>loqucndo</strong></span> <span class='ocrx_word' id='word_1_89' title='bbox 1081 1486 1284 1543; x_wconf 82' lang='lat' dir='ltr'><strong>dicere.</strong></span> <span class='ocrx_word' id='word_1_90' title='bbox 1337 1490 1457 1556; x_wconf 83' lang='lat' dir='ltr'><strong>Quo</strong></span> <span class='ocrx_word' id='word_1_91' title='bbox 1487 1494 1649 1547; x_wconf 90' lang='lat' dir='ltr'><strong>etiam</strong></span> <span class='ocrx_word' id='word_1_92' title='bbox 1687 1496 1848 1550; x_wconf 91' lang='lat' dir='ltr'><strong>modo</strong></span> <span class='ocrx_word' id='word_1_93' title='bbox 1897 1496 2156 1567; x_wconf 83' lang='lat' dir='ltr'><strong>loquendi</strong></span> 
     </span>
    </p>
   </div>
   <div class='ocr_carea' id='block_1_17' title="bbox 582 1570 2153 1662">
    <p class='ocr_par' dir='ltr' id='par_1_17' title="bbox 582 1570 2153 1662">
     <span class='ocr_line' id='line_1_17' title="bbox 582 1570 2153 1662; baseline 0.014 -38"><span class='ocrx_word' id='word_1_94' title='bbox 582 1570 844 1637; x_wconf 85' lang='lat' dir='ltr'><strong>dicimus,</strong></span> <span class='ocrx_word' id='word_1_95' title='bbox 898 1588 1063 1646; x_wconf 86' lang='lat' dir='ltr'><strong>caput</strong></span> <span class='ocrx_word' id='word_1_96' title='bbox 1112 1589 1165 1633; x_wconf 85' lang='lat' dir='ltr'><strong>et</strong></span> <span class='ocrx_word' id='word_1_97' title='bbox 1217 1581 1449 1636; x_wconf 90' lang='lat' dir='ltr'><strong>formam</strong></span> <span class='ocrx_word' id='word_1_98' title='bbox 1496 1601 1679 1640; x_wconf 81' lang='lat' dir='ltr'><strong>rerum</strong></span> <span class='ocrx_word' id='word_1_99' title='bbox 1740 1587 1919 1643; x_wconf 91' lang='lat' dir='ltr'><strong>locum</strong></span> <span class='ocrx_word' id='word_1_100' title='bbox 1971 1593 2153 1662; x_wconf 88' lang='lat' dir='ltr'><strong>appel-</strong></span> 
     </span>
    </p>
   </div>
   <div class='ocr_carea' id='block_1_18' title="bbox 580 1662 779 1720">
    <p class='ocr_par' dir='ltr' id='par_1_18' title="bbox 580 1662 779 1720">
     <span class='ocr_line' id='line_1_18' title="bbox 580 1662 779 1720; baseline 0.02 -4"><span class='ocrx_word' id='word_1_101' title='bbox 580 1662 779 1720; x_wconf 88' lang='lat' dir='ltr'><strong>iantes.</strong></span> 
     </span>
    </p>
   </div>
   <div class='ocr_carea' id='block_1_19' title="bbox 651 1750 2152 1842">
    <p class='ocr_par' dir='ltr' id='par_1_19' title="bbox 651 1750 2152 1842">
     <span class='ocr_line' id='line_1_19' title="bbox 651 1750 2152 1842; baseline 0.013 -37"><span class='ocrx_word' id='word_1_102' title='bbox 651 1750 800 1807; x_wconf 86' lang='lat' dir='ltr'><strong>Idem</strong></span> <span class='ocrx_word' id='word_1_103' title='bbox 831 1755 988 1812; x_wconf 87' lang='lat' dir='ltr'><strong>Plato</strong></span> <span class='ocrx_word' id='word_1_104' title='bbox 1017 1760 1095 1814; x_wconf 86' lang='lat' dir='ltr'><strong>De</strong></span> <span class='ocrx_word' id='word_1_105' title='bbox 1139 1762 1371 1832; x_wconf 77' lang='lat' dir='ltr'><strong>legibus,</strong></span> <span class='ocrx_word' id='word_1_106' title='bbox 1421 1767 1716 1823; x_wconf 88' lang='lat' dir='ltr'><strong>discrimen</strong></span> <span class='ocrx_word' id='word_1_107' title='bbox 1776 1770 1976 1826; x_wconf 76' lang='lat' dir='ltr'><strong>divina:</strong></span> <span class='ocrx_word' id='word_1_108' title='bbox 2025 1789 2152 1842; x_wconf 81' lang='lat' dir='ltr'><strong>erga</strong></span> 
     </span>
    </p>
   </div>
   <div class='ocr_carea' id='block_1_20' title="bbox 580 1845 2158 1924">
    <p class='ocr_par' dir='ltr' id='par_1_20' title="bbox 580 1845 2158 1924">
     <span class='ocr_line' id='line_1_20' title="bbox 580 1845 2158 1924; baseline 0.013 -31"><span class='ocrx_word' id='word_1_109' title='bbox 580 1854 688 1897; x_wconf 88' lang='lat' dir='ltr'><strong>nos</strong></span> <span class='ocrx_word' id='word_1_110' title='bbox 718 1845 1075 1912; x_wconf 71' lang='lat' dir='ltr'><strong>providentiae</strong></span> <span class='ocrx_word' id='word_1_111' title='bbox 1101 1852 1414 1918; x_wconf 84' lang='lat' dir='ltr'><strong>ostendens,</strong></span> <span class='ocrx_word' id='word_1_112' title='bbox 1452 1856 1527 1908; x_wconf 89' lang='lat' dir='ltr'><strong>ait</strong></span> <span class='ocrx_word' id='word_1_113' title='bbox 1573 1855 1743 1910; x_wconf 86' lang='lat' dir='ltr'><strong>Deum</strong></span> <span class='ocrx_word' id='word_1_114' title='bbox 1780 1860 1982 1924; x_wconf 89' lang='lat' dir='ltr'><strong>omnia,</strong></span> <span class='ocrx_word' id='word_1_115' title='bbox 2020 1876 2158 1914; x_wconf 90' lang='lat' dir='ltr'><strong>una-</strong></span> 
     </span>
    </p>
   </div>
   <div class='ocr_carea' id='block_1_21' title="bbox 580 1935 2154 2022">
    <p class='ocr_par' dir='ltr' id='par_1_21' title="bbox 580 1935 2154 2022">
     <span class='ocr_line' id='line_1_21' title="bbox 580 1935 2154 2022; baseline 0.013 -35"><span class='ocrx_word' id='word_1_116' title='bbox 580 1948 689 2004; x_wconf 86' lang='lat' dir='ltr'><strong>que</strong></span> <span class='ocrx_word' id='word_1_117' title='bbox 713 1935 1009 2005; x_wconf 86' lang='lat' dir='ltr'><strong>fortunam,</strong></span> <span class='ocrx_word' id='word_1_118' title='bbox 1053 1950 1107 1995; x_wconf 84' lang='lat' dir='ltr'><strong>et</strong></span> <span class='ocrx_word' id='word_1_119' title='bbox 1143 1945 1485 1999; x_wconf 83' lang='lat' dir='ltr'><strong>occasionem</strong></span> <span class='ocrx_word' id='word_1_120' title='bbox 1534 1948 1773 2004; x_wconf 89' lang='lat' dir='ltr'><strong>humana</strong></span> <span class='ocrx_word' id='word_1_121' title='bbox 1820 1964 2016 2007; x_wconf 81' lang='lat' dir='ltr'><strong>cuncta</strong></span> <span class='ocrx_word' id='word_1_122' title='bbox 2060 1970 2154 2022; x_wconf 84' lang='lat' dir='ltr'><strong>gu-</strong></span> 
     </span>
    </p>
   </div>
   <div class='ocr_carea' id='block_1_22' title="bbox 577 2023 2153 2113">
    <p class='ocr_par' dir='ltr' id='par_1_22' title="bbox 577 2023 2153 2113">
     <span class='ocr_line' id='line_1_22' title="bbox 577 2023 2153 2113; baseline 0.014 -36"><span class='ocrx_word' id='word_1_123' title='bbox 577 2023 834 2080; x_wconf 84' lang='lat' dir='ltr'><strong>bernare.</strong></span> <span class='ocrx_word' id='word_1_124' title='bbox 870 2026 1010 2083; x_wconf 80' lang='lat' dir='ltr'><strong>iiinc</strong></span> <span class='ocrx_word' id='word_1_125' title='bbox 1036 2042 1249 2087; x_wconf 86' lang='lat' dir='ltr'><strong>constat</strong></span> <span class='ocrx_word' id='word_1_126' title='bbox 1284 2036 1595 2106; x_wconf 84' lang='lat' dir='ltr'><strong>assignasse</strong></span> <span class='ocrx_word' id='word_1_127' title='bbox 1638 2039 1787 2094; x_wconf 89' lang='lat' dir='ltr'><strong>illum</strong></span> <span class='ocrx_word' id='word_1_128' title='bbox 1824 2041 1915 2097; x_wconf 86' lang='lat' dir='ltr'><strong>Dei</strong></span> <span class='ocrx_word' id='word_1_129' title='bbox 1968 2046 2153 2113; x_wconf 89' lang='lat' dir='ltr'><strong>provi-</strong></span> 
     </span>
    </p>
   </div>
   <div class='ocr_carea' id='block_1_23' title="bbox 578 2113 2155 2192">
    <p class='ocr_par' dir='ltr' id='par_1_23' title="bbox 578 2113 2155 2192">
     <span class='ocr_line' id='line_1_23' title="bbox 578 2113 2155 2192; baseline 0.015 -23"><span class='ocrx_word' id='word_1_130' title='bbox 578 2113 822 2172; x_wconf 84' lang='lat' dir='ltr'><strong>dentiam</strong></span> <span class='ocrx_word' id='word_1_131' title='bbox 863 2135 1076 2189; x_wconf 90' lang='lat' dir='ltr'><strong>puram.</strong></span> <span class='ocrx_word' id='word_1_132' title='bbox 1139 2132 1192 2179; x_wconf 90' lang='lat' dir='ltr'><strong>et</strong></span> <span class='ocrx_word' id='word_1_133' title='bbox 1234 2126 1318 2179; x_wconf 91' lang='lat' dir='ltr'><strong>sui</strong></span> <span class='ocrx_word' id='word_1_134' title='bbox 1370 2129 1603 2183; x_wconf 88' lang='lat' dir='ltr'><strong>similem</strong></span> <span class='ocrx_word' id='word_1_135' title='bbox 1654 2134 1816 2187; x_wconf 87' lang='lat' dir='ltr'><strong>rebus</strong></span> <span class='ocrx_word' id='word_1_136' title='bbox 1866 2134 2155 2192; x_wconf 75' lang='lat' dir='ltr'><strong>affectione</strong></span> 
     </span>
    </p>
   </div>
   <div class='ocr_carea' id='block_1_24' title="bbox 578 2212 2151 2298">
    <p class='ocr_par' dir='ltr' id='par_1_24' title="bbox 578 2212 2151 2298">
     <span class='ocr_line' id='line_1_24' title="bbox 578 2212 2151 2298; baseline 0.013 -34"><span class='ocrx_word' id='word_1_137' title='bbox 578 2212 917 2279; x_wconf 83' lang='lat' dir='ltr'><strong>carentibus,</strong></span> <span class='ocrx_word' id='word_1_138' title='bbox 986 2233 1309 2290; x_wconf 82' lang='lat' dir='ltr'><strong>semperque</strong></span> <span class='ocrx_word' id='word_1_139' title='bbox 1369 2222 1658 2289; x_wconf 83' lang='lat' dir='ltr'><strong>perlectis,</strong></span> <span class='ocrx_word' id='word_1_140' title='bbox 1741 2226 1973 2298; x_wconf 84' lang='lat' dir='ltr'><strong>ideoque</strong></span> <span class='ocrx_word' id='word_1_141' title='bbox 2044 2246 2151 2284; x_wconf 93' lang='lat' dir='ltr'><strong>non</strong></span> 
     </span>
    </p>
   </div>
   <div class='ocr_carea' id='block_1_25' title="bbox 576 2300 2151 2387">
    <p class='ocr_par' dir='ltr' id='par_1_25' title="bbox 576 2300 2151 2387">
     <span class='ocr_line' id='line_1_25' title="bbox 576 2300 2151 2387; baseline 0.015 -32"><span class='ocrx_word' id='word_1_142' title='bbox 576 2300 997 2375; x_wconf 84' lang='lat' dir='ltr'><strong>aberrantibus;</strong></span> <span class='ocrx_word' id='word_1_143' title='bbox 1026 2311 1093 2366; x_wconf 93' lang='lat' dir='ltr'><strong>iis</strong></span> <span class='ocrx_word' id='word_1_144' title='bbox 1122 2327 1270 2377; x_wconf 86' lang='lat' dir='ltr'><strong>vero,</strong></span> <span class='ocrx_word' id='word_1_145' title='bbox 1307 2331 1429 2383; x_wconf 77' lang='lat' dir='ltr'><strong>qua:</strong></span> <span class='ocrx_word' id='word_1_146' title='bbox 1454 2316 1748 2387; x_wconf 88' lang='lat' dir='ltr'><strong>aliquando</strong></span> <span class='ocrx_word' id='word_1_147' title='bbox 1775 2322 1828 2374; x_wconf 90' lang='lat' dir='ltr'><strong>in</strong></span> <span class='ocrx_word' id='word_1_148' title='bbox 1858 2322 2151 2379; x_wconf 83' lang='lat' dir='ltr'><strong>amentiam</strong></span> 
     </span>
    </p>
   </div>
   <div class='ocr_carea' id='block_1_26' title="bbox 576 2391 2152 2485">
    <p class='ocr_par' dir='ltr' id='par_1_26' title="bbox 576 2391 2152 2485">
     <span class='ocr_line' id='line_1_26' title="bbox 576 2391 2152 2485; baseline 0.015 -37"><span class='ocrx_word' id='word_1_149' title='bbox 576 2391 848 2463; x_wconf 86' lang='lat' dir='ltr'><strong>incidunt,</strong></span> <span class='ocrx_word' id='word_1_150' title='bbox 881 2403 1091 2457; x_wconf 87' lang='lat' dir='ltr'><strong>ratione</strong></span> <span class='ocrx_word' id='word_1_151' title='bbox 1129 2408 1377 2474; x_wconf 73' lang='lat' dir='ltr'><strong>praedita,</strong></span> <span class='ocrx_word' id='word_1_152' title='bbox 1418 2409 1650 2480; x_wconf 87' lang='lat' dir='ltr'><strong>ideoque</strong></span> <span class='ocrx_word' id='word_1_153' title='bbox 1681 2414 1884 2468; x_wconf 89' lang='lat' dir='ltr'><strong>malitia</strong></span> <span class='ocrx_word' id='word_1_154' title='bbox 1925 2415 2152 2485; x_wconf 89' lang='lat' dir='ltr'><strong>implen-</strong></span> 
     </span>
    </p>
   </div>
   <div class='ocr_carea' id='block_1_27' title="bbox 577 2492 2148 2576">
    <p class='ocr_par' dir='ltr' id='par_1_27' title="bbox 577 2492 2148 2576">
     <span class='ocr_line' id='line_1_27' title="bbox 577 2492 2148 2576; baseline 0.017 -36"><span class='ocrx_word' id='word_1_155' title='bbox 577 2494 693 2552; x_wconf 81' lang='lat' dir='ltr'><strong>tur,</strong></span> <span class='ocrx_word' id='word_1_156' title='bbox 733 2492 1007 2546; x_wconf 90' lang='lat' dir='ltr'><strong>occasioni</strong></span> <span class='ocrx_word' id='word_1_157' title='bbox 1035 2504 1195 2564; x_wconf 88' lang='lat' dir='ltr'><strong>atque</strong></span> <span class='ocrx_word' id='word_1_158' title='bbox 1226 2498 1458 2555; x_wconf 77' lang='lat' dir='ltr'><strong>fortunae</strong></span> <span class='ocrx_word' id='word_1_159' title='bbox 1482 2506 1700 2558; x_wconf 89' lang='lat' dir='ltr'><strong>mistam</strong></span> <span class='ocrx_word' id='word_1_160' title='bbox 1748 2507 2148 2576; x_wconf 90' lang='lat' dir='ltr'><strong>providentiam</strong></span> 
     </span>
    </p>
   </div>
   <div class='ocr_carea' id='block_1_28' title="bbox 574 2580 2151 2670">
    <p class='ocr_par' dir='ltr' id='par_1_28' title="bbox 574 2580 2151 2670">
     <span class='ocr_line' id='line_1_28' title="bbox 574 2580 2151 2670; baseline 0.018 -38"><span class='ocrx_word' id='word_1_161' title='bbox 574 2580 914 2637; x_wconf 86' lang='lat' dir='ltr'><strong>attribuisse.</strong></span> <span class='ocrx_word' id='word_1_162' title='bbox 951 2583 1269 2643; x_wconf 76' lang='lat' dir='ltr'><strong>Praecedens</strong></span> <span class='ocrx_word' id='word_1_163' title='bbox 1313 2590 1458 2645; x_wconf 89' lang='lat' dir='ltr'><strong>enim</strong></span> <span class='ocrx_word' id='word_1_164' title='bbox 1514 2594 1786 2650; x_wconf 90' lang='lat' dir='ltr'><strong>bonorum</strong></span> <span class='ocrx_word' id='word_1_165' title='bbox 1819 2600 2056 2670; x_wconf 77' lang='lat' dir='ltr'><strong>largitio,</strong></span> <span class='ocrx_word' id='word_1_166' title='bbox 2097 2616 2151 2660; x_wconf 86' lang='lat' dir='ltr'><strong>et</strong></span> 
     </span>
    </p>
   </div>
   <div class='ocr_carea' id='block_1_29' title="bbox 575 2680 2151 2765">
    <p class='ocr_par' dir='ltr' id='par_1_29' title="bbox 575 2680 2151 2765">
     <span class='ocr_line' id='line_1_29' title="bbox 575 2680 2151 2765; baseline 0.016 -40"><span class='ocrx_word' id='word_1_167' title='bbox 575 2684 645 2725; x_wconf 81' lang='lat' dir='ltr'><strong>ex</strong></span> <span class='ocrx_word' id='word_1_168' title='bbox 696 2683 892 2728; x_wconf 90' lang='lat' dir='ltr'><strong>natura</strong></span> <span class='ocrx_word' id='word_1_169' title='bbox 946 2680 1323 2736; x_wconf 85' lang='lat' dir='ltr'><strong>accedentium</strong></span> <span class='ocrx_word' id='word_1_170' title='bbox 1398 2691 1761 2754; x_wconf 82' lang='lat' dir='ltr'><strong>conservatio,</strong></span> <span class='ocrx_word' id='word_1_171' title='bbox 1822 2708 1971 2762; x_wconf 72' lang='lat' dir='ltr'><strong>purae</strong></span> <span class='ocrx_word' id='word_1_172' title='bbox 2026 2712 2151 2765; x_wconf 80' lang='lat' dir='ltr'><strong>pro-</strong></span> 
     </span>
    </p>
   </div>
   <div class='ocr_carea' id='block_1_30' title="bbox 573 2760 2150 2854">
    <p class='ocr_par' dir='ltr' id='par_1_30' title="bbox 573 2760 2150 2854">
     <span class='ocr_line' id='line_1_30' title="bbox 573 2760 2150 2854; baseline 0.02 -45"><span class='ocrx_word' id='word_1_173' title='bbox 573 2760 758 2828; x_wconf 89' lang='lat' dir='ltr'><strong>prium</strong></span> <span class='ocrx_word' id='word_1_174' title='bbox 807 2769 891 2817; x_wconf 88' lang='lat' dir='ltr'><strong>est</strong></span> <span class='ocrx_word' id='word_1_175' title='bbox 937 2778 1075 2833; x_wconf 86' lang='lat' dir='ltr'><strong>opus</strong></span> <span class='ocrx_word' id='word_1_176' title='bbox 1118 2772 1492 2836; x_wconf 64' lang='lat' dir='ltr'><strong>providentiae.</strong></span> <span class='ocrx_word' id='word_1_177' title='bbox 1530 2776 1751 2845; x_wconf 87' lang='lat' dir='ltr'><strong>Eorum,</strong></span> <span class='ocrx_word' id='word_1_178' title='bbox 1803 2760 1925 2852; x_wconf 63' lang='lat' dir='ltr'><strong>quae</strong></span> <span class='ocrx_word' id='word_1_179' title='bbox 1954 2760 2150 2854; x_wconf 46' lang='lat' dir='ltr'><strong>praeter</strong></span> 
     </span>
    </p>
   </div>
   <div class='ocr_carea' id='block_1_31' title="bbox 574 2859 2149 2949">
    <p class='ocr_par' dir='ltr' id='par_1_31' title="bbox 574 2859 2149 2949">
     <span class='ocr_line' id='line_1_31' title="bbox 574 2859 2149 2949; baseline 0.022 -47"><span class='ocrx_word' id='word_1_180' title='bbox 574 2859 829 2906; x_wconf 89' lang='lat' dir='ltr'><strong>naturam</strong></span> <span class='ocrx_word' id='word_1_181' title='bbox 873 2859 1173 2924; x_wconf 90' lang='lat' dir='ltr'><strong>composita</strong></span> <span class='ocrx_word' id='word_1_182' title='bbox 1203 2874 1354 2926; x_wconf 89' lang='lat' dir='ltr'><strong>sunt,</strong></span> <span class='ocrx_word' id='word_1_183' title='bbox 1406 2871 1696 2937; x_wconf 85' lang='lat' dir='ltr'><strong>correctio,</strong></span> <span class='ocrx_word' id='word_1_184' title='bbox 1733 2886 2149 2949; x_wconf 88' lang='lat' dir='ltr'><strong>erratorumque</strong></span> 
     </span>
    </p>
   </div>
   <div class='ocr_carea' id='block_1_32' title="bbox 572 2942 2149 3030">
    <p class='ocr_par' dir='ltr' id='par_1_32' title="bbox 572 2942 2149 3030">
     <span class='ocr_line' id='line_1_32' title="bbox 572 2942 2149 3030; baseline 0.022 -39"><span class='ocrx_word' id='word_1_185' title='bbox 572 2953 772 3007; x_wconf 61' lang='lat' dir='ltr'><strong>poenae,</strong></span> <span class='ocrx_word' id='word_1_186' title='bbox 806 2942 1104 3003; x_wconf 61' lang='lat' dir='ltr'><strong>materiatae</strong></span> <span class='ocrx_word' id='word_1_187' title='bbox 1137 2960 1220 3005; x_wconf 88' lang='lat' dir='ltr'><strong>est</strong></span> <span class='ocrx_word' id='word_1_188' title='bbox 1243 2967 1382 3023; x_wconf 92' lang='lat' dir='ltr'><strong>opus</strong></span> <span class='ocrx_word' id='word_1_189' title='bbox 1405 2960 1777 3030; x_wconf 71' lang='lat' dir='ltr'><strong>providentiae,</strong></span> <span class='ocrx_word' id='word_1_190' title='bbox 1812 2970 2014 3025; x_wconf 85' lang='lat' dir='ltr'><strong>utentis</strong></span> <span class='ocrx_word' id='word_1_191' title='bbox 2038 2942 2149 3025; x_wconf 77' lang='lat' dir='ltr'><strong>for-</strong></span> 
     </span>
    </p>
   </div>
   <div class='ocr_carea' id='block_1_33' title="bbox 576 3041 2148 3127">
    <p class='ocr_par' dir='ltr' id='par_1_33' title="bbox 576 3041 2148 3127">
     <span class='ocr_line' id='line_1_33' title="bbox 576 3041 2148 3127; baseline 0.023 -43"><span class='ocrx_word' id='word_1_192' title='bbox 576 3041 709 3087; x_wconf 84' lang='lat' dir='ltr'><strong>tuna</strong></span> <span class='ocrx_word' id='word_1_193' title='bbox 734 3046 786 3089; x_wconf 89' lang='lat' dir='ltr'><strong>et</strong></span> <span class='ocrx_word' id='word_1_194' title='bbox 809 3041 1121 3097; x_wconf 90' lang='lat' dir='ltr'><strong>occasione.</strong></span> <span class='ocrx_word' id='word_1_195' title='bbox 1174 3043 1290 3100; x_wconf 90' lang='lat' dir='ltr'><strong>Non</strong></span> <span class='ocrx_word' id='word_1_196' title='bbox 1332 3051 1501 3114; x_wconf 89' lang='lat' dir='ltr'><strong>enim,</strong></span> <span class='ocrx_word' id='word_1_197' title='bbox 1536 3064 1594 3107; x_wconf 92' lang='lat' dir='ltr'><strong>ut</strong></span> <span class='ocrx_word' id='word_1_198' title='bbox 1632 3070 1697 3111; x_wconf 84' lang='lat' dir='ltr'><strong>ex</strong></span> <span class='ocrx_word' id='word_1_199' title='bbox 1731 3060 2002 3127; x_wconf 69' lang='lat' dir='ltr'><strong>praedictis</strong></span> <span class='ocrx_word' id='word_1_200' title='bbox 2033 3066 2148 3119; x_wconf 84' lang='lat' dir='ltr'><strong>coi-</strong></span> 
     </span>
    </p>
   </div>
   <div class='ocr_carea' id='block_1_34' title="bbox 2263 576 3838 651">
    <p class='ocr_par' dir='ltr' id='par_1_34' title="bbox 2263 576 3838 651">
     <span class='ocr_line' id='line_1_34' title="bbox 2263 576 3838 651; baseline 0.003 -22"><span class='ocrx_word' id='word_1_201' title='bbox 2263 593 2381 630; x_wconf 70' lang='grc' dir='ltr'>νον*</span> <span class='ocrx_word' id='word_1_202' title='bbox 2410 576 2584 629; x_wconf 88' lang='grc' dir='ltr'>ταῦτα</span> <span class='ocrx_word' id='word_1_203' title='bbox 2605 578 2712 648; x_wconf 79' lang='grc' dir='ltr'><strong>γὰρ</strong></span> <span class='ocrx_word' id='word_1_204' title='bbox 2740 577 2917 631; x_wconf 86' lang='grc' dir='ltr'>πάντα</span> <span class='ocrx_word' id='word_1_205' title='bbox 2936 580 2999 648; x_wconf 84' lang='grc' dir='ltr'>τῇ</span> <span class='ocrx_word' id='word_1_206' title='bbox 3036 578 3176 631; x_wconf 71' lang='grc' dir='ltr'>κατὰ</span> <span class='ocrx_word' id='word_1_207' title='bbox 3201 577 3548 647; x_wconf 75' lang='grc' dir='ltr'>συμῦεϐηκὸς</span> <span class='ocrx_word' id='word_1_208' title='bbox 3582 577 3838 651; x_wconf 75' lang='grc' dir='ltr'><strong>ἐνεργείᾳ</strong></span> 
     </span>
    </p>
   </div>
   <div class='ocr_carea' id='block_1_35' title="bbox 2261 669 3769 741">
    <p class='ocr_par' dir='ltr' id='par_1_35' title="bbox 2261 669 3769 741">
     <span class='ocr_line' id='line_1_35' title="bbox 2261 669 3769 741; baseline 0.003 -20"><span class='ocrx_word' id='word_1_209' title='bbox 2261 670 2571 739; x_wconf 82' lang='grc' dir='ltr'><strong>παρέπεται</strong></span> <span class='ocrx_word' id='word_1_210' title='bbox 2627 669 2720 721; x_wconf 75' lang='grc' dir='ltr'><strong>ἐπὶ</strong></span> <span class='ocrx_word' id='word_1_211' title='bbox 2765 670 2856 722; x_wconf 89' lang='grc' dir='ltr'><strong>τοῦ</strong></span> <span class='ocrx_word' id='word_1_212' title='bbox 2905 670 3188 741; x_wconf 79' lang='grc' dir='ltr'><strong>οἰκοδόμου</strong></span> <span class='ocrx_word' id='word_1_213' title='bbox 3252 669 3348 723; x_wconf 76' lang='grc' dir='ltr'><strong>καὶ</strong></span> <span class='ocrx_word' id='word_1_214' title='bbox 3390 671 3499 723; x_wconf 83' lang='grc' dir='ltr'>τῶν</span> <span class='ocrx_word' id='word_1_215' title='bbox 3546 671 3769 741; x_wconf 90' lang='grc' dir='ltr'>ὁμοίων.</span> 
     </span>
    </p>
   </div>
   <div class='ocr_carea' id='block_1_36' title="bbox 2331 861 3837 932">
    <p class='ocr_par' dir='ltr' id='par_1_36' title="bbox 2331 861 3837 932">
     <span class='ocr_line' id='line_1_36' title="bbox 2331 861 3837 932; baseline 0 -17"><span class='ocrx_word' id='word_1_216' title='bbox 2331 862 2450 915; x_wconf 86' lang='grc' dir='ltr'>’Ότι</span> <span class='ocrx_word' id='word_1_217' title='bbox 2493 862 2681 932; x_wconf 68' lang='grc' dir='ltr'>φησὶν,</span> <span class='ocrx_word' id='word_1_218' title='bbox 2732 862 2790 915; x_wconf 92' lang='lat'><strong>&#39;0</strong></span> <span class='ocrx_word' id='word_1_219' title='bbox 2824 862 3047 915; x_wconf 80' lang='grc' dir='ltr'><strong>Πλάτων</strong></span> <span class='ocrx_word' id='word_1_220' title='bbox 3083 863 3142 915; x_wconf 87' lang='grc' dir='ltr'>ὲν</span> <span class='ocrx_word' id='word_1_221' title='bbox 3189 861 3400 932; x_wconf 80' lang='grc' dir='ltr'>Φαίδρῳ</span> <span class='ocrx_word' id='word_1_222' title='bbox 3443 862 3637 929; x_wconf 82' lang='grc' dir='ltr'>λέγων,</span> <span class='ocrx_word' id='word_1_223' title='bbox 3686 880 3704 913; x_wconf 78' lang='grc' dir='ltr'><strong>ι</strong></span> <span class='ocrx_word' id='word_1_224' title='bbox 3740 864 3837 915; x_wconf 85' lang='grc' dir='ltr'><strong>τὸν</strong></span> 
     </span>
    </p>
   </div>
   <div class='ocr_carea' id='block_1_37' title="bbox 2258 952 3835 1025">
    <p class='ocr_par' dir='ltr' id='par_1_37' title="bbox 2258 952 3835 1025">
     <span class='ocr_line' id='line_1_37' title="bbox 2258 952 3835 1025; baseline -0.001 -18"><span class='ocrx_word' id='word_1_225' title='bbox 2258 954 2312 1007; x_wconf 83' lang='grc' dir='ltr'><strong>δέ</strong></span> <span class='ocrx_word' id='word_1_226' title='bbox 2330 954 2719 1025; x_wconf 79' lang='grc' dir='ltr'>ὑπερουράνιον</span> <span class='ocrx_word' id='word_1_227' title='bbox 2748 955 2911 1008; x_wconf 88' lang='grc' dir='ltr'>τόπον</span> <span class='ocrx_word' id='word_1_228' title='bbox 2940 952 3064 1007; x_wconf 72' lang='grc' dir='ltr'>οὔτε</span> <span class='ocrx_word' id='word_1_229' title='bbox 3093 971 3177 1018; x_wconf 90' lang='grc' dir='ltr'><strong>τις</strong></span> <span class='ocrx_word' id='word_1_230' title='bbox 3211 953 3419 1024; x_wconf 83' lang='grc' dir='ltr'>ῦμνησέ</span> <span class='ocrx_word' id='word_1_231' title='bbox 3443 971 3529 1006; x_wconf 90' lang='grc' dir='ltr'><strong>πω</strong></span> <span class='ocrx_word' id='word_1_232' title='bbox 3560 954 3668 1005; x_wconf 81' lang='grc' dir='ltr'>τῶν</span> <span class='ocrx_word' id='word_1_233' title='bbox 3702 955 3835 1024; x_wconf 73' lang='grc' dir='ltr'>τῇδε</span> 
     </span>
    </p>
   </div>
   <div class='ocr_carea' id='block_1_38' title="bbox 2258 1044 3839 1117">
    <p class='ocr_par' dir='ltr' id='par_1_38' title="bbox 2258 1044 3839 1117">
     <span class='ocr_line' id='line_1_38' title="bbox 2258 1044 3839 1117; baseline 0 -19"><span class='ocrx_word' id='word_1_234' title='bbox 2258 1046 2489 1116; x_wconf 84' lang='grc' dir='ltr'>ποιητὴς</span> <span class='ocrx_word' id='word_1_235' title='bbox 2523 1045 2645 1099; x_wconf 79' lang='grc' dir='ltr'>οὔτε</span> <span class='ocrx_word' id='word_1_236' title='bbox 2690 1046 2823 1099; x_wconf 80' lang='grc' dir='ltr'>ποτὲ</span> <span class='ocrx_word' id='word_1_237' title='bbox 2864 1047 3095 1117; x_wconf 80' lang='grc' dir='ltr'>ὑμνήσει</span> <span class='ocrx_word' id='word_1_238' title='bbox 3124 1048 3246 1100; x_wconf 79' lang='grc' dir='ltr'>κατ’</span> <span class='ocrx_word' id='word_1_239' title='bbox 3270 1045 3449 1110; x_wconf 79' lang='grc' dir='ltr'>ἀξίαν,</span> <span class='ocrx_word' id='word_1_240' title='bbox 3489 1065 3506 1096; x_wconf 74' lang='grc' dir='ltr'><strong>ι</strong></span> <span class='ocrx_word' id='word_1_241' title='bbox 3546 1046 3710 1099; x_wconf 87' lang='grc' dir='ltr'>τόπον</span> <span class='ocrx_word' id='word_1_242' title='bbox 3738 1044 3839 1100; x_wconf 87' lang='grc' dir='ltr'><strong>νῦν</strong></span> 
     </span>
    </p>
   </div>
   <div class='ocr_carea' id='block_1_39' title="bbox 2257 1129 3839 1208">
    <p class='ocr_par' dir='ltr' id='par_1_39' title="bbox 2257 1129 3839 1208">
     <span class='ocr_line' id='line_1_39' title="bbox 2257 1129 3839 1208; baseline 0.001 -19"><span class='ocrx_word' id='word_1_243' title='bbox 2257 1136 2323 1206; x_wconf 80' lang='grc' dir='ltr'><strong>οὐ</strong></span> <span class='ocrx_word' id='word_1_244' title='bbox 2349 1136 2445 1189; x_wconf 84' lang='grc' dir='ltr'>τὸν</span> <span class='ocrx_word' id='word_1_245' title='bbox 2472 1136 2674 1207; x_wconf 81' lang='grc' dir='ltr'>κυρίως</span> <span class='ocrx_word' id='word_1_246' title='bbox 2706 1136 2871 1206; x_wconf 81' lang='grc' dir='ltr'>φησὶν</span> <span class='ocrx_word' id='word_1_247' title='bbox 2905 1129 3100 1206; x_wconf 70' lang='grc' dir='ltr'>(οὗτος</span> <span class='ocrx_word' id='word_1_248' title='bbox 3148 1136 3257 1208; x_wconf 83' lang='grc' dir='ltr'><strong>γάρ</strong></span> <span class='ocrx_word' id='word_1_249' title='bbox 3289 1137 3560 1206; x_wconf 87' lang='grc' dir='ltr'>σωμάτων</span> <span class='ocrx_word' id='word_1_250' title='bbox 3588 1136 3703 1189; x_wconf 82' lang='grc' dir='ltr'><strong>ἐστί</strong></span> <span class='ocrx_word' id='word_1_251' title='bbox 3732 1151 3839 1190; x_wconf 86' lang='grc' dir='ltr'>πε-</span> 
     </span>
    </p>
   </div>
   <div class='ocr_carea' id='block_1_40' title="bbox 2262 1225 3843 1298">
    <p class='ocr_par' dir='ltr' id='par_1_40' title="bbox 2262 1225 3843 1298">
     <span class='ocr_line' id='line_1_40' title="bbox 2262 1225 3843 1298; baseline -0.001 -19"><span class='ocrx_word' id='word_1_252' title='bbox 2262 1227 2555 1298; x_wconf 84' lang='grc' dir='ltr'>ριεκτικδς)</span> <span class='ocrx_word' id='word_1_253' title='bbox 2577 1269 2592 1291; x_wconf 94' lang='grc'><strong>,</strong></span> <span class='ocrx_word' id='word_1_254' title='bbox 2632 1228 2792 1280; x_wconf 88' lang='grc' dir='ltr'>τόπον</span> <span class='ocrx_word' id='word_1_255' title='bbox 2820 1228 2877 1280; x_wconf 83' lang='grc' dir='ltr'>δὲ</span> <span class='ocrx_word' id='word_1_256' title='bbox 2900 1226 2994 1279; x_wconf 88' lang='grc' dir='ltr'><strong>νῦν</strong></span> <span class='ocrx_word' id='word_1_257' title='bbox 3023 1228 3143 1280; x_wconf 72' lang='grc' dir='ltr'>ἀντὶ</span> <span class='ocrx_word' id='word_1_258' title='bbox 3172 1227 3267 1281; x_wconf 88' lang='grc' dir='ltr'><strong>τοῦ</strong></span> <span class='ocrx_word' id='word_1_259' title='bbox 3292 1227 3481 1282; x_wconf 85' lang='grc' dir='ltr'>οὐσίαν</span> <span class='ocrx_word' id='word_1_260' title='bbox 3507 1225 3710 1281; x_wconf 81' lang='grc' dir='ltr'>τοιάνδε</span> <span class='ocrx_word' id='word_1_261' title='bbox 3740 1225 3843 1279; x_wconf 69' lang='grc' dir='ltr'>καὶ</span> 
     </span>
    </p>
   </div>
   <div class='ocr_carea' id='block_1_41' title="bbox 2257 1314 3839 1389">
    <p class='ocr_par' dir='ltr' id='par_1_41' title="bbox 2257 1314 3839 1389">
     <span class='ocr_line' id='line_1_41' title="bbox 2257 1314 3839 1389; baseline -0.003 -16"><span class='ocrx_word' id='word_1_262' title='bbox 2257 1321 2413 1389; x_wconf 89' lang='grc' dir='ltr'>γένος</span> <span class='ocrx_word' id='word_1_263' title='bbox 2458 1320 2663 1373; x_wconf 85' lang='grc' dir='ltr'>τοιόνδε</span> <span class='ocrx_word' id='word_1_264' title='bbox 2699 1319 2867 1388; x_wconf 80' lang='grc' dir='ltr'>λέγει,</span> <span class='ocrx_word' id='word_1_265' title='bbox 2901 1314 3011 1373; x_wconf 82' lang='grc' dir='ltr'>οἷον</span> <span class='ocrx_word' id='word_1_266' title='bbox 3065 1321 3436 1389; x_wconf 84' lang='grc' dir='ltr'>ύπερκόσμιον</span> <span class='ocrx_word' id='word_1_267' title='bbox 3480 1319 3576 1371; x_wconf 73' lang='grc' dir='ltr'><strong>καὶ</strong></span> <span class='ocrx_word' id='word_1_268' title='bbox 3623 1316 3839 1387; x_wconf 78' lang='grc' dir='ltr'>νοητὸν,</span> 
     </span>
    </p>
   </div>
   <div class='ocr_carea' id='block_1_42' title="bbox 2257 1408 3841 1485">
    <p class='ocr_par' dir='ltr' id='par_1_42' title="bbox 2257 1408 3841 1485">
     <span class='ocr_line' id='line_1_42' title="bbox 2257 1408 3841 1485; baseline -0.003 -20"><span class='ocrx_word' id='word_1_269' title='bbox 2257 1413 2444 1485; x_wconf 82' lang='grc' dir='ltr'>ὥσπερ</span> <span class='ocrx_word' id='word_1_270' title='bbox 2495 1412 2766 1482; x_wconf 81' lang='grc' dir='ltr'>εἰώθαμεν</span> <span class='ocrx_word' id='word_1_271' title='bbox 2796 1414 2927 1481; x_wconf 78' lang='grc' dir='ltr'>περὶ</span> <span class='ocrx_word' id='word_1_272' title='bbox 2956 1412 3300 1483; x_wconf 76' lang='grc' dir='ltr'>πραγμάτων</span> <span class='ocrx_word' id='word_1_273' title='bbox 3342 1411 3387 1443; x_wconf 75' lang='grc'><strong>⁸⁸</strong></span> <span class='ocrx_word' id='word_1_274' title='bbox 3425 1410 3586 1464; x_wconf 83' lang='grc' dir='ltr'>τινῶν</span> <span class='ocrx_word' id='word_1_275' title='bbox 3615 1408 3841 1478; x_wconf 84' lang='grc' dir='ltr'>διηγού-</span> 
     </span>
    </p>
   </div>
   <div class='ocr_carea' id='block_1_43' title="bbox 2261 1502 3839 1574">
    <p class='ocr_par' dir='ltr' id='par_1_43' title="bbox 2261 1502 3839 1574">
     <span class='ocr_line' id='line_1_43' title="bbox 2261 1502 3839 1574; baseline -0.003 -16"><span class='ocrx_word' id='word_1_276' title='bbox 2261 1523 2411 1574; x_wconf 90' lang='grc' dir='ltr'>μενοι</span> <span class='ocrx_word' id='word_1_277' title='bbox 2450 1505 2495 1536; x_wconf 73' lang='grc'><strong>³⁸</strong></span> <span class='ocrx_word' id='word_1_278' title='bbox 2525 1505 2704 1573; x_wconf 83' lang='grc' dir='ltr'>λέγειν</span> <span class='ocrx_word' id='word_1_279' title='bbox 2727 1505 2808 1558; x_wconf 80' lang='grc' dir='ltr'>ὅτι</span> <span class='ocrx_word' id='word_1_280' title='bbox 2832 1505 2956 1557; x_wconf 85' lang='grc' dir='ltr'>κατ’</span> <span class='ocrx_word' id='word_1_281' title='bbox 2990 1506 3197 1557; x_wconf 87' lang='grc' dir='ltr'>ἐκεῖνον</span> <span class='ocrx_word' id='word_1_282' title='bbox 3221 1504 3312 1557; x_wconf 88' lang='grc' dir='ltr'><strong>τὸν</strong></span> <span class='ocrx_word' id='word_1_283' title='bbox 3346 1504 3510 1557; x_wconf 81' lang='grc' dir='ltr'>τόπον</span> <span class='ocrx_word' id='word_1_284' title='bbox 3541 1502 3637 1555; x_wconf 80' lang='grc' dir='ltr'><strong>τοῦ</strong></span> <span class='ocrx_word' id='word_1_285' title='bbox 3668 1502 3839 1570; x_wconf 82' lang='grc' dir='ltr'>λόγου</span> 
     </span>
    </p>
   </div>
   <div class='ocr_carea' id='block_1_44' title="bbox 2257 1588 3840 1667">
    <p class='ocr_par' dir='ltr' id='par_1_44' title="bbox 2257 1588 3840 1667">
     <span class='ocr_line' id='line_1_44' title="bbox 2257 1588 3840 1667; baseline -0.003 -19"><span class='ocrx_word' id='word_1_286' title='bbox 2257 1597 2537 1667; x_wconf 80' lang='grc' dir='ltr'>γενόμενοι</span> <span class='ocrx_word' id='word_1_287' title='bbox 2565 1594 2818 1666; x_wconf 85' lang='grc' dir='ltr'>ἐροῦμεν,</span> <span class='ocrx_word' id='word_1_288' title='bbox 2849 1595 2909 1647; x_wconf 74' lang='grc' dir='ltr'>τὸ</span> <span class='ocrx_word' id='word_1_289' title='bbox 2943 1593 3236 1662; x_wconf 70' lang='grc' dir='ltr'>κεφάλαιον</span> <span class='ocrx_word' id='word_1_290' title='bbox 3279 1595 3456 1647; x_wconf 80' lang='grc' dir='ltr'>ἐκεῖνο</span> <span class='ocrx_word' id='word_1_291' title='bbox 3484 1594 3579 1646; x_wconf 82' lang='grc' dir='ltr'><strong>καί</strong></span> <span class='ocrx_word' id='word_1_292' title='bbox 3607 1592 3666 1645; x_wconf 74' lang='grc' dir='ltr'>τὸ</span> <span class='ocrx_word' id='word_1_293' title='bbox 3695 1588 3840 1654; x_wconf 78' lang='grc' dir='ltr'>εἶδος</span> 
     </span>
    </p>
   </div>
   <div class='ocr_carea' id='block_1_45' title="bbox 2256 1685 3265 1758">
    <p class='ocr_par' dir='ltr' id='par_1_45' title="bbox 2256 1685 3265 1758">
     <span class='ocr_line' id='line_1_45' title="bbox 2256 1685 3265 1758; baseline 0 -18"><span class='ocrx_word' id='word_1_294' title='bbox 2256 1688 2366 1740; x_wconf 81' lang='grc' dir='ltr'><strong>τῶν</strong></span> <span class='ocrx_word' id='word_1_295' title='bbox 2400 1688 2741 1758; x_wconf 86' lang='grc' dir='ltr'>πραγμάτων</span> <span class='ocrx_word' id='word_1_296' title='bbox 2765 1689 2929 1739; x_wconf 88' lang='grc' dir='ltr'>τόπον</span> <span class='ocrx_word' id='word_1_297' title='bbox 2952 1685 3265 1748; x_wconf 85' lang='grc' dir='ltr'>καλοῦντες.</span> 
     </span>
    </p>
   </div>
   <div class='ocr_carea' id='block_1_46' title="bbox 2335 1774 3840 1849">
    <p class='ocr_par' dir='ltr' id='par_1_46' title="bbox 2335 1774 3840 1849">
     <span class='ocr_line' id='line_1_46' title="bbox 2335 1774 3840 1849; baseline -0.005 -17"><span class='ocrx_word' id='word_1_298' title='bbox 2335 1781 2456 1832; x_wconf 85' lang='grc' dir='ltr'>’Ὁτι</span> <span class='ocrx_word' id='word_1_299' title='bbox 2499 1780 2555 1832; x_wconf 81' lang='grc' dir='ltr'><strong>ἐν</strong></span> <span class='ocrx_word' id='word_1_300' title='bbox 2582 1781 2694 1841; x_wconf 87' lang='grc' dir='ltr'>τοῖς</span> <span class='ocrx_word' id='word_1_301' title='bbox 2737 1778 2921 1847; x_wconf 90' lang='grc' dir='ltr'>νόμοις</span> <span class='ocrx_word' id='word_1_302' title='bbox 2975 1777 3202 1831; x_wconf 82' lang='grc' dir='ltr'>Πλάτων</span> <span class='ocrx_word' id='word_1_303' title='bbox 3243 1777 3418 1849; x_wconf 80' lang='grc' dir='ltr'>(φησί)</span> <span class='ocrx_word' id='word_1_304' title='bbox 3464 1776 3523 1829; x_wconf 83' lang='grc' dir='ltr'><strong>τὸ</strong></span> <span class='ocrx_word' id='word_1_305' title='bbox 3578 1774 3840 1845; x_wconf 73' lang='grc' dir='ltr'>διαφέρον</span> 
     </span>
    </p>
   </div>
   <div class='ocr_carea' id='block_1_47' title="bbox 2258 1866 3841 1942">
    <p class='ocr_par' dir='ltr' id='par_1_47' title="bbox 2258 1866 3841 1942">
     <span class='ocr_line' id='line_1_47' title="bbox 2258 1866 3841 1942; baseline -0.006 -17"><span class='ocrx_word' id='word_1_306' title='bbox 2258 1872 2359 1940; x_wconf 86' lang='grc' dir='ltr'><strong>τῆς</strong></span> <span class='ocrx_word' id='word_1_307' title='bbox 2395 1870 2526 1942; x_wconf 76' lang='grc' dir='ltr'>περὶ</span> <span class='ocrx_word' id='word_1_308' title='bbox 2576 1872 2727 1941; x_wconf 81' lang='grc' dir='ltr'>ἡμᾶς</span> <span class='ocrx_word' id='word_1_309' title='bbox 2756 1870 2849 1923; x_wconf 84' lang='grc' dir='ltr'><strong>τοῦ</strong></span> <span class='ocrx_word' id='word_1_310' title='bbox 2886 1868 3024 1923; x_wconf 81' lang='grc' dir='ltr'>Θεοῦ</span> <span class='ocrx_word' id='word_1_311' title='bbox 3059 1868 3317 1938; x_wconf 82' lang='grc' dir='ltr'>προνοίας</span> <span class='ocrx_word' id='word_1_312' title='bbox 3362 1868 3715 1928; x_wconf 81' lang='grc' dir='ltr'>ἐνδείκνυται,</span> <span class='ocrx_word' id='word_1_313' title='bbox 3744 1866 3841 1917; x_wconf 88' lang='grc' dir='ltr'>λέ-</span> 
     </span>
    </p>
   </div>
   <div class='ocr_carea' id='block_1_48' title="bbox 2258 1958 3841 2031">
    <p class='ocr_par' dir='ltr' id='par_1_48' title="bbox 2258 1958 3841 2031">
     <span class='ocr_line' id='line_1_48' title="bbox 2258 1958 3841 2031; baseline -0.003 -17"><span class='ocrx_word' id='word_1_314' title='bbox 2258 1979 2371 2031; x_wconf 87' lang='grc' dir='ltr'><strong>γων</strong></span> <span class='ocrx_word' id='word_1_315' title='bbox 2398 1962 2473 2025; x_wconf 85' lang='grc' dir='ltr'><strong>ὡς</strong></span> <span class='ocrx_word' id='word_1_316' title='bbox 2516 1961 2647 2024; x_wconf 83' lang='grc' dir='ltr'>Θεὸς</span> <span class='ocrx_word' id='word_1_317' title='bbox 2681 1963 2779 2030; x_wconf 83' lang='grc' dir='ltr'><strong>μὲν</strong></span> <span class='ocrx_word' id='word_1_318' title='bbox 2834 1962 3030 2023; x_wconf 82' lang='grc' dir='ltr'>πάντα,</span> <span class='ocrx_word' id='word_1_319' title='bbox 3065 1962 3158 2014; x_wconf 71' lang='grc' dir='ltr'><strong>καὶ</strong></span> <span class='ocrx_word' id='word_1_320' title='bbox 3194 1961 3333 2030; x_wconf 66' lang='grc' dir='ltr'>μετὰ</span> <span class='ocrx_word' id='word_1_321' title='bbox 3378 1958 3516 2012; x_wconf 86' lang='grc' dir='ltr'>Θεοῦ</span> <span class='ocrx_word' id='word_1_322' title='bbox 3551 1958 3692 2028; x_wconf 93' lang='grc' dir='ltr'>τύχη</span> <span class='ocrx_word' id='word_1_323' title='bbox 3740 1958 3841 2010; x_wconf 75' lang='grc' dir='ltr'><strong>καὶ</strong></span> 
     </span>
    </p>
   </div>
   <div class='ocr_carea' id='block_1_49' title="bbox 2258 2048 3837 2126">
    <p class='ocr_par' dir='ltr' id='par_1_49' title="bbox 2258 2048 3837 2126">
     <span class='ocr_line' id='line_1_49' title="bbox 2258 2048 3837 2126; baseline -0.004 -17"><span class='ocrx_word' id='word_1_324' title='bbox 2258 2055 2449 2126; x_wconf 81' lang='grc' dir='ltr'>καιρὸς</span> <span class='ocrx_word' id='word_1_325' title='bbox 2476 2057 2543 2107; x_wconf 79' lang='grc' dir='ltr'>τὰ</span> <span class='ocrx_word' id='word_1_326' title='bbox 2594 2055 2907 2125; x_wconf 84' lang='grc' dir='ltr'>ἀνθρώπινα</span> <span class='ocrx_word' id='word_1_327' title='bbox 2949 2053 3349 2124; x_wconf 78' lang='grc' dir='ltr'>διακυϐερνῶσι</span> <span class='ocrx_word' id='word_1_328' title='bbox 3384 2051 3697 2122; x_wconf 74' lang='grc' dir='ltr'>ξύμπαντα.</span> <span class='ocrx_word' id='word_1_329' title='bbox 3741 2048 3837 2113; x_wconf 84' lang='grc' dir='ltr'><strong>Ἐξ</strong></span> 
     </span>
    </p>
   </div>
   <div class='ocr_carea' id='block_1_50' title="bbox 2257 2141 3839 2218">
    <p class='ocr_par' dir='ltr' id='par_1_50' title="bbox 2257 2141 3839 2218">
     <span class='ocr_line' id='line_1_50' title="bbox 2257 2141 3839 2218; baseline -0.004 -18"><span class='ocrx_word' id='word_1_330' title='bbox 2257 2141 2332 2200; x_wconf 81' lang='grc' dir='ltr'>ὧν</span> <span class='ocrx_word' id='word_1_331' title='bbox 2358 2147 2514 2218; x_wconf 85' lang='grc' dir='ltr'>δῆλός</span> <span class='ocrx_word' id='word_1_332' title='bbox 2542 2149 2583 2178; x_wconf 83' lang='grc'><strong>¹⁷</strong></span> <span class='ocrx_word' id='word_1_333' title='bbox 2614 2149 2731 2199; x_wconf 86' lang='grc' dir='ltr'>ἐστι</span> <span class='ocrx_word' id='word_1_334' title='bbox 2765 2150 2878 2209; x_wconf 89' lang='grc' dir='ltr'>τοῖς</span> <span class='ocrx_word' id='word_1_335' title='bbox 2910 2147 3008 2217; x_wconf 81' lang='grc' dir='ltr'><strong>μὲν</strong></span> <span class='ocrx_word' id='word_1_336' title='bbox 3031 2145 3161 2218; x_wconf 76' lang='grc'><strong>[755</strong></span> <span class='ocrx_word' id='word_1_337' title='bbox 3190 2144 3286 2218; x_wconf 83' lang='grc'><strong>11.]</strong></span> <span class='ocrx_word' id='word_1_338' title='bbox 3314 2145 3551 2198; x_wconf 80' lang='grc' dir='ltr'>ἀπαθέσι</span> <span class='ocrx_word' id='word_1_339' title='bbox 3599 2144 3694 2196; x_wconf 79' lang='grc' dir='ltr'><strong>καὶ</strong></span> <span class='ocrx_word' id='word_1_340' title='bbox 3748 2143 3839 2196; x_wconf 78' lang='grc' dir='ltr'><strong>ἀεὶ</strong></span> 
     </span>
    </p>
   </div>
   <div class='ocr_carea' id='block_1_51' title="bbox 2256 2234 3839 2310">
    <p class='ocr_par' dir='ltr' id='par_1_51' title="bbox 2256 2234 3839 2310">
     <span class='ocr_line' id='line_1_51' title="bbox 2256 2234 3839 2310; baseline -0.003 -19"><span class='ocrx_word' id='word_1_341' title='bbox 2256 2239 2486 2302; x_wconf 80' lang='grc' dir='ltr'>τελείοις</span> <span class='ocrx_word' id='word_1_342' title='bbox 2516 2238 2612 2291; x_wconf 73' lang='grc' dir='ltr'><strong>καὶ</strong></span> <span class='ocrx_word' id='word_1_343' title='bbox 2629 2238 2716 2292; x_wconf 85' lang='grc' dir='ltr'><strong>διά</strong></span> <span class='ocrx_word' id='word_1_344' title='bbox 2731 2238 2890 2291; x_wconf 89' lang='grc' dir='ltr'>τοῦτο</span> <span class='ocrx_word' id='word_1_345' title='bbox 2913 2239 3318 2310; x_wconf 83' lang='grc' dir='ltr'>ἀναμαρτήτοις</span> <span class='ocrx_word' id='word_1_346' title='bbox 3346 2236 3447 2308; x_wconf 80' lang='grc' dir='ltr'><strong>τὴν</strong></span> <span class='ocrx_word' id='word_1_347' title='bbox 3464 2236 3712 2307; x_wconf 75' lang='grc' dir='ltr'>καθαρὰν</span> <span class='ocrx_word' id='word_1_348' title='bbox 3742 2234 3839 2287; x_wconf 77' lang='grc' dir='ltr'>καὶ</span> 
     </span>
    </p>
   </div>
   <div class='ocr_carea' id='block_1_52' title="bbox 2258 2328 3836 2403">
    <p class='ocr_par' dir='ltr' id='par_1_52' title="bbox 2258 2328 3836 2403">
     <span class='ocr_line' id='line_1_52' title="bbox 2258 2328 3836 2403; baseline -0.003 -19"><span class='ocrx_word' id='word_1_349' title='bbox 2258 2332 2502 2403; x_wconf 80' lang='grc' dir='ltr'>μονοειδῆ</span> <span class='ocrx_word' id='word_1_350' title='bbox 2534 2331 2627 2385; x_wconf 87' lang='grc' dir='ltr'><strong>τοῦ</strong></span> <span class='ocrx_word' id='word_1_351' title='bbox 2660 2331 2795 2385; x_wconf 86' lang='grc' dir='ltr'>Θεοῦ</span> <span class='ocrx_word' id='word_1_352' title='bbox 2822 2334 3126 2403; x_wconf 81' lang='grc' dir='ltr'>ἐπιστήσας</span> <span class='ocrx_word' id='word_1_353' title='bbox 3155 2332 3443 2403; x_wconf 88' lang='grc' dir='ltr'>πρόνοιαν,</span> <span class='ocrx_word' id='word_1_354' title='bbox 3472 2331 3584 2393; x_wconf 83' lang='grc' dir='ltr'>τοῖς</span> <span class='ocrx_word' id='word_1_355' title='bbox 3634 2328 3691 2381; x_wconf 83' lang='grc' dir='ltr'>δὲ</span> <span class='ocrx_word' id='word_1_356' title='bbox 3737 2330 3836 2381; x_wconf 77' lang='grc' dir='ltr'><strong>καὶ</strong></span> 
     </span>
    </p>
   </div>
   <div class='ocr_carea' id='block_1_53' title="bbox 2254 2418 3838 2495">
    <p class='ocr_par' dir='ltr' id='par_1_53' title="bbox 2254 2418 3838 2495">
     <span class='ocr_line' id='line_1_53' title="bbox 2254 2418 3838 2495; baseline -0.002 -19"><span class='ocrx_word' id='word_1_357' title='bbox 2254 2426 2335 2487; x_wconf 79' lang='grc' dir='ltr'><strong>είς</strong></span> <span class='ocrx_word' id='word_1_358' title='bbox 2355 2423 2537 2478; x_wconf 81' lang='grc' dir='ltr'>ἄνοιάν</span> <span class='ocrx_word' id='word_1_359' title='bbox 2564 2441 2691 2477; x_wconf 88' lang='grc' dir='ltr'>ποτε</span> <span class='ocrx_word' id='word_1_360' title='bbox 2718 2424 3147 2495; x_wconf 82' lang='grc' dir='ltr'>ὑποφερομένοις</span> <span class='ocrx_word' id='word_1_361' title='bbox 3170 2424 3410 2491; x_wconf 83' lang='grc' dir='ltr'>λογικοῖς</span> <span class='ocrx_word' id='word_1_362' title='bbox 3439 2422 3536 2475; x_wconf 77' lang='grc' dir='ltr'><strong>καὶ</strong></span> <span class='ocrx_word' id='word_1_363' title='bbox 3565 2421 3652 2473; x_wconf 83' lang='grc' dir='ltr'>διὰ</span> <span class='ocrx_word' id='word_1_364' title='bbox 3676 2418 3838 2473; x_wconf 85' lang='grc' dir='ltr'>τοῦτο</span> 
     </span>
    </p>
   </div>
   <div class='ocr_carea' id='block_1_54' title="bbox 2252 2511 3837 2586">
    <p class='ocr_par' dir='ltr' id='par_1_54' title="bbox 2252 2511 3837 2586">
     <span class='ocr_line' id='line_1_54' title="bbox 2252 2511 3837 2586; baseline -0.004 -17"><span class='ocrx_word' id='word_1_365' title='bbox 2252 2515 2451 2577; x_wconf 84' lang='grc' dir='ltr'>κακίας</span> <span class='ocrx_word' id='word_1_366' title='bbox 2492 2516 2999 2586; x_wconf 85' lang='grc' dir='ltr'>ἀναπιμπλαμένοις</span> <span class='ocrx_word' id='word_1_367' title='bbox 3034 2516 3129 2586; x_wconf 85' lang='grc' dir='ltr'>τὴν</span> <span class='ocrx_word' id='word_1_368' title='bbox 3186 2514 3445 2584; x_wconf 80' lang='grc' dir='ltr'>συμμιγῆ</span> <span class='ocrx_word' id='word_1_369' title='bbox 3486 2514 3699 2585; x_wconf 83' lang='grc' dir='ltr'>καιροῖς</span> <span class='ocrx_word' id='word_1_370' title='bbox 3737 2511 3837 2565; x_wconf 73' lang='grc' dir='ltr'><strong>καὶ</strong></span> 
     </span>
    </p>
   </div>
   <div class='ocr_carea' id='block_1_55' title="bbox 2252 2600 3838 2675">
    <p class='ocr_par' dir='ltr' id='par_1_55' title="bbox 2252 2600 3838 2675">
     <span class='ocr_line' id='line_1_55' title="bbox 2252 2600 3838 2675; baseline -0.004 -17"><span class='ocrx_word' id='word_1_371' title='bbox 2252 2604 2441 2674; x_wconf 85' lang='grc' dir='ltr'>τύχαις</span> <span class='ocrx_word' id='word_1_372' title='bbox 2486 2604 2743 2675; x_wconf 82' lang='grc' dir='ltr'>πρόνοιαν</span> <span class='ocrx_word' id='word_1_373' title='bbox 2794 2605 3099 2669; x_wconf 78' lang='grc' dir='ltr'>ἀποδιδούς.</span> <span class='ocrx_word' id='word_1_374' title='bbox 3133 2606 3288 2656; x_wconf 82' lang='grc' dir='ltr'>Ἐστι</span> <span class='ocrx_word' id='word_1_375' title='bbox 3342 2603 3452 2673; x_wconf 84' lang='grc' dir='ltr'><strong>γάρ</strong></span> <span class='ocrx_word' id='word_1_376' title='bbox 3487 2603 3521 2672; x_wconf 89' lang='grc' dir='ltr'><strong>ή</strong></span> <span class='ocrx_word' id='word_1_377' title='bbox 3574 2600 3675 2672; x_wconf 79' lang='grc' dir='ltr'><strong>μὲν</strong></span> <span class='ocrx_word' id='word_1_378' title='bbox 3724 2600 3838 2652; x_wconf 82' lang='grc' dir='ltr'><strong>τῶν</strong></span> 
     </span>
    </p>
   </div>
   <div class='ocr_carea' id='block_1_56' title="bbox 2252 2690 3836 2766">
    <p class='ocr_par' dir='ltr' id='par_1_56' title="bbox 2252 2690 3836 2766">
     <span class='ocr_line' id='line_1_56' title="bbox 2252 2690 3836 2766; baseline -0.003 -19"><span class='ocrx_word' id='word_1_379' title='bbox 2252 2694 2476 2762; x_wconf 82' lang='grc' dir='ltr'>ἀγαθῶν</span> <span class='ocrx_word' id='word_1_380' title='bbox 2515 2696 2902 2766; x_wconf 81' lang='grc' dir='ltr'>προηγουμένη</span> <span class='ocrx_word' id='word_1_381' title='bbox 2956 2695 3102 2759; x_wconf 83' lang='grc' dir='ltr'>δόσις</span> <span class='ocrx_word' id='word_1_382' title='bbox 3134 2695 3231 2748; x_wconf 72' lang='grc' dir='ltr'><strong>καὶ</strong></span> <span class='ocrx_word' id='word_1_383' title='bbox 3271 2696 3304 2764; x_wconf 82' lang='grc' dir='ltr'>ὴ</span> <span class='ocrx_word' id='word_1_384' title='bbox 3337 2694 3446 2747; x_wconf 78' lang='grc' dir='ltr'>τῶν</span> <span class='ocrx_word' id='word_1_385' title='bbox 3480 2693 3619 2745; x_wconf 83' lang='grc' dir='ltr'><strong>κατά</strong></span> <span class='ocrx_word' id='word_1_386' title='bbox 3670 2690 3836 2760; x_wconf 73' lang='grc' dir='ltr'>φύσιν</span> 
     </span>
    </p>
   </div>
   <div class='ocr_carea' id='block_1_57' title="bbox 2252 2783 3837 2859">
    <p class='ocr_par' dir='ltr' id='par_1_57' title="bbox 2252 2783 3837 2859">
     <span class='ocr_line' id='line_1_57' title="bbox 2252 2783 3837 2859; baseline -0.003 -19"><span class='ocrx_word' id='word_1_387' title='bbox 2252 2788 2560 2858; x_wconf 85' lang='grc' dir='ltr'>προσόντων</span> <span class='ocrx_word' id='word_1_388' title='bbox 2592 2790 2635 2819; x_wconf 84' lang='grc'><strong>¹⁸</strong></span> <span class='ocrx_word' id='word_1_389' title='bbox 2677 2790 2905 2859; x_wconf 87' lang='grc' dir='ltr'>τήρησις</span> <span class='ocrx_word' id='word_1_390' title='bbox 2941 2788 2986 2819; x_wconf 81' lang='grc'>¹⁹</span> <span class='ocrx_word' id='word_1_391' title='bbox 3035 2789 3165 2841; x_wconf 85' lang='grc' dir='ltr'>ίδιον</span> <span class='ocrx_word' id='word_1_392' title='bbox 3222 2787 3384 2858; x_wconf 82' lang='grc' dir='ltr'>ἔργον</span> <span class='ocrx_word' id='word_1_393' title='bbox 3435 2786 3535 2855; x_wconf 80' lang='grc' dir='ltr'><strong>τῆς</strong></span> <span class='ocrx_word' id='word_1_394' title='bbox 3584 2783 3837 2854; x_wconf 84' lang='grc' dir='ltr'>καθαρᾶς</span> 
     </span>
    </p>
   </div>
   <div class='ocr_carea' id='block_1_58' title="bbox 2251 2876 3836 2951">
    <p class='ocr_par' dir='ltr' id='par_1_58' title="bbox 2251 2876 3836 2951">
     <span class='ocr_line' id='line_1_58' title="bbox 2251 2876 3836 2951; baseline -0.003 -18"><span class='ocrx_word' id='word_1_395' title='bbox 2251 2880 2534 2950; x_wconf 85' lang='grc' dir='ltr'>προνοίας,</span> <span class='ocrx_word' id='word_1_396' title='bbox 2564 2880 2597 2951; x_wconf 85' lang='grc' dir='ltr'><strong>ή</strong></span> <span class='ocrx_word' id='word_1_397' title='bbox 2630 2880 2689 2932; x_wconf 84' lang='grc' dir='ltr'>δὲ</span> <span class='ocrx_word' id='word_1_398' title='bbox 2736 2880 2844 2933; x_wconf 83' lang='grc' dir='ltr'><strong>τῶν</strong></span> <span class='ocrx_word' id='word_1_399' title='bbox 2888 2880 3040 2949; x_wconf 84' lang='grc' dir='ltr'>παρά</span> <span class='ocrx_word' id='word_1_400' title='bbox 3098 2884 3258 2950; x_wconf 80' lang='grc' dir='ltr'>φύσιν</span> <span class='ocrx_word' id='word_1_401' title='bbox 3296 2878 3650 2931; x_wconf 78' lang='grc' dir='ltr'>διατεθέντων</span> <span class='ocrx_word' id='word_1_402' title='bbox 3688 2876 3836 2945; x_wconf 80' lang='grc' dir='ltr'>διόρ-</span> 
     </span>
    </p>
   </div>
   <div class='ocr_carea' id='block_1_59' title="bbox 2251 2968 3837 3042">
    <p class='ocr_par' dir='ltr' id='par_1_59' title="bbox 2251 2968 3837 3042">
     <span class='ocr_line' id='line_1_59' title="bbox 2251 2968 3837 3042; baseline -0.004 -18"><span class='ocrx_word' id='word_1_403' title='bbox 2251 2971 2436 3037; x_wconf 85' lang='grc' dir='ltr'>θωσις,</span> <span class='ocrx_word' id='word_1_404' title='bbox 2474 2972 2570 3025; x_wconf 78' lang='grc' dir='ltr'><strong>καὶ</strong></span> <span class='ocrx_word' id='word_1_405' title='bbox 2620 2973 2677 3024; x_wconf 90' lang='grc' dir='ltr'>αἱ</span> <span class='ocrx_word' id='word_1_406' title='bbox 2729 2972 2838 3025; x_wconf 86' lang='grc' dir='ltr'><strong>τῶν</strong></span> <span class='ocrx_word' id='word_1_407' title='bbox 2888 2973 3303 3042; x_wconf 86' lang='grc' dir='ltr'>ἁμαρτημάτων</span> <span class='ocrx_word' id='word_1_408' title='bbox 3334 2969 3557 3023; x_wconf 86' lang='grc' dir='ltr'>εύθῦναι</span> <span class='ocrx_word' id='word_1_409' title='bbox 3613 2968 3711 3038; x_wconf 82' lang='grc' dir='ltr'><strong>τῆς</strong></span> <span class='ocrx_word' id='word_1_410' title='bbox 3745 2970 3837 3019; x_wconf 80' lang='grc' dir='ltr'>ἐν-</span> 
     </span>
    </p>
   </div>
   <div class='ocr_carea' id='block_1_60' title="bbox 2251 3059 3829 3134">
    <p class='ocr_par' dir='ltr' id='par_1_60' title="bbox 2251 3059 3829 3134">
     <span class='ocr_line' id='line_1_60' title="bbox 2251 3059 3829 3134; baseline -0.001 -22"><span class='ocrx_word' id='word_1_411' title='bbox 2251 3059 2374 3115; x_wconf 87' lang='grc' dir='ltr'>ύλου</span> <span class='ocrx_word' id='word_1_412' title='bbox 2403 3062 2499 3115; x_wconf 76' lang='grc' dir='ltr'>καὶ</span> <span class='ocrx_word' id='word_1_413' title='bbox 2532 3062 2670 3134; x_wconf 83' lang='grc' dir='ltr'>τύχῃ</span> <span class='ocrx_word' id='word_1_414' title='bbox 2715 3062 2810 3115; x_wconf 78' lang='grc' dir='ltr'>καὶ</span> <span class='ocrx_word' id='word_1_415' title='bbox 2859 3062 3036 3133; x_wconf 83' lang='grc' dir='ltr'>καιρῴ</span> <span class='ocrx_word' id='word_1_416' title='bbox 3083 3060 3542 3133; x_wconf 77' lang='grc' dir='ltr'>προσχρωμένης.</span> <span class='ocrx_word' id='word_1_417' title='bbox 3598 3060 3673 3112; x_wconf 65' lang='lat' dir='ltr'><strong>Oti</strong></span> <span class='ocrx_word' id='word_1_418' title='bbox 3716 3059 3829 3129; x_wconf 85' lang='grc' dir='ltr'><strong>γάρ</strong></span> 
     </span>
    </p>
   </div>
   <div class='ocr_carea' id='block_1_61' title="bbox 573 3123 2147 3225">
    <p class='ocr_par' dir='ltr' id='par_1_61' title="bbox 573 3123 2142 3221">
     <span class='ocr_line' id='line_1_61' title="bbox 573 3123 2142 3221; baseline 0.023 -45"><span class='ocrx_word' id='word_1_419' title='bbox 573 3123 785 3194; x_wconf 90' lang='lat' dir='ltr'><strong>ligitur,</strong></span> <span class='ocrx_word' id='word_1_420' title='bbox 814 3129 1059 3187; x_wconf 88' lang='lat' dir='ltr'><strong>divinum</strong></span> <span class='ocrx_word' id='word_1_421' title='bbox 1087 3136 1353 3205; x_wconf 88' lang='lat' dir='ltr'><strong>judicium</strong></span> <span class='ocrx_word' id='word_1_422' title='bbox 1384 3143 1665 3202; x_wconf 90' lang='lat' dir='ltr'><strong>hominum</strong></span> <span class='ocrx_word' id='word_1_423' title='bbox 1702 3123 1967 3221; x_wconf 81' lang='lat' dir='ltr'><strong>quosdam</strong></span> <span class='ocrx_word' id='word_1_424' title='bbox 1998 3158 2142 3211; x_wconf 89' lang='lat' dir='ltr'><strong>cala-</strong></span> 
     </span>
    </p>
   </div>
   <div class='ocr_carea' id='block_1_62' title="bbox 2252 3123 3841 3225">
    <p class='ocr_par' dir='ltr' id='par_1_62' title="bbox 2252 3123 3841 3225">
     <span class='ocr_line' id='line_1_62' title="bbox 2252 3123 3841 3225; baseline -0.003 -18"><span class='ocrx_word' id='word_1_425' title='bbox 2252 3154 2394 3207; x_wconf 75' lang='grc' dir='ltr'>κατὰ</span> <span class='ocrx_word' id='word_1_426' title='bbox 2472 3153 2563 3205; x_wconf 80' lang='grc' dir='ltr'><strong>τὸν</strong></span> <span class='ocrx_word' id='word_1_427' title='bbox 2601 3123 3064 3225; x_wconf 36' lang='grc' dir='ltr'>...προηγούμένον</span> <span class='ocrx_word' id='word_1_428' title='bbox 3115 3123 3275 3219; x_wconf 66' lang='grc' dir='ltr'>λόγον</span> <span class='ocrx_word' id='word_1_429' title='bbox 3452 3151 3573 3204; x_wconf 85' lang='grc' dir='ltr'>θεία</span> <span class='ocrx_word' id='word_1_430' title='bbox 3650 3153 3841 3222; x_wconf 84' lang='grc' dir='ltr'>κρίσις</span> 
     </span>
    </p>
   </div>
   <div class='ocr_carea' id='block_1_63' title="bbox 573 3216 2143 3308">
    <p class='ocr_par' dir='ltr' id='par_1_63' title="bbox 573 3216 2143 3308">
     <span class='ocr_line' id='line_1_63' title="bbox 573 3216 2143 3308; baseline 0.023 -41"><span class='ocrx_word' id='word_1_431' title='bbox 573 3216 765 3271; x_wconf 88' lang='lat' dir='ltr'><strong>mitate</strong></span> <span class='ocrx_word' id='word_1_432' title='bbox 797 3218 981 3286; x_wconf 79' lang='lat' dir='ltr'><strong>allicit,</strong></span> <span class='ocrx_word' id='word_1_433' title='bbox 1014 3225 1150 3282; x_wconf 89' lang='lat' dir='ltr'><strong>alios</strong></span> <span class='ocrx_word' id='word_1_434' title='bbox 1193 3244 1320 3285; x_wconf 74' lang='lat' dir='ltr'><strong>vero</strong></span> <span class='ocrx_word' id='word_1_435' title='bbox 1373 3249 1665 3305; x_wconf 81' lang='lat' dir='ltr'><strong>prOSperos</strong></span> <span class='ocrx_word' id='word_1_436' title='bbox 1699 3216 1896 3308; x_wconf 76' lang='lat' dir='ltr'><strong>reddit,</strong></span> <span class='ocrx_word' id='word_1_437' title='bbox 1935 3247 2026 3300; x_wconf 89' lang='lat' dir='ltr'><strong>sed</strong></span> <span class='ocrx_word' id='word_1_438' title='bbox 2077 3264 2143 3303; x_wconf 80' lang='lat' dir='ltr'><strong>ex</strong></span> 
     </span>
    </p>
   </div>
   <div class='ocr_carea' id='block_1_64' title="bbox 574 3306 2145 3393">
    <p class='ocr_par' dir='ltr' id='par_1_64' title="bbox 574 3306 2145 3393">
     <span class='ocr_line' id='line_1_64' title="bbox 574 3306 2145 3393; baseline 0.022 -34"><span class='ocrx_word' id='word_1_439' title='bbox 574 3306 845 3378; x_wconf 86' lang='lat' dir='ltr'><strong>cujusque</strong></span> <span class='ocrx_word' id='word_1_440' title='bbox 892 3318 1243 3375; x_wconf 83' lang='lat' dir='ltr'><strong>antecedente</strong></span> <span class='ocrx_word' id='word_1_441' title='bbox 1288 3325 1505 3380; x_wconf 83' lang='lat' dir='ltr'><strong>merito.</strong></span> <span class='ocrx_word' id='word_1_442' title='bbox 1556 3327 1691 3384; x_wconf 86' lang='lat' dir='ltr'><strong>Cum</strong></span> <span class='ocrx_word' id='word_1_443' title='bbox 1738 3344 1919 3389; x_wconf 89' lang='lat' dir='ltr'><strong>autem</strong></span> <span class='ocrx_word' id='word_1_444' title='bbox 1968 3340 2145 3393; x_wconf 83' lang='lat' dir='ltr'><strong>medi-</strong></span> 
     </span>
    </p>
   </div>
   <div class='ocr_carea' id='block_1_65' title="bbox 572 3396 2146 3493">
    <p class='ocr_par' dir='ltr' id='par_1_65' title="bbox 572 3396 2146 3493">
     <span class='ocr_line' id='line_1_65' title="bbox 572 3396 2146 3493; baseline 0.021 -44"><span class='ocrx_word' id='word_1_445' title='bbox 572 3396 714 3451; x_wconf 83' lang='lat' dir='ltr'><strong>cinae</strong></span> <span class='ocrx_word' id='word_1_446' title='bbox 748 3399 929 3458; x_wconf 83' lang='lat' dir='ltr'><strong>simile</strong></span> <span class='ocrx_word' id='word_1_447' title='bbox 969 3406 1039 3460; x_wconf 92' lang='lat' dir='ltr'><strong>sit</strong></span> <span class='ocrx_word' id='word_1_448' title='bbox 1063 3408 1330 3476; x_wconf 86' lang='lat' dir='ltr'><strong>judicium</strong></span> <span class='ocrx_word' id='word_1_449' title='bbox 1360 3414 1609 3482; x_wconf 90' lang='lat' dir='ltr'><strong>judicum</strong></span> <span class='ocrx_word' id='word_1_450' title='bbox 1648 3423 1809 3477; x_wconf 91' lang='lat' dir='ltr'><strong>nobis</strong></span> <span class='ocrx_word' id='word_1_451' title='bbox 1842 3427 2146 3493; x_wconf 63' lang='lat' dir='ltr'><strong>praesiden-</strong></span> 
     </span>
    </p>
   </div>
   <div class='ocr_carea' id='block_1_66' title="bbox 572 3490 2145 3591">
    <p class='ocr_par' dir='ltr' id='par_1_66' title="bbox 572 3490 2145 3591">
     <span class='ocr_line' id='line_1_66' title="bbox 572 3490 2145 3591; baseline 0.023 -49"><span class='ocrx_word' id='word_1_452' title='bbox 572 3490 710 3545; x_wconf 90' lang='lat' dir='ltr'><strong>tium</strong></span> <span class='ocrx_word' id='word_1_453' title='bbox 756 3508 878 3562; x_wconf 68' lang='lat' dir='ltr'><strong>quae</strong></span> <span class='ocrx_word' id='word_1_454' title='bbox 938 3511 1029 3551; x_wconf 87' lang='lat' dir='ltr'><strong>ars</strong></span> <span class='ocrx_word' id='word_1_455' title='bbox 1086 3506 1464 3569; x_wconf 70' lang='lat' dir='ltr'><strong>tegrotantium</strong></span> <span class='ocrx_word' id='word_1_456' title='bbox 1555 3526 1741 3567; x_wconf 89' lang='lat' dir='ltr'><strong>curam</strong></span> <span class='ocrx_word' id='word_1_457' title='bbox 1818 3520 2145 3591; x_wconf 89' lang='lat' dir='ltr'><strong>suspiciens,</strong></span> 
     </span>
    </p>
   </div>
   <div class='ocr_carea' id='block_1_67' title="bbox 572 3583 2148 3680">
    <p class='ocr_par' dir='ltr' id='par_1_67' title="bbox 572 3583 2148 3680">
     <span class='ocr_line' id='line_1_67' title="bbox 572 3583 2148 3680; baseline 0.022 -47"><span class='ocrx_word' id='word_1_458' title='bbox 572 3583 755 3637; x_wconf 89' lang='lat' dir='ltr'><strong>omnia</strong></span> <span class='ocrx_word' id='word_1_459' title='bbox 778 3584 904 3650; x_wconf 91' lang='lat' dir='ltr'><strong>illis,</strong></span> <span class='ocrx_word' id='word_1_460' title='bbox 934 3600 1102 3657; x_wconf 89' lang='lat' dir='ltr'><strong>utpar</strong></span> <span class='ocrx_word' id='word_1_461' title='bbox 1143 3603 1247 3658; x_wconf 90' lang='lat' dir='ltr'><strong>est,</strong></span> <span class='ocrx_word' id='word_1_462' title='bbox 1294 3608 1600 3666; x_wconf 90' lang='lat' dir='ltr'><strong>opportune</strong></span> <span class='ocrx_word' id='word_1_463' title='bbox 1643 3583 1967 3675; x_wconf 70' lang='lat' dir='ltr'><strong>praescribit,</strong></span> <span class='ocrx_word' id='word_1_464' title='bbox 1985 3583 2148 3680; x_wconf 75' lang='lat' dir='ltr'><strong>prout</strong></span> 
     </span>
    </p>
   </div>
   <div class='ocr_carea' id='block_1_68' title="bbox 571 3673 2143 3774">
    <p class='ocr_par' dir='ltr' id='par_1_68' title="bbox 571 3673 2143 3774">
     <span class='ocr_line' id='line_1_68' title="bbox 571 3673 2143 3774; baseline 0.02 -47"><span class='ocrx_word' id='word_1_465' title='bbox 571 3673 804 3731; x_wconf 78' lang='lat' dir='ltr'><strong>infirmis</strong></span> <span class='ocrx_word' id='word_1_466' title='bbox 852 3681 1103 3771; x_wconf 79' lang='lat' dir='ltr'><strong>expedit:</strong></span> <span class='ocrx_word' id='word_1_467' title='bbox 1151 3697 1432 3755; x_wconf 88' lang='lat' dir='ltr'><strong>propterea</strong></span> <span class='ocrx_word' id='word_1_468' title='bbox 1481 3695 1734 3749; x_wconf 91' lang='lat' dir='ltr'><strong>meritum</strong></span> <span class='ocrx_word' id='word_1_469' title='bbox 1787 3673 2002 3769; x_wconf 62' lang='lat' dir='ltr'><strong>eorum,</strong></span> <span class='ocrx_word' id='word_1_470' title='bbox 2050 3706 2143 3774; x_wconf 87' lang='lat' dir='ltr'><strong>qui</strong></span> 
     </span>
    </p>
   </div>
   <div class='ocr_carea' id='block_1_69' title="bbox 567 3759 2149 3855">
    <p class='ocr_par' dir='ltr' id='par_1_69' title="bbox 567 3759 2149 3855">
     <span class='ocr_line' id='line_1_69' title="bbox 567 3759 2149 3855; baseline 0.021 -38"><span class='ocrx_word' id='word_1_471' title='bbox 567 3764 910 3835; x_wconf 88' lang='lat' dir='ltr'><strong>judicantur,</strong></span> <span class='ocrx_word' id='word_1_472' title='bbox 945 3759 1069 3826; x_wconf 77' lang='lat' dir='ltr'><strong>cum</strong></span> <span class='ocrx_word' id='word_1_473' title='bbox 1116 3775 1251 3831; x_wconf 88' lang='lat' dir='ltr'><strong>alias</strong></span> <span class='ocrx_word' id='word_1_474' title='bbox 1307 3779 1452 3835; x_wconf 90' lang='lat' dir='ltr'><strong>aliud</strong></span> <span class='ocrx_word' id='word_1_475' title='bbox 1487 3783 1577 3848; x_wconf 88' lang='lat' dir='ltr'><strong>sit,</strong></span> <span class='ocrx_word' id='word_1_476' title='bbox 1615 3795 1777 3855; x_wconf 85' lang='lat' dir='ltr'><strong>atque</strong></span> <span class='ocrx_word' id='word_1_477' title='bbox 1823 3759 2035 3847; x_wconf 74' lang='lat' dir='ltr'><strong>arbitrii</strong></span> <span class='ocrx_word' id='word_1_478' title='bbox 2068 3759 2149 3850; x_wconf 46' lang='grc' dir='ltr'><strong>’Ιί-</strong></span> 
     </span>
    </p>
   </div>
   <div class='ocr_carea' id='block_1_70' title="bbox 571 3856 2146 3954">
    <p class='ocr_par' dir='ltr' id='par_1_70' title="bbox 571 3856 2146 3954">
     <span class='ocr_line' id='line_1_70' title="bbox 571 3856 2146 3954; baseline 0.02 -45"><span class='ocrx_word' id='word_1_479' title='bbox 571 3856 782 3913; x_wconf 89' lang='lat' dir='ltr'><strong>bertate</strong></span> <span class='ocrx_word' id='word_1_480' title='bbox 807 3870 1070 3928; x_wconf 89' lang='lat' dir='ltr'><strong>mutetur,</strong></span> <span class='ocrx_word' id='word_1_481' title='bbox 1110 3864 1381 3924; x_wconf 83' lang='lat' dir='ltr'><strong>fortunam</strong></span> <span class='ocrx_word' id='word_1_482' title='bbox 1433 3873 1630 3931; x_wconf 81' lang='lat' dir='ltr'><strong>divina:</strong></span> <span class='ocrx_word' id='word_1_483' title='bbox 1671 3892 1797 3950; x_wconf 89' lang='lat' dir='ltr'><strong>erga</strong></span> <span class='ocrx_word' id='word_1_484' title='bbox 1831 3897 1932 3937; x_wconf 89' lang='lat' dir='ltr'><strong>nos</strong></span> <span class='ocrx_word' id='word_1_485' title='bbox 1962 3888 2146 3954; x_wconf 78' lang='lat' dir='ltr'><strong>provi-</strong></span> 
     </span>
    </p>
   </div>
   <div class='ocr_carea' id='block_1_71' title="bbox 572 3948 2141 4047">
    <p class='ocr_par' dir='ltr' id='par_1_71' title="bbox 572 3948 2141 4047">
     <span class='ocr_line' id='line_1_71' title="bbox 572 3948 2141 4047; baseline 0.021 -46"><span class='ocrx_word' id='word_1_486' title='bbox 572 3948 770 4004; x_wconf 71' lang='lat' dir='ltr'><strong>(lentia:</strong></span> <span class='ocrx_word' id='word_1_487' title='bbox 790 3956 1124 4011; x_wconf 82' lang='lat' dir='ltr'><strong>commiscet.</strong></span> <span class='ocrx_word' id='word_1_488' title='bbox 1148 3956 1293 4017; x_wconf 90' lang='lat' dir='ltr'><strong>Ordo</strong></span> <span class='ocrx_word' id='word_1_489' title='bbox 1322 3972 1504 4019; x_wconf 89' lang='lat' dir='ltr'><strong>autem</strong></span> <span class='ocrx_word' id='word_1_490' title='bbox 1530 3968 1762 4038; x_wconf 80' lang='lat' dir='ltr'><strong>singulis</strong></span> <span class='ocrx_word' id='word_1_491' title='bbox 1789 3977 2141 4047; x_wconf 87' lang='lat' dir='ltr'><strong>conveniens,</strong></span> 
     </span>
    </p>
   </div>
   <div class='ocr_carea' id='block_1_72' title="bbox 572 4045 2143 4122">
    <p class='ocr_par' dir='ltr' id='par_1_72' title="bbox 572 4045 2143 4122">
     <span class='ocr_line' id='line_1_72' title="bbox 572 4045 2143 4122; baseline 0.022 -33"><span class='ocrx_word' id='word_1_492' title='bbox 572 4051 735 4109; x_wconf 83' lang='lat' dir='ltr'><strong>atque</strong></span> <span class='ocrx_word' id='word_1_493' title='bbox 763 4045 1112 4112; x_wconf 82' lang='lat' dir='ltr'><strong>expiationis,</strong></span> <span class='ocrx_word' id='word_1_494' title='bbox 1149 4054 1494 4110; x_wconf 88' lang='lat' dir='ltr'><strong>occasionem</strong></span> <span class='ocrx_word' id='word_1_495' title='bbox 1525 4072 1713 4113; x_wconf 91' lang='lat' dir='ltr'><strong>secum</strong></span> <span class='ocrx_word' id='word_1_496' title='bbox 1742 4062 1993 4120; x_wconf 91' lang='lat' dir='ltr'><strong>inducit:</strong></span> <span class='ocrx_word' id='word_1_497' title='bbox 2028 4045 2143 4122; x_wconf 47' lang='lat' dir='ltr'><strong>for?-</strong></span> 
     </span>
    </p>
   </div>
   <div class='ocr_carea' id='block_1_73' title="bbox 571 4141 2145 4220">
    <p class='ocr_par' dir='ltr' id='par_1_73' title="bbox 571 4141 2145 4220">
     <span class='ocr_line' id='line_1_73' title="bbox 571 4141 2145 4220; baseline 0.019 -36"><span class='ocrx_word' id='word_1_498' title='bbox 571 4141 705 4187; x_wconf 89' lang='lat' dir='ltr'><strong>tuna</strong></span> <span class='ocrx_word' id='word_1_499' title='bbox 735 4145 940 4204; x_wconf 91' lang='lat' dir='ltr'><strong>autem,</strong></span> <span class='ocrx_word' id='word_1_500' title='bbox 996 4149 1051 4194; x_wconf 92' lang='lat' dir='ltr'><strong>et</strong></span> <span class='ocrx_word' id='word_1_501' title='bbox 1105 4145 1325 4200; x_wconf 90' lang='lat' dir='ltr'><strong>occasio</strong></span> <span class='ocrx_word' id='word_1_502' title='bbox 1376 4147 1575 4205; x_wconf 68' lang='lat' dir='ltr'><strong>divina:</strong></span> <span class='ocrx_word' id='word_1_503' title='bbox 1604 4153 1963 4220; x_wconf 72' lang='lat' dir='ltr'><strong>providentia:</strong></span> <span class='ocrx_word' id='word_1_504' title='bbox 2010 4173 2145 4213; x_wconf 89' lang='lat' dir='ltr'><strong>con-</strong></span> 
     </span>
    </p>
   </div>
   <div class='ocr_carea' id='block_1_74' title="bbox 562 4222 2141 4304">
    <p class='ocr_par' dir='ltr' id='par_1_74' title="bbox 562 4222 2141 4304">
     <span class='ocr_line' id='line_1_74' title="bbox 562 4222 2141 4304; baseline 0.018 -29"><span class='ocrx_word' id='word_1_505' title='bbox 562 4222 776 4292; x_wconf 84' lang='lat' dir='ltr'><strong>juncta,</strong></span> <span class='ocrx_word' id='word_1_506' title='bbox 808 4230 1056 4297; x_wconf 89' lang='lat' dir='ltr'><strong>generale</strong></span> <span class='ocrx_word' id='word_1_507' title='bbox 1090 4230 1259 4287; x_wconf 89' lang='lat' dir='ltr'><strong>fatum</strong></span> <span class='ocrx_word' id='word_1_508' title='bbox 1285 4234 1545 4304; x_wconf 81' lang='lat' dir='ltr'><strong>eliiciunt,</strong></span> <span class='ocrx_word' id='word_1_509' title='bbox 1578 4257 1643 4296; x_wconf 85' lang='lat' dir='ltr'><strong>ex</strong></span> <span class='ocrx_word' id='word_1_510' title='bbox 1672 4242 1909 4298; x_wconf 88' lang='lat' dir='ltr'><strong>humana</strong></span> <span class='ocrx_word' id='word_1_511' title='bbox 1945 4247 2141 4302; x_wconf 90' lang='lat' dir='ltr'><strong>volun-</strong></span> 
     </span>
    </p>
   </div>
   <div class='ocr_carea' id='block_1_75' title="bbox 571 4315 2140 4405">
    <p class='ocr_par' dir='ltr' id='par_1_75' title="bbox 571 4315 2140 4405">
     <span class='ocr_line' id='line_1_75' title="bbox 571 4315 2140 4405; baseline 0.018 -39"><span class='ocrx_word' id='word_1_512' title='bbox 571 4322 680 4368; x_wconf 84' lang='lat' dir='ltr'><strong>tate</strong></span> <span class='ocrx_word' id='word_1_513' title='bbox 711 4315 983 4373; x_wconf 89' lang='lat' dir='ltr'><strong>fortunam</strong></span> <span class='ocrx_word' id='word_1_514' title='bbox 1018 4325 1317 4394; x_wconf 87' lang='lat' dir='ltr'><strong>accipiens,</strong></span> <span class='ocrx_word' id='word_1_515' title='bbox 1370 4344 1437 4383; x_wconf 79' lang='lat' dir='ltr'><strong>ex</strong></span> <span class='ocrx_word' id='word_1_516' title='bbox 1487 4330 1675 4386; x_wconf 90' lang='lat' dir='ltr'><strong>divino</strong></span> <span class='ocrx_word' id='word_1_517' title='bbox 1702 4342 1883 4388; x_wconf 88' lang='lat' dir='ltr'><strong>autem</strong></span> <span class='ocrx_word' id='word_1_518' title='bbox 1930 4337 2140 4405; x_wconf 90' lang='lat' dir='ltr'><strong>judicio</strong></span> 
     </span>
    </p>
   </div>
   <div class='ocr_carea' id='block_1_76' title="bbox 568 4404 2142 4484">
    <p class='ocr_par' dir='ltr' id='par_1_76' title="bbox 568 4404 2142 4484">
     <span class='ocr_line' id='line_1_76' title="bbox 568 4404 2142 4484; baseline 0.017 -27"><span class='ocrx_word' id='word_1_519' title='bbox 568 4404 934 4463; x_wconf 85' lang='lat' dir='ltr'><strong>occasionem.</strong></span> <span class='ocrx_word' id='word_1_520' title='bbox 968 4409 1179 4467; x_wconf 86' lang='lat' dir='ltr'><strong>Etenim</strong></span> <span class='ocrx_word' id='word_1_521' title='bbox 1229 4416 1364 4471; x_wconf 90' lang='lat' dir='ltr'><strong>artis</strong></span> <span class='ocrx_word' id='word_1_522' title='bbox 1404 4426 1490 4472; x_wconf 88' lang='lat' dir='ltr'><strong>est</strong></span> <span class='ocrx_word' id='word_1_523' title='bbox 1515 4422 1740 4476; x_wconf 85' lang='lat' dir='ltr'><strong>curandi</strong></span> <span class='ocrx_word' id='word_1_524' title='bbox 1780 4404 2004 4479; x_wconf 87' lang='lat' dir='ltr'><strong>modum</strong></span> <span class='ocrx_word' id='word_1_525' title='bbox 2049 4428 2142 4484; x_wconf 83' lang='lat' dir='ltr'><strong>de—</strong></span> 
     </span>
    </p>
   </div>
   <div class='ocr_carea' id='block_1_77' title="bbox 2248 3243 3839 3317">
    <p class='ocr_par' dir='ltr' id='par_1_77' title="bbox 2248 3243 3839 3317">
     <span class='ocr_line' id='line_1_77' title="bbox 2248 3243 3839 3317; baseline -0.001 -19"><span class='ocrx_word' id='word_1_526' title='bbox 2248 3247 2424 3299; x_wconf 85' lang='grc' dir='ltr'>τοίσδε</span> <span class='ocrx_word' id='word_1_527' title='bbox 2484 3247 2584 3317; x_wconf 79' lang='grc' dir='ltr'><strong>μὲν</strong></span> <span class='ocrx_word' id='word_1_528' title='bbox 2633 3247 2792 3314; x_wconf 78' lang='grc' dir='ltr'>ἡμῶν</span> <span class='ocrx_word' id='word_1_529' title='bbox 2839 3246 3071 3316; x_wconf 79' lang='grc' dir='ltr'>ὲμφέρει</span> <span class='ocrx_word' id='word_1_530' title='bbox 3148 3246 3193 3277; x_wconf 87' lang='grc'><strong>²⁰</strong></span> <span class='ocrx_word' id='word_1_531' title='bbox 3258 3243 3325 3298; x_wconf 81' lang='grc' dir='ltr'><strong>τά</strong></span> <span class='ocrx_word' id='word_1_532' title='bbox 3403 3243 3595 3309; x_wconf 77' lang='grc' dir='ltr'>δεινά,</span> <span class='ocrx_word' id='word_1_533' title='bbox 3654 3243 3839 3296; x_wconf 85' lang='grc' dir='ltr'>τοῖσδε</span> 
     </span>
    </p>
   </div>
   <div class='ocr_carea' id='block_1_78' title="bbox 2247 3333 3841 3400">
    <p class='ocr_par' dir='ltr' id='par_1_78' title="bbox 2247 3333 3841 3400">
     <span class='ocr_line' id='line_1_78' title="bbox 2247 3333 3841 3400; baseline -0.002 -12"><span class='ocrx_word' id='word_1_534' title='bbox 2247 3336 2306 3388; x_wconf 79' lang='grc' dir='ltr'><strong>δὲ</strong></span> <span class='ocrx_word' id='word_1_535' title='bbox 2348 3338 2391 3367; x_wconf 66' lang='grc' dir='ltr'><strong>ἰ</strong></span> <span class='ocrx_word' id='word_1_536' title='bbox 2425 3336 2524 3399; x_wconf 86' lang='grc' dir='ltr'><strong>τάς</strong></span> <span class='ocrx_word' id='word_1_537' title='bbox 2565 3336 2863 3400; x_wconf 83' lang='grc' dir='ltr'>εὐπαθείας</span> <span class='ocrx_word' id='word_1_538' title='bbox 2920 3336 3265 3398; x_wconf 85' lang='grc' dir='ltr'>ἀποδίδωσιν,</span> <span class='ocrx_word' id='word_1_539' title='bbox 3335 3334 3451 3389; x_wconf 83' lang='grc' dir='ltr'>ἀλλ’</span> <span class='ocrx_word' id='word_1_540' title='bbox 3520 3333 3580 3399; x_wconf 80' lang='grc' dir='ltr'><strong>ἐξ</strong></span> <span class='ocrx_word' id='word_1_541' title='bbox 3637 3334 3841 3386; x_wconf 75' lang='grc' dir='ltr'>ὑποθέ-</span> 
     </span>
    </p>
   </div>
   <div class='ocr_carea' id='block_1_79' title="bbox 2249 3424 3839 3499">
    <p class='ocr_par' dir='ltr' id='par_1_79' title="bbox 2249 3424 3839 3499">
     <span class='ocr_line' id='line_1_79' title="bbox 2249 3424 3839 3499; baseline -0.004 -15"><span class='ocrx_word' id='word_1_542' title='bbox 2249 3449 2388 3494; x_wconf 81' lang='grc' dir='ltr'>σεως</span> <span class='ocrx_word' id='word_1_543' title='bbox 2445 3431 2544 3498; x_wconf 80' lang='grc' dir='ltr'><strong>τῆς</strong></span> <span class='ocrx_word' id='word_1_544' title='bbox 2604 3428 2712 3481; x_wconf 85' lang='grc' dir='ltr'><strong>τῶν</strong></span> <span class='ocrx_word' id='word_1_545' title='bbox 2784 3428 3243 3499; x_wconf 74' lang='grc' dir='ltr'>προϐεϐιωμένων</span> <span class='ocrx_word' id='word_1_546' title='bbox 3312 3424 3491 3493; x_wconf 79' lang='grc' dir='ltr'>ἀξίας,</span> <span class='ocrx_word' id='word_1_547' title='bbox 3548 3426 3671 3478; x_wconf 77' lang='grc' dir='ltr'>ἐπεὶ</span> <span class='ocrx_word' id='word_1_548' title='bbox 3737 3429 3839 3478; x_wconf 69' lang='grc' dir='ltr'>καὶ</span> 
     </span>
    </p>
   </div>
   <div class='ocr_carea' id='block_1_80' title="bbox 2248 3517 3841 3590">
    <p class='ocr_par' dir='ltr' id='par_1_80' title="bbox 2248 3517 3841 3590">
     <span class='ocr_line' id='line_1_80' title="bbox 2248 3517 3841 3590; baseline -0.002 -17"><span class='ocrx_word' id='word_1_549' title='bbox 2248 3521 2424 3573; x_wconf 79' lang='grc' dir='ltr'>ἔοικεν</span> <span class='ocrx_word' id='word_1_550' title='bbox 2466 3523 2499 3590; x_wconf 85' lang='grc' dir='ltr'>ὴ</span> <span class='ocrx_word' id='word_1_551' title='bbox 2556 3521 2738 3590; x_wconf 86' lang='grc' dir='ltr'>κρίσις</span> <span class='ocrx_word' id='word_1_552' title='bbox 2794 3519 2906 3572; x_wconf 82' lang='grc' dir='ltr'><strong>τῶν</strong></span> <span class='ocrx_word' id='word_1_553' title='bbox 2977 3518 3301 3588; x_wconf 80' lang='grc' dir='ltr'>ἐφεστώτων</span> <span class='ocrx_word' id='word_1_554' title='bbox 3359 3520 3492 3587; x_wconf 76' lang='grc' dir='ltr'>ἡμῖν</span> <span class='ocrx_word' id='word_1_555' title='bbox 3558 3517 3841 3570; x_wconf 81' lang='grc' dir='ltr'>δικαστῶν</span> 
     </span>
    </p>
   </div>
   <div class='ocr_carea' id='block_1_81' title="bbox 2247 3610 3840 3684">
    <p class='ocr_par' dir='ltr' id='par_1_81' title="bbox 2247 3610 3840 3684">
     <span class='ocr_line' id='line_1_81' title="bbox 2247 3610 3840 3684; baseline -0.001 -19"><span class='ocrx_word' id='word_1_556' title='bbox 2247 3616 2314 3684; x_wconf 84' lang='grc' dir='ltr'>τῇ</span> <span class='ocrx_word' id='word_1_557' title='bbox 2388 3613 2605 3684; x_wconf 80' lang='grc' dir='ltr'>ἰατρικῇ</span> <span class='ocrx_word' id='word_1_558' title='bbox 2678 3612 2864 3682; x_wconf 82' lang='grc' dir='ltr'>τέχνῃ,</span> <span class='ocrx_word' id='word_1_559' title='bbox 2942 3611 2977 3681; x_wconf 78' lang='grc' dir='ltr'>ἢ</span> <span class='ocrx_word' id='word_1_560' title='bbox 3060 3610 3451 3681; x_wconf 76' lang='grc' dir='ltr'>παραλαϐοῦσα</span> <span class='ocrx_word' id='word_1_561' title='bbox 3532 3612 3659 3671; x_wconf 73' lang='grc' dir='ltr'>τοὺς</span> <span class='ocrx_word' id='word_1_562' title='bbox 3735 3613 3840 3680; x_wconf 73' lang='grc' dir='ltr'><strong>ἀφ’</strong></span> 
     </span>
    </p>
   </div>
   <div class='ocr_carea' id='block_1_82' title="bbox 2248 3701 3843 3773">
    <p class='ocr_par' dir='ltr' id='par_1_82' title="bbox 2248 3701 3843 3773">
     <span class='ocr_line' id='line_1_82' title="bbox 2248 3701 3843 3773; baseline 0 -18"><span class='ocrx_word' id='word_1_563' title='bbox 2248 3703 2456 3755; x_wconf 82' lang='grc' dir='ltr'>ἑαυτῶν</span> <span class='ocrx_word' id='word_1_564' title='bbox 2486 3704 2818 3773; x_wconf 86' lang='grc' dir='ltr'>νοσήσαντας</span> <span class='ocrx_word' id='word_1_565' title='bbox 2844 3702 3021 3755; x_wconf 82' lang='grc' dir='ltr'>πάντα</span> <span class='ocrx_word' id='word_1_566' title='bbox 3050 3703 3188 3772; x_wconf 77' lang='grc' dir='ltr'>πρὸς</span> <span class='ocrx_word' id='word_1_567' title='bbox 3224 3702 3284 3754; x_wconf 87' lang='grc' dir='ltr'><strong>τὸ</strong></span> <span class='ocrx_word' id='word_1_568' title='bbox 3314 3701 3433 3754; x_wconf 91' lang='grc' dir='ltr'>δέον</span> <span class='ocrx_word' id='word_1_569' title='bbox 3481 3702 3671 3764; x_wconf 81' lang='grc' dir='ltr'>αὐτοῖς</span> <span class='ocrx_word' id='word_1_570' title='bbox 3704 3718 3843 3755; x_wconf 78' lang='grc' dir='ltr'>συνο</span> 
     </span>
    </p>
   </div>
   <div class='ocr_carea' id='block_1_83' title="bbox 2248 3792 3842 3863">
    <p class='ocr_par' dir='ltr' id='par_1_83' title="bbox 2248 3792 3842 3863">
     <span class='ocr_line' id='line_1_83' title="bbox 2248 3792 3842 3863; baseline -0.001 -16"><span class='ocrx_word' id='word_1_571' title='bbox 2248 3796 2434 3848; x_wconf 86' lang='grc' dir='ltr'>τάττει</span> <span class='ocrx_word' id='word_1_572' title='bbox 2514 3793 2656 3847; x_wconf 85' lang='grc' dir='ltr'><strong>κατά</strong></span> <span class='ocrx_word' id='word_1_573' title='bbox 2709 3792 2920 3863; x_wconf 75' lang='grc' dir='ltr'>καιρὸν,</span> <span class='ocrx_word' id='word_1_574' title='bbox 2977 3793 3035 3845; x_wconf 79' lang='grc' dir='ltr'>ὃν</span> <span class='ocrx_word' id='word_1_575' title='bbox 3115 3794 3181 3846; x_wconf 84' lang='grc' dir='ltr'><strong>ἂν</strong></span> <span class='ocrx_word' id='word_1_576' title='bbox 3236 3794 3426 3856; x_wconf 80' lang='grc' dir='ltr'>αὐτοῖς</span> <span class='ocrx_word' id='word_1_577' title='bbox 3494 3794 3609 3856; x_wconf 79' lang='grc' dir='ltr'>τοῖς</span> <span class='ocrx_word' id='word_1_578' title='bbox 3666 3793 3842 3862; x_wconf 82' lang='grc' dir='ltr'>θερα-</span> 
     </span>
    </p>
   </div>
   <div class='ocr_carea' id='block_1_84' title="bbox 2252 3884 3840 3956">
    <p class='ocr_par' dir='ltr' id='par_1_84' title="bbox 2252 3884 3840 3956">
     <span class='ocr_line' id='line_1_84' title="bbox 2252 3884 3840 3956; baseline -0.001 -17"><span class='ocrx_word' id='word_1_579' title='bbox 2252 3886 2580 3955; x_wconf 86' lang='grc' dir='ltr'>πευομένοις</span> <span class='ocrx_word' id='word_1_580' title='bbox 2633 3887 2720 3955; x_wconf 76' lang='grc' dir='ltr'><strong>εἴη</strong></span> <span class='ocrx_word' id='word_1_581' title='bbox 2771 3884 3067 3947; x_wconf 85' lang='grc' dir='ltr'>λυσιτελές.</span> <span class='ocrx_word' id='word_1_582' title='bbox 3128 3885 3239 3938; x_wconf 78' lang='grc' dir='ltr'><strong>Καὶ</strong></span> <span class='ocrx_word' id='word_1_583' title='bbox 3294 3884 3381 3938; x_wconf 78' lang='grc' dir='ltr'>διὰ</span> <span class='ocrx_word' id='word_1_584' title='bbox 3433 3885 3662 3956; x_wconf 84' lang='grc' dir='ltr'>τοῦτοή</span> <span class='ocrx_word' id='word_1_585' title='bbox 3728 3885 3840 3955; x_wconf 82' lang='grc' dir='ltr'>μὲν</span> 
     </span>
    </p>
   </div>
   <div class='ocr_carea' id='block_1_85' title="bbox 2249 3978 3841 4051">
    <p class='ocr_par' dir='ltr' id='par_1_85' title="bbox 2249 3978 3841 4051">
     <span class='ocr_line' id='line_1_85' title="bbox 2249 3978 3841 4051; baseline -0.001 -19"><span class='ocrx_word' id='word_1_586' title='bbox 2249 3980 2375 4043; x_wconf 83' lang='grc' dir='ltr'>ἀξία</span> <span class='ocrx_word' id='word_1_587' title='bbox 2406 3981 2512 4032; x_wconf 81' lang='grc' dir='ltr'><strong>τῶν</strong></span> <span class='ocrx_word' id='word_1_588' title='bbox 2548 3979 2887 4051; x_wconf 84' lang='grc' dir='ltr'>κρινομένων</span> <span class='ocrx_word' id='word_1_589' title='bbox 2929 3979 3118 4032; x_wconf 81' lang='grc' dir='ltr'>ἄλλοτε</span> <span class='ocrx_word' id='word_1_590' title='bbox 3164 3978 3296 4049; x_wconf 83' lang='grc' dir='ltr'>άλλη</span> <span class='ocrx_word' id='word_1_591' title='bbox 3338 3978 3701 4047; x_wconf 83' lang='grc' dir='ltr'>τυγχάνουσα,</span> <span class='ocrx_word' id='word_1_592' title='bbox 3734 3978 3841 4031; x_wconf 74' lang='grc' dir='ltr'>καὶ</span> 
     </span>
    </p>
   </div>
   <div class='ocr_carea' id='block_1_86' title="bbox 2247 4066 3837 4138">
    <p class='ocr_par' dir='ltr' id='par_1_86' title="bbox 2247 4066 3837 4138">
     <span class='ocr_line' id='line_1_86' title="bbox 2247 4066 3837 4138; baseline -0.003 -16"><span class='ocrx_word' id='word_1_593' title='bbox 2247 4072 2367 4132; x_wconf 90' lang='grc' dir='ltr'>ταῖς</span> <span class='ocrx_word' id='word_1_594' title='bbox 2417 4070 2779 4134; x_wconf 77' lang='grc' dir='ltr'>αύτεξουσίοις</span> <span class='ocrx_word' id='word_1_595' title='bbox 2818 4071 2862 4101; x_wconf 80' lang='grc'>²¹</span> <span class='ocrx_word' id='word_1_596' title='bbox 2903 4070 3182 4138; x_wconf 86' lang='grc' dir='ltr'>κινήσεσιν</span> <span class='ocrx_word' id='word_1_597' title='bbox 3237 4067 3702 4137; x_wconf 82' lang='grc' dir='ltr'>ἐναλλαττομένη,</span> <span class='ocrx_word' id='word_1_598' title='bbox 3735 4066 3837 4118; x_wconf 78' lang='grc' dir='ltr'>τύο</span> 
     </span>
    </p>
   </div>
   <div class='ocr_carea' id='block_1_87' title="bbox 2248 4158 3836 4233">
    <p class='ocr_par' dir='ltr' id='par_1_87' title="bbox 2248 4158 3836 4233">
     <span class='ocr_line' id='line_1_87' title="bbox 2248 4158 3836 4233; baseline -0.002 -19"><span class='ocrx_word' id='word_1_599' title='bbox 2248 4178 2351 4233; x_wconf 87' lang='grc' dir='ltr'><strong>χην</strong></span> <span class='ocrx_word' id='word_1_600' title='bbox 2400 4163 2467 4233; x_wconf 81' lang='grc' dir='ltr'>τῇ</span> <span class='ocrx_word' id='word_1_601' title='bbox 2536 4162 2666 4232; x_wconf 78' lang='grc' dir='ltr'>περὶ</span> <span class='ocrx_word' id='word_1_602' title='bbox 2729 4164 2878 4233; x_wconf 82' lang='grc' dir='ltr'>ήμᾶς</span> <span class='ocrx_word' id='word_1_603' title='bbox 2924 4164 3152 4233; x_wconf 79' lang='grc' dir='ltr'>προνοίᾳ</span> <span class='ocrx_word' id='word_1_604' title='bbox 3195 4160 3568 4231; x_wconf 82' lang='grc' dir='ltr'>συμμίγνυσιν</span> <span class='ocrx_word' id='word_1_605' title='bbox 3603 4176 3616 4191; x_wconf 87' lang='grc'><strong>·</strong></span> <span class='ocrx_word' id='word_1_606' title='bbox 3675 4160 3709 4229; x_wconf 87' lang='grc' dir='ltr'><strong>ή</strong></span> <span class='ocrx_word' id='word_1_607' title='bbox 3768 4158 3836 4211; x_wconf 80' lang='grc' dir='ltr'><strong>δὲ</strong></span> 
     </span>
    </p>
   </div>
   <div class='ocr_carea' id='block_1_88' title="bbox 2248 4252 3834 4324">
    <p class='ocr_par' dir='ltr' id='par_1_88' title="bbox 2248 4252 3834 4324">
     <span class='ocr_line' id='line_1_88' title="bbox 2248 4252 3834 4324; baseline -0.003 -17"><span class='ocrx_word' id='word_1_608' title='bbox 2248 4255 2602 4324; x_wconf 88' lang='grc' dir='ltr'>προσήκουσα</span> <span class='ocrx_word' id='word_1_609' title='bbox 2674 4255 2927 4319; x_wconf 78' lang='grc' dir='ltr'>ἑκάστοις</span> <span class='ocrx_word' id='word_1_610' title='bbox 2991 4253 3145 4319; x_wconf 75' lang='grc' dir='ltr'>τάξις</span> <span class='ocrx_word' id='word_1_611' title='bbox 3230 4253 3323 4305; x_wconf 86' lang='grc' dir='ltr'><strong>τὸν</strong></span> <span class='ocrx_word' id='word_1_612' title='bbox 3392 4252 3491 4321; x_wconf 85' lang='grc' dir='ltr'><strong>τῆς</strong></span> <span class='ocrx_word' id='word_1_613' title='bbox 3545 4253 3834 4323; x_wconf 76' lang='grc' dir='ltr'>τιμωρίας</span> 
     </span>
    </p>
   </div>
   <div class='ocr_carea' id='block_1_89' title="bbox 2247 4344 3835 4421">
    <p class='ocr_par' dir='ltr' id='par_1_89' title="bbox 2247 4344 3835 4421">
     <span class='ocr_line' id='line_1_89' title="bbox 2247 4344 3835 4421; baseline -0.003 -19"><span class='ocrx_word' id='word_1_614' title='bbox 2247 4351 2341 4402; x_wconf 76' lang='grc' dir='ltr'><strong>καὶ</strong></span> <span class='ocrx_word' id='word_1_615' title='bbox 2423 4352 2523 4421; x_wconf 86' lang='grc' dir='ltr'><strong>τῆς</strong></span> <span class='ocrx_word' id='word_1_616' title='bbox 2588 4349 2912 4421; x_wconf 87' lang='grc' dir='ltr'>καθάρσεως</span> <span class='ocrx_word' id='word_1_617' title='bbox 2988 4348 3180 4418; x_wconf 81' lang='grc' dir='ltr'>καιρὸν</span> <span class='ocrx_word' id='word_1_618' title='bbox 3251 4348 3579 4414; x_wconf 87' lang='grc' dir='ltr'>συνεισάγει.</span> <span class='ocrx_word' id='word_1_619' title='bbox 3639 4344 3835 4414; x_wconf 82' lang='grc' dir='ltr'>Τύχης</span> 
     </span>
    </p>
   </div>
   <div class='ocr_carea' id='block_1_90' title="bbox 2243 4436 3833 4513">
    <p class='ocr_par' dir='ltr' id='par_1_90' title="bbox 2243 4436 3833 4513">
     <span class='ocr_line' id='line_1_90' title="bbox 2243 4436 3833 4513; baseline -0.002 -21"><span class='ocrx_word' id='word_1_620' title='bbox 2243 4440 2300 4492; x_wconf 79' lang='grc' dir='ltr'>δὲ</span> <span class='ocrx_word' id='word_1_621' title='bbox 2354 4442 2450 4493; x_wconf 73' lang='grc' dir='ltr'><strong>καὶ</strong></span> <span class='ocrx_word' id='word_1_622' title='bbox 2504 4440 2698 4512; x_wconf 83' lang='grc' dir='ltr'>καιροῦ</span> <span class='ocrx_word' id='word_1_623' title='bbox 2729 4445 2792 4512; x_wconf 84' lang='grc' dir='ltr'>τῇ</span> <span class='ocrx_word' id='word_1_624' title='bbox 2845 4440 2966 4510; x_wconf 75' lang='grc' dir='ltr'>θείᾳ</span> <span class='ocrx_word' id='word_1_625' title='bbox 2998 4440 3234 4513; x_wconf 71' lang='grc' dir='ltr'>προνοίᾳ</span> <span class='ocrx_word' id='word_1_626' title='bbox 3260 4437 3704 4507; x_wconf 73' lang='grc' dir='ltr'>συνταττομένων</span> <span class='ocrx_word' id='word_1_627' title='bbox 3761 4436 3833 4489; x_wconf 82' lang='grc' dir='ltr'><strong>τὸ</strong></span> 
     </span>
    </p>
   </div>
   <div class='ocr_carea' id='block_1_91' title="bbox 567 4497 2147 4604">
    <p class='ocr_par' dir='ltr' id='par_1_91' title="bbox 567 4497 2129 4591">
     <span class='ocr_line' id='line_1_91' title="bbox 567 4497 2129 4591; baseline 0.018 -43"><span class='ocrx_word' id='word_1_628' title='bbox 567 4497 747 4562; x_wconf 86' lang='lat' dir='ltr'><strong>linire,</strong></span> <span class='ocrx_word' id='word_1_629' title='bbox 780 4499 1020 4559; x_wconf 87' lang='lat' dir='ltr'><strong>hominis</strong></span> <span class='ocrx_word' id='word_1_630' title='bbox 1051 4522 1180 4560; x_wconf 85' lang='lat' dir='ltr'><strong>vero</strong></span> <span class='ocrx_word' id='word_1_631' title='bbox 1207 4510 1288 4563; x_wconf 89' lang='lat' dir='ltr'><strong>sic</strong></span> <span class='ocrx_word' id='word_1_632' title='bbox 1318 4510 1476 4577; x_wconf 78' lang='lat' dir='ltr'><strong>allici,</strong></span> <span class='ocrx_word' id='word_1_633' title='bbox 1509 4521 1567 4566; x_wconf 88' lang='lat' dir='ltr'><strong>ut</strong></span> <span class='ocrx_word' id='word_1_634' title='bbox 1597 4515 1839 4571; x_wconf 87' lang='lat' dir='ltr'><strong>sectione</strong></span> <span class='ocrx_word' id='word_1_635' title='bbox 1873 4518 2129 4591; x_wconf 82' lang='lat' dir='ltr'><strong>indigeat,</strong></span> 
     </span>
    </p>
   </div>
   <div class='ocr_carea' id='block_1_92' title="bbox 2252 4497 3832 4604">
    <p class='ocr_par' dir='ltr' id='par_1_92' title="bbox 2252 4497 3832 4604">
     <span class='ocr_line' id='line_1_92' title="bbox 2252 4497 3832 4604; baseline -0.004 -19"><span class='ocrx_word' id='word_1_636' title='bbox 2252 4532 2356 4585; x_wconf 69' lang='grc' dir='ltr'>ἱλον</span> <span class='ocrx_word' id='word_1_637' title='bbox 2407 4497 2627 4604; x_wconf 76' lang='grc' dir='ltr'>πλέγμά</span> <span class='ocrx_word' id='word_1_638' title='bbox 2678 4534 2723 4565; x_wconf 81' lang='grc'>⁸³</span> <span class='ocrx_word' id='word_1_639' title='bbox 2766 4497 2995 4600; x_wconf 52' lang='grc' dir='ltr'><strong>⁸γίνεται</strong></span> <span class='ocrx_word' id='word_1_640' title='bbox 3042 4497 3393 4603; x_wconf 47' lang='grc' dir='ltr'>ἐἱμαρμένῃ</span> <span class='ocrx_word' id='word_1_641' title='bbox 3452 4497 3667 4599; x_wconf 48' lang='grc' dir='ltr'>ἐκ.μὲν</span> <span class='ocrx_word' id='word_1_642' title='bbox 3718 4526 3832 4597; x_wconf 79' lang='grc' dir='ltr'><strong>τῆς</strong></span> 
     </span>
    </p>
   </div>
   <div class='ocr_carea' id='block_1_93' title="bbox 564 4589 2128 4671">
    <p class='ocr_par' dir='ltr' id='par_1_93' title="bbox 564 4589 2128 4671">
     <span class='ocr_line' id='line_1_93' title="bbox 564 4589 2128 4671; baseline 0.017 -30"><span class='ocrx_word' id='word_1_643' title='bbox 564 4589 648 4642; x_wconf 90' lang='lat' dir='ltr'><strong>vel</strong></span> <span class='ocrx_word' id='word_1_644' title='bbox 706 4594 941 4660; x_wconf 91' lang='lat' dir='ltr'><strong>ustione,</strong></span> <span class='ocrx_word' id='word_1_645' title='bbox 981 4598 1064 4651; x_wconf 89' lang='lat' dir='ltr'><strong>vel</strong></span> <span class='ocrx_word' id='word_1_646' title='bbox 1114 4600 1221 4653; x_wconf 86' lang='lat' dir='ltr'><strong>alia</strong></span> <span class='ocrx_word' id='word_1_647' title='bbox 1270 4603 1503 4671; x_wconf 90' lang='lat' dir='ltr'><strong>quadam</strong></span> <span class='ocrx_word' id='word_1_648' title='bbox 1544 4606 1773 4662; x_wconf 89' lang='lat' dir='ltr'><strong>molesta</strong></span> <span class='ocrx_word' id='word_1_649' title='bbox 1824 4613 2128 4668; x_wconf 91' lang='lat' dir='ltr'><strong>curatione.</strong></span> 
     </span>
    </p>
   </div>
   <div class='ocr_carea' id='block_1_94' title="bbox 562 4679 2131 4761">
    <p class='ocr_par' dir='ltr' id='par_1_94' title="bbox 562 4679 2131 4761">
     <span class='ocr_line' id='line_1_94' title="bbox 562 4679 2131 4761; baseline 0.018 -29"><span class='ocrx_word' id='word_1_650' title='bbox 562 4679 773 4737; x_wconf 82' lang='lat' dir='ltr'><strong>Passim</strong></span> <span class='ocrx_word' id='word_1_651' title='bbox 812 4700 937 4741; x_wconf 84' lang='lat' dir='ltr'><strong>vero</strong></span> <span class='ocrx_word' id='word_1_652' title='bbox 965 4699 1020 4743; x_wconf 92' lang='lat' dir='ltr'><strong>et</strong></span> <span class='ocrx_word' id='word_1_653' title='bbox 1050 4690 1254 4760; x_wconf 86' lang='lat' dir='ltr'><strong>aliquid</strong></span> <span class='ocrx_word' id='word_1_654' title='bbox 1291 4694 1393 4748; x_wconf 89' lang='lat' dir='ltr'><strong>hoc</strong></span> <span class='ocrx_word' id='word_1_655' title='bbox 1428 4696 1588 4753; x_wconf 93' lang='lat' dir='ltr'><strong>modo</strong></span> <span class='ocrx_word' id='word_1_656' title='bbox 1607 4697 1762 4754; x_wconf 90' lang='lat' dir='ltr'><strong>Plato</strong></span> <span class='ocrx_word' id='word_1_657' title='bbox 1792 4701 1857 4756; x_wconf 92' lang='lat' dir='ltr'><strong>de</strong></span> <span class='ocrx_word' id='word_1_658' title='bbox 1891 4703 2131 4761; x_wconf 89' lang='lat' dir='ltr'><strong>humana</strong></span> 
     </span>
    </p>
   </div>
   <div class='ocr_carea' id='block_1_95' title="bbox 560 4780 2133 4862">
    <p class='ocr_par' dir='ltr' id='par_1_95' title="bbox 560 4780 2133 4862">
     <span class='ocr_line' id='line_1_95' title="bbox 560 4780 2133 4862; baseline 0.018 -37"><span class='ocrx_word' id='word_1_659' title='bbox 560 4781 778 4841; x_wconf 87' lang='lat' dir='ltr'><strong>natura,</strong></span> <span class='ocrx_word' id='word_1_660' title='bbox 819 4788 873 4833; x_wconf 91' lang='lat' dir='ltr'><strong>et</strong></span> <span class='ocrx_word' id='word_1_661' title='bbox 943 4780 1076 4851; x_wconf 88' lang='lat' dir='ltr'><strong>fato,</strong></span> <span class='ocrx_word' id='word_1_662' title='bbox 1135 4786 1476 4853; x_wconf 89' lang='lat' dir='ltr'><strong>pr0videntia</strong></span> <span class='ocrx_word' id='word_1_663' title='bbox 1523 4792 1758 4862; x_wconf 87' lang='lat' dir='ltr'><strong>quadam</strong></span> <span class='ocrx_word' id='word_1_664' title='bbox 1804 4807 1992 4852; x_wconf 90' lang='lat' dir='ltr'><strong>nostra</strong></span> <span class='ocrx_word' id='word_1_665' title='bbox 2049 4815 2133 4854; x_wconf 59' lang='lat' dir='ltr'><strong>rev</strong></span> 
     </span>
    </p>
   </div>
   <div class='ocr_carea' id='block_1_96' title="bbox 558 4874 1216 4943">
    <p class='ocr_par' dir='ltr' id='par_1_96' title="bbox 558 4874 1216 4943">
     <span class='ocr_line' id='line_1_96' title="bbox 558 4874 1216 4943; baseline 0.017 -23"><span class='ocrx_word' id='word_1_666' title='bbox 558 4880 741 4936; x_wconf 87' lang='lat' dir='ltr'><strong>gente,</strong></span> <span class='ocrx_word' id='word_1_667' title='bbox 775 4874 1216 4943; x_wconf 89' lang='lat' dir='ltr'><strong>philosophatur.</strong></span> 
     </span>
    </p>
   </div>
   <div class='ocr_carea' id='block_1_97' title="bbox 2240 4619 3830 4697">
    <p class='ocr_par' dir='ltr' id='par_1_97' title="bbox 2240 4619 3830 4697">
     <span class='ocr_line' id='line_1_97' title="bbox 2240 4619 3830 4697; baseline -0.003 -22"><span class='ocrx_word' id='word_1_668' title='bbox 2240 4623 2589 4696; x_wconf 84' lang='grc' dir='ltr'>ἀνθρωπίνης</span> <span class='ocrx_word' id='word_1_669' title='bbox 2637 4626 3012 4697; x_wconf 87' lang='grc' dir='ltr'>προαιρέσεως</span> <span class='ocrx_word' id='word_1_670' title='bbox 3055 4625 3153 4694; x_wconf 80' lang='grc' dir='ltr'><strong>τὴν</strong></span> <span class='ocrx_word' id='word_1_671' title='bbox 3197 4624 3367 4694; x_wconf 88' lang='grc' dir='ltr'>τύχην</span> <span class='ocrx_word' id='word_1_672' title='bbox 3413 4619 3830 4692; x_wconf 76' lang='grc' dir='ltr'>προσλαϐοῦσα,</span> 
     </span>
    </p>
   </div>
   <div class='ocr_carea' id='block_1_98' title="bbox 2242 4714 3825 4787">
    <p class='ocr_par' dir='ltr' id='par_1_98' title="bbox 2242 4714 3825 4787">
     <span class='ocr_line' id='line_1_98' title="bbox 2242 4714 3825 4787; baseline -0.001 -20"><span class='ocrx_word' id='word_1_673' title='bbox 2242 4720 2304 4768; x_wconf 82' lang='grc' dir='ltr'><strong>ἐκ</strong></span> <span class='ocrx_word' id='word_1_674' title='bbox 2353 4718 2409 4770; x_wconf 80' lang='grc' dir='ltr'>δὲ</span> <span class='ocrx_word' id='word_1_675' title='bbox 2446 4719 2544 4787; x_wconf 80' lang='grc' dir='ltr'><strong>τῆς</strong></span> <span class='ocrx_word' id='word_1_676' title='bbox 2597 4718 2748 4782; x_wconf 85' lang='grc' dir='ltr'>θείας</span> <span class='ocrx_word' id='word_1_677' title='bbox 2805 4719 3037 4787; x_wconf 85' lang='grc' dir='ltr'>κρίσεως</span> <span class='ocrx_word' id='word_1_678' title='bbox 3100 4717 3411 4786; x_wconf 72' lang='grc' dir='ltr'>ἐκφέρουσα</span> <span class='ocrx_word' id='word_1_679' title='bbox 3464 4715 3557 4767; x_wconf 80' lang='grc' dir='ltr'>τὸν</span> <span class='ocrx_word' id='word_1_680' title='bbox 3594 4714 3825 4785; x_wconf 67' lang='grc' dir='ltr'>καιρόν*</span> 
     </span>
    </p>
   </div>
   <div class='ocr_carea' id='block_1_99' title="bbox 2239 4807 3831 4881">
    <p class='ocr_par' dir='ltr' id='par_1_99' title="bbox 2239 4807 3831 4881">
     <span class='ocr_line' id='line_1_99' title="bbox 2239 4807 3831 4881; baseline -0.001 -20"><span class='ocrx_word' id='word_1_681' title='bbox 2239 4810 2333 4861; x_wconf 74' lang='grc' dir='ltr'><strong>καὶ</strong></span> <span class='ocrx_word' id='word_1_682' title='bbox 2381 4809 2490 4881; x_wconf 81' lang='grc' dir='ltr'><strong>γάρ</strong></span> <span class='ocrx_word' id='word_1_683' title='bbox 2568 4811 2667 4880; x_wconf 88' lang='grc' dir='ltr'><strong>τῆς</strong></span> <span class='ocrx_word' id='word_1_684' title='bbox 2723 4811 2918 4880; x_wconf 89' lang='grc' dir='ltr'>τέχνης</span> <span class='ocrx_word' id='word_1_685' title='bbox 2976 4811 3124 4863; x_wconf 74' lang='grc' dir='ltr'>ἐστὶν</span> <span class='ocrx_word' id='word_1_686' title='bbox 3186 4809 3450 4879; x_wconf 71' lang='grc' dir='ltr'>ἀφορίσαι</span> <span class='ocrx_word' id='word_1_687' title='bbox 3511 4809 3579 4861; x_wconf 76' lang='grc' dir='ltr'><strong>τὰ</strong></span> <span class='ocrx_word' id='word_1_688' title='bbox 3647 4807 3831 4878; x_wconf 74' lang='grc' dir='ltr'>μέτρα</span> 
     </span>
    </p>
   </div>
   <div class='ocr_carea' id='block_1_100' title="bbox 2239 4898 3829 4973">
    <p class='ocr_par' dir='ltr' id='par_1_100' title="bbox 2239 4898 3829 4973">
     <span class='ocr_line' id='line_1_100' title="bbox 2239 4898 3829 4973; baseline 0 -22"><span class='ocrx_word' id='word_1_689' title='bbox 2239 4901 2337 4970; x_wconf 84' lang='grc' dir='ltr'><strong>τῆς</strong></span> <span class='ocrx_word' id='word_1_690' title='bbox 2377 4902 2696 4973; x_wconf 84' lang='grc' dir='ltr'>θεραπείας,</span> <span class='ocrx_word' id='word_1_691' title='bbox 2729 4903 2824 4955; x_wconf 88' lang='grc' dir='ltr'><strong>τοῦ</strong></span> <span class='ocrx_word' id='word_1_692' title='bbox 2860 4902 2918 4955; x_wconf 83' lang='grc' dir='ltr'>δὲ</span> <span class='ocrx_word' id='word_1_693' title='bbox 2967 4899 3258 4971; x_wconf 83' lang='grc' dir='ltr'>ἀνθρώπου</span> <span class='ocrx_word' id='word_1_694' title='bbox 3295 4900 3602 4969; x_wconf 85' lang='grc' dir='ltr'>διατεθῆναι</span> <span class='ocrx_word' id='word_1_695' title='bbox 3644 4898 3829 4962; x_wconf 80' lang='grc' dir='ltr'>οὓτως</span> 
     </span>
    </p>
   </div>
   <div class='ocr_carea' id='block_1_101' title="bbox 554 4959 3827 5067">
    <p class='ocr_par' dir='ltr' id='par_1_101' title="bbox 554 4959 3827 5067">
     <span class='ocr_line' id='line_1_101' title="bbox 554 4959 3827 5067; baseline 0.01 -52"><span class='ocrx_word' id='word_1_696' title='bbox 554 4959 698 5016; x_wconf 83' lang='grc' dir='ltr'>ὥστε</span> <span class='ocrx_word' id='word_1_697' title='bbox 730 4966 1191 5042; x_wconf 84' lang='grc' dir='ltr'>τομῆς’δεηθῆναι</span> <span class='ocrx_word' id='word_1_698' title='bbox 1223 4973 1255 5042; x_wconf 81' lang='grc' dir='ltr'><strong>ἢ</strong></span> <span class='ocrx_word' id='word_1_699' title='bbox 1293 4974 1541 5041; x_wconf 89' lang='grc' dir='ltr'>καύσεως</span> <span class='ocrx_word' id='word_1_700' title='bbox 1598 4979 1829 5054; x_wconf 83' lang='grc' dir='ltr'>ῆάλλης</span> <span class='ocrx_word' id='word_1_701' title='bbox 1858 4984 2002 5049; x_wconf 80' lang='grc' dir='ltr'>τινὸς</span> <span class='ocrx_word' id='word_1_702' title='bbox 2069 4959 2334 5061; x_wconf 66' lang='grc' dir='ltr'>ἀλγεινῆς</span> <span class='ocrx_word' id='word_1_703' title='bbox 2402 4959 2719 5067; x_wconf 75' lang='grc' dir='ltr'>θέραπείας.</span> <span class='ocrx_word' id='word_1_704' title='bbox 2789 4959 3086 5064; x_wconf 48' lang='grc' dir='ltr'>Πολλαχοῦ.</span> <span class='ocrx_word' id='word_1_705' title='bbox 3147 4993 3225 5056; x_wconf 83' lang='grc' dir='ltr'>δὲ,</span> <span class='ocrx_word' id='word_1_706' title='bbox 3266 4993 3421 5061; x_wconf 75' lang='grc' dir='ltr'>φησί,</span> <span class='ocrx_word' id='word_1_707' title='bbox 3459 4959 3555 5043; x_wconf 70' lang='grc' dir='ltr'><strong>καὶ</strong></span> <span class='ocrx_word' id='word_1_708' title='bbox 3584 4989 3767 5044; x_wconf 75' lang='grc' dir='ltr'>ἄλλοθι</span> <span class='ocrx_word' id='word_1_709' title='bbox 3792 4994 3827 5045; x_wconf 84' lang='grc' dir='ltr'>ὁ</span> 
     </span>
    </p>
   </div>
   <div class='ocr_carea' id='block_1_102' title="bbox 554 5057 3827 5157">
    <p class='ocr_par' dir='ltr' id='par_1_102' title="bbox 554 5057 3827 5157">
     <span class='ocr_line' id='line_1_102' title="bbox 554 5057 3827 5157; baseline 0.012 -49"><span class='ocrx_word' id='word_1_710' title='bbox 554 5057 781 5113; x_wconf 86' lang='grc' dir='ltr'>Πλάτων</span> <span class='ocrx_word' id='word_1_711' title='bbox 808 5060 1127 5116; x_wconf 81' lang='grc' dir='ltr'>τὰτοιαῦτα</span> <span class='ocrx_word' id='word_1_712' title='bbox 1156 5067 1438 5137; x_wconf 83' lang='grc' dir='ltr'>φιλοσοφεί</span> <span class='ocrx_word' id='word_1_713' title='bbox 1458 5071 1586 5142; x_wconf 87' lang='grc' dir='ltr'>περί</span> <span class='ocrx_word' id='word_1_714' title='bbox 1608 5089 1668 5125; x_wconf 87' lang='grc' dir='ltr'><strong>τε</strong></span> <span class='ocrx_word' id='word_1_715' title='bbox 1694 5075 1740 5107; x_wconf 66' lang='grc'><strong>’⁸</strong></span> <span class='ocrx_word' id='word_1_716' title='bbox 1799 5074 1901 5146; x_wconf 82' lang='grc' dir='ltr'><strong>τῆς</strong></span> <span class='ocrx_word' id='word_1_717' title='bbox 1968 5057 2319 5155; x_wconf 39' lang='grc' dir='ltr'>ἀνθρωπίνη-ς</span> <span class='ocrx_word' id='word_1_718' title='bbox 2379 5057 2568 5153; x_wconf 74' lang='grc' dir='ltr'>οὐσίας</span> <span class='ocrx_word' id='word_1_719' title='bbox 2621 5057 2716 5141; x_wconf 75' lang='grc' dir='ltr'>καὶ</span> <span class='ocrx_word' id='word_1_720' title='bbox 2790 5087 2892 5157; x_wconf 88' lang='grc' dir='ltr'><strong>τῆς</strong></span> <span class='ocrx_word' id='word_1_721' title='bbox 2936 5057 3350 5155; x_wconf 65' lang='grc' dir='ltr'>ἀπευθυνούσης</span> <span class='ocrx_word' id='word_1_722' title='bbox 3397 5087 3444 5117; x_wconf 73' lang='grc'><strong>³⁸</strong></span> <span class='ocrx_word' id='word_1_723' title='bbox 3490 5086 3641 5156; x_wconf 80' lang='grc' dir='ltr'>ἡμᾶς</span> <span class='ocrx_word' id='word_1_724' title='bbox 3676 5102 3827 5155; x_wconf 76' lang='grc' dir='ltr'>προ-</span> 
     </span>
    </p>
   </div>
   <div class='ocr_carea' id='block_1_103' title="bbox 552 5151 1195 5223">
    <p class='ocr_par' dir='ltr' id='par_1_103' title="bbox 552 5151 1195 5223">
     <span class='ocr_line' id='line_1_103' title="bbox 552 5151 1195 5223; baseline 0.011 -23"><span class='ocrx_word' id='word_1_725' title='bbox 552 5151 809 5221; x_wconf 84' lang='grc' dir='ltr'>νοητικῆς</span> <span class='ocrx_word' id='word_1_726' title='bbox 835 5152 1195 5223; x_wconf 80' lang='grc' dir='ltr'>εἱμαρμένης.</span> 
     </span>
    </p>
   </div>
   <div class='ocr_carea' id='block_1_104' title="bbox 792 5261 1878 5338">
    <p class='ocr_par' dir='ltr' id='par_1_104' title="bbox 792 5261 1878 5338">
     <span class='ocr_line' id='line_1_104' title="bbox 792 5261 1878 5338; baseline 0.022 -24"><span class='ocrx_word' id='word_1_727' title='bbox 792 5261 1110 5331; x_wconf 74' lang='lat' dir='ltr'><strong>Di/l‘erentia</strong></span> <span class='ocrx_word' id='word_1_728' title='bbox 1162 5269 1457 5338; x_wconf 74' lang='lat' dir='ltr'><strong>philosophi</strong></span> <span class='ocrx_word' id='word_1_729' title='bbox 1511 5286 1563 5329; x_wconf 76' lang='lat' dir='ltr'><strong>et</strong></span> <span class='ocrx_word' id='word_1_730' title='bbox 1602 5284 1878 5338; x_wconf 73' lang='lat' dir='ltr'><strong>amatoris.</strong></span> 
     </span>
    </p>
   </div>
   <div class='ocr_carea' id='block_1_105' title="bbox 582 5350 2128 5445">
    <p class='ocr_par' dir='ltr' id='par_1_105' title="bbox 582 5350 2128 5445">
     <span class='ocr_line' id='line_1_105' title="bbox 582 5350 2128 5445; baseline 0.021 -43"><span class='ocrx_word' id='word_1_731' title='bbox 582 5350 816 5425; x_wconf 65' lang='lat' dir='ltr'><strong>.W</strong></span> <span class='ocrx_word' id='word_1_732' title='bbox 870 5355 1027 5412; x_wconf 90' lang='lat' dir='ltr'><strong>Plato</strong></span> <span class='ocrx_word' id='word_1_733' title='bbox 1073 5358 1366 5416; x_wconf 90' lang='lat' dir='ltr'><strong>discrimen</strong></span> <span class='ocrx_word' id='word_1_734' title='bbox 1419 5380 1667 5437; x_wconf 89' lang='lat' dir='ltr'><strong>ponens,</strong></span> <span class='ocrx_word' id='word_1_735' title='bbox 1714 5374 1927 5445; x_wconf 87' lang='lat' dir='ltr'><strong>inquit,</strong></span> <span class='ocrx_word' id='word_1_736' title='bbox 1987 5378 2128 5434; x_wconf 88' lang='lat' dir='ltr'><strong>inter</strong></span> 
     </span>
    </p>
   </div>
   <div class='ocr_carea' id='block_1_106' title="bbox 546 5441 2125 5530">
    <p class='ocr_par' dir='ltr' id='par_1_106' title="bbox 546 5441 2125 5530">
     <span class='ocr_line' id='line_1_106' title="bbox 546 5441 2125 5530; baseline 0.02 -36"><span class='ocrx_word' id='word_1_737' title='bbox 546 5441 952 5515; x_wconf 86' lang='lat' dir='ltr'><strong>philosophum,</strong></span> <span class='ocrx_word' id='word_1_738' title='bbox 1004 5458 1057 5503; x_wconf 90' lang='lat' dir='ltr'><strong>et</strong></span> <span class='ocrx_word' id='word_1_739' title='bbox 1089 5463 1383 5521; x_wconf 88' lang='lat' dir='ltr'><strong>amantem,</strong></span> <span class='ocrx_word' id='word_1_740' title='bbox 1408 5466 1463 5512; x_wconf 87' lang='lat' dir='ltr'><strong>et</strong></span> <span class='ocrx_word' id='word_1_741' title='bbox 1500 5441 2009 5530; x_wconf 81' lang='lat' dir='ltr'><strong>quomodohonore</strong></span> <span class='ocrx_word' id='word_1_742' title='bbox 2041 5472 2125 5524; x_wconf 85' lang='lat' dir='ltr'><strong>itt-</strong></span> 
     </span>
    </p>
   </div>
   <div class='ocr_carea' id='block_1_107' title="bbox 1781 5586 2011 5644">
    <p class='ocr_par' dir='ltr' id='par_1_107' title="bbox 1781 5586 2011 5644">
     <span class='ocr_line' id='line_1_107' title="bbox 1781 5586 2011 5644; baseline 0.017 -4"><span class='ocrx_word' id='word_1_743' title='bbox 1781 5586 2011 5644; x_wconf 69' lang='lat' dir='ltr'><strong>VARI/1:}</strong></span> 
     </span>
    </p>
   </div>
   <div class='ocr_carea' id='block_1_108' title="bbox 610 5658 1616 5746">
    <p class='ocr_par' dir='ltr' id='par_1_108' title="bbox 610 5658 1616 5746">
     <span class='ocr_line' id='line_1_108' title="bbox 610 5658 1616 5746; baseline 0.018 -33"><span class='ocrx_word' id='word_1_744' title='bbox 610 5658 655 5692; x_wconf 80' lang='lat'><strong>“’</strong></span> <span class='ocrx_word' id='word_1_745' title='bbox 690 5669 1030 5746; x_wconf 78' lang='grc' dir='ltr'>πραγμάτων</span> <span class='ocrx_word' id='word_1_746' title='bbox 1058 5671 1101 5725; x_wconf 82' lang='grc' dir='ltr'><strong>Α</strong></span> <span class='ocrx_word' id='word_1_747' title='bbox 1130 5690 1145 5727; x_wconf 87' lang='lat'><strong>:</strong></span> <span class='ocrx_word' id='word_1_748' title='bbox 1183 5677 1528 5746; x_wconf 71' lang='grc' dir='ltr'>γραμμάτων</span> <span class='ocrx_word' id='word_1_749' title='bbox 1557 5698 1616 5743; x_wconf 79' lang='grc' dir='ltr'><strong>ς.</strong></span> 
     </span>
    </p>
   </div>
   <div class='ocr_carea' id='block_1_109' title="bbox 547 5728 1530 5816">
    <p class='ocr_par' dir='ltr' id='par_1_109' title="bbox 547 5728 1530 5816">
     <span class='ocr_line' id='line_1_109' title="bbox 547 5728 1530 5816; baseline 0.018 -33"><span class='ocrx_word' id='word_1_750' title='bbox 547 5728 855 5816; x_wconf 43' lang='grc' dir='ltr'>ιόντῳνςζ</span> <span class='ocrx_word' id='word_1_751' title='bbox 899 5742 940 5771; x_wconf 84' lang='grc'><strong>¹¹⁹</strong></span> <span class='ocrx_word' id='word_1_752' title='bbox 963 5728 1231 5816; x_wconf 64' lang='grc' dir='ltr'>τήρησιξῘ</span> <span class='ocrx_word' id='word_1_753' title='bbox 1268 5728 1530 5816; x_wconf 39' lang='lat' dir='ltr'><strong>skins</strong></span> 
     </span>
    </p>
   </div>
   <div class='ocr_carea' id='block_1_110' title="bbox 548 5798 2161 5896">
    <p class='ocr_par' dir='ltr' id='par_1_110' title="bbox 548 5798 2161 5896">
     <span class='ocr_line' id='line_1_110' title="bbox 548 5798 2161 5896; baseline 0.019 -45"><span class='ocrx_word' id='word_1_754' title='bbox 548 5798 686 5876; x_wconf 84' lang='grc' dir='ltr'>γμα]</span> <span class='ocrx_word' id='word_1_755' title='bbox 717 5798 949 5879; x_wconf 83' lang='grc' dir='ltr'>πρᾶγμα</span> <span class='ocrx_word' id='word_1_756' title='bbox 991 5798 1054 5868; x_wconf 57' lang='lat' dir='ltr'><strong>Au.</strong></span> <span class='ocrx_word' id='word_1_757' title='bbox 1092 5798 1101 5815; x_wconf 74' lang='grc'><em>’</em></span> <span class='ocrx_word' id='word_1_758' title='bbox 1134 5798 1530 5873; x_wconf 32' lang='lat' dir='ltr'><strong>“&#39;jsa‘oian.‘</strong></span> <span class='ocrx_word' id='word_1_759' title='bbox 1555 5798 2161 5896; x_wconf 34' lang='lat' dir='ltr'><strong>r‘ivb‘nsuiiavoésrgfg:</strong></span> 
     </span>
    </p>
   </div>
   <div class='ocr_carea' id='block_1_111' title="bbox 2377 5285 3683 5357">
    <p class='ocr_par' dir='ltr' id='par_1_111' title="bbox 2377 5285 3683 5357">
     <span class='ocr_line' id='line_1_111' title="bbox 2377 5285 3683 5357; baseline -0.002 -15"><span class='ocrx_word' id='word_1_760' title='bbox 2377 5290 2469 5355; x_wconf 87' lang='grc' dir='ltr'>Τίς</span> <span class='ocrx_word' id='word_1_761' title='bbox 2504 5290 2542 5356; x_wconf 75' lang='grc' dir='ltr'>ἡ</span> <span class='ocrx_word' id='word_1_762' title='bbox 2573 5290 2919 5357; x_wconf 62' lang='grc' dir='ltr'>φιλοσόφου</span> <span class='ocrx_word' id='word_1_763' title='bbox 2947 5287 3043 5341; x_wconf 73' lang='grc' dir='ltr'>καὶ</span> <span class='ocrx_word' id='word_1_764' title='bbox 3076 5285 3362 5356; x_wconf 79' lang='grc' dir='ltr'>ἐρωτικοῦ</span> <span class='ocrx_word' id='word_1_765' title='bbox 3391 5285 3645 5355; x_wconf 74' lang='grc' dir='ltr'>διαφορά</span> <span class='ocrx_word' id='word_1_766' title='bbox 3664 5301 3683 5350; x_wconf 89' lang='grc'><em>;</em></span> 
     </span>
    </p>
   </div>
   <div class='ocr_carea' id='block_1_112' title="bbox 2306 5377 3823 5452">
    <p class='ocr_par' dir='ltr' id='par_1_112' title="bbox 2306 5377 3823 5452">
     <span class='ocr_line' id='line_1_112' title="bbox 2306 5377 3823 5452; baseline 0 -17"><span class='ocrx_word' id='word_1_767' title='bbox 2306 5383 2430 5435; x_wconf 75' lang='grc' dir='ltr'>Ὀτι</span> <span class='ocrx_word' id='word_1_768' title='bbox 2478 5382 2783 5447; x_wconf 83' lang='grc' dir='ltr'>ἀποδιδοὺς,</span> <span class='ocrx_word' id='word_1_769' title='bbox 2812 5380 3000 5452; x_wconf 73' lang='grc' dir='ltr'>φησὶν,</span> <span class='ocrx_word' id='word_1_770' title='bbox 3047 5382 3076 5433; x_wconf 79' lang='grc' dir='ltr'>ὁ</span> <span class='ocrx_word' id='word_1_771' title='bbox 3118 5379 3345 5433; x_wconf 87' lang='grc' dir='ltr'>Πλάτων</span> <span class='ocrx_word' id='word_1_772' title='bbox 3386 5377 3678 5448; x_wconf 78' lang='grc' dir='ltr'>φιλοσόφου</span> <span class='ocrx_word' id='word_1_773' title='bbox 3719 5383 3823 5435; x_wconf 74' lang='grc' dir='ltr'>καὶ</span> 
     </span>
    </p>
   </div>
   <div class='ocr_carea' id='block_1_113' title="bbox 2230 5471 3820 5545">
    <p class='ocr_par' dir='ltr' id='par_1_113' title="bbox 2230 5471 3820 5545">
     <span class='ocr_line' id='line_1_113' title="bbox 2230 5471 3820 5545; baseline 0.001 -20"><span class='ocrx_word' id='word_1_774' title='bbox 2230 5474 2496 5544; x_wconf 82' lang='grc' dir='ltr'>ἐρωτικοῦ</span> <span class='ocrx_word' id='word_1_775' title='bbox 2537 5473 2823 5545; x_wconf 81' lang='grc' dir='ltr'>διαφοράν,</span> <span class='ocrx_word' id='word_1_776' title='bbox 2869 5473 2963 5527; x_wconf 81' lang='grc' dir='ltr'><strong>καὶ</strong></span> <span class='ocrx_word' id='word_1_777' title='bbox 3017 5471 3136 5536; x_wconf 84' lang='grc' dir='ltr'><strong>πῶς</strong></span> <span class='ocrx_word' id='word_1_778' title='bbox 3188 5471 3451 5542; x_wconf 74' lang='grc' dir='ltr'>ἰσοτίμως</span> <span class='ocrx_word' id='word_1_779' title='bbox 3509 5472 3820 5540; x_wconf 85' lang='grc' dir='ltr'>ἀνάγεσθαι</span> 
     </span>
    </p>
   </div>
   <div class='ocr_carea' id='block_1_114' title="bbox 2074 5591 2479 5650">
    <p class='ocr_par' dir='ltr' id='par_1_114' title="bbox 2074 5591 2479 5650">
     <span class='ocr_line' id='line_1_114' title="bbox 2074 5591 2479 5650; baseline 0.015 -6"><span class='ocrx_word' id='word_1_780' title='bbox 2074 5591 2479 5650; x_wconf 77' lang='lat' dir='ltr'><strong>LECTIONES.</strong></span> 
     </span>
    </p>
   </div>
   <div class='ocr_carea' id='block_1_115' title="bbox 1696 5682 3815 5760">
    <p class='ocr_par' dir='ltr' id='par_1_115' title="bbox 1696 5682 3815 5760">
     <span class='ocr_line' id='line_1_115' title="bbox 1696 5682 3815 5760; baseline 0.014 -28"><span class='ocrx_word' id='word_1_781' title='bbox 1696 5682 2132 5760; x_wconf 45' lang='lat' dir='ltr'><strong>&quot;ﬁathotiptsvoq</strong></span> <span class='ocrx_word' id='word_1_782' title='bbox 2158 5687 2532 5758; x_wconf 84' lang='grc' dir='ltr'>διαλεγόμενοι</span> <span class='ocrx_word' id='word_1_783' title='bbox 2561 5689 2619 5745; x_wconf 83' lang='grc' dir='ltr'>Β.</span> <span class='ocrx_word' id='word_1_784' title='bbox 2698 5690 2742 5722; x_wconf 84' lang='grc'><strong>¹⁷</strong></span> <span class='ocrx_word' id='word_1_785' title='bbox 2779 5689 2937 5759; x_wconf 68' lang='grc' dir='ltr'>δῆλός</span> <span class='ocrx_word' id='word_1_786' title='bbox 2966 5704 3081 5760; x_wconf 33' lang='lat' dir='ltr'><strong>,mg-</strong></span> <span class='ocrx_word' id='word_1_787' title='bbox 3112 5705 3125 5742; x_wconf 73' lang='grc'>³</span> <span class='ocrx_word' id='word_1_788' title='bbox 3152 5688 3275 5760; x_wconf 66' lang='grc' dir='ltr'>ιῑιιεί</span> <span class='ocrx_word' id='word_1_789' title='bbox 3303 5687 3481 5759; x_wconf 69' lang='grc' dir='ltr'><strong>δῆλὸνο</strong></span> <span class='ocrx_word' id='word_1_790' title='bbox 3558 5688 3602 5720; x_wconf 73' lang='grc'><strong>³⁸</strong></span> <span class='ocrx_word' id='word_1_791' title='bbox 3628 5704 3815 5760; x_wconf 50' lang='lat'><strong>“97’9&quot;</strong></span> 
     </span>
    </p>
   </div>
   <div class='ocr_carea' id='block_1_116' title="bbox 1555 5750 2765 5827">
    <p class='ocr_par' dir='ltr' id='par_1_116' title="bbox 1555 5750 2765 5827">
     <span class='ocr_line' id='line_1_116' title="bbox 1555 5750 2765 5827; baseline 0.011 -25"><span class='ocrx_word' id='word_1_792' title='bbox 1555 5750 1711 5827; x_wconf 71' lang='grc' dir='ltr'>ῥύσις</span> <span class='ocrx_word' id='word_1_793' title='bbox 1736 5750 1847 5827; x_wconf 24' lang='grc' dir='ltr'><strong>Β(</strong></span> <span class='ocrx_word' id='word_1_794' title='bbox 1868 5750 1920 5785; x_wconf 25' lang='grc' dir='ltr'>ί²⁰</span> <span class='ocrx_word' id='word_1_795' title='bbox 1947 5750 2220 5827; x_wconf 75' lang='grc' dir='ltr'>συμφέρει</span> <span class='ocrx_word' id='word_1_796' title='bbox 2246 5750 2332 5814; x_wconf 69' lang='grc' dir='ltr'><strong>Α.’</strong></span> <span class='ocrx_word' id='word_1_797' title='bbox 2379 5750 2430 5791; x_wconf 63' lang='grc'><strong>’³³</strong></span> <span class='ocrx_word' id='word_1_798' title='bbox 2462 5761 2518 5813; x_wconf 78' lang='grc' dir='ltr'><strong>δὲ</strong></span> <span class='ocrx_word' id='word_1_799' title='bbox 2550 5776 2663 5816; x_wconf 90' lang='lat' dir='ltr'><strong>om.</strong></span> <span class='ocrx_word' id='word_1_800' title='bbox 2699 5760 2765 5815; x_wconf 83' lang='lat' dir='ltr'><strong>A.</strong></span> 
     </span>
    </p>
   </div>
   <div class='ocr_carea' id='block_1_117' title="bbox 2856 5758 3812 5825">
    <p class='ocr_par' dir='ltr' id='par_1_117' title="bbox 2856 5758 3812 5825">
     <span class='ocr_line' id='line_1_117' title="bbox 2856 5758 3812 5825; baseline 0 -12"><span class='ocrx_word' id='word_1_801' title='bbox 2856 5763 2900 5791; x_wconf 78' lang='grc'><strong>²¹</strong></span> <span class='ocrx_word' id='word_1_802' title='bbox 2925 5758 3049 5814; x_wconf 78' lang='lat' dir='ltr'><strong>libri</strong></span> <span class='ocrx_word' id='word_1_803' title='bbox 3089 5758 3488 5825; x_wconf 76' lang='grc' dir='ltr'>αὐτεξουσίαις.</span> <span class='ocrx_word' id='word_1_804' title='bbox 3588 5759 3633 5793; x_wconf 79' lang='grc'><strong>⁸³</strong></span> <span class='ocrx_word' id='word_1_805' title='bbox 3665 5758 3812 5813; x_wconf 80' lang='grc' dir='ltr'>πλέ-</span> 
     </span>
    </p>
   </div>
  </div>
