4152 6422
248 382 321 446 89
1387 386 1992 450 BIBLIOTHECA.‘
2028 388 2194 452 COD.
2224 390 2410 452 CCLI.
3434 387 3505 451 90

247 498 529 563 λέγονται,
560 495 919 569 φιλοσοφῆσαι
969 500 1067 570 μὲν
1108 499 1310 563 ἀδόλως
1358 500 1509 569 λέγει
1560 517 1653 553 τον
1702 499 1838 553 Osan-

1945 510 2020 557 ter
2067 518 2126 558 se
2150 517 2308 572 pares
2352 502 2627 568 dicantur,
2679 499 3057 571 philosophari
3102 498 3322 569 quidem
3376 513 3502 553 eum

251 588 379 661 ρίαν
440 588 571 643 ἄνευ
627 590 880 661 πράξεως
934 591 1215 662 πολιτικῆς
1271 592 1635 664 ἀγαπήσαντα
1661 631 1677 656 ,
1731 592 1829 645 καὶ

1945 592 2086 657 dicit,
2114 593 2230 663 qui,
2267 594 2368 648 soli
2400 593 2614 647 deditus
2643 591 3107 660 contemplationi,
3129 591 3195 644 ab
3221 591 3343 645 aliis
3384 605 3504 644 omn

249 680 436 734 πάντα
474 689 544 733 τά
566 680 699 734 ἄλλα
716 684 847 752 παρ’
875 682 1024 736 οὐδὲν
1050 684 1296 752 θέμενον.
1316 683 1409 736 καὶ
1430 687 1548 745 ταῖς
1577 685 1833 753 καθαρτι-

1945 685 2095 740 nibus
2128 686 2384 749 abstinet.
2427 686 2685 755 purisque
2726 683 3019 738 virtutibus
3079 697 3137 737 se
3178 682 3411 747 dedicat,
3448 688 3510 734 ut

250 774 377 833 καῖς
411 770 641 841 ἀρεταῖς
688 773 879 825 ἑαυτὸν
919 775 1225 841 παραδόντα
1256 772 1417 845 [1592
1452 774 1541 845 R.]
1578 777 1645 845 τῇ
1693 774 1832 844 πρὸς

1945 776 2151 831 tandem
2200 776 2472 845 perfectus
2505 776 2716 842 evadat,
2745 768 3201 845 quemadmodum
3228 775 3280 827 in
3316 771 3506 826 Them-

256 863 430 932 μόνην
456 863 558 933 τήν
591 864 744 933 ἱεράν
774 864 1053 919 τελείωσιν
1081 868 1339 936 ἀναγωγῇ
1377 868 1448 931 ³⁸,
1480 867 1554 930 ὼς
1584 869 1643 918 ἐν
1674 867 1834 919 Θεαι-

1945 876 2049 921 ιοιο
2090 868 2190 921 ait.
2234 866 2412 936 Atque
2471 867 2848 935 hiczabsolute
2892 865 3104 921 Platoni
3151 864 3508 937 philosophus

253 954 403 1022 τήτῳ
430 954 706 1018 διέξεισιν.
753 956 896 1009 Ἀλλ’
921 959 949 1009 6
983 959 1080 1027 μὲν
1102 957 1299 1020 ἀδόλως
1322 959 1364 990 ’⁷
1385 958 1671 1028 φιλόσοφος
1694 957 1837 1011 κατὰ

1945 970 2038 1015 est.
2076 960 2387 1015 Amatorius
2428 976 2554 1015 vero
2582 962 2632 1015 ei
2670 970 2919 1025 vocatur,
2951 961 3044 1030 qui
3082 971 3140 1013 ut
3168 974 3289 1013 cum
3324 956 3509 1027 philo-

257 1043 529 1095 Πλάτωνα
559 1043 819 1108 τοιοῦτος·
846 1046 873 1098 6
898 1045 954 1097 δὲ
985 1045 1246 1116 ἐρωτικὸς
1279 1046 1496 1114 λέγεται
1520 1046 1833 1118 παράὑτῷ,

254 1132 311 1195 ὃς
335 1134 380 1164 ’⁵
406 1135 510 1187 καὶ
537 1135 965 1206 παιδεραστῆσαι
989 1139 1127 1206 μετὰ
1142 1136 1475 1204 φιλοσοφίας,
1506 1139 1535 1190 6
1555 1141 1674 1200 ταῖς
1695 1155 1837 1209 πρα-

256 1224 482 1284 κτικαῖς
505 1223 546 1253 ³⁹
570 1226 794 1294 ἀρεταῖς
819 1224 906 1276 διὰ
932 1226 992 1277 τὸ
1018 1226 1159 1279 θεῖον
1190 1228 1288 1295 acati,
1307 1227 1368 1280 τὸ
1417 1227 1716 1281 αὐτόκαλον
1750 1229 1839 1281 ἐν-

256 1312 549 1383 ασκηθεὶς,
566 1315 662 1366 καὶ
687 1315 795 1368 τῶν
817 1316 1023 1386 νοητῶν
1048 1318 1267 1385 ἀγαθῶν
1291 1319 1388 1390 τὴν
1412 1320 1695 1389 μετάδοσιν
1722 1322 1842 1372 ἐπιο

257 1406 551 1474 τηδεύσας,
582 1406 860 1461 πολιτικὸν
890 1407 968 1479 τῷ
997 1409 1109 1462 δντι
1137 1411 1230 1463 καὶ
1262 1412 1607 1465 παιδευτικὸν
1639 1412 1842 1483 τρόπον

258 1493 350 1546 τοῦ
384 1494 512 1565 βίου
544 1498 1074 1568 μεταχειριζόμενος.
1124 1501 1235 1553 Καὶ
1264 1501 1422 1554 τοῦτο
1474 1504 1532 1553 ἐν
1560 1504 1844 1567 Πολιτείᾳ

264 1587 623 1655 παραδίδωσι,
659 1590 785 1651 τοὺς
831 1590 1156 1660 φιλοσόφους
1203 1591 1376 1660 λέγων
1408 1593 1674 1664 ἄρχοντας
1723 1594 1844 1655 ταῖς

263 1680 489 1731 πόλεσιν
520 1680 838 1748 ἐφεστάναι,
866 1682 953 1735 ἵνα
976 1682 1180 1751 λήξωσί
1214 1701 1346 1737 ποτε
1376 1686 1487 1737 τῶν
1511 1685 1719 1751 κακῶν,
1750 1685 1845 1738 καὶ

263 1770 333 1833 ὡς
358 1771 465 1823 οὐκ
487 1770 553 1823 ἄν
590 1788 720 1823 ποτε
759 1772 1172 1844 εὐδαιμονήσειε
1194 1773 1348 1837 πόλις
1383 1776 1453 1841 ³⁰,
1483 1777 1530 1827 εί
1568 1775 1641 1845 μὴ
1672 1775 1844 1845 αὐτὴν

264 1859 625 1931 διαγράψειαν
677 1863 727 1913 οἱ
776 1862 853 1932 τῷ
920 1861 1049 1933 [756
1108 1862 1201 1936 ΙΙ]
1258 1864 1387 1934 θείῳ
1431 1866 1840 1934 παραδείγματι

266 1954 559 2023 χρώμενοι.
596 1954 691 2016 Τίς
719 1953 765 2006 δ’
796 1954 825 2006 ὁ
872 1957 1073 2024 τρόπος
1106 1956 1205 2024 τῆς
1236 1957 1572 2027 διαγραφῆς;
1618 1958 1701 2009 ὅτι
1744 1957 1839 2008 λα-

268 2045 473 2110 ϐόντες,
499 2044 689 2115 ὥσπερ
736 2045 964 2109 πίνακα,
986 2046 1137 2100 πόλιν
1163 2065 1222 2101 τε
1266 2050 1360 2101 καὶ
1385 2049 1489 2118 ἤθη
1538 2047 1841 2118 ἀνθρώπιον

272 2138 483 2207 πρῶτον
508 2138 608 2207 μὲν
633 2136 880 2209 καθαρὰν
907 2140 1210 2207 ποιήσειαν,
1243 2141 1337 2193 καὶ
1362 2142 1498 2211 μετὰ
1525 2141 1683 2194 τοῦτο
1713 2142 1843 2194 ὐπο-

273 2228 565 2297 γράψαιντο
588 2228 655 2282 ἂν
683 2228 744 2281 τὸ
772 2230 956 2299 σχῆμα
981 2230 1078 2298 τῆς
1107 2230 1404 2295 πολιτείας,
1430 2231 1641 2297 ἔπειτα,
1660 2228 1837 2302 οἶμαι,

285 2319 700 2390 ἀπεργαζόμενοι
736 2322 907 2391 αὐτὴν
940 2323 1121 2375 πυκνά
1146 2321 1213 2375 ἂν
1249 2323 1558 2393 ἑκατέρωσε
1615 2324 1841 2376 ἀποϐλέ-

293 2414 603 2482 ποιεν,πρός
638 2429 700 2465 τε
739 2414 801 2467 τὸ
850 2414 1010 2483 φύσει
1039 2415 1248 2468 δίκαιον
1286 2416 1381 2468 καὶ
1416 2415 1579 2468 καλὸν
1604 2417 1699 2468 καὶ
1731 2415 1842 2468 σῶ-

292 2518 421 2569 φρον
454 2505 542 2555 καὶ
564 2504 738 2557 πάντα
770 2504 841 2561 τὰ
869 2505 1115 2569 τοιαῦτα,
1144 2507 1239 2559 καὶ
1266 2507 1403 2575 πρὸς
1433 2506 1475 2537 ³¹
1506 2509 1684 2559 ἐκεῖνο
1714 2502 1781 2559 αὖ
1810 2506 1839 2559 ὃ

278 2596 387 2655 τοῖς
410 2594 707 2665 ἀνθρώποις
748 2598 967 2667 ἐμποιεῖ
992 2598 1060 2662 ³²,
1089 2597 1165 2661 ὼς
1195 2599 1292 2650 καὶ
1331 2598 1375 2629 ³³
1417 2598 1664 2669 Ὅμηρος
1702 2598 1827 2669 ἔφη.

275 2685 332 2737 τὸ
355 2685 584 2750 θεοειδές
613 2704 675 2741 τε
706 2687 753 2719 ³⁸
783 2689 878 2741 καὶ
909 2689 1230 2752 θεοείκελον,
1260 2690 1354 2742 καὶ
1392 2690 1451 2742 τὸ
1488 2690 1586 2759 μὲν
1632 2690 1842 2753 ἐξαλείο

273 2795 438 2845 φοιεν,
465 2780 526 2832 τὸ
554 2781 609 2832 δὲ
638 2780 799 2835 πάλιν
833 2783 1185 2852 ἐγγράφοιεν,
1218 2784 1274 2845 ἐς
1309 2784 1337 2836 ὅ
1362 2801 1415 2836 τι
1436 2784 1480 2815 ³⁵
1512 2783 1745 2853 μάλιστα
1770 2782 1841 2836 τὰ

269 2870 584 2940 ἀνθρώπινα
630 2873 735 2943 ἢθη
790 2874 1014 2944 θεοφιλῆ
1068 2876 1377 2946 ποιήσειαν.
1425 2874 1676 2937 Τοιοῦτός
1725 2878 1840 2927 ἐστι

268 2964 555 3016 πολιτειῶν
589 2964 881 3037 ζωγράφος
930 2968 958 3019 ὁ
1006 2966 1386 3036 παιδεραστῶν
1437 2968 1575 3036 μετά
1627 2967 1841 3036 φιλοσο-

268 3057 412 3124 φίας,
442 3058 721 3111 τουτέστιν
742 3062 770 3112 6
812 3060 950 3129 μετὰ
982 3059 1318 3131 θεωρητικοῦ
1352 3060 1443 3127 νο,ῦ
1492 3060 1841 3130 πολιτευόμε-

264 3166 375 3211 νος.
406 3149 580 3202 Παῖδα
608 3150 717 3221 γὰρ
751 3147 893 3204 εἶναι
920 3152 1019 3221 τὴν
1071 3152 1324 3221 αἴσθησιν
1358 3154 1538 3206 καὶτὸ
1581 3155 1639 3205 ὲν
1676 3153 1719 3183 ³⁸
1760 3154 1843 3207 alo

267 3238 465 3308 σθήσει
493 3241 680 3307 καλὸν,
699 3244 775 3304 ὼς
815 3244 950 3313 πρὸς
973 3244 1014 3274 ³⁷
1036 3243 1349 3313 πρεσϐύτην
1376 3246 1470 3297 καὶ
1498 3244 1846 3312 παιδαγωγὸν

263 3329 364 3397 τῆς
398 3330 711 3400 αἰσθήσεως
738 3333 830 3386 τὸν
861 3334 1005 3387 νοῦν.
1032 3335 1124 3387 Διὸ
1151 3334 1242 3387 τὸν
1270 3334 1345 3404 νῷ
1375 3334 1421 3366 ³⁸
1453 3337 1598 3405 μόνῳ
1630 3336 1848 3406 χρώμε-

262 3440 354 3476 νον
395 3426 457 3476 ἐν
484 3426 757 3497 ὑπεροψίᾳ
812 3427 921 3479 τῶν
951 3427 1078 3498 τῇδε
1110 3426 1349 3496 σώφρονι
1396 3427 1600 3490 ἀδόλως
1631 3428 1845 3495 φιλοσο-

264 3518 387 3584 φεῖν
445 3518 853 3586 ἀποφαίνεται,
897 3518 1179 3571 τουτέστιν
1231 3518 1684 3589 ἀπεριεργὰστως
1755 3519 1849 3572 καὶ

264 3608 448 3671 eam;
496 3610 594 3662 καὶ
678 3610 1063 3680 ἁγοητεύτωςο
1145 3611 1429 3682 γοητεύειν
1478 3611 1586 3682 γάρ
1633 3629 1749 3674 πως
1814 3614 1847 3684 ἡ

264 3702 525 3772 αἴσθησις
605 3702 778 3756 ἐθέλει
858 3704 1113 3769 συνοῦσα,
1194 3704 1287 3757 καὶ
1364 3703 1681 3758 ἀναπείθειν
1756 3704 1848 3758 τὸν

262 3792 532 3863 λογισμὸν
563 3795 670 3847 τῶν
707 3796 908 3849 ἐνύλων
962 3814 1015 3849 τι
1071 3797 1282 3865 ἀγαθόν
1337 3796 1381 3829 ³9
1441 3780 1850 3868 ὑπολαμϐάνειν

261 3889 491 3940 οἰκεῖον.
522 3887 626 3940 Τὸν
646 3888 703 3940 δὲ
728 3890 828 3959 τὴν
860 3890 1115 3961 αἴσθησιν
1146 3890 1290 3944 κατά
1326 3889 1449 3943 νοῦν
1499 3891 1852 3945 διατάττοντα

262 3978 657 4049 παιδεραστεῖν
684 3981 729 4012 ⁸⁸
756 3981 905 4050 λέγει
938 3983 1077 4052 μετὰ
1104 3981 1446 4051 φιλοσοφίας,
1482 3983 1850 4053 φυλακτήριον

263 4070 462 4139 έχοντα
498 4071 753 4139 μέγιστον
775 4073 869 4126 τοῦ
904 4074 1327 4143 ἁνεξαπατήτως
1344 4074 1490 4126 κατὰ
1523 4074 1622 4145 τὴν
1655 4077 1851 4145 αἴσθη-

266 4180 355 4215 σιν
403 4164 655 4233 ἐνεργεῖν
688 4166 778 4217 τὸν
827 4165 1159 4238 θεωρητικὸν
1199 4167 1346 4233 νοῦν,
1368 4161 1431 4222 οὗ
1477 4169 1692 4231 εἰκόνας
1742 4169 1848 4241 ἰδίᾳ

265 4258 364 4309 καὶ
410 4257 652 4328 δημοσία
681 4261 913 4328 γράφειν
965 4261 1086 4331 ἐρᾷ,
1138 4260 1210 4313 τὰ
1263 4261 1372 4313 τῶν
1414 4260 1717 4333 ἀνθρώπων
1755 4264 1854 4314 ἐπ-

266 4348 667 4419 ανορθούμενος
701 4351 829 4421 ήοη,
884 4350 990 4414 ἕως
1029 4354 1109 4414 είς
1147 4353 1271 4406 ὅσον
1297 4353 1572 4423 ἐνδέχεται
1625 4353 1851 4424 θεοφιλῆ

265 4442 569 4510 ποιήσειεν.
603 4443 670 4494 Ἀ
700 4443 810 4514 γὰρ
843 4445 888 4475 ιι
932 4445 1051 4497 ἐκεῖ
1086 4446 1208 4516 ὁρᾷ,
1244 4446 1550 4518 ἐγγράφειν
1580 4449 1638 4500 ἐν
1670 4446 1852 4512 ἄλλοις

1940 1053 2130 1122 SOphia
2166 1054 2370 1108 liberos
2398 1064 2563 1118 amet,
2598 1062 2821 1123 propter
2856 1053 3028 1122 ipsam
3058 1052 3399 1105 honestatem
3445 1063 3512 1103 ac

1940 1145 2276 1200 divinitatem
2334 1144 2688 1205 exercitatus.
2741 1153 2795 1198 et
2847 1143 3176 1212 spiritalium
3244 1142 3512 1195 bonorum

1943 1254 2101 1292 usum
2135 1238 2379 1306 adeptus,
2414 1236 2629 1290 civilem
2658 1240 2785 1290 vitae
2820 1236 3111 1303 rationem,
3138 1230 3517 1287 educationes-

1942 1346 2049 1399 que
2080 1329 2376 1383 liberorum
2429 1337 2700 1382 sectatur:
2735 1328 2879 1396 quod
2919 1327 2972 1380 in
3005 1326 3161 1380 libris
3206 1323 3281 1377 De
3328 1321 3512 1391 repub.

1944 1421 2142 1475 tradit:
2210 1419 2570 1488 Philosophos
2635 1419 2978 1488 potissimum
3061 1416 3345 1473 civitatum
3396 1428 3518 1469 esse

1944 1513 2233 1581 principes,
2264 1520 2321 1564 ut
2351 1528 2444 1565 eas
2499 1512 2794 1581 aliquando
2842 1510 2999 1565 malis
3031 1510 3291 1578 eripiant,
3337 1520 3517 1577 neque

1943 1604 2199 1657 florentes
2228 1617 2469 1671 unquam
2493 1601 2607 1655 fore
2643 1602 2980 1671 respublicas
3012 1600 3116 1654 nisi
3146 1598 3331 1653 divino
3354 1604 3517 1650 uten-

1948 1705 2028 1750 tes
2049 1696 2364 1765 exemplari,
2384 1711 2478 1750 eas
2515 1695 2801 1747 definiant.
2828 1693 2959 1759 Quae
2983 1701 3165 1747 autem
3186 1686 3519 1745 definitionis

1946 1797 2039 1841 aut
2070 1787 2455 1856 descriptionis
2506 1787 2670 1854 hujus
2718 1785 2859 1839 ratio
2911 1794 3012 1848 est,
3060 1784 3321 1837 nimirum
3363 1794 3519 1835 sum-

1871 1849 1915 1907 B
1944 1888 2087 1948 ptam
2120 1878 2418 1940 civitatem,
2456 1890 2742 1946 moresque
2786 1875 3067 1929 hominum
3096 1873 3259 1927 veluti
3307 1869 3522 1924 tabulas
3570 1904 3581 1927 ι

1943 1985 2106 2039 puras
2133 1970 2400 2039 imprimis
2427 1969 2653 2023 reddant
2682 1987 2699 2022 :
2722 1967 2918 2022 deinde
2943 1966 3257 2036 reipublicae.
3286 1963 3518 2017 formam

1942 2064 2186 2134 pingant.
2214 2063 2455 2131 Denique
2483 2078 2549 2116 eo
2571 2062 2845 2124 confecto,
2868 2060 3181 2130 frequenter
3198 2071 3252 2111 et
3276 2056 3522 2125 undique

1941 2155 2007 2210 ad
2042 2156 2093 2208 id
2122 2155 2265 2224 quod
2310 2165 2509 2208 natura
2567 2153 2779 2223 justum
2813 2162 2897 2206 est
2928 2161 2981 2206 et
3012 2152 3320 2215 honestum,
3349 2159 3405 2203 et
3435 2147 3524 2203 his

1944 2248 2144 2301 similia
2198 2257 2507 2317 respectum
2556 2247 2823 2310 habeant,
2874 2260 3202 2312 rursumque
3250 2242 3315 2296 ad
3369 2256 3515 2304 eam,

1942 2355 2063 2408 quae
2122 2340 2435 2393 hominibus
2483 2338 2642 2393 insita
2701 2347 2803 2401 est,
2855 2348 2913 2391 ut
2965 2335 3232 2389 Homerus
3278 2335 3375 2398 ait,
3424 2331 3524 2388 Dei

1942 2433 2356 2490 similitudinem
2401 2447 2465 2485 ac
2494 2430 2746 2493 formam,
2780 2437 2834 2483 et
2883 2429 3028 2482 aliud
3063 2428 3280 2496 quidem
3309 2441 3522 2495 expun—

1943 2535 2093 2594 gaut,
2110 2524 2255 2578 aliud
2283 2521 2867 2591 veroinculpantqnod
2890 2520 3132 2573 moribus
3162 2520 3268 2572 Deo
3287 2516 3525 2570 maxime

1942 2619 2140 2673 charos
2168 2616 2425 2671 mortales
2457 2615 2666 2669 reddat.
2690 2613 2839 2668 Talis
2872 2621 2957 2668 est
2991 2609 3521 2679 rerumpnhlicarnm

1945 2713 2119 2781 pictor
2165 2725 2357 2764 amans
2392 2723 2516 2763 cum
2568 2706 2914 2777 philosophia
2939 2746 2953 2771 ,
2992 2705 3095 2759 hoc
3134 2712 3237 2765 est,
3283 2701 3377 2770 qui
3411 2714 3519 2754 una

1942 2819 2065 2858 cum
2115 2802 2483 2872 speculatione
2522 2802 2574 2854 in
2618 2798 2893 2869 republica
2943 2804 3228 2858 versatur,
3286 2792 3375 2847 cui
3426 2807 3525 2860 pro

1943 2894 2130 2949 liberis
2150 2910 2344 2949 sensus
2372 2894 2503 2958 sint,
2557 2892 2815 2962 quodque
2864 2890 2919 2943 in
2968 2890 3035 2943 iis
3079 2888 3364 2941 honestum
3407 2884 3526 2938 elu-

1944 2994 2047 3047 cet,
2074 2991 2127 3036 et
2156 2983 2242 3037 his
2264 2983 2420 3053 longe
2448 2981 2727 3051 antiquior
2750 2995 2813 3034 ac
2845 2978 3037 3048 major,
3067 2976 3233 3031 veluti
3264 2990 3525 3030 sensuum

1945 3076 2292 3146 paedagogus,
2353 3091 2507 3129 mens
2554 3076 2645 3128 sit.
2702 3072 2996 3141 Propterea
3058 3084 3183 3123 eum
3239 3068 3358 3137 qni,
3409 3067 3528 3121 sola

1875 3186 1915 3245 ε
1951 3179 2131 3222 mente
2162 3168 2384 3226 utendo.
2426 3166 2477 3219 in
2522 3181 2702 3219 rerum
2756 3166 3119 3217 humanarum
3170 3158 3528 3230 despicientia

1948 3260 2225 3313 moderate
2299 3265 2568 3322 versatur,
2637 3254 2879 3324 perfecte
2972 3251 3370 3322 philosophari,
3426 3251 3532 3305 hoc

1947 3363 2049 3415 est,
2084 3352 2202 3405 sine
2232 3350 2433 3413 labore,
2462 3363 2490 3401 a
2521 3347 2751 3400 materia
2783 3343 3108 3411 seiunctum,
3155 3358 3219 3396 ac
3246 3343 3361 3396 sine
3390 3357 3530 3409 pra:-

1950 3441 2130 3510 stigiis
2202 3440 2452 3493 afﬁrmat.
2503 3437 2712 3492 Sensus
2769 3436 2915 3488 enim
2959 3432 3125 3487 menti
3181 3431 3529 3499 coniunctus,

1951 3532 2219 3586 fascinare
2250 3530 2516 3582 rationem
2571 3536 2735 3595 atque
2794 3524 3013 3577 flectere
3060 3522 3262 3585 studet,
3294 3530 3350 3574 ut
3383 3519 3531 3589 quod

1951 3624 2193 3678 materia:
2253 3620 2611 3685 conjunctum
2680 3624 2787 3677 est,
2842 3618 3046 3668 bonum
3096 3614 3201 3667 sibi
3249 3612 3529 3682 proprium

1950 3713 2245 3769 existimet.
2287 3709 2391 3775 Qui
2433 3723 2563 3761 vero
2621 3720 2818 3760 sensus
2852 3712 3032 3756 mente
3060 3702 3343 3771 gubernat,
3404 3714 3532 3753 eum

1963 3805 2184 3859 demum
2241 3802 2539 3855 liberorum
2591 3812 2715 3851 cum
2749 3793 3087 3865 philosophia
3126 3802 3397 3845 amantem
3433 3804 3534 3858 ap-

1955 3894 2166 3965 pellat:
2200 3881 2297 3947 ουτ
2324 3905 2481 3944 mens
2513 3886 2958 3955 contemplationi
2999 3884 3180 3938 dedita
3216 3898 3311 3952 pro
3342 3893 3534 3937 custo-

1952 3986 2041 4040 dia
2072 3987 2161 4049 sit,
2192 3999 2257 4039 ac
2284 3983 2649 4045 munimento,
2677 3995 2745 4033 ne
2770 3978 3027 4032 sensibus
3066 3975 3343 4045 operando
3376 3974 3533 4030 falla-

1956 4087 2064 4142 tur,
2100 4075 2257 4143 cujus
2288 4073 2510 4143 quidem
2549 4071 2746 4123 mentis
2776 4068 3043 4137 imagines
3076 4067 3296 4136 pingere
3315 4067 3535 4135 publice

1951 4166 2314 4238 privatimque
2379 4171 2560 4227 amat,
2644 4175 2825 4215 mores
2901 4159 3184 4213 hominum
3246 4158 3530 4227 dirigens,

1956 4262 2109 4326 dum,
2145 4259 2346 4332 ἤθεα
2382 4257 2563 4329 quoad
2594 4256 2714 4325 ejus
2748 4254 2866 4309 fieri
2900 4262 3107 4324 potest,
3140 4251 3234 4306 Dei
3263 4261 3532 4317 amantes,

1952 4354 2059 4408 hoc
2084 4360 2188 4416 est,
2214 4352 2333 4420 pios
2367 4349 2579 4403 reddat.
2615 4345 2771 4412 Quod
2806 4353 2987 4398 autem
3036 4344 3092 4397 in
3158 4341 3402 4412 imagine
3449 4340 3536 4410 pi-

1960 4456 2080 4500 ctor
2117 4451 2464 4514 perspectum
2501 4439 2716 4504 habuit,
2755 4436 2942 4492 divino
2970 4451 3105 4491 usus
3130 4433 3449 4503 exemplari,
3480 4431 3536 4487 id

268 4533 534 4601 πειρᾶται
582 4534 610 4585 6
650 4533 726 4604 τῷ
775 4534 905 4604 θείῳ
956 4534 1244 4605 χρώμενος
1298 4538 1701 4610 παραδείγματι
1744 4538 1846 4601 ζω-

1953 4537 2076 4592 aliis
2105 4549 2325 4606 quoque
2351 4531 2663 4601 insculpere
2694 4540 2954 4589 conatur,
2994 4527 3168 4581 nihilo
3195 4525 3415 4595 quidem
3444 4522 3537 4579 hic

267 4628 502 4695 γράφος,
535 4626 684 4679 οὐδὲν
722 4628 820 4697 μὲν
845 4628 938 4681 τοῦ
970 4628 1193 4698 πρώτου
1235 4630 1379 4683 κατά
1407 4630 1531 4684 νοῦν
1560 4631 1852 4684 ἀπολειπό-

275 4735 461 4787 μενος,
485 4718 679 4787 φιλανθ
690 4721 872 4790 ρωπίᾳ
887 4721 940 4773 δὲ
961 4721 1126 4774 αὑτοῦ
1145 4722 1318 4775 δοκῶν
1338 4723 1636 4793 διαφέρειν,
1664 4723 1853 4794 ῶσπερ

270 4806 339 4863 αὖ
397 4816 444 4852 ⁵³
501 4814 711 4875 ἐκεῖνος
768 4812 959 4866 τούτου
1022 4817 1090 4883 τῇ
1160 4815 1471 4886 ἱδιοπραγίᾳ
1527 4819 1720 4887 κρατεί
1783 4816 1850 4871 ⁸³.

272 4903 543 4966 Τοιαύτας
592 4903 650 4955 δὲ
702 4904 839 4976 πρὸς
895 4905 1156 4975 ἀλλήλους
1214 4905 1430 4976 ἔχοντες
1490 4906 1775 4979 διαφορὰς,
1823 4911 1852 4962 6

276 4996 374 5064 μὲν
426 4997 489 5048 τὸ
538 4995 763 5061 ἀδόλως,
810 4998 1090 5051 τουτέστιν
1141 5000 1405 5064 ἀνενδεῶς
1434 4999 1479 5031 ’⁵⁵
1532 5002 1627 5053 καὶ
1665 5002 1855 5054 ἀνεπι-

277 5088 531 5157 στρόφως
558 5088 667 5143 τῶν
695 5088 1053 5157 ἀνθρωπίνων
1085 5092 1450 5163 πραγμάτων,
1482 5094 1510 5145 6
1533 5091 1590 5145 δὲ
1620 5093 1682 5146 τὸ
1711 5094 1854 5164 ἐρω-

275 5179 461 5245 τικῶς,
493 5180 523 5233 ὃ
566 5181 762 5234 ταύτόν
808 5183 923 5236 ἐστι
954 5182 1033 5253 τῷ
1078 5182 1475 5254 φιλανθρώπως
1502 5184 1589 5238 καὶ
1644 5202 1856 5256 κοσμη-

276 5270 443 5333 τικῶς
473 5270 584 5325 τῶν
627 5273 925 5341 συγγενῶν,
961 5275 1110 5344 ὅμως
1143 5275 1231 5329 διὰ
1270 5276 1331 5329 τὸ
1364 5276 1491 5345 μίαν
1523 5277 1722 5341 αὐτοὺς
1758 5276 1854 5330 καὶ

278 5364 373 5433 τήν
402 5364 574 5436 αὐτὴν
604 5367 925 5437 φιλοσοφίαν
976 5369 1276 5439 κεκτῆσθαι
1308 5368 1409 5439 τῆς
1461 5371 1851 5423 ἀποκαταστά-

1963 4631 2135 4684 altero
2183 4624 2511 4696 philosopho
2552 4632 2735 4678 mente
2763 4621 3011 4684 inferior,
3036 4634 3160 4674 cum
3193 4617 3538 4672 humanitate

1954 4719 2202 4788 superior
2228 4721 2510 4784 appareat,
2539 4708 3006 4783 quemadmodum
3034 4710 3124 4763 ille
3154 4708 3285 4762 huic
3308 4706 3536 4778 privatis

1954 4808 2257 4865 commodis
2306 4805 2602 4860 antecellit.
2639 4807 2818 4873 Atque
2863 4802 2967 4857 hoc
3021 4801 3239 4871 quidem
3292 4800 3436 4854 inter
3476 4814 3537 4854 se

1952 4904 2268 4961 discrimine
2296 4901 2571 4964 differunt,
2630 4900 2990 4970 philosOphus
3018 4896 3237 4968 quidem
3274 4896 3532 4966 perfecte,

1958 4995 2067 5050 hoc
2089 5003 2194 5059 est,
2244 5008 2438 5063 parum
2477 5000 2574 5046 aut
2612 4991 2749 5045 nihil
2779 4992 3021 5043 humana
3050 5002 3253 5043 curans
3289 4986 3532 5055 negotia;

1954 5089 2256 5145 amatorius
2295 5102 2448 5151 vero,
2482 5086 2587 5141 hoc
2616 5094 2722 5148 est,
2762 5090 3129 5155 cognatorum
3190 5088 3355 5153 atque
3420 5078 3538 5131 alli-

1954 5185 2106 5238 nium
2139 5180 2356 5249 negotia
2391 5177 2658 5250 gerendo,
2690 5177 2744 5230 in
2775 5190 2873 5230 eos
2917 5172 3209 5237 beneficus,
3258 5168 3537 5223 nihilomi-

1958 5293 2061 5333 nus
2089 5278 2216 5347 quia
2249 5273 2535 5343 tequaliter
2585 5267 2987 5341 philosophiam
3019 5265 3200 5335 adepti
3239 5272 3389 5329 sunt,
3418 5261 3535 5333 pari

1957 5383 2176 5438 quoque
2228 5363 2579 5437 perfectionis
2629 5362 2803 5431 gradu
2857 5367 3174 5423 censentur,
3222 5356 3340 5427 pari
3397 5366 3538 5409 tem-

1546 5504 1786 5563 VARIIE
1851 5503 2257 5562 LECTIONES.

349 5628 397 5660 ³⁸
425 5628 618 5703 ἀγωγῇ
655 5642 716 5703 ς.
790 5625 1053 5703 Ἰξ-ἆδολοις
1221 5625 1268 5656 ³⁸
1297 5624 1447 5703 ὅ].ὡς
1473 5625 1556 5703 Α.Δ
1604 5627 1663 5703 _”
1695 5630 2025 5703 πρακτικαῖς
2053 5628 2141 5703 A_:
2173 5623 2587 5703 πραγματικαῖς
2620 5638 2682 5687 ς.
2756 5620 2805 5653 ³⁸
2832 5618 3209 5703 εἰίδοκιμῆσειε
3241 5616 3449 5703 τπόλεις
3468 5629 3535 5703 ς.

285 5699 325 5732 ³¹
358 5697 516 5771 πρὸς]
556 5698 721 5771 ιὲέςΑε
820 5696 1143 5771 ²ῗ,ὲμῖτοιεέ,
1172 5711 1284 5771 οῐη·
1330 5696 1408 5771 LA:

1514 5697 1558 5728 ³³
1588 5695 1666 5760 ὡς
1697 5695 1789 5750 καί
1816 5699 1859 5755 Α
1892 5719 1905 5755 :
1939 5699 2033 5751 καὶ
2086 5697 2162 5760 ὡς
2193 5695 2256 5762 ς.

3397 5685 3441 5717 ³⁸
3471 5685 3538 5735 ὲν

2359 5694 2406 5726 ³⁵
2434 5710 2495 5748 τε
2525 5693 2572 5746 Α
2603 5686 2706 5752 ττι
2740 5708 2800 5756 ς.
2881 5690 2927 5721 ³⁸
2955 5686 3056 5744 ὅτι
3078 5686 3200 5741 ὅτου
3239 5686 3302 5741 Β.

288 5754 516 5846 ςηιξβζ]
561 5754 770 5846 at}:pr
796 5754 1038 5846 add.'.A._
1100 5766 1267 5846 ”_'_r.6v
1299 5765 1398 5846 vae]
1421 5765 1597 5846 νῷ-ᾼ,
1616 5754 1798 5846 ei;qu
1826 5768 1931 5846 u.__
1967 5769 2012 5846 ιγ
2032 5754 2267 5846 ’ἀγοί-θῶν
2297 5765 2362 5823 B.
2428 5764 2487 5837 ,ιο
2516 5754 2891 5835 παιδεραστήν
2922 5759 2990 5816 Α.
3062 5759 3109 5792 ιι
3132 5758 3241 5831 γάρ
3268 5757 3310 5812 B
3337 5774 3356 5812 ι
3380 5754 3437 5809 δέ
3464 5768 3533 5819 ς.

291 5840 332 5873 ⁴³
352 5836 446 5911 αὖ]
481 5840 549 5895 άν
582 5839 649 5891 Δ.
677 5832 691 5839 ’
724 5838 771 5871 ⁸⁸
796 5835 974 5907 κρατῆ
1008 5837 1077 5893 Δ.
1150 5837 1197 5871 ⁵⁸
1222 5832 1487 5902 άνενδῖεῶς
1515 5832 1792 5896 ΒοηιΙέἰυὲ
1824 5857 1839 5897 :
1875 5838 1999 5895 libri
2028 5832 2243 5902 ἐνδεῶς.
2428 5832 2434 5837 ’
2682 5832 2694 5835 “
2843 5832 2855 5834 ⁷
3614 5832 3619 5835 ⁷
