4036 6318
600 324 667 392 91
1749 325 2013 388 ΡΠΟΤΙῙ
2063 324 2566 386 ΡΑΤΒΙᾹΒΟΠᾹΞ
2603 325 2713 387 CP.

3797 328 3881 393 92

601 462 736 518 pore
788 444 955 502 veluti
996 443 1100 501 alis
1143 444 1367 510 sublati,
1406 457 1461 502 et
1499 445 1688 502 eadem
1719 446 2000 499 cvectione
2026 443 2177 513 digni

2290 459 2420 505 σεως
2448 442 2704 513 ἰσοτίμως
2730 441 3024 512 τυγχάνειν
3072 442 3319 511 λέγονται
3357 442 3667 515 Ξσοχρονίως
3717 463 3869 501 πτε-

604 540 794 593 habili.

615 654 663 708 E
707 654 846 707 libro
880 655 1055 713 tertio,
1088 654 1255 719 capite
1284 670 1337 707 Χ.
1372 652 1552 721 Leges.
1578 654 1829 714 rationes,
1856 653 2102 720 virtutes,
2127 661 2177 707 et

812 726 859 779 si
884 741 989 794 qua
1022 725 1220 778 similia
1267 724 1659 777 Providentiam
1693 724 1955 778 inducere.

673 878 791 933 Non
840 878 1069 946 frustra,
1112 879 1291 949 inquit
1335 877 1631 945 Hierocles,
1677 878 1821 947 leges
1863 877 2179 933 conduntur

604 969 965 1024 hominibus:
1000 985 1179 1041 neque
1226 970 1366 1023 ratio
1419 969 1487 1023 iis
1540 980 1739 1023 temere
1782 970 1927 1034 data,
1997 982 2175 1037 neque

603 1062 859 1116 voluntas
900 1061 1107 1117 frustra
1147 1071 1252 1127 est,
1308 1078 1409 1116 nec
1453 1072 1578 1116 vota
1620 1062 1802 1116 facere
1849 1076 2176 1133 supervaca-

604 1171 790 1223 neum,
824 1157 870 1210 si
899 1172 990 1212 res
1018 1157 1272 1210 humanae
1298 1154 1630 1225 providentia
1659 1165 1932 1225 regantur,
1957 1154 2174 1224 justitia

603 1256 659 1299 et
689 1247 805 1316 lege
838 1247 1142 1302 mercedem
1178 1246 1364 1301 liberis
1409 1247 1721 1301 actionibus
1754 1246 2044 1300 tribuente.
2077 1246 2179 1299 Ne—

602 1352 713 1406 que
736 1352 866 1391 vero
888 1339 931 1393 si
961 1338 1074 1393 hate
1126 1338 1457 1404 necessaria,
1514 1338 1742 1393 honesta
1772 1346 1826 1392 et
1846 1337 1998 1391 utilia
2027 1346 2177 1402 sunt,

603 1428 812 1484 idcirco
836 1427 931 1482 fati
964 1428 1297 1498 providentis
1328 1430 1410 1484 vis
1435 1428 1661 1493 tollitur,
1691 1428 1835 1499 quod
1868 1430 2040 1482 fatum
2083 1442 2182 1481 ex-

604 1521 775 1574 ternis
816 1520 974 1575 malis
1005 1520 1057 1575 id
1095 1522 1238 1590 quod
1268 1520 1323 1575 in
1353 1529 1541 1576 nostra
1577 1530 1659 1575 est
1686 1528 1973 1589 potestate,
2005 1520 2181 1573 corri-

604 1613 715 1684 git:
764 1611 859 1667 sed
907 1613 1023 1667 hazc
1072 1628 1171 1683 per
1224 1629 1282 1668 se
1322 1612 1496 1682 magis
1545 1611 1777 1667 invicem
1832 1610 2179 1675 conﬁrmant,

604 1720 769 1773 quam
814 1716 1003 1760 mutuo
1032 1720 1091 1761 se
1124 1706 1446 1761 destruunt:
1476 1706 1816 1776 providentia
1854 1705 2003 1759 enim
2029 1705 2180 1759 exsi-

2283 535 2538 606 ρούμενοι
2565 536 2780 605 καὶτῆς
2807 537 2976 607 αὐτῆς
3000 538 3297 605 ἀναγωγῆς
3317 537 3649 608 ἀξιούμενοι.

2292 651 2395 705 Ἐκ
2442 651 2549 705 τοῦ
2589 649 2640 719 γ’
2674 653 2883 719 λόγου.
2925 651 3255 719 κεφαλαίου
3287 650 3560 704 δεκάτου.
3599 653 3719 705 Ὀτι
3754 655 3874 706 νό-

2345 739 2465 790 μοι,
2488 721 2585 774 καὶ
2609 722 2906 789 λογισμοὶ,
2940 721 3039 774 καὶ
3069 722 3294 788 ἀρεταὶ,
3319 722 3417 775 καὶ
3446 722 3561 775 ὅσα
3588 723 3873 786 τοιαῦτα,

2350 793 2463 857 τὴν
2506 791 2805 858 Πρόνοιαν
2829 792 3325 859 συνεισάγουσιν.

2354 883 2429 934 Οὐ
2462 884 2642 953 μάτην
2668 879 2782 947 οὖν,
2819 883 2975 953 φησι,
3012 884 3163 950 νόμοι
3200 884 3475 935 κείσονται
3501 886 3610 947 τοῖς
3642 883 3877 955 ἀνθρώ-

2282 992 2426 1038 ποις,
2452 974 2571 1026 οὐδὲ
2617 975 2873 1044 λογισμὸς
2906 976 3033 1044 εἰκῆ
3066 975 3295 1039 δέδοται,
3328 974 3449 1027 οὐδὲ
3496 975 3557 1028 τὸ
3606 976 3874 1045 βουλεύε-

2283 1066 2485 1119 σθαι.“⁵
2544 1066 2830 1135 παρέλκει,
2888 1067 3008 1119 οὐδὲ
3054 1069 3115 1119 τὸ
3169 1066 3427 1137 εὔχεσθαι
3480 1068 3756 1137 περιττὸν,
3816 1069 3875 1120 εί

2283 1158 2513 1229 πρόνοια
2558 1159 2665 1211 τῶν
2695 1160 3049 1229 ἀνθρωπίνων
3096 1161 3437 1230 πραγμάτων
3466 1161 3671 1229 ἡγοῖτο,
3705 1160 3871 1230 νόμῳ

2282 1251 2378 1304 καὶ
2407 1252 2534 1321 δίκῃ
2573 1251 2671 1313 τὰς
2702 1250 2936 1320 ἀμοιϐὰς
2982 1252 3090 1304 τῶν
3136 1252 3513 1322 προαιρέσεων
3561 1252 3864 1306 τάττουσα.

2285 1341 2415 1413 [159
2438 1341 2531 1413 IL]
2564 1339 2702 1396 Οὐδὲ
2733 1342 2860 1413 μὴν,
2886 1344 2936 1395 εἰ
2960 1342 3133 1397 ταῦτα
3161 1344 3438 1411 ἀναγκαῖα
3463 1343 3558 1397 καὶ
3591 1343 3734 1396 καλὰ
3763 1343 3871 1397 καὶ

2285 1435 2553 1504 σωτήρια,
2598 1435 2631 1504 ἠ
2665 1433 2765 1503 τῆς
2790 1434 3159 1505 προνοητικῆς
3188 1432 3529 1505 εἱμαρμένης
3574 1434 3727 1498 τάξις
3766 1436 3875 1486 ἀνά

2283 1524 2504 1595 ῄρηται,
2609 1525 2668 1578 τὸ
2703 1525 2789 1595 ἐφ’
2822 1528 2956 1596 ἡμῖν
2986 1528 3098 1589 τοῖς
3124 1527 3225 1579 οὐκ
3250 1526 3334 1594 ἐφ’
3365 1528 3496 1596 ἡμῖν
3523 1524 3873 1578 παιδεύουσα

2285 1617 2505 1671 πάθεσι.
2555 1620 2633 1670 Δι’
2664 1617 2911 1688 ἀλλήλων
2941 1619 2997 1671 δὲ
3025 1620 3198 1671 ταῦτα
3247 1618 3563 1688 βεϐαιοῦται
3598 1619 3803 1688 μᾶλλον
3831 1618 3870 1687 ἢ

2285 1712 2373 1765 διὰ
2407 1712 2635 1782 θατέρου
2663 1710 2888 1778 θάτερον
2921 1709 3046 1784 [757
3081 1709 3174 1782 IL]
3224 1712 3550 1782 ἀναιρεῖται.
3596 1709 3870 1782 Προνοίας

605 1808 801 1863 stente,
857 1800 1020 1854 etiam
1072 1801 1218 1871 leges
1262 1815 1484 1855 necesse
1511 1809 1614 1865 est,
1664 1800 1907 1854 rationes
1964 1808 2018 1853 et
2055 1808 2179 1851 vota

2290 1806 2397 1874 γὰρ
2448 1803 2612 1871 οὔσης
2670 1804 2882 1872 ἀνάγκη
2935 1804 3028 1856 καὶ
3061 1804 3259 1873 νόμους
3310 1804 3403 1856 καὶ
3435 1803 3727 1872 λογισμοὺς
3769 1802 3873 1855 καὶ

606 1889 901 1959 plurimum
939 1892 1099 1947 nobis
1147 1892 1440 1960 prodesse:
1486 1891 1576 1945 illa
1625 1905 1756 1945 vero
1790 1890 2028 1953 sublata,
2073 1906 2179 1943 non

603 1984 780 2036 solum
811 1984 944 2037 nihil
975 1983 1300 2053 profuerint,
1358 1984 1455 2040 sed
1497 1998 1598 2039 nec
1628 1983 1769 2038 tueri
1794 1983 2016 2053 quidem
2039 1999 2184 2036 rem-

605 2074 878 2144 publicam
930 2076 1333 2145 imperiumque
1374 2084 1650 2144 poterunt.
1697 2074 1989 2145 Propterea
2040 2074 2181 2142 quod

605 2168 661 2221 in
704 2177 889 2222 nostra
935 2179 1020 2223 est
1069 2178 1360 2238 potestate,
1410 2168 1808 2236 providentiam
1855 2166 2088 2230 inducit,
2130 2174 2184 2218 et

604 2258 852 2312 vicissim
897 2259 1266 2328 providentia,
1313 2258 1362 2313 id
1395 2258 1541 2328 quod
1600 2258 1653 2311 in
1697 2266 1880 2311 nostra
1917 2265 2185 2325 potestate

603 2362 709 2406 est.
746 2351 944 2405 Nostra
974 2352 1118 2406 enim
1151 2352 1401 2412 voluntas
1442 2352 1650 2418 justum
1700 2351 1869 2403 fatum
1924 2348 2185 2403 corrobo—

604 2455 715 2509 rat,
750 2456 806 2499 et
849 2461 1042 2500 rursus
1070 2444 1242 2498 fatum
1278 2444 1510 2499 liberum
1551 2444 1838 2497 arbitrium
1874 2444 2179 2497 confirmat.

602 2536 759 2604 Quod
793 2537 838 2592 si
880 2552 1078 2607 purum
1107 2553 1172 2592 ac
1225 2537 1548 2592 meditatum
1583 2534 1695 2590 Deo
1741 2536 2180 2604 adjunxerimus,

604 2629 816 2696 legibus
858 2635 1091 2690 stantes,
1140 2627 1396 2696 votisque
1440 2625 1547 2692 usi,
1585 2636 1640 2680 et
1685 2625 2033 2695 prudentiam
2100 2639 2185 2678 se-

602 2728 846 2787 ctantes.
870 2734 934 2772 ac
962 2734 1056 2787 per
1077 2718 1260 2772 omnia
1293 2734 1481 2771 curam
1510 2733 1698 2773 eorum
1724 2726 1996 2786 gerentes,
2018 2716 2185 2770 maxi-

605 2812 711 2867 mis
740 2810 986 2865 fruemur
1032 2811 1193 2864 bonis
1225 2827 1239 2862 :
1276 2819 1463 2863 contra
1495 2824 1647 2869 vero.
1675 2810 1893 2864 dolores
1942 2807 2183 2879 perfere-

606 2920 751 2969 mus,
812 2903 898 2957 bis
939 2904 1211 2973 praeﬁxos,
1268 2902 1363 2956 sed
1425 2902 1518 2972 qui
1564 2901 1891 2956 medicinam
1931 2901 2180 2965 afferant,

606 2996 985 3065 experimento
1009 2994 1244 3049 ofﬁcium
1296 2994 1498 3049 edocti.
1536 2993 1605 3048 lJt
1635 3002 1817 3046 autem
1886 2992 2023 3046 bene
2087 2999 2182 3045 aut

606 3086 750 3139 male
791 3084 1094 3139 alliciamur
1138 3100 1167 3137 a
1208 3084 1479 3138 deteriore
1534 3083 1814 3138 voluntate
1858 3082 2182 3153 purgatione

608 3180 787 3243 liberi,
817 3180 1111 3250 plurimum
1141 3181 1457 3234 conducunt
1486 3178 1594 3243 lex,
1625 3188 1836 3241 votum,
1870 3177 2183 3242 consilium,

606 3282 664 3328 et
694 3274 743 3328 id
768 3287 938 3339 genus
980 3273 1106 3340 alia,
1132 3288 1254 3343 qua:
1277 3287 1378 3327 nos
1406 3272 1529 3339 pios
1560 3271 1780 3341 Deoque
1839 3270 2187 3326 consentien-

610 3378 693 3424 tes
721 3367 983 3425 elliciunt.

891 3568 1120 3623 Arbitrii
1152 3568 1321 3621 nostri
1357 3565 1575 3620 libertas
1604 3565 1779 3636 qualis
1812 3565 1902 3621 sit.

678 3655 798 3711 Non
856 3658 964 3711 tale
1022 3667 1127 3719 est,
1189 3654 1389 3725 inquit,
1442 3655 1677 3710 liberum
1725 3665 1971 3708 nostrum
2040 3653 2188 3708 arbi-

607 3752 797 3816 trium,
831 3762 890 3806 ut
935 3751 1051 3806 suis
1095 3750 1283 3805 liberis
1322 3748 1633 3803 actionibus
1672 3749 1857 3801 omnia
1885 3762 2006 3812 quae
2034 3756 2184 3809 sunt,

608 3862 838 3917 qumque
869 3846 1025 3907 liunt,
1060 3842 1357 3897 transferre
1402 3841 1592 3910 possit.
1628 3839 1720 3894 Sic
1766 3840 1912 3894 enim
1957 3839 2187 3908 singulis

608 3937 929 3992 hominibus
988 3950 1162 3989 novus
1234 3933 1474 3988 mundus
1533 3934 1880 3993 conderetur,
1936 3930 2188 3998 aliusque

606 4032 733 4086 vita:
784 4038 1077 4100 apparatus
1120 4036 1288 4093 esset,
1346 4025 1796 4097 quandoquidem
1846 4023 2043 4095 4651)
2076 4038 2187 4076 ιιοη

608 4138 802 4178 omnes
855 4123 1045 4177 eadem
1096 4121 1340 4189 cupiunt,
1379 4119 1473 4173 sed
1526 4134 1624 4187 pro
1653 4119 1881 4187 singulis
1923 4116 2188 4184 cujusque

608 4216 894 4272 affectibus
925 4215 1218 4285 (siquidem
1251 4211 1547 4267 essentiam
1581 4210 1915 4264 constituere
1946 4206 2186 4277 possent)

607 4312 792 4365 omnia
828 4310 1266 4367 traducerentur.
1322 4312 1528 4359 mutata
1575 4301 1773 4357 subitis
1816 4302 2184 4354 humanarum

607 4404 948 4457 voluntatum
979 4398 1520 4455 commutationibus.
1554 4394 1749 4449 Merito
1804 4392 1968 4462 igitur
2028 4401 2183 4460 pote-

2286 1894 2450 1964 εὐχὰς
2507 1892 2761 1945 πλεῖστον
2791 1893 2836 1923 ⁸⁸
2869 1893 3014 1962 ἡμᾶς
3039 1891 3289 1959 ὠφελεῖν,
3344 1890 3417 1961 μὴ
3465 1889 3634 1959 οὔσης
3693 1890 3751 1942 δὲ
3802 1890 3868 1943 οὐ

2289 1990 2451 2059 μόνον
2485 1987 2723 2057 ἀνόνητα
2754 1985 3033 2047 παντελῶς
3060 1984 3255 2047 ταῦτα,
3286 1982 3403 2035 ἀλλ’
3428 1983 3549 2037 οὐδὲ
3572 1983 3671 2054 τὴν
3684 1984 3871 2054 ἀρχὴν

2287 2083 2588 2152 ὑποστῆναι
2616 2082 2917 2150 δυνάμενα.
2950 2079 3040 2131 Διὸ
3074 2080 3166 2132 καὶ
3202 2078 3264 2131 τὸ
3293 2079 3380 2148 ἐφ’
3422 2080 3555 2148 ἡμῖν
3596 2078 3697 2147 τὴν
3726 2075 3874 2145 πρό-ι

2285 2194 2437 2230 νοιαν
2471 2176 2806 2243 συνεισάγει,
2839 2175 2986 2244 καὶὴ
3016 2175 3243 2242 πρόνοια
3270 2173 3331 2225 τὸ
3353 2172 3437 2239 ἐφ’
3474 2172 3627 2241 ἡμῖν.
3666 2171 3729 2222 Ἡ
3750 2169 3887 2239 γὰρ’

2286 2267 2532 2337 ἡμετέρα
2566 2265 2885 2337 προαίρεσις
2915 2264 3015 2332 τὴν
3041 2263 3258 2316 δικαίαν
3280 2263 3625 2333 εἱμαρμένην
3658 2261 3879 2331 κρατύε

2286 2374 2390 2419 νει,
2417 2357 2512 2408 καὶ
2538 2355 2676 2425 αὕτη
2703 2355 2800 2426 τὴν
2833 2353 3181 2419 αὐτεξούσιον
3204 2353 3361 2422 ἡμῶν
3377 2352 3591 2422 κίνησιν
3616 2350 3871 2421 βεϐαιοῦ-

2285 2466 2398 2503 ται.
2438 2449 2542 2501 Ἦν
2583 2448 2631 2499 εἰ
2669 2446 2770 2517 μὲν
2818 2444 3067 2515 καθαρὰν
3113 2444 3209 2497 καὶ⁹
3248 2443 3639 2511 λελογισμένην
3693 2459 3870 2512 προσ-

2286 2539 2517 2608 ἀγοιμεν
2561 2536 2640 2608 τῷ
2706 2536 2868 2607 Θεῷ,
2920 2536 3103 2604 νόμοις
3170 2536 3503 2606 ἐμμένοντες
3537 2535 3631 2588 καὶ
3675 2534 3876 2603 εὐχαῖς⁹

2286 2627 2561 2700 χρώμενοι
2590 2626 2685 2679 καὶ
2706 2624 2993 2678 εὐϐουλίαν
3022 2622 3294 2693 τιμῶντες
3325 2622 3371 2653 ⁵⁷
3398 2622 3493 2674 καὶ
3520 2620 3610 2673 διὰ
3639 2620 3873 2673 πάντων

2289 2720 2611 2790 ἐπιμέλειαν
2645 2717 2855 2772 έαυτῶν
2884 2715 3223 2785 ποιούμενοι,
3256 2714 3366 2767 τῶν
3404 2714 3675 2783 μεγίστων
3716 2714 3864 2779 ἀγα-

2288 2810 2396 2863 θῶν
2441 2807 2778 2877 τευξόμεθα·
2829 2806 2963 2859 εἰδὲ
3012 2806 3291 2868 τάναντία,
3343 2803 3561 2865 πάντως
3600 2820 3703 2854 που
3752 2802 3877 2854 τῶν

2287 2902 2382 2956 ἐπὶ
2411 2900 2619 2964 τούτοις
2647 2899 2998 2969 τεταγμένων
3031 2898 3197 2951 δικῶν
3225 2898 3321 2961 τὰς
3360 2895 3607 2966 ἰατρικὰς
3645 2896 3873 2963 οἴσομεν

2290 2994 2615 3063 ἀλγηδόνας,
2659 2994 2826 3063 πείρᾳ
2871 2991 2934 3044 τὸ
2985 2991 3105 3043 δέον
3153 2989 3684 3060 μεταμανθάνοντες.
3717 2986 3875 3056 Πρὸς⁴

2293 3086 2426 3140 αὐτὸ
2456 3085 2513 3137 δὲ
2545 3084 2606 3137 τὸ
2641 3080 2699 3137 εὖ
2732 3083 2828 3136 καλ⁵
2860 3082 3040 3157 καλῶς
3075 3082 3221 3151 ἡμᾶς
3255 3079 3591 3149 διατεθῆναι,
3623 3079 3722 3145 τῆς
3752 3076 3869 3146 χεί-

2293 3195 2447 3249 ρονος
2486 3176 2942 3245 καθαρεύσαντας
2989 3173 3387 3243 προαιρέσεως,
3422 3170 3682 3239 πλείστην
3710 3168 3873 3237 φέρει

2289 3270 2606 3324 συντέλειαν
2652 3266 2786 3337 εὐχὴ
2838 3266 2934 3319 καὶ
2978 3265 3141 3333 νόμος
3196 3264 3289 3316 καὶ
3345 3262 3621 3332 συμϐουλὴ
3673 3262 3767 3314 καὶ
3795 3259 3869 3313 τὰ

2285 3362 2531 3427 τοιαῦτα,
2565 3362 2645 3425 είς
2679 3360 2834 3423 τάξιν
2862 3360 3065 3426 ἄγοντα
3113 3357 3207 3409 καὶ
3251 3355 3575 3425 συμφωνίαν
3609 3353 3867 3424 θεοπειθῆ

2286 3458 2387 3527 τὴν
2411 3456 2687 3527 ἡμετέραν
2718 3454 2979 3507 διάνοιαν.

2428 3564 2707 3620 Ποταπόν
2733 3563 2864 3615 ἐστι
2889 3560 2955 3614 τὸ
2978 3558 3267 3628 ἡμέτερον
3290 3557 3726 3622 αὑτεξούσιον;

2359 3659 2485 3710 Ὀτι
2514 3657 2575 3709 οὐ
2606 3652 2845 3708 τοιοῦτόν
2874 3654 3014 3719 ἐστι,
3046 3651 3200 3718 φησὶ,
3226 3649 3287 3701 τὸ
3313 3650 3579 3719 ἡμέτερον
3608 3646 3870 3710 αὐτεξού-

2290 3765 2425 3809 σιον,
2453 3745 2529 3807 ὡς
2553 3746 2672 3805 ταῖς
2700 3740 2897 3794 ἑαυτοῦ
2944 3740 3364 3811 προαιρετικαῖς
3404 3736 3651 3805 κινήσεσι
3686 3733 3866 3786 πάντα

2292 3838 2635 3912 μετατιθέναι
2684 3832 2945 3887 δύνασθαι
2988 3830 3058 3884 τά
3109 3830 3240 3883 ὄντα
3310 3829 3407 3881 καὶ
3453 3827 3523 3879 τὰ
3582 3826 3863 3895 γινόμενα.

2290 3934 2447 3988 Οὕτω
2481 3931 2591 4001 γὰρ
2637 3931 2703 3983 ἂν
2734 3927 2794 3979 οὐ
2829 3925 2988 3995 μόνον
3033 3922 3151 3977 καθ’
3184 3923 3281 3976 ἕνα
3319 3921 3549 3974 ἕκαστον
3579 3918 3867 3987 ἄνθρωπον

2289 4027 2491 4095 κόσμος
2524 4022 2681 4085 ἄλλος
2707 4019 2925 4088 ἐγένετο
2964 4018 3053 4070 καὶ
3108 4016 3240 4085 άλλη
3279 4015 3391 4085 βίου
3424 4010 3756 4081 κατασκευὴ,
3789 4010 3865 4080 μὴ

2289 4116 2359 4169 τὰ
2381 4115 2523 4169 αὐτὰ
2559 4110 2899 4182 βουλομένων
2928 4109 3185 4162 ἁπάντων
3212 4105 3400 4175 ἡμῶν·
3442 4103 3577 4156 ἀλλά
3608 4102 3704 4155 καὶ
3742 4104 3866 4163 ταῖς

2290 4210 2526 4261 ἑκάστου
2558 4204 2887 4266 διαθέσεσιν,
2922 4201 3081 4269 εἴπερ
3112 4198 3435 4267 δραστήριοι
3462 4190 3602 4264 ἦσαν
3639 4193 3732 4244 καὶ
3775 4191 3868 4243 οὐ·

2290 4300 2546 4363 σιοποιοὶ,
2579 4294 2993 4367 συμμετέϐαλλε
3008 4294 3051 4323 ⁸⁸
3074 4290 3144 4342 τὰ
3169 4290 3367 4352 πάντα,
3399 4289 3519 4348 ταῖς
3542 4283 3867 4354 ὀξυρρόποις

2292 4391 2619 4464 μεταϐολαῖς
2639 4390 2750 4441 τῶν
2762 4385 3121 4458 ἀνθρωπίνων
3140 4380 3511 4452 προαιρέσεων
3528 4374 3867 4429 συναλλοιού-

607 4508 724 4554 stas
754 4497 994 4552 hominis
1026 4495 1219 4559 libera,
1247 4492 1405 4546 facile
1459 4490 1699 4553 mobilis,
1730 4486 1893 4555 idque
1918 4485 2181 4555 quotidie,

2292 4502 2446 4557 μενα.
2498 4482 2590 4536 Διὸ
2623 4480 2862 4547 εὐλόγως
2907 4478 2941 4547 ἠ
2998 4476 3226 4544 δύναμις
3280 4470 3374 4524 τοῦ
3424 4467 3768 4538 ἀνθρωπίνου
3818 4466 3865 4499 δ’

607 4592 884 4660 impotens
918 4587 1145 4642 omnino
1201 4593 1284 4638 est
1317 4584 1384 4637 ad
1435 4580 1640 4650 aliquid
1672 4579 1755 4633 vel
1785 4577 2181 4633 conficiendum

606 4683 693 4740 vel
732 4681 1191 4743 transferendum,
1222 4675 1325 4730 nisi
1353 4673 1570 4728 aliunde
1588 4672 1829 4741 juvetur.
1882 4669 2069 4738 Itaque
2098 4684 2186 4723 res

608 4776 886 4838 conditas,
914 4772 1113 4843 inquit,
1164 4772 1403 4824 humana
1434 4783 1543 4821 non
1580 4764 1875 4821 transferat
1908 4764 2180 4827 voluntas,

607 4887 732 4927 cum
764 4870 852 4925 lex
886 4868 1063 4922 Jivina
1117 4865 1206 4919 illa
1252 4870 1562 4923 conservet,
1613 4874 1789 4927 neque
1840 4873 2029 4913 eorum
2061 4872 2184 4926 quae

608 4966 771 5027 fiunt,
815 4958 1067 5015 conferat
1115 4954 1417 5027 quidquam
1469 4953 1538 5006 ad
1585 4951 1850 5006 mundum
1902 4949 2180 5005 fabrican-

605 5058 758 5114 dum.

853 5168 963 5224 Cur
984 5182 1063 5219 res
1089 5164 1336 5217 humana:
1362 5176 1465 5213 non
1487 5159 1661 5229 ﬂuant
1694 5173 1759 5211 ex
1788 5168 1930 5211 voto.

681 5264 873 5318 Libera
910 5261 1164 5315 voluntas
1188 5258 1240 5311 in
1271 5255 1480 5311 nullum
1510 5254 1672 5307 habet
1698 5253 2008 5322 imperium,
2044 5266 2184 5320 prae-

608 5364 857 5424 terquam
890 5353 945 5407 in
999 5366 1085 5416 se,
1140 5358 1310 5418 utque
1359 5361 1418 5402 se
1468 5346 1646 5416 ipsam
1703 5344 1981 5399 meliorem
2031 5340 2183 5409 pejo~

2292 4572 2669 4637 αὐτεξουσίου,
2689 4569 2977 4637 εὐκινήτου
3006 4566 3158 4627 ὄντος
3178 4564 3275 4616 καὶ
3298 4562 3600 4632 ἐφημέρου,
3634 4559 3867 4629 ἀδρανής

2289 4670 2408 4720 ἐστι
2440 4662 2727 4725 παντελῶς
2756 4661 2893 4730 πρὸς
2922 4659 2968 4693 ⁵ο
3000 4656 3297 4711 ὑπόστασιν
3321 4654 3516 4725 τινοςῆ
3557 4651 3866 4723 μετάθεσιν,

2294 4760 2372 4830 μὴ
2405 4756 2816 4827 συνεργουμένη
2841 4751 3062 4818 ἔξωθεν.
3114 4750 3274 4803 Ἀλλά
3304 4748 3367 4817 δὴ
3424 4747 3493 4799 τὰ
3520 4746 3668 4807 ὄντα,
3712 4743 3866 4811 φησὶ,

2294 4854 2368 4922 μὴ
2424 4848 2759 4921 μετατιθέτω
2813 4848 2847 4916 ἡ
2900 4842 3221 4915 ἀνθρωπίνη
3280 4839 3624 4910 προαίρεσις,
3680 4833 3868 4902 ἐπειδὴ

2290 4943 2433 5005 θεῖος
2462 4940 2623 5009 νόμος
2654 4938 2794 4992 αὐτὰ
2834 4938 3083 5008 φρουρεῖ,
3124 4934 3259 5005 μηδὲ
3292 4931 3401 4985 τῶν
3440 4927 3745 4999 γινομένων
3767 4926 3867 4978 ὅσα

2290 5037 2369 5099 εἰς
2403 5033 2675 5104 κοσμικὰς
2699 5030 2982 5102 ἐνεργείας
3010 5027 3276 5081 συντελεῖ.

2290 5149 2395 5204 Διὰ
2420 5149 2476 5201 τί
2499 5146 2585 5217 μὴ
2608 5145 2680 5199 τὰ
2699 5142 3044 5213 ἀνθρώπινα
3070 5140 3422 5208 διαϐήσεται
3452 5136 3531 5201 ὡς
3545 5134 3833 5199 βούλεται
3849 5146 3872 5193 ;

2364 5242 2486 5293 Ὀτι
2545 5238 2758 5300 οὐδενός
2810 5237 2928 5287 ἐστι
2979 5234 3144 5305 κυρία
3198 5232 3339 5301 πλὴν
3388 5228 3586 5297 ἑαυτῆς
3642 5224 3737 5276 καὶ
3770 5222 3864 5274 τοῦ

2291 5330 2491 5402 ἑαυτὴν
2518 5329 2777 5399 ἀμείνονα
2808 5328 2843 5399 ἢ
2876 5326 3098 5398 χείρονα
3123 5326 3245 5388 ταῖς
3274 5321 3583 5377 διαθέσεσιν
3616 5315 3865 5387 ἀπεργά-

1835 5538 2070 5596 VARl/E
2134 5534 2541 5593 LECTIONES.

681 5692 727 5723 ιε
756 5689 1102 5762 βουλεύεσθαι
1135 5684 1403 5762 Εςορνριίι
1428 5681 1657 5762 ,ῌρτοιιο
1687 5698 1701 5736 ³
1735 5681 1765 5753 β

611 5754 885 5835 τηρῶντες
922 5778 982 5825 ς.
1132 5760 1176 5791 ⁸⁸
1200 5754 1576 5826 συμμετέϐαλε
1613 5771 1671 5816 ς.

1771 5680 2022 5735 οὐλεσθαι
2044 5698 2103 5743 ς.
2150 5678 2195 5709 ⁸⁸
2221 5678 2473 5731 πλεῖστον
2496 5677 2556 5739 Β,
2586 5675 2845 5737 πλείστας
2876 5673 2919 5726 Δ
2950 5690 2964 5727 :
2996 5671 3224 5725 πλεῖστα
3250 5687 3309 5733 ς.
3390 5669 3433 5701 ⁵⁷
3471 5669 3738 5741 τιμῶντες
3766 5666 3805 5721 Β
3843 5687 3861 5725 :

1788 5754 1831 5783 δ”
1862 5752 2149 5823 ἀνθρώπου
2189 5771 2248 5817 ς’.
2389 5752 2435 5781 ⁵ο
2492 5752 2655 5818 πρὸς]
2686 5752 2761 5809 ὠς
2793 5752 2856 5799 Λ.
3450 5758 3455 5767 ’

2389 5752 2435 5781 ⁵ο
2492 5746 2655 5818 πρὸς]
2686 5746 2761 5809 ὡς
2793 5745 2856 5799 Α.
