4152 6424
197 401 263 463 93
1336 402 1875 464 BIBLIOTHECA-
1910 428 1977 437 —
2004 400 2170 462 COD.
2194 398 2380 460 CCLl.
3396 389 3468 455 94

197 514 418 577 ζεσθαι,
448 516 673 583 κριτικὴ
702 512 863 583 μόνον
880 513 1013 569 οῦσα
1034 513 1140 567 τῶν
1155 514 1324 568 ὄντων
1339 514 1433 568 καὶ
1452 514 1785 586 ἀποδεκτικὴ

1907 527 2080 568 remve
2125 509 2506 567 aﬂeetionibus
2532 508 2742 575 reddat,
2792 524 2877 563 res
2901 507 3075 562 solum
3096 505 3349 577 judicans
3372 520 3472 559 cx-

199 607 305 659 τῶν
333 604 676 673 γινομένων,
706 605 799 657 καὶ
828 605 1001 669 οὕτως
1029 605 1282 678 ἀρετὴνῆ
1307 607 1507 660 κακίαν
1535 608 1790 680 κτωμένη

200 699 279 768 τῷ
305 694 369 751 εὖ
415 700 451 768 ἢ
476 699 523 730 ⁵¹
558 697 746 760 κακῶς
776 698 834 750 ἐν
870 702 989 761 ταῖς
1023 698 1253 760 οἰκείαις
1288 700 1591 769 ἐνεργείαις
1612 699 1794 752 διατε-

203 792 391 859 θῆναι.
443 789 523 841 Τὸ
575 789 685 860 γάρ
740 791 1087 855 αὐτεξούσιον
1116 791 1272 845 τοῦτο
1326 794 1487 862 μόνον
1521 793 1606 861 ἐφ’
1660 793 1793 862 ἡμῖν

203 876 345 933 εἶναι
377 880 547 948 δηλοῖ
571 880 672 950 τὴν
722 882 1013 949 μετάθεσιν
1053 884 1086 952 ἡ
1097 882 1212 951 μῶν
1251 883 1430 936 αὐτῶν
1458 883 1592 954 πρὸς
1617 885 1677 936 τὸ
1705 883 1794 936 δο-

208 971 337 1025 κοῦν
362 972 533 1041 ἡμῖν,
557 970 654 1024 τοῦ
683 972 1072 1042 περικειμένου
1108 971 1357 1043 σώματος
1389 973 1615 1026 καὶτῶν
1639 972 1796 1037 ἐκτὸς

207 1062 267 1114 ού
298 1061 847 1132 συναριθμουμένων
878 1062 955 1132 τῷ
984 1062 1337 1131 αύτεξουσίῳ.
1367 1064 1430 1115 El
1464 1062 1572 1133 γὰρ
1619 1063 1680 1116 τὸ
1712 1063 1797 1115 λε-

205 1152 451 1220 γόμενον
484 1153 573 1221 ἐφ’
598 1153 731 1222 ἡμῖν
768 1152 1037 1222 παρελθὸν
1070 1154 1170 1224 τὴν
1199 1154 1388 1207 οὐσίαν
1418 1156 1477 1207 ἐν
1506 1149 1795 1227 ᾖῖδρυται,

204 1243 299 1293 καὶ
356 1240 565 1313 ὥσπερ
614 1242 673 1293 ἐν
719 1241 975 1312 ἀλλοτρίᾳ
1014 1240 1168 1313 χώρᾳ
1197 1244 1509 1313 γενόμενον,
1539 1243 1675 1298 ἀλλα
1710 1245 1797 1297 ἐπ’

207 1332 357 1402 αὐτῷ
412 1328 567 1385 εἶναι
618 1332 877 1404 βουληθῇ,
912 1327 1025 1386 οἷον
1065 1334 1127 1385 τὸ
1176 1334 1335 1404 σῶμα
1373 1334 1406 1405 ἢ
1454 1335 1553 1405 τὴν
1583 1336 1797 1406 κτῆσιν,

214 1425 431 1495 μυρίων
465 1425 889 1493 ἐναντιωμάτων
935 1425 1281 1493 πειράσεται,
1314 1427 1389 1496 μὴ
1420 1427 1561 1479 κατά
1600 1428 1801 1480 σκοπὸν

216 1517 635 1587 προϐαινόντων
667 1516 817 1587 αύτῷ
846 1515 973 1587 [758
1016 1515 1108 1589 H.]
1158 1517 1268 1570 τῶν
1302 1518 1664 1589 πραγμάτων.
1708 1520 1802 1571 καὶ

221 1610 437 1680 μυρίων
499 1610 755 1680 δεήσεται
809 1610 919 1662 τῶν
954 1609 1379 1681 συνεργούντων,
1434 1612 1483 1663 εί
1537 1610 1719 1681 μέλλοι
1748 1629 1802 1663 τι

222 1703 429 1756 τούτων
467 1702 615 1755 κατά
641 1700 769 1754 νοῦν
809 1699 958 1770 αύτῷ
987 1700 1334 1771 γενήσεσθαι.
1366 1701 1439 1754 Τὸ
1468 1702 1525 1754 δὲ
1554 1702 1622 1754 τά
1642 1703 1800 1756 ἐναν-

223 1795 487 1863 τιούμενα
520 1792 597 1863 μὴ
621 1792 897 1863 συμϐηναι
917 1793 1011 1845 καὶ
1033 1793 1102 1845 τὰ
1136 1792 1502 1862 συνεργοῦντα
1528 1810 1590 1845 συ
1599 1793 1801 1864 μϐἦναι

1899 615 2106 671 ternas,
2149 605 2401 675 factaque
2431 602 2718 672 recipiens.
2770 601 2888 666 Quo
2919 601 2978 655 ﬁt
3033 610 3113 664 ut,
3149 614 3250 668 pro
3296 602 3469 651 vtrtn-

1895 700 2044 753 tibus
2089 708 2185 751 aut
2232 696 2377 750 vitiis
2407 692 2711 763 acquisitis,
2769 692 2905 745 bene
2952 698 3047 743 aut
3076 689 3217 741 male
3256 688 3311 740 in
3352 687 3469 741 suis

1895 789 2204 846 actionibus
2226 788 2511 857 dirigatur.
2540 785 2786 839 Libertas
2818 782 2964 836 enim
2988 783 3089 835 hnc
3124 780 3299 833 solum
3335 793 3471 847 pene

1896 897 1999 937 nos
2052 894 2175 935 esse
2226 877 2601 940 demonstrat,
2643 874 2902 928 nimirum
2969 881 3026 925 nt
3082 886 3181 925 nos
3225 870 3469 939 applice—

1896 989 2039 1038 mus,
2074 980 2236 1040 prout
2263 970 2439 1023 visum
2485 966 2672 1031 fuerit,
2708 965 2888 1019 vicino
2915 965 3150 1033 corpori,
3193 962 3467 1017 externis-

1897 1082 2005 1137 que
2030 1063 2219 1126 rebus,
2266 1077 2387 1132 qua:
2437 1061 2606 1114 libera
2642 1060 2866 1112 minime
2914 1067 3060 1111 sunt.
3098 1054 3154 1107 Si
3185 1055 3328 1108 enim
3384 1069 3475 1108 ar-

1899 1157 2119 1212 bitrium
2174 1154 2376 1223 (quode
2405 1150 2690 1221 hactenus)
2724 1147 3041 1211 essentiam,
3086 1148 3265 1215 inqua
3303 1148 3471 1200 situm

1900 1249 2083 1312 habet,
2105 1243 2537 1305 transcenderet,
2561 1258 2625 1297 ac
2647 1242 2812 1296 veluti
2846 1240 2899 1294 in
2916 1240 3089 1293 aliena
3120 1238 3341 1307 regione
3365 1237 3473 1290 alia

1898 1356 2066 1412 penes
2095 1356 2154 1394 se
2188 1353 2313 1393 esse
2339 1337 2520 1401 vellet,
2552 1334 2699 1389 verbi
2736 1334 2932 1404 gratia,
2964 1347 3185 1401 corpus,
3217 1339 3313 1385 aut
3344 1346 3472 1400 pos-

1898 1433 2238 1487 sessionem:
2273 1438 2530 1484 sexcenta
2568 1425 2914 1480 adversantia
2954 1424 3197 1485 haberet,
3228 1423 3394 1476 rebus
3422 1422 3475 1475 ei

1899 1542 1961 1579 ex
1996 1526 2162 1579 animi
2196 1523 2465 1579 sententia
2514 1535 2623 1575 non
2663 1519 3109 1581 succedentibus,
3143 1516 3476 1585 inﬁnitisque

1901 1617 2290 1671 auxiliantibus
2324 1614 2612 1683 indigeret,
2644 1620 2701 1665 ut
2732 1609 2933 1679 aliquid
2983 1626 3047 1663 ex
3081 1618 3212 1663 voto
3257 1608 3472 1661 ﬂueret.

1899 1708 2345 1763 Non‘estautem
2393 1706 2449 1759 in
2494 1712 2679 1758 nostra
2713 1717 2876 1755 manu
2908 1701 3169 1771 positum,
3201 1714 3270 1752 ne
3318 1698 3474 1752 nobis

1904 1802 2133 1855 adversa
2177 1797 2448 1860 accidant,
2499 1804 2594 1849 aut
2627 1803 2687 1849 ut
2721 1792 3039 1846 auxiliantia
3067 1790 3474 1853 nanciscamur,

227 1886 324 1939 οὐκ
348 1882 419 1957 ἦν
446 1886 535 1953 ἐφ’
586 1885 741 1954 ἡμῖν,
773 1883 887 1937 ἀλλ’
920 1884 1087 1955 ἄλλης
1110 1884 1255 1947 τινὸς
1282 1883 1376 1937 καὶ
1416 1886 1637 1955 μακρᾶς
1666 1886 1800 1939 ύποο

1908 1893 2000 1950 scd
2051 1891 2285 1961 alicujus
2336 1889 2561 1944 alterius
2624 1886 2675 1940 in
2708 1894 2977 1955 potestate
3029 1884 3155 1938 est?
3208 1882 3478 1955 longeque

230 1977 432 2040 θέσεως
466 1975 562 2030 καὶ
593 1975 696 2044 τῆς
729 1975 1009 2045 ἑπομένης
1034 1975 1207 2048 ταύτῃ
1255 1976 1483 2042 τάξεως,
1509 1976 1672 2048 [1596
1712 1976 1801 2050 IL]

229 2067 296 2139 ἣν
320 2070 353 2136 ἡ
387 2068 703 2137 εἱμαρμένη
738 2067 1008 2119 ἐπιτελεῖν
1039 2067 1280 2135 λέγεται,
1308 2068 1489 2139 κρίσις
1515 2070 1637 2123 θεία
1672 2066 1806 2124 οῦσα

236 2158 293 2212 ὲν
318 2163 431 2221 τοῖς
462 2161 559 2211 οὐκ
596 2159 683 2226 ἐφ’
730 2160 882 2228 ἡμῖν,
925 2158 1063 2229 πρὸς
1099 2161 1200 2229 τὴν
1230 2160 1386 2226 ἀξίαν
1436 2161 1670 2232 ἀμοιϐὴν
1696 2163 1805 2216 τῶν

241 2252 324 2317 ἐφ’
376 2252 523 2319 ἡμῖν.
575 2251 652 2304 tit)
702 2251 813 2322 γὰρ
864 2253 1172 2321 ἀναιρεῖται
1224 2252 1286 2305 τὸ
1322 2254 1669 2318 αὐτεξούσιον
1705 2257 1806 2325 τῆς

254 2342 581 2411 ἀνθρωπίνης
618 2344 821 2414 ψυχῆς,
851 2346 899 2398 εί
927 2345 993 2398 τά
1035 2346 1193 2409 ἐκτὸς
1230 2348 1402 2416 αὐτῆς
1451 2349 1544 2401 ἐπὶ
1576 2348 1653 2419 τῷ
1685 2350 1806 2420 Θεῷ

259 2430 346 2500 είη
373 2432 629 2501 διανέμειν
654 2433 754 2486 καὶ⁵
787 2434 1098 2487 ἀποδιδόναι
1118 2436 1334 2507 ἑκάστῳ
1356 2437 1492 2508 πρὸς
1520 2439 1620 2509 τὴν
1649 2440 1805 2505 ἀξίαν

258 2523 363 2575 τῶν
411 2523 707 2579 διαθέσεων.
738 2526 994 2580 Μάλιστα
1024 2525 1132 2596 γάρ
1160 2526 1262 2596 τῆς
1308 2527 1447 2599 πρὸς
1477 2530 1678 2600 ἀρετὴν
1712 2531 1806 2584 καὶ

253 2616 444 2666 κακίαν
474 2615 858 2684 αύτοκινησίας
885 2617 916 2686 ἡ
928 2615 1043 2685 μῶν
1074 2618 1107 2686 ἡ
1134 2618 1466 2689 προνοητικὴ
1498 2620 1806 2692 εἱμαρμένη

241 2704 407 2759 δεῖται
425 2724 440 2737 ο
468 2706 529 2759 ού
556 2707 666 2779 γάρ
699 2707 876 2771 ἄλλως
899 2707 1050 2760 ἔσται
1080 2707 1266 2762 δικαία
1289 2709 1321 2779 ἡ
1348 2709 1530 2773 ἄνισος
1549 2710 1804 2783 διανομὴ,

241 2798 315 2869 μὴ
350 2799 611 2854 ὑπόθεσιν
649 2800 894 2855 λαϐοῦσα
917 2800 981 2854 τὸ
1003 2801 1273 2873 ἡμέτερον
1317 2802 1689 2868 αὐτεξούσιον.

308 2977 429 3029 Ὅτι
458 2978 519 3029 ἐν
554 2974 633 3046 τῷ
671 2975 816 3029 τέλει
864 2975 959 3029 τοῦ
1014 2977 1253 3045 Τιμαίου
1286 2978 1315 3030 ὁ
1356 2978 1584 3032 Πλάτων
1631 2978 1807 3049 (φησὶ)

238 3070 362 3139 περὶ
392 3069 727 3138 σωματικῶν
771 3068 963 3122 παθῶν
990 3068 1375 3139 διαλεγόμενος
1420 3072 1515 3124 καὶ
1549 3071 1649 3141 τῆς
1681 3073 1807 3126 τού-

233 3179 340 3214 των
374 3160 699 3231 θεραπείας,
735 3161 1039 3233 καθάρσεσι
1082 3164 1565 3232 φαρμακευτικαῖς
1605 3165 1809 3233 ἀπαγο-

233 3255 384 3325 ρεύει
430 3254 676 3325 χρῆσθαι
712 3254 1074 3330 προχείρως,
1126 3254 1298 3308 διὰτὸ
1335 3255 1444 3308 δεῖν
1493 3257 1809 3326 περιμένειν

229 3345 325 3416 τὴν
350 3345 499 3397 κατά
546 3344 711 3413 φύσιν
756 3344 866 3396 τῶν
920 3345 1244 3414 νοσημάτων
1277 3346 1548 3397 πέπανσιν
1593 3348 1687 3398 κιιιὶ¹
1735 3346 1811 3417 μὴ

230 3439 348 3499 ταῖς
396 3436 595 3507 βιαίοις
644 3436 907 3505 ἐκτομαῖς
949 3435 1327 3489 πολλαπλάσια
1356 3435 1531 3489 ταῦτα
1561 3438 1810 3507 ἀπεργά-

235 3529 445 3593 ζεσθαι,
470 3529 568 3582 καὶ
588 3527 759 3589 οὕτως
779 3527 842 3580 ἐκ
861 3544 1002 3590 τινος
1034 3528 1359 3591 ἀκολουθίας
1380 3527 1582 3599 προῖὼν
1604 3530 1809 3602 ἑκάστῃ

236 3623 375 3691 νόσῳ
403 3621 601 3692 χρόνον
624 3620 747 3672 τινὰ
774 3619 934 3688 φύσει
962 3618 1294 3689 τεταγμένον
1323 3619 1706 3687 ἀποφαίνεται,
1741 3625 1808 3693 τῇ

236 3714 343 3766 τῶν
376 3712 537 3777 ζώων
562 3712 818 3764 συστάσει
849 3711 1131 3780 ἀνάλογον,
1158 3705 1234 3765 ὧν
1268 3711 1537 3781 ήσύνοδος
1558 3715 1811 3782 γεννᾶται

234 3804 607 3874 τεταγμένους
636 3805 706 3867 δ’,
755 3803 832 3866 ὡς
883 3804 1071 3872 φησὶν,
1130 3803 1332 3873 ἔχουσα
1378 3804 1472 3858 τοῦ
1525 3804 1642 3874 βίου
1686 3807 1812 3870 τοὺς

230 3899 465 3969 χρόνους
531 3896 627 3949 καὶ
688 3897 832 3950 κατά
879 3897 1056 3964 γένος,
1104 3892 1215 3950 οἷον
1268 3897 1433 3960 ἵππος
1490 3899 1587 3968 μὲν
1621 3900 1811 3953 τοσάδε

228 3992 325 4059 ἐτη
369 3991 561 4059 ζήσειε
605 3989 665 4042 τὸ
709 3989 997 4059 μήκιστον,
1049 3989 1177 4059 βοῦς
1209 3989 1266 4042 δὲ
1316 3990 1529 4050 τοσάδε.
1562 3991 1657 4043 καὶ
1686 3990 1810 4044 καθ’

229 4084 492 4149 ἕκαστον,
543 4079 653 4135 οἷον
678 4083 765 4135 ὅδε
800 4082 829 4133 ὁ
878 4080 1003 4150 βοῦς
1031 4083 1260 4153 συσταίη
1313 4082 1408 4152 ἔτη
1436 4083 1587 4144 δέκα,
1640 4085 1690 4135 εί
1736 4082 1811 4153 μὴ

233 4176 426 4246 θηρίον
474 4176 509 4245 ἢ
551 4174 685 4242 ἄλλη
718 4191 803 4236 τις
835 4174 1034 4238 ἔξωθεν
1089 4173 1446 4244 συμπεσοῦσα
1489 4175 1812 4246 περίστασις

234 4270 401 4323 αὑτὸν
426 4267 727 4338 προανέλη.
764 4264 916 4319 Εἶναι
944 4267 1050 4334 γὰρ
1086 4268 1149 4318 ὲκ
1180 4265 1396 4335 φύσεως
1429 4266 1811 4337 ἀφωρισμένον

233 4363 430 4434 χρόνον
459 4359 585 4413 τινὰ
614 4360 850 4428 ἑκάστῳ,
889 4358 1079 4427 μέχρις
1115 4350 1174 4409 οῦ
1204 4356 1430 4409 δυνατόν
1471 4358 1619 4421 ἐστιν
1652 4356 1812 4427 ἐξαρ-

234 4458 353 4509 κεῖν
382 4455 487 4522 τὴν
522 4451 802 4513 σύστασιν,
858 4450 950 4502 καὶ
986 4443 1046 4502 οῦ
1072 4450 1151 4511 είς
1183 4448 1244 4501 τὸ
1274 4448 1447 4518 πέραν
1492 4449 1591 4501 οὐκ
1632 4452 1699 4501 ἂν
1729 4449 1810 4503 ἔτι

238 4545 397 4615 pugn},
451 4543 528 4613 μὴ
562 4542 781 4603 πάντως
821 4540 877 4593 δὲ
922 4541 1131 4603 πάντας
1167 4540 1303 4609 πρὸς
1338 4540 1429 4592 τὸν
1458 4541 1681 4594 δυνατὸν
1713 4542 1811 4605 τῆς

244 4637 554 4698 συστάσεως
572 4634 919 4702 ἀφικνεῖσθαι
941 4633 1133 4703 χρόνον
1159 4633 1245 4685 διὰ
1271 4635 1368 4695 τὰς
1389 4632 1587 4700 ἔξωθεν
1603 4634 1813 4703 βιαίους

242 4728 531 4796 ἐπιφορὰς,
560 4724 628 4787 ἃς
663 4726 747 4793 ἐφ’
786 4723 946 4794 ἡμῶν
980 4725 1078 4794 μὲν
1104 4724 1201 4794 τὴν
1227 4725 1485 4793 πρόνοιαν
1510 4726 1814 4780 διατάττειν

244 4817 473 4886 ἔφαμεν,
514 4817 611 4869 ἐπὶ
637 4817 696 4869 δὲ
741 4817 850 4868 τῶν
899 4817 1113 4884 ἀλόγων
1153 4815 1309 4879 ζώων
1338 4817 1412 4880 ὡς
1447 4817 1637 4887 ἔτυχεν
1690 4821 1812 4871 ἐπιο

246 4909 588 4977 συμϐαίνειν.
622 4907 715 4978 Μὴ
744 4907 853 4977 γὰρ
891 4908 1138 4975 ἀνάγκην
1167 4904 1329 4972 εἶναι,
1367 4908 1441 4970 ὡς
1469 4907 1554 4960 ἐπ’
1605 4909 1816 4977 ἀνθρώ-

248 5014 379 5059 πων,
410 4995 557 5048 οὕτω
588 4995 682 5049 καί
707 4996 933 5049 ἐπὶτῶν
965 4996 1178 5065 ἀλόγων
1206 4997 1362 5059 ζώων
1401 4997 1433 5066 ἢ
1462 4998 1571 5049 τῶν
1605 5000 1810 5067 φυτῶν,

248 5088 337 5156 τὴν
364 5088 525 5152 τάξιν
556 5087 652 5139 τοῦ
687 5088 916 5140 θανάτου
960 5087 1323 5159 φυλάττεσθαι
1363 5091 1499 5158 πρὸς
1527 5090 1626 5160 τὴν
1657 5091 1815 5155 ἀξίαν

250 5179 335 5247 τῆς
359 5181 407 5211 ⁸³
450 5179 632 5249 ψυχῆς
664 5179 1082 5249 ἀποδιδομένην,
1115 5182 1239 5233 ἐπεὶ
1281 5181 1415 5251 μηδὲ
1442 5182 1645 5251 ὁμοίως
1685 5185 1817 5253 ἡμῖν

253 5272 424 5325 ἐκεῖνα
474 5275 555 5334 είς
610 5270 703 5324 τὸν
738 5271 851 5341 βίον
899 5274 1256 5344 παρέρχεται.
1304 5275 1497 5344 Ἡμεῖς
1554 5277 1652 5346 μὲν
1709 5277 1819 5347 γάρ

260 5362 421 5427 κρίσει
451 5364 732 5416 δικαστῶν
760 5363 1027 5432 δαιμόνων
1055 5366 1193 5435 πρὸς
1230 5366 1329 5435 τὴν
1372 5366 1482 5420 τῶν
1511 5369 1815 5435 προϐεϐιω-

257 5452 420 5519 μένων
448 5457 583 5525 ήμζν
618 5455 778 5519 ἀξίαν
830 5455 1174 5526 λαγχάνομεν
1226 5457 1456 5521 ἕκαστος
1505 5459 1639 5529 βίον,
1679 5462 1737 5512 ἐν
1769 5455 1814 5528 ᾧ

254 5541 417 5597 πάντα
460 5547 845 5617 συνείληπται,
881 5546 1054 5611 έθνος,
1107 5546 1284 5614 πόλις,
1341 5548 1546 5619 πατὴρ,
1604 5551 1811 5623 μήτηρ,

1907 1996 2062 2042 antea
2108 1981 2391 2053 propositi,
2430 1988 2485 2034 et
2524 1979 2617 2049 qui
2662 1979 2764 2033 hoc
2791 1976 3171 2047 consequitur,
3226 1974 3476 2028 ordinis:

1906 2093 2028 2149 qua:
2056 2076 2225 2129 fatum
2271 2072 2544 2140 complere
2584 2070 2800 2124 dicitur.
2837 2067 2992 2135 Quod
3033 2067 3203 2121 fatum
3225 2065 3478 2119 divinum

1905 2168 2177 2240 quoddam
2217 2172 2301 2219 est
2329 2163 2596 2233 judicium
2627 2162 2679 2214 in
2711 2162 2799 2224 iis,
2829 2174 2950 2229 quae
2985 2159 3040 2213 in
3080 2166 3263 2212 nostra
3327 2166 3481 2226 pote-

1906 2268 2046 2314 state
2074 2273 2181 2311 non
2210 2264 2358 2319 sunt,
2382 2254 2447 2307 ad
2466 2254 2666 2323 justam
2693 2267 2904 2314 eorum,
2926 2266 3046 2321 quae
3066 2250 3119 2303 in
3150 2258 3334 2304 nostra
3370 2248 3482 2302 sint

1904 2357 2195 2422 poteState,
2234 2345 2562 2401 mercedem.
2609 2342 2726 2397 Non
2758 2345 2902 2397 enim
2938 2340 3145 2395 arbitrii
3178 2340 3383 2394 tollitur
3414 2339 3482 2392 li-

1905 2444 2109 2506 bertas,
2145 2440 2190 2495 si
2222 2454 2389 2509 penes
2425 2438 2594 2492 Deum
2644 2438 2739 2502 sit,
2769 2446 2993 2491 externa
3025 2443 3185 2505 prout
3213 2433 3329 2487 vult
3368 2431 3485 2488 dis-

1906 2535 2167 2600 tribuere,
2224 2548 2291 2588 ac
2340 2531 2575 2600 singulis
2625 2544 2721 2598 pro
2775 2528 2986 2582 meritis
3041 2526 3263 2597 praemia
3325 2525 3480 2578 dare.

1908 2628 2145 2682 Maxime
2217 2625 2365 2680 enim
2435 2624 2503 2678 ad
2556 2622 2826 2676 virtutem
2865 2628 2957 2672 ant
3005 2619 3198 2672 vitium
3230 2617 3487 2672 libertate

1908 2729 2093 2776 nostra
2121 2717 2414 2788 providens
2463 2714 2639 2768 fatum
2674 2712 2895 2782 indiget,
2946 2709 3149 2779 alioqui
3175 2708 3324 2778 justa
3368 2723 3481 2762 non

1906 2822 2054 2869 esset
2088 2810 2373 2880 inaequalis
2436 2809 2525 2862 illa
2590 2820 2768 2861 rerum
2822 2802 3156 2869 distributio,
3221 2802 3327 2855 nisi
3390 2816 3485 2855 oc-

1908 2905 2183 2962 casionem
2210 2904 2257 2957 ei
2282 2900 2569 2955 arbitrium
2598 2909 2845 2953 nostrum
2873 2896 3162 2966 prteberet.

1981 2996 2132 3050 Plato
2172 2995 2226 3049 in
2274 3002 2523 3047 extremo
2571 2990 2768 3044 Timreo
2817 2989 2883 3043 de
2927 2988 3177 3057 corporis
3206 2985 3485 3041 disserens

1913 3086 2313 3149 affectionibus,
2359 3097 2662 3153 earumque
2688 3080 3087 3143 curationibus,
3116 3088 3266 3133 vetat
3312 3079 3379 3133 iis
3406 3078 3481 3133 uti

1913 3188 2118 3232 temere
2158 3174 2599 3245 purgationibus,
2650 3187 2787 3242 quas
2835 3171 3043 3225 medica
3100 3184 3191 3224 ars
3240 3169 3482 3235 adhibet,

1912 3269 2057 3341 quod
2116 3266 2315 3339 ἅδεα
2386 3264 2688 3319 naturalem
2744 3264 3061 3317 morborum
3112 3262 3486 3317 maturitatem

1913 3367 2255 3427 exspectare,
2297 3369 2365 3408 ne
2395 3353 2734 3408 sectionibus
2759 3351 3014 3405 violentis
3050 3350 3127 3404 illi
3161 3359 3485 3421 augeantur,

1913 3456 2183 3518 oporteat.
2222 3445 2288 3499 Et
2323 3446 2402 3501 sic
2435 3445 2578 3500 serie
2631 3444 2861 3514 quadam
2907 3443 3206 3513 procedens
3252 3442 3487 3514 singulis

1912 3538 2121 3593 morbis
2169 3546 2383 3605 tempus
2410 3534 2625 3602 aliquod
2667 3549 2696 3586 a
2735 3542 2925 3586 natura
2972 3532 3372 3602 praescriptum,
3416 3531 3488 3585 ab

1914 3630 2081 3686 simili
2130 3628 2446 3681 animalium
2498 3625 2895 3695 compositione
2934 3625 3192 3689 ostendit,
3248 3640 3484 3694 quorum

1915 3734 2249 3791 congresws
2310 3718 2558 3772 ordinate
2626 3716 2857 3777 ﬁt,vita'
2910 3716 3194 3769 continens
3247 3726 3483 3784 tempus.

1910 3811 2151 3883 atquein
2192 3825 2291 3865 suo
2334 3824 2565 3880 quaeque
2610 3822 2833 3877 genere.
2882 3806 3042 3860 Verbi
3086 3806 3279 3876 gratia,
3311 3821 3487 3876 equus

1913 3907 2131 3976 quidem
2158 3913 2233 3957 tot
2259 3918 2434 3957 annos
2457 3902 2657 3956 vixerit
2687 3900 3021 3961 diutissime,
3048 3899 3147 3953 bos
3172 3909 3352 3954 autem
3385 3907 3483 3966 tot,

1912 4008 1967 4053 et
1992 3998 2071 4053 sic
2103 3998 2170 4053 de
2205 3997 2439 4058 caeteris,
2489 4006 2546 4050 nt
2586 3997 2686 4049 bos
2717 3995 2902 4048 decem
2939 3992 3138 4047 vixerit
3174 4008 3349 4047 annos
3379 3992 3484 4046 nisi

1913 4091 2049 4157 fera,
2103 4100 2196 4144 aut
2238 4090 2341 4143 alia
2385 4089 2565 4158 aliqua
2613 4097 2834 4141 externa
2883 4086 3164 4140 calamitas
3220 4085 3489 4139 accedens

1913 4182 2065 4250 prius
2094 4181 2247 4234 illum
2275 4178 2503 4233 necarit.
2528 4177 2573 4230 A
2605 4186 2799 4231 natura
2822 4176 2965 4231 enim
2992 4174 3222 4244 singulis
3252 4174 3487 4243 praelini-

1914 4281 2027 4326 tum
2062 4281 2277 4339 tempus
2298 4280 2402 4335 est,
2432 4270 2498 4323 ad
2528 4285 2689 4338 quem
2720 4267 3034 4329 terminum,
3067 4282 3165 4319 nec
3194 4267 3333 4319 ultra
3366 4280 3488 4334 per-

1913 4363 2088 4417 veniri
2149 4360 2349 4431 potest.
2408 4359 2525 4414 Non
2582 4375 2775 4414 omnes
2831 4369 3012 4412 autem
3071 4358 3136 4411 ad
3191 4358 3483 4412 terminum

1915 4468 2090 4524 usque
2136 4454 2446 4523 pertingere
2478 4463 2734 4521 possunt,
2780 4451 3104 4520 impediente
3145 4450 3489 4504 extrinsecus

1842 4573 1889 4631 ι)
1916 4562 2047 4601 casu
2076 4546 2261 4615 aliquo
2292 4544 2551 4609 violento,
2581 4560 2740 4612 quem
2775 4542 2869 4597 Dei
2895 4558 3023 4612 erga
3063 4558 3163 4597 nos
3191 4541 3489 4611 providen-

1916 4637 2047 4691 tiam
2077 4636 2355 4698 ordinare,
2409 4634 2463 4686 in
2504 4633 2685 4687 brutis
2738 4640 2920 4685 autem
2956 4631 3176 4685 fortuito
3220 4630 3490 4693 accidere,

1917 4730 2179 4782 diximus.
2208 4725 2395 4795 Neque
2428 4726 2573 4779 enim
2623 4726 2817 4779 mortis
2842 4726 3000 4790 ratio,
3034 4723 3190 4793 juxta
3227 4723 3493 4792 cujusqtte

1918 4820 2110 4871 merita
2160 4816 2446 4882 attributa,
2493 4817 2683 4871 eodem
2725 4816 2885 4869 modo
2927 4824 3011 4869 est
3044 4814 3340 4876 metienda,
3382 4828 3493 4882 quo

1917 4908 2203 4962 brutorum
2232 4922 2295 4960 ac
2322 4907 2632 4975 plantarum
2667 4907 2943 4970 interitus,
2982 4905 3204 4975 quando
3247 4919 3347 4958 nec
3378 4904 3489 4967 illa,

1916 5000 2105 5053 eodem
2149 5013 2259 5068 quo
2312 5014 2412 5053 nos
2463 4998 2626 5052 modo
2670 5010 2990 5053 nascuntur.
3038 4996 3297 5051 Homines
3343 4996 3489 5050 enim

1918 5102 2203 5162 parentum
2256 5091 2487 5157 meritis,
2513 5092 2739 5144 deorum
2768 5091 2977 5157 judicio
3020 5100 3371 5159 generantur,
3407 5088 3493 5141 vi-

1918 5193 2138 5251 tamque
2159 5183 2457 5251 accipiunt,
2488 5199 2594 5252 qua
2620 5184 2733 5236 hau:
2755 5183 3121 5244 continentur,
3155 5179 3322 5245 natio,
3360 5178 3495 5233 civi-

1922 5284 2026 5339 tas,
2064 5286 2339 5342 parentcs,
2374 5275 2574 5328 natalis
2603 5274 2741 5338 dies,
2772 5288 2971 5341 corpus
2999 5272 3257 5341 denique,
3283 5280 3336 5325 et
3356 5271 3493 5324 edu-

1924 5367 2088 5432 catio,
2157 5365 2393 5419 fortuna:
2440 5364 2579 5419 bona
2614 5365 2678 5419 ad
2732 5365 2896 5418 vitam
2957 5363 3240 5427 tuendam,
3298 5363 3495 5417 mortis

1921 5473 2116 5526 genus,
2143 5467 2358 5527 tempus
2384 5458 2739 5523 destinatum,
2772 5458 3077 5526 horumque
3122 5455 3366 5509 omnium
3396 5469 3495 5508 cu-

1919 5561 2056 5616 stos,
2090 5566 2158 5606 ac
2200 5550 2452 5606 minister
2496 5549 2740 5607 Genius:
2770 5564 3005 5621 quorum
3039 5546 3281 5604 omnium
3312 5545 3494 5601 brutis

1460 5717 1701 5774 VARle
1754 5718 2159 5775 LECTIONES.

310 5834 349 5865 "
380 5835 412 5905 ἢ
446 5844 497 5890 ct
534 5831 817 5903 συμϐῆναι
873 5842 927 5886 ct
982 5834 1079 5902 τῆς
1109 5834 1234 5891 add.
1259 5834 1325 5892 A.

1402 5840 1447 5870 ⁵²
1484 5838 1606 5894 libri
1639 5838 2003 5909 τεταγμένως.

2084 5838 2130 5870 ⁵³
2153 5837 2251 5909 τῆς
2284 5836 2411 5893 add.
2443 5834 2509 5891 Α.
