4152 6414
225 319 299 382 91
1358 328 1882 391 BIBLIOTHECA.
1922 355 1991 365 -
2016 325 2195 393 (ῙΟΙ).’
2211 332 2429 394 CCLII.
3409 335 3482 399 98

227 435 377 505 χειρὶ
414 436 606 490 καὶτὸ
660 438 917 510 γράφειν.
968 443 1214 513 ’Δρεταῖς
1249 445 1308 500 δὲ
1340 447 1432 501 τὸν
1461 448 1576 517 βίον
1625 448 1804 503 ίθύνωι

1920 454 2165 522 mosynis
2210 454 2429 508 claruit.
2492 451 2640 508 Inter
2666 451 2771 508 alia
2820 451 2989 509 enim.
3030 451 3224 517 multa,
3278 453 3482 523 quibus

227 528 635 598 ἑλεημοσύναις
672 534 1016 605 προέλαμπε.
1046 538 1201 592 Μετὰ
1232 541 1341 612 γὰρ
1370 541 1581 595 πολλῶν
1610 542 1806 606 ἄλλων,

225 621 292 673 δι’
323 614 403 671 ῶν
456 623 627 676 αὐτοῦ
664 625 727 678 τὸ
761 627 901 697 πρὸς
949 633 1074 693 τοὺς
1122 631 1409 701 δεομένους
1453 633 1600 697 ἔλεος
1648 637 1741 689 καὶ
1774 634 1809 705 ἡ

228 712 555 780 συμπάθεια
587 715 937 788 ὲγνωρίζετο,
968 721 1058 773 καὶ
1086 721 1245 775 τοῦτο
1277 722 1342 776 ἂν
1382 723 1615 793 μάλιστα
1639 742 1809 797 χαρα-

223 805 514 874 κτηρίσειε
550 807 596 837 ⁸⁸
620 809 721 879 τῆς
748 809 1157 882 φιλανθρωπίας
1189 814 1354 867 αὑτοῦ
1390 816 1484 868 καὶ
1512 816 1810 885 ἐλεημοσύ-

224 912 319 964 νης
348 896 415 948 τὸ
457 897 795 968 θαυμάσιον.
828 896 969 956 Ἧκέ
1002 921 1086 968 τις
1116 906 1286 959 αἰτῶν
1316 908 1359 940 ⁶⁹
1387 924 1539 973 ποτε,
1580 910 1673 962 καὶ
1707 910 1809 979 τήν

226 987 317 1040 τοῦ
378 991 564 1044 αίτεῖν
619 992 870 1065 ἀνάγκην
921 998 1000 1060 είς
1037 999 1296 1069 ναυάγιον
1347 1001 1618 1072 ἀνῆπτεν’
1667 1006 1695 1057 6
1750 1003 1808 1057 δὲ

226 1080 539 1151 προθύμως
566 1083 755 1167 δίδωσι
787 1087 993 1157 χρυσοῦ
1029 1091 1341 1161 νομίσματα
1374 1092 1457 1158 ἐξ.
1495 1093 1555 1145 '0
1578 1093 1623 1146 δ’
1646 1093 1808 1158 αὐτὸς

220 1175 283 1226 ἐκ
317 1174 589 1247 δευτέρου
622 1178 765 1232 κατά
791 1180 891 1251 τὴν
921 1182 1091 1253 αὐτὴν
1126 1182 1254 1255 [760
1280 1184 1370 1256 H.]
1403 1186 1615 1258 ἡμέραν
1645 1188 1805 1241 ἐπελ-

220 1266 346 1331 θὼν,
368 1269 479 1322 οὐκ
516 1270 771 1343 ἐξαρκεῖν
801 1273 957 1343 ἔλεγε
975 1277 1111 1347 πρὸς
1134 1279 1194 1332 τὸ
1219 1280 1449 1349 μέγεθος
1466 1281 1565 1350 τῆς
1595 1298 1807 1352 συμφο-

225 1361 318 1429 ρᾶς
345 1362 408 1413 τὸ
443 1361 629 1427 δοθὲν,
660 1366 755 1418 καὶ
784 1365 903 1437 ᾔτει
931 1368 1119 1422 λαϐεῖν
1140 1386 1153 1401 ο
1173 1372 1200 1423 6
1222 1370 1280 1423 δὲ
1314 1371 1476 1426 πάλιν
1495 1372 1589 1426 καὶ
1610 1372 1804 1445 γνώμῃ

222 1456 309 1507 καὶ
340 1454 545 1525 δώροις
579 1459 695 1521 τοῖς
739 1458 877 1523 ῖσοις
909 1462 1071 1514 αὑτὸν
1122 1462 1410 1527 ἐδεξιοῦτο.
1471 1464 1582 1517 Καὶ
1620 1467 1802 1536 τρίτον

225 1549 533 1615 ἐφίσταται,
588 1550 657 1604 τά
706 1553 871 1622 ὅμοια
900 1557 1016 1618 τοῖς
1064 1555 1338 1627 δευτέροις
1372 1559 1465 1611 καὶ
1503 1558 1677 1626 λέγων
1710 1560 1804 1612 καὶ

226 1641 378 1694 αἰτῶν
403 1656 419 1670 ·
458 1644 491 1693 6
528 1643 586 1695 δὲ
631 1645 753 1698 οὐδὲ
782 1646 844 1699 τὸ
873 1648 1056 1718 τρίτον
1087 1648 1427 1721 ἀλλοιότερος
1450 1652 1529 1722 τῷ
1562 1650 1799 1704 αἰτοῦντι

226 1736 484 1805 κατέστη,
523 1736 662 1791 ἀλλά
690 1730 905 1794 κελεύει
940 1742 1105 1796 πάλιν
1133 1743 1220 1797 διὰ
1247 1742 1342 1796 τοῦ
1377 1745 1471 1797 καὶ
1499 1744 1567 1797 τὰ
1598 1744 1796 1815 πρότε-

229 1825 379 1892 ροντ’
438 1825 907 1898 διακονησαμένου
953 1830 1075 1901 ῐσην
1128 1831 1277 1903 αὐτῷ
1328 1834 1421 1886 καὶ
1469 1832 1662 1904 ὁμοίαν
1700 1832 1799 1905 τὴν
1832 1822 1874 1877 Β

227 1917 458 1971 ἐπίδοσιν
494 1923 827 1989 παρασχεῖν.
876 1923 1031 1976 Ἐπεὶ
1062 1924 1117 1976 δὲ
1151 1926 1258 1977 τῶν
1308 1926 1407 1995 μὲν
1446 1927 1799 1996 νομισμάτων

225 2010 369 2063 οὐδὲν
429 2012 792 2066 ὑπελέλειπτο
832 2016 900 2079 τί,
955 2015 1124 2087 ἔμαθε
1174 2017 1260 2082 δὲ,
1313 2017 1492 2088 ζητῶν
1525 2018 1800 2088 ἐπιμελῶς

232 2100 346 2154 δθεν
380 2102 461 2171 τῷ
517 2102 760 2173 δεομένῳ
793 2105 1232 2178 ὲπικουρήσειεν,
1259 2107 1335 2171 ὡς
1386 2108 1414 2160 6
1445 2109 1503 2174 ἐξ
1557 2107 1798 2179 ἀργύρου

234 2196 573 2260 πινακίσκος,
606 2199 664 2250 ὲν
690 2189 735 2264 ᾧ
830 2200 1013 2270 μήτηρ
1045 2199 1227 2253 εἰώθει
1261 2202 1505 2272 ὀσπρίων
1530 2203 1651 2256 τινὰ
1687 2204 1802 2257 διά-

246 2285 412 2355 δροχα
459 2292 691 2359 πέμπειν
731 2290 811 2359 τῷ
864 2292 1037 2357 παιδὶ,
1095 2292 1247 2346 οὔπω
1296 2292 1556 2362 ἀπεδόθη,
1616 2294 1800 2347 τοῦτον

256 2375 556 2447 ἐπιδοθῆναι
577 2379 717 2451 τ’τῷ
749 2381 996 2435 αἰτοῦντι
1031 2385 1383 2454 προστάττει.
1428 2386 1591 2440 Ἀλλά
1628 2387 1801 2439 ταῦτα

261 2468 356 2537 μὲν
380 2470 511 2523 τότε.
538 2471 719 2542 Χρόνῳ
758 2472 804 2525 δ’
837 2472 1065 2546 ὕστερον
1108 2477 1291 2546 κρίσει
1328 2476 1429 2548 μὲν
1460 2477 1603 2548 θεία,
1634 2480 1801 2549 ψήφῳ

251 2560 302 2611 ῖὲ
352 2560 455 2613 τῶν
499 2562 656 2631 ἱερῶν
714 2567 1011 2635 ταγμάτων
1056 2568 1149 2622 τὸν
1183 2570 1568 2642 ἀρχιερατικὸν
1622 2570 1800 2642 λαχὼν

246 2651 434 2705 ἰθύνειν
472 2653 682 2724 θρόνον,
716 2657 927 2711 δώδεκά
957 2677 1109 2724 τινας
1138 2660 1245 2713 τῶν
1276 2664 1544 2731 πενήτων,
1576 2663 1652 2726 ὡς
1682 2663 1800 2726 ἔθος

237 2744 493 2812 πράττειν
520 2748 634 2809 τοῖς
680 2750 1071 2821 πατριάρχαις,
1118 2754 1537 2823 συνεστιαθῆναι
1566 2755 1798 2817 κελεύει,

236 2836 320 2899 καὶ
343 2836 792 2903 συγκαλέσασθαι
816 2842 1041 2905 τούτους
1063 2844 1156 2899 τὸν
1184 2848 1383 2899 οίκεῖον
1411 2848 1733 2919 σακελάριον
1757 2851 1802 2883 ⁷³

232 2926 525 2996 ἐπιτρέπει.
546 2930 632 2993 Ὠς
648 2931 706 2984 δὲ
721 2933 781 2985 τὸ
795 2934 1126 3005 πρόσταγμα
1146 2938 1300 3002 τέλος
1318 2939 1496 3007 ἔλαϐε,
1526 2940 1684 3013 [1400
1710 2943 1802 3016 IL]

232 3022 314 3073 καὶ
343 3022 445 3091 τὴν
479 3024 761 3092 τράπεζαν
805 3028 856 3079 oi
908 3028 1231 3099 δαιτυμόνες
1269 3032 1620 3105 ἐπλήρωσαν,
1678 3055 1802 3089 συν-

227 3116 432 3183 εωρᾰτο
478 3114 536 3167 δὲ
584 3116 663 3185 τῷ
713 3118 965 3187 ἀρχιερεῖ
1017 3122 1111 3174 καὶ
1167 3126 1617 3193 τρισκαιδέκατος
1675 3146 1803 3181 συν-

223 3206 554 3275 εστιώμενος
575 3208 644 3272 ⁷⁸,
663 3210 856 3279 ᾐτιᾶτο
879 3212 969 3264 τὸν
992 3214 1035 3247 ⁷⁵
1060 3213 1365 3271 καλέσαντα
1386 3218 1502 3280 ἑνὸς
1519 3220 1805 3292 προσθήκῃ

224 3299 307 3351 τὸν
335 3299 579 3369 ἀριθμὸν
597 3301 708 3353 τῶν
727 3302 937 3356 δώδεκα
959 3306 1333 3375 χυδαιώσαντα
1354 3326 1368 3341 ’
1390 3311 1483 3363 ὀδὲ
1508 3312 1806 3381 ἀπηρνεῖτο

220 3389 306 3441 τὸν
329 3391 696 3456 ἐπείσακτον,
732 3396 826 3446 καὶ
845 3396 1151 3467 ἀπηρίθμει
1170 3402 1296 3463 τοὺς
1319 3405 1801 3472 συνεστιωμένους,

227 3482 441 3545 ἱεικνὺς
480 3485 542 3535 ὲν
574 3482 651 3553 τῷ
698 3487 976 3559 ἀπερίττῳ
1009 3489 1153 3551 τοὺς.
1194 3490 1421 3545 δώδεκα.
1486 3492 1638 3546 Ἐπεὶ
1688 3494 1744 3548 δὲ
1776 3496 1804 3547 6

226 3575 368 3645 ίερὺς
398 3576 710 3646 Γρηγόριος
758 3580 852 3631 καὶ
892 3581 1342 3649 τρισκαιδέκατον
1388 3583 1602 3649 ἔϐλεπε,
1648 3588 1801 3657 καὶὴ

227 3669 411 3739 μορφὴ
442 3670 639 3724 τούτου
664 3672 725 3723 οὐ
756 3672 865 3723 τῶν
892 3672 1066 3725 ἄλλων
1098 3674 1279 3743 μόνον,
1309 3674 1445 3728 ἀλλά
1473 3678 1566 3729 καὶ
1604 3678 1802 3747 ἑαυτῆς

226 3762 499 3823 πολλάκις
552 3762 646 3813 ἐπὶ
688 3762 751 3814 τὸ
801 3762 1008 3827 ξενίζον
1066 3764 1432 3837 παρήλλαττε,
1470 3768 1667 3839 συνῆκε
1704 3771 1804 3838 μὲν

221 3854 296 3924 μὴ
342 3852 462 3905 τῶν
493 3853 708 3905 πολλῶν
734 3853 834 3907 ἕνα
879 3858 1069 3909 τοῦτον
1105 3853 1268 3919 εἶναι,
1316 3859 1557 3922 ἀναστάς
1599 3860 1655 3913 δὲ
1701 3860 1802 3929 τῆς

218 3946 512 4014 τραπέζης
546 3947 642 3998 καὶ
692 3947 882 3999 τοῦτον
915 3948 1021 4016 ἰδίᾳ
1053 3950 1564 4021 μετακαλεσάμενος
1617 3954 1802 4023 ὅρκοις

216 4036 450 4103 ὲδέσμει
482 4039 758 4104 φρικτοῖς,
790 4038 941 4101 ὅστις
970 4041 1100 4092 ποτὲ
1130 4041 1241 4110 εἴη,
1272 4041 1429 4111 δῆλον
1452 4044 1690 4111 ποιῆσαι.
1745 4044 1801 4097 ὐ

213 4125 274 4180 δὲ
310 4127 482 4180 αὑτὸν
509 4130 717 4181 ἐκεῖνον
744 4129 847 4199 ἔφη
884 4128 1023 4184 εἶναι
1052 4132 1144 4184 τὸν
1170 4133 1339 4186 πάλαι
1378 4134 1507 4186 ποτὲ
1553 4136 1673 4205 τρὶς
1702 4138 1802 4205 τῆς

219 4218 394 4286 αὐτῆς
423 4218 474 4248 ⁷⁸
497 4218 713 4289 ἡμέρας
742 4221 785 4251 ⁷⁷
818 4237 915 4291 την
952 4223 1169 4291 αῖτησιν
1215 4228 1607 4293 προσενεγκεῖν
1637 4227 1799 4291 ἀξιώ-

218 4327 396 4363 σαντα
414 4311 514 4363 καὶ
538 4311 868 4375 τοσαυτάκις
906 4312 981 4383 μὴ
1006 4313 1375 4385 διαμαρτόντα
1391 4316 1488 4384 τῆς
1509 4317 1798 4386 αἰτήσεωςο

215 4402 314 4454 καὶ
342 4403 377 4470 ἡ
409 4401 613 4470 πρᾶξις
654 4404 838 4471 ἐκείνη
882 4402 1026 4456 οὕτω
1057 4404 1119 4457 τὸ
1146 4404 1299 4458 Θείον
1346 4404 1797 4477 ἐξεθεράπευσεν,

1918 540 2067 597 illius
2089 544 2365 599 miseratio
2388 552 2443 599 et
2471 544 2756 599 clementia
2781 559 2907 614 erga
2941 544 3130 614 inopes
3156 545 3476 613 apparebat,

1914 631 2018 687 hoc
2048 634 2210 689 etiam
2245 638 2481 691 maxime
2519 637 2716 690 mirum
2750 636 2870 705 ejus
2907 638 2971 691 ad
3006 638 3395 692 humanitatem
3421 644 3481 692 et

1912 725 2288 799 eleemosynas
2349 729 2593 783 animum
2648 730 2909 784 declarat.
2975 729 3132 785 Venit
3188 729 3481 800 aliquando

1912 819 2133 888 quidam
2157 830 2364 889 petens,
2400 829 2455 875 et
2490 820 2838 891 naufragium
2856 837 2977 878 esse
3002 838 3222 876 causam
3242 822 3477 884 dicebat,

1912 925 2007 964 cur
2025 912 2219 981 stipem
2246 921 2510 982 posceret.
2532 913 2626 967 llle
2644 922 2887 984 prompte
2907 912 3212 985 datﬁﬁ'la
3246 929 3342 968 sex
3381 929 3482 967 au~

1910 1019 2035 1059 reos
2064 1021 2340 1061 nummos.
2392 1005 2485 1060 Ille
2527 1007 2769 1061 secundo
2806 1005 2996 1060 eodem
3031 1007 3116 1060 die
3158 1015 3436 1062 revertens
3459 1047 3477 1072 ,

1918 1114 2024 1152 non
2058 1096 2303 1153 sufﬁcere
2339 1107 2588 1167 respectu
2633 1098 2955 1153 calamitatis
2992 1098 3382 1168 magnitudinis
3422 1099 3477 1153 id

1908 1192 2053 1263 quod
2088 1190 2326 1245 dedisset
2360 1189 2519 1253 dixit,
2551 1198 2605 1244 et
2638 1190 2871 1259 amplius
2912 1191 3177 1259 poposcit.
3224 1189 3319 1244 Ille
3348 1204 3477 1245 vero

1907 1285 2094 1337 animo
2134 1283 2406 1347 donisque
2456 1282 2757 1350 azqualibus
2788 1282 2936 1336 illum
2971 1282 3150 1337 all‘ecit
3188 1299 3202 1335 :
3234 1292 3288 1337 et
3317 1282 3480 1338 tertio

1905 1375 2157 1446 contigit,
2190 1375 2387 1430 similia
2420 1384 2481 1428 ut
2530 1374 2769 1429 secundo
2815 1384 2869 1428 et
2900 1374 3035 1429 dixit
3061 1383 3115 1429 et
3147 1374 3320 1445 petiit.
3375 1374 3481 1430 Hic

1905 1471 2086 1517 autem
2121 1464 2281 1518 tertio
2315 1479 2423 1518 non
2457 1474 2741 1519 aversatus
2765 1472 3037 1534 petentem
3066 1473 3190 1521 est:
3221 1466 3314 1521 sed
3352 1481 3478 1523 rur-

1906 1571 2027 1609 sum
2056 1556 2219 1625 jussit
2252 1573 2346 1626 per
2371 1558 2644 1620 eumdem,
2679 1558 2771 1627 qui
2801 1558 2951 1627 prius
2983 1558 3033 1611 in
3066 1574 3128 1612 ea
3167 1574 3225 1612 re
3251 1573 3475 1627 operam

1904 1649 2244 1715 praestitisset
2291 1649 2552 1717 aequalem
2614 1649 2723 1712 illi,
2782 1659 2836 1703 et
2887 1648 3120 1703 similem
3166 1650 3472 1719 portionem

1905 1738 2044 1793 dari.
2077 1738 2212 1792 Cum
2260 1754 2390 1793 vero
2445 1740 2579 1794 nihil
2626 1740 2868 1809 pecunia:
2915 1739 3161 1794 relictum
3218 1748 3382 1804 esset,
3419 1748 3478 1792 et
3580 1784 3585 1789 .

1901 1848 2148 1901 quaerens
2172 1832 2459 1903 diligenter
2486 1850 2592 1903 qua
2625 1849 2685 1889 re
2718 1833 3061 1904 potissimum
3103 1832 3249 1901 inopi
3277 1832 3474 1887 subve-

1902 1925 2063 1990 niret,
2110 1927 2365 1998 cognovit
2428 1936 2741 1995 argenteam
2791 1925 3071 1981 scutellam
3136 1939 3244 1993 qua
3298 1930 3473 1977 mater

1900 2026 2263 2072 consueverat
2304 2018 2673 2087 jusculeutum
2714 2018 2936 2087 aliquod
2985 2018 3314 2086 leguminum
3360 2014 3472 2068 tilio

1900 2108 2114 2161 mittere
2165 2108 2404 2162 nondum
2438 2107 2642 2173 datam,
2678 2108 2818 2163 hanc
2872 2108 2990 2162 dari
3047 2107 3244 2177 petenti
3294 2105 3469 2175 jubet.

1898 2199 2075 2269 Atque
2130 2199 2243 2255 haec
2285 2199 2502 2270 quidem
2536 2200 2608 2255 ita
2662 2212 2775 2254 tum
2814 2208 2984 2268 gesta.
3015 2198 3237 2263 Deinde,
3267 2198 3472 2267 judicio

1901 2293 2119 2359 quidem
2145 2294 2349 2354 divino,
2391 2293 2662 2363 suffragiis
2691 2308 2970 2349 sacrorum
3004 2294 3307 2347 antistitum
3340 2308 3473 2361 pon-

1903 2384 2126 2437 tilicium
2158 2383 2385 2437 sortitus
2425 2384 2682 2437 thronum
2711 2381 2777 2435 ad
2820 2382 3137 2453 regendum,
3185 2382 3471 2435 duodecim

1903 2492 2192 2548 pauperes,
2255 2485 2314 2529 ut
2363 2476 2538 2530 solent
2587 2474 2910 2544 patriarcha
2970 2474 3169 2535 facere,
3221 2474 3475 2529 convivio

1906 2568 2067 2621 simul
2100 2566 2344 2620 adhiberi
2406 2567 2601 2629 voluit,
2642 2564 3049 2634 mandavitque,
3102 2572 3162 2617 ut
3183 2563 3277 2632 qui
3327 2564 3472 2616 elee-

1906 2659 2147 2730 mosynis
2192 2666 2469 2727 praeesset,
2521 2657 2644 2711 illos
2685 2667 3031 2713 convocaret.
3062 2654 3197 2710 Cum
3251 2655 3475 2709 manda-

1906 2760 2020 2806 tum
2062 2752 2400 2823 perfecisset,
2446 2757 2500 2803 et
2537 2764 2782 2805 mensam
2831 2749 3079 2804 conviva:
3132 2748 3471 2817 implessent,

1904 2846 2053 2900 visus
2082 2853 2165 2899 est
2212 2844 2452 2915 pontilici
2502 2853 2555 2899 et
2603 2844 2794 2897 tertius
2827 2842 3075 2897 decimus
3129 2843 3471 2894 accumbere.

1910 2935 2277 3006 Reprehendit
2304 2936 2467 3004 igitur
2494 2935 2832 2997 invitantem,
2865 2932 3009 3001 quod
3044 2946 3214 2985 unum
3241 2930 3474 2999 amplius

1907 3044 2070 3097 quam
2104 3027 2388 3080 duodecim
2431 3034 2701 3080 vocasset.
2751 3024 2843 3078 Ille
2878 3024 3081 3079 crimen
3139 3023 3390 3090 negabat,
3421 3029 3477 3073 et

1911 3136 2207 3174 numerans
2229 3118 2599 3181 comedentcs,
2632 3116 2762 3168 vidit
2795 3130 2899 3168 non
2932 3115 3112 3183 plures
3140 3126 3303 3181 quam
3338 3112 3474 3164 duo-

1832 3182 1874 3237 C
1908 3213 2105 3267 decim.
2150 3212 2282 3266 Cum
2327 3225 2455 3263 vero
2488 3218 2709 3263 sanctus
2761 3182 3054 3277 Gregorius
3103 3213 3155 3258 et
3200 3203 3471 3258 decimum

1910 3304 2126 3358 tertium
2170 3302 2413 3361 vidis>ct.
2451 3311 2505 3354 et
2540 3299 2711 3353 lnrma
2759 3314 2864 3351 non
2914 3298 3140 3351 aliorum
3186 3296 3347 3349 modo
3399 3294 3476 3349 si-

1908 3396 2072 3459 milis,
2106 3396 2199 3449 sed
2227 3404 2281 3448 et
2322 3394 2407 3449 sui
2443 3392 2713 3446 interdum
2742 3390 3026 3444 dissimilis
3066 3389 3262 3457 hospes
3304 3402 3477 3456 appa-

1908 3497 2069 3552 reret,
2104 3487 2247 3541 hunc
2286 3486 2353 3540 de
2393 3500 2619 3540 numero
2649 3494 2968 3538 cantet-orum
3016 3498 3123 3536 non
3168 3497 3288 3536 esse
3321 3482 3479 3535 intel-

1906 3581 2056 3635 lexit.
2096 3581 2277 3634 Mensa
2308 3589 2517 3633 remota
2558 3579 2703 3631 hunc
2751 3585 2961 3631 secreto
3010 3574 3242 3639 vocavit,
3285 3581 3339 3627 et
3386 3588 3475 3626 se-

1905 3675 2048 3728 veris
2086 3672 2413 3741 juramentis
2464 3668 2811 3731 constrinxit,
2846 3676 2903 3721 ut
2949 3668 3073 3737 quis
3110 3676 3255 3721 esset
3299 3665 3475 3719 mani-

1905 3767 2148 3822 festaret.
2185 3763 2284 3819 llic
2333 3764 2483 3817 illum
2519 3764 2695 3828 ipsum
2736 3776 2795 3815 se
2845 3776 2966 3815 esse
3011 3758 3171 3823 dixit,
3216 3756 3310 3827 qui
3343 3757 3471 3811 olim

1906 3859 2199 3929 aliquando
2232 3866 2312 3911 ter
2339 3856 2525 3910 eodem
2552 3854 2640 3909 die
2671 3853 2739 3907 ab
2771 3867 2836 3907 eo
2863 3852 3262 3921 eleemosynam
3286 3849 3474 3919 petiis—

1904 3956 2006 4011 set,
2042 3957 2095 4001 et
2146 3946 2308 4000 toties
2344 3946 2398 3998 in
2430 3944 2658 4014 petendo
2705 3958 2810 3997 non
2846 3942 3176 3995 olfendisset.
3225 3940 3355 4007 Quae
3387 3955 3473 3995 res

1903 4041 2014 4096 Deo
2046 4042 2117 4095 ita
2147 4048 2297 4109 grata
2322 4038 2552 4097 exstitit,
2572 4048 2630 4091 ut
2651 4052 2714 4090 ex
2746 4036 2839 4090 illo
2874 4037 2926 4089 in
2960 4037 3102 4090 hunc
3131 4050 3299 4104 usque
3327 4034 3471 4089 diem

1898 4144 2173 4183 summam
2202 4126 2478 4197 iudicandi
2516 4134 2837 4194 potestatem
2870 4126 3129 4179 divinitus
3159 4135 3338 4185 naclo,
3369 4139 3470 4193 ego

1904 4220 2000 4274 tibi
2060 4233 2275 4287 semper
2331 4218 2454 4271 vitae
2513 4226 2740 4279 custos,
2783 4215 3166 4282 actionumque
3236 4215 3472 4268 director

1902 4313 2179 4367 assistam.
2232 4310 2493 4379 Angelqu
2537 4322 2666 4361 vero
2690 4305 2782 4359 Dei
2830 4322 2887 4361 se
2936 4307 3004 4359 ab
3042 4307 3218 4360 ollicio
3268 4307 3465 4361 vocari.

1902 4403 1998 4459 llis
2055 4403 2259 4457 auditis
2292 4442 2306 4465 ,
2354 4400 2579 4467 genibus
2628 4399 2882 4453 accidens
2929 4398 3215 4463 adoravit,
3251 4395 3470 4467 Deoque

217 4494 377 4558 ὼςὲξ
416 4495 635 4547 ἐκείνου
669 4496 832 4565 μέχρι
864 4494 958 4549 νῦν
1009 4497 1192 4565 κρίσιν
1220 4499 1429 4552 ἀνωθεν
1456 4499 1663 4565 λαϐεῖν,
1714 4500 1797 4553 σοὶ

1904 4498 2106 4567 gratias
2135 4496 2264 4565 egit.
2291 4493 2384 4547 llle
2418 4492 2665 4560 evanuit,
2693 4500 2747 4545 et
2783 4507 2891 4547 non
2936 4490 3265 4562 conspicuus
3305 4490 3469 4545 bene-

218 4590 601 4658 συμπαρείναι
636 4588 857 4656 φύλακά
904 4606 964 4642 τε
1018 4594 1118 4662 τῆς
1150 4592 1293 4662 ζωῆς
1325 4592 1420 4645 καὶ
1469 4594 1662 4664 ὁδηγὸν
1691 4593 1801 4645 τῶν

1911 4592 2068 4646 ﬁcum
2103 4587 2415 4644 ευειοάὶι·ἱι.

227 4681 541 4748 πρακτέων,
578 4680 810 4747 ἄγγελον
834 4682 889 4735 δὲ
926 4683 1024 4751 τὴν
1054 4682 1216 4752 φύσιν
1266 4684 1404 4738 Θεοῦ
1437 4686 1819 4756 χρηματίζειν.
1876 4687 1987 4739 Καὶ
2037 4686 2065 4736 6
2108 4683 2226 4754 μὲν,
2297 4680 2537 4745 ἀκούσας
2612 4679 2804 4742 ταῦτα,
2857 4678 3039 4732 πεσὼν
3094 4678 3467 4752 προσεκύνησε

227 4776 318 4825 καὶ
341 4773 420 4842 τῷ
490 4772 612 4842 Θεῷ
668 4774 1072 4845 ηὑχαρίστησεν
1109 4777 1154 4808 ’⁸
1176 4792 1191 4808 ο
1242 4778 1270 4829 6
1322 4776 1381 4830 δὲ
1414 4776 1590 4847 ᾤχετό
1635 4795 1694 4830 τε
1740 4780 1832 4831 καὶ
1872 4780 1969 4849 οὐχ
1998 4776 2274 4847 ὁρώμενος
2296 4775 2387 4827 τὸν
2418 4773 2714 4844 εὐεργέτην
2737 4772 3106 4841 διεφύλαττεν.

290 4860 463 4928 Οὗτος
490 4868 519 4917 ὀ
550 4864 853 4933 θαυμάσιος
888 4866 1188 4938 Γρηγόριος
1218 4867 1419 4931 πολλὰς
1453 4870 1549 4939 μὲν
1580 4872 1675 4921 καὶ
1700 4870 1797 4923 ἄλ-

225 4959 316 5021 λας
371 4956 723 5026 ψυχωφελεῖς
772 4960 838 5027 τῇ
881 4957 1170 5028 Ῥωμαίων
1196 4960 1525 5025 συνετάξατο
1561 4960 1797 5029 βίϐλους,

232 5051 447 5120 ὁμιλίας
486 5065 550 5101 τε
588 5049 657 5100 τά
701 5048 1013 5116 Εὑαγγέλια
1059 5050 1418 5103 ἀναπτύσσων
1447 5052 1800 5121 προσωμίλη-

230 5158 330 5195 σεν*
362 5142 507 5213 ἀτάρ
541 5140 606 5209 δὴ
634 5139 729 5191 καὶ
777 5139 923 5209 βίους
953 5140 1063 5194 τῶν
1098 5143 1239 5196 κατά
1272 5143 1370 5212 τὴν
1398 5142 1629 5197 Ἰταλίαν
1658 5144 1803 5207 ἀξιο-

228 5233 409 5300 λόγους
444 5234 512 5297 ",
549 5232 647 5284 καὶ
678 5231 995 5301 διηγήματα
1030 5234 1306 5304 σωτηρίαν
1329 5234 1722 5287 ὲκπαιδεύοντα
1754 5234 1801 5266 ⁸⁸

1976 4866 2345 4923 Admirandus
2374 4867 2460 4920 hic
2482 4866 2775 4935 Gregorius
2804 4868 3000 4922 multos
3017 4868 3252 4936 quidem,
3282 4877 3335 4921 et
3367 4870 3472 4922 uti-

1908 4960 1988 5015 les
2040 4959 2286 5027 inprimis
2334 4956 2528 5029 46711
2573 4958 2741 5012 libros
2779 4957 2967 5013 Latine
3017 4961 3359 5028 conscripsit,
3414 4972 3473 5015 ut

1911 5051 2177 5105 llomilias
2208 5050 2412 5118 quibus
2444 5049 2729 5120 Evangelia
2755 5050 2953 5118 populo
2972 5050 3295 5117 explanavit.
3329 5052 3472 5115 Quin

1911 5142 2074 5196 etiam
2104 5139 2252 5194 Vitas
2284 5156 2474 5194 eorum
2512 5141 2604 5208 qui
2650 5141 2701 5192 in
2734 5139 2884 5192 Italia
2929 5140 3059 5193 clari
3088 5150 3290 5203 essent,
3327 5143 3475 5195 salu«

1910 5233 2099 5288 bribus
2152 5231 2406 5286 admistis
2458 5230 2884 5292 narrationibus,
2946 5240 3178 5298 quatuor
3247 5232 3475 5302 dialogis

232 5324 643 5396 συγκαταμίξας
680 5325 913 5391 τούτοις,
954 5327 1011 5379 ὲν
1040 5327 1304 5399 τέσσαρσι
1331 5327 1598 5395 διαλόγοις
1624 5327 1803 5397 ἐφιλο-

1907 5326 2279 5381 concinnavit.
2330 5324 2535 5378 Etenim
2565 5334 2779 5376 centum
2813 5330 2867 5375 et
2908 5322 3185 5392 sexaginta
3235 5324 3477 5394 quinque

1490 5446 1727 5503 VABIE
1785 5445 2190 5502 LECTlONES.

293 5545 336 5575 ”
364 5542 767 5625 χαρακτηρίζοι
811 5558 872 5625 ς.
948 5542 994 5573 ⁸⁸
1021 5540 1188 5594 αίτῶν
1225 5540 1375 5613 αὐτῷ
1426 5540 1488 5597 Β.
1529 5542 1609 5625 ἠ
1635 5541 1875 5625 πρότερα
1902 5539 1962 5595 Β.
1994 5609 2017 5625 Α
2039 5542 2081 5625 ’,⁸
2105 5539 2461 5593 ὑπολέλειπτο
2492 5538 2569 5625 Β...
2626 5539 2948 5625 ⁷Ἰὲπιθῆναι
3143 5538 3189 5569 ’⁸
3203 5539 3449 5625 εᾳκελλά

232 5629 337 5679 ριον
380 5616 439 5669 Β.

254 5684 272 5711 ⁶
322 5687 417 5754 τῆς
461 5685 639 5751 αὐτῆς
686 5699 797 5754 om.
830 5683 889 5738 Β.

1020 5682 1064 5713 ’τ
1095 5682 1302 5753 ἡμέρας
1336 5698 1449 5739 om.
1480 5684 1548 5736 A.

252 5758 268 5782 '
296 5758 360 5825 ἐμ
372 5752 700 5810 παιδεύοντα
729 5752 793 5806 Δ.

232 5682 247 5709 τ

542 5608 1050 5682 ⁷⁸⁷συνεστιώμενος
1103 5622 1157 5666 et
1207 5608 1742 5681 συνεστιωμένουςΑ
1778 5608 2239 5679 ίσυνεσθιόμενος
2291 5619 2347 5663 et
2381 5608 2820 5677 συνεσθιομένους
2845 5608 2913 5674 “ς.

542 5686 639 5732 τῆς
686 5699 797 5732 οιιι.
830 5683 889 5732 Β.
1020 5682 1064 5713 ⁷⁷
1095 5682 1302 5732 ἡμέρας
1336 5698 1449 5732 om.
1480 5684 1548 5732 A.
1632 5682 1679 5715 ⁷⁸
1707 5682 2103 5732 εὑναοίστησεν
2134 5679 2193 5732 Β.
2292 5682 2340 5713 τ’
2372 5677 2705 5732 ἀξιολόγους]
2738 5680 2913 5732 tortas:

1707 5697 2103 5753 ευκαριστησεν
2134 5697 2193 5734 ις.

3000 5598 3042 5640 ’ίδ
3071 5609 3158 5679 ῂτ.
3198 5598 3259 5679 δέ
3280 5611 3371 5662 τόν
3411 5628 3474 5675 ς.

2292 5682 2340 5713 τ’
2372 5677 2706 5748 ἀξιολόγους]
2738 5680 2965 5735 fortasse
3002 5677 3107 5748 leg.
3155 5678 3473 5748 ἀξιολόγων.
