4152 6434
651 349 722 412 99
1750 334 2035 402 ῬΠΟΤΙΙ
2072 336 2233 399 ΡΛΤΙ

2336 339 2577 400 ιῐὶΕΙΙΕ
2606 340 2713 400 CP.

3801 338 3902 407 100

653 462 810 517 annis
838 462 871 514 ii
912 461 1003 530 qui
1044 459 1287 513 Latinam
1326 458 1565 527 linguam
1592 460 1927 528 ignorarent,
1969 454 2102 509 solis
2131 455 2233 509 uti-

2339 458 2632 526 πονήσατο.
2680 435 2841 509 ’λλλά
2888 454 2996 527 γὰρ
3028 454 3190 509 πέντε
3224 455 3317 509 καὶ
3349 455 3607 528 ἐξήκοντα
3655 458 3747 509 καὶ
3779 458 3908 511 ἑκα-

652 552 801 605 litate
846 551 1007 619 huius
1058 549 1240 617 operis
1274 548 1518 602 frustrati
1572 556 1721 603 sunt.
1758 546 2049 601 Zacharias
2084 560 2232 609 vero,

652 642 746 711 qui
789 642 948 711 hujus
983 640 1160 695 sancti
1211 639 1315 692 viri
1366 638 1647 708 postillud
1694 647 1908 707 tempus
1949 650 2236 691 successor

651 733 777 797 fuit,
805 733 1201 803 cognitionem,
1228 730 1627 799 utilitatemque
1650 731 1700 783 in
1727 729 1874 783 Italia
1899 730 2230 794 conclusam,

651 826 704 879 in
742 826 982 880 Grzecam
1016 826 1259 892 linguam
1297 832 1533 884 vertens,
1563 838 1907 875 communem
1944 822 2231 875 utilitatem

649 916 771 968 urbi
804 924 1074 969 terrarum
1109 914 1343 983 benigne
1371 912 1642 966 exhibuit.
1692 911 1802 967 Nec
1838 915 2012 967 solum
2050 914 2232 967 Dialo-

652 1022 768 1077 gos,
806 1007 898 1062 sed
922 1016 978 1061 et
1005 1006 1197 1075 dignos
1226 1005 1460 1059 lectione
1489 1004 1627 1058 alios
1664 1003 1878 1059 labores
1909 1006 1963 1058 in
1993 1002 2233 1060 Graecam

654 1101 893 1169 linguam
930 1098 1226 1152 transferre
1250 1112 1432 1165 opera:
1468 1096 1703 1166 pretium
1733 1096 1911 1150 duxit.

654 1193 970 1263 ἐποιήσατο.
1038 1193 1112 1244 Οὐ
1194 1195 1321 1253 τοὺς
1386 1190 1680 1260 Διαλόγους
1750 1192 1805 1245 δὲ
1854 1191 2226 1263 καλουμένους

652 1284 990 1356 ὲξελληνίσαι
1016 1282 1176 1354 ἔργον
1208 1283 1361 1336 ἔθετο
1410 1284 1481 1338 ⁸⁸.

1325 1397 1551 1452 (ZCLIII.

654 1488 978 1560 Martyrium
1008 1498 1203 1558 septem
1225 1505 1507 1558 puerorum
1534 1487 1929 1630 Sdormientium
1949 1490 2045 1546 sub
2077 1491 2234 1546 Decio

1309 1569 1535 1628 tyranno
1569 1598 1581 1609 .

1309 1569 1581 1628 tyranno].

723 1651 851 1721 Legi
879 1669 908 1706 e
927 1652 1184 1722 martyrio
1203 1660 1410 1721 septem
1439 1668 1734 1721 puerorum
1764 1652 1929 1724 [unde
1948 1655 2059 1709 haec
2088 1671 2231 1710 sum-

652 1746 841 1798 matim
888 1743 1184 1815 descripta]
1248 1745 1564 1815 martyrium
1634 1755 1840 1812 septem
1915 1762 2229 1815 puerorum,

652 1836 1026 1902 Maximiliani,
1055 1834 1371 1900 Jatublichi,
1403 1836 1659 1900 Martimi,
1698 1837 1966 1907 Dionysii,
2022 1837 2231 1893 Exacu-

652 1927 914 1990 studiani,
943 1929 1204 1982 Antonini
1246 1928 1565 1983 etJoannis.
1585 1929 1690 1985 llos
1716 1940 1917 2001 septem
1950 1934 2227 2001 patricios,

2340 547 2431 599 τὸν
2460 546 2553 616 ἐτη
2581 548 2629 599 oi
2656 545 2755 618 τὴν
2789 546 3064 616 Ῥωμαίαν
3096 548 3279 616 φωνὴν
3308 548 3560 617 ἀφιέντες
3588 548 3685 617 τῆς
3715 549 3780 602 ὲκ
3802 550 3916 602 τῶν

2340 639 2519 692 πόνων
2553 640 2718 693 αὑτοῦ
2769 639 3038 707 ὠφελείας
3075 640 3229 709 μόνοι
3274 639 3594 708 ἁπήλαυονσ
3641 639 3916 710 Ζαχαρίας

2338 727 2419 789 δὲ,
2447 728 2506 791 ὃς
2538 730 2632 781 τοῦ
2664 729 3022 783 ἁποστολικοῦ
3048 730 3240 800 ἀνδρὸς
3272 729 3480 781 ἐκείνου
3516 728 3727 801 χρόνοις
3754 730 3918 783 ὓστε-

2341 837 2435 892 ρον
2493 824 2607 884 τοῖς
2665 822 2980 891 εἰρημένοις
3029 821 3266 892 κατέστη
3319 822 3581 890 διάδοχος,
3613 820 3713 889 τὴν
3758 823 3816 874 ὲν
3849 823 3917 891 τῇ

2354 914 2633 985 Ῥωμαϊκῇ
2687 917 2825 988 μόνη
2858 917 2902 947 ⁸⁸
2945 915 3371 986 συγκλειομένην
3421 913 3541 985 [761
3578 912 3672 989 ιι.)
3714 914 3921 981 γνῶσιν

2342 1005 2435 1058 καὶ
2462 1004 2730 1073 ὠφέλειαν
2771 1009 2850 1069 εἰς
2891 1007 2988 1077 τὴν
3029 1007 3255 1059 Ἐλλάδα
3296 1006 3546 1073 γλῶσσαν
3596 1006 3922 1071 ἐξαπλὼσας

2342 1099 2521 1151 κοινὸν
2548 1099 2609 1151 τὸ
2652 1099 2842 1170 κέρδος
2871 1103 2937 1170 τῇ
2984 1100 3284 1173 οἰκουμένῃ
3319 1101 3469 1171 πάσῃ
3518 1098 3923 1169 φιλανθρώπως

2274 1194 2489 1263 μόνους,
2548 1196 2685 1250 ἀλλὰ
2731 1198 2827 1249 καὶ
2880 1195 3075 1259 ἄλλους
3129 1196 3295 1249 αὐτοῦ
3350 1196 3665 1265 ἀξιολόγους
3723 1196 3923 1261 πόνους

3036 1397 3202 1452 ΣΝΓ⁹.

2552 1494 2892 1563 Μαρτύριον
2922 1492 3042 1547 τῶν
3061 1493 3248 1562 ἁγίων
3270 1490 3419 1545 ἑπτὰ
3453 1490 3702 1546 παίδων.

2423 1651 2763 1720 Ἀνεγνώσθη
2818 1651 2882 1702 ἐκ
2915 1648 3011 1702 τοῦ
3068 1648 3369 1720 μαρτυρίου
3412 1649 3521 1701 τῶν
3552 1646 3725 1717 ἁγίων
3778 1649 3925 1702 ἑπτα

2339 1745 2544 1798 παίδων
2567 1762 2581 1775 ·
2613 1744 2671 1809 ἐξ
2702 1736 2763 1795 οὗ
2814 1740 3192 1811 κεφαλαιώδης
3244 1738 3549 1809 διετυπώθη
3581 1739 3758 1809 χρεία.
3793 1741 3924 1792 Ὀτι

2337 1838 2398 1890 τὸ
2456 1834 2754 1907 μαρτύριον
2784 1833 2830 1865 ⁸³
2860 1833 2968 1885 τῶν
3022 1832 3193 1899 ἁγίων
3227 1830 3275 1862 ⁸⁵⁵
3305 1830 3445 1882 ἑπτα
3492 1829 3698 1881 παίδων
3737 1828 3923 1893 Μαξι-

2342 1928 2531 2000 μιανὸν
2563 1928 2631 1991 ⁸⁸,
2673 1926 3000 1997 Ἰάμϐλιχον,
3056 1924 3367 1995 Μάρτιμον,
3421 1923 3716 1986 Διονύσιον,
3763 1919 3925 1985 Ἐξα-

655 2027 710 2071 et
738 2020 983 2089 cognitos
1017 2020 1163 2087 quod
1208 2019 1578 2075 Christianam
1632 2022 1888 2092 pietatem
1942 2026 2233 2095 amplecte-

2340 2018 2770 2082 κουστουδιανὺν,
2803 2018 3119 2070 Ἀντωνίνον
3160 2016 3205 2047 ⁸⁸
3242 2014 3337 2068 καὶ
3366 2014 3643 2080 Ἰωάννην,
3690 2010 3926 2073 τούτους

653 2121 841 2164 rentur
870 2120 923 2163 et
943 2112 1357 2181 amplitiearent,
1388 2114 1580 2169 ductos
1601 2132 1723 2171 esse
1747 2133 1774 2170 a
1799 2117 1957 2171 Decio
1980 2127 2232 2189 tyranno,

654 2200 947 2269 imperium
976 2200 1282 2257 Rmnanum
1314 2204 1407 2258 Dei
1434 2216 1745 2277 contemptu
1778 2212 2066 2280 tyrannide
2088 2227 2237 2266 com-

656 2301 951 2349 mutante;
1004 2296 1203 2351 ductos
1261 2307 1440 2351 autem
1492 2300 1771 2369 egregiam
1828 2304 2232 2359 confessionem

655 2384 910 2439 edidisse.
976 2385 1359 2456 Imperatorem
1410 2404 1533 2443 cum
1577 2390 1687 2445 alio
1759 2394 2039 2449 traherent
2088 2399 2233 2461 otia,

655 2478 951 2532 securitate
1016 2479 1255 2545 inventa,
1310 2480 1363 2533 in
1414 2483 1675 2551 spelunca
1728 2484 1779 2539 in
1849 2497 2031 2543 monte
2078 2489 2236 2559 juxta

655 2565 929 2637 Ephesum
960 2566 1185 2638 fugisse,
1218 2580 1272 2625 et
1301 2572 1562 2626 servitum
1597 2574 1733 2643 ipsis
1763 2576 1816 2629 in
1846 2576 1931 2642 iis,
1964 2595 2083 2644 qua:
2113 2597 2236 2636 cor-

653 2659 857 2728 poralis
893 2661 1185 2716 necessitas
1239 2663 1565 2732 postularet,
1620 2666 1689 2720 ab
1726 2682 1835 2721 uno
1885 2684 2100 2732 eorum,
2141 2674 2235 2739 qui

651 2750 991 2806 Jamblichas
1023 2752 1193 2808 fuisse
1230 2755 1564 2822 perhibetur.
1588 2756 1761 2812 Paulo
1787 2770 1908 2828 post
1944 2762 2237 2832 imperator

658 2842 803 2912 fuga,
831 2853 887 2898 et
921 2842 1061 2909 loco,
1096 2845 1187 2899 ubi
1225 2855 1432 2912 essent,
1453 2858 1509 2902 et
1547 2849 1765 2904 vivendi
1797 2851 2006 2908 ratione
2044 2856 2236 2925 explo-

655 2942 796 2999 rata,
848 2934 928 2989 ira
991 2936 1202 3005 plenus,
1239 2937 1453 2993 obstrui
1511 2941 1782 3010 spelunca:
1836 2958 1899 2997 os
1954 2944 2137 3013 jussit,
2179 2957 2237 3003 ut

655 3025 799 3078 fame
853 3038 1121 3097 martyres
1184 3039 1570 3084 enecarentur.
1634 3032 1835 3087 Deinde
1884 3045 2007 3103 post
2059 3052 2235 3093 annos

663 3118 1006 3187 septuaginta
1036 3119 1197 3184 duos,
1230 3119 1308 3190 [et
1340 3121 1639 3193 trecentos]
1669 3122 1975 3180 Theodosio
2009 3144 2039 3182 a
2076 3131 2233 3185 tertia

660 3224 834 3279 usque
870 3212 1129 3280 progenie
1176 3214 1408 3283 regalem
1458 3216 1777 3285 dignitatem
1820 3219 2152 3289 suscipiente
2181 3233 2237 3279 et

657 3300 1095 3369 administrante,
1132 3303 1280 3359 Maro
1311 3316 1495 3362 autem
1549 3308 1749 3378 Ephesi
1789 3313 2095 3383 przesule(o
2136 3332 2233 3369 no-

2336 2110 2464 2173 τοὺς
2488 2110 2627 2162 ἑπτὰ
2653 2109 2761 2161 τῶν
2787 2107 3128 2178 εὐπατριδῶν
3156 2107 3314 2168 ὄντας
3343 2105 3437 2158 καὶ
3464 2105 3532 2157 τα
3562 2104 3605 2135 ⁸⁷
3634 2103 3736 2172 τῆς
3764 2102 3925 2154 εύσε-

2338 2203 2490 2266 σείας
2516 2204 2732 2271 φρονεῖν
2756 2202 2848 2254 καὶ
2875 2200 3166 2271 κρατύνειν
3194 2196 3656 2267 ὲπιγνωσθέντας,
3686 2196 3923 2265 ἀχθῆναι

2341 2295 2441 2365 μὲν
2456 2297 2547 2348 ἐπὶ
2566 2294 2757 2348 Δεκίου
2770 2294 3074 2365 ἀναγράφει
3091 2293 3137 2325 ⁸⁸
3155 2292 3249 2344 τοῦ
3278 2293 3378 2361 τὴν
3407 2290 3701 2359 Ῥωμαίων
3738 2288 3923 2359 ἀρχὴν

2336 2384 2473 2439 Θεοῦ
2538 2385 2843 2456 παροράσει
2909 2387 2991 2448 είς
3050 2382 3337 2455 τυραννίδα
3385 2382 3431 2413 ⁸⁸
3477 2380 3918 2449 διαφθείραντος,

2338 2478 2600 2549 ἀχθέντας
2624 2479 2679 2531 δὲ
2701 2477 2798 2548 τὴν
2820 2477 2993 2547 καλὴν
3015 2476 3306 2547 ὁμολογίαν
3332 2474 3688 2546 ὁμολογῆσαι,
3719 2472 3919 2541 σχολῆς

2338 2572 2394 2625 δέ
2428 2589 2572 2636 τινος
2601 2570 2768 2640 ἄλλης
2795 2571 2889 2624 τὸν
2916 2570 3179 2641 τύραννον
3211 2566 3583 2639 μεθελκούσης
3610 2566 3790 2619 ἄδειαν
3822 2564 3919 2616 εύ-

2340 2664 2534 2735 ρόντας
2572 2665 2913 2732 καταφυγεῖν
2944 2662 3039 2715 ὲπί
3068 2678 3121 2714 τι
3152 2661 3418 2732 σπήλαιον
3448 2661 3505 2712 ὲν
3535 2658 3653 2728 δρει
3686 2655 3922 2727 πλησιά-

2338 2757 2484 2820 ζοντι
2514 2758 2580 2826 τῇ
2614 2754 2879 2823 Ἐφεσίων
2905 2752 3247 2821 διακείμενον
3274 2748 3609 2821 μητροπόλει
3631 2764 3645 2779 ο
3680 2748 3777 2801 καὶ
3804 2747 3923 2800 δια-

2337 2847 2615 2902 κονεῖσθαι
2635 2848 2832 2909 αὐτοὺς
2850 2848 2907 2899 ὲν
2932 2846 3077 2908 ὅσοις
3102 2846 3135 2915 ή
3162 2843 3449 2915 σωματικὴ
3471 2840 3720 2904 ὲὸιάζετο
3735 2840 3919 2911 χρεία,

2337 2941 2427 3010 ὑφ’
2466 2942 2586 3005 ἑνὸς
2640 2940 2842 3007 αὐτῶν,
2891 2939 2951 2993 δν
2988 2940 3249 3010 προεῖπεν
3285 2934 3593 3006 Ἰάμϐλιχον
3638 2935 3667 2987 6
3716 2932 3873 3000 λόγος
3898 2946 3918 2963 ·

2340 3033 2479 3104 μετὰ
2502 3033 2561 3086 δέ
2591 3050 2711 3086 τινα
2749 3031 2956 3102 βραχὺν
2986 3030 3176 3101 χρόνον
3207 3027 3447 3099 μαθόντα
3481 3026 3575 3080 καὶ
3605 3025 3705 3096 τὴν
3738 3024 3920 3094 φυγὴν

2338 3127 2526 3179 καὶτὸ
2555 3126 2753 3196 χωρίον
2801 3125 2901 3195 τῆς
2932 3122 3218 3194 διατριὸῆς
3264 3121 3359 3173 καὶ
3404 3119 3502 3190 τὴν
3543 3118 3776 3180 δίαιταν,
3822 3117 3920 3169 καὶ

2335 3217 2509 3287 ὀργῆς
2537 3218 2759 3286 ἔμπλεω
2784 3216 3068 3285 γεγονότα,
3098 3212 3480 3283 ἀναφραγῆναι
3510 3212 3556 3243 ’⁸
3578 3212 3638 3263 τὸ
3657 3208 3751 3261 τοῦ
3781 3224 3920 3275 σπη-

2336 3308 2489 3362 λαίου
2522 3309 2700 3379 στόμα
2733 3306 3058 3379 προστάξαι,
3089 3305 3162 3369 ὡς
3192 3306 3258 3358 ἂν
3300 3303 3443 3373 λιμῷ
3472 3300 3820 3371 διαφθαρεῖεν
3868 3301 3919 3351 οἱ

656 3410 781 3448 vum
824 3404 880 3449 et
918 3405 1125 3451 natura:
1168 3399 1489 3453 inusitatum
1527 3403 1944 3474 spectaculum),
1970 3420 2233 3476 apparue-

2342 3403 2640 3473 μαρτυρες.
2693 3398 2823 3455 Εἶτα
2858 3401 2995 3472 μετὰ
3023 3400 3117 3467 ἐτη
3160 3398 3255 3453 δύο
3282 3398 3376 3450 καὶ
3419 3397 3793 3467 ἑϐδομήκοντα
3822 3394 3920 3446 καὶ

657 3494 785 3540 runt
844 3486 1077 3543 victores
1126 3489 1329 3545 Christi
1388 3494 1588 3563 egregii
1645 3494 1721 3547 illi
1776 3506 2066 3567 martyres,
2125 3503 2236 3555 vita

657 3586 994 3647 recuperata,
1019 3581 1084 3632 ad
1109 3596 1249 3649 quos
1277 3584 1599 3638 accedentes
1623 3584 1919 3654 imperator
1950 3596 2004 3641 et
2032 3587 2236 3660 ma

655 3672 947 3740 episcopus
976 3672 1160 3741 (illum
1194 3675 1339 3728 enim
1371 3676 1463 3745 qui
1500 3676 1714 3746 longius
1738 3679 1927 3733 aberat
1957 3681 2235 3735 admiran-

655 3762 784 3816 dum
825 3762 957 3817 illud
1013 3767 1387 3833 spectaculum
1438 3768 1605 3822 etiam
1648 3771 1897 3841 vocabat)
1945 3787 2071 3825 cum
2108 3774 2235 3842 qui-

654 3854 758 3908 bus
786 3866 839 3908 et
868 3854 955 3908 alii
986 3858 1169 3917 multi.
1207 3859 1524 3912 acciderunt
1556 3860 1623 3913 ad
1659 3876 1835 3930 genua
1865 3876 2080 3930 eorum,
2112 3880 2234 3933 pre-

655 3941 919 4011 cibusque
944 3952 997 3995 et
1036 3942 1417 3999 benedictione
1455 3962 1648 4000 eorum
1694 3948 1841 4018 digiti
1879 3949 2049 4004 habiti
2080 3963 2230 4006 sunt.

653 4031 873 4087 Assedit
904 4033 1010 4087 illis
1043 4034 1339 4104 imperator
1368 4046 1422 4090 et
1462 4029 1925 4109 archiepiscopus,
1953 4050 2008 4096 et
2043 4054 2233 4098 mutuo

654 4124 929 4193 colloquio
970 4125 1180 4188 habito,
1213 4143 1335 4196 qua:
1370 4129 1705 4197 martyribus
1734 4132 2065 4187 accidissent
2101 4150 2245 4189 con-'

655 4218 869 4272 firmata
904 4230 1051 4283 sunt,
1084 4229 1342 4289 certaque
1374 4222 1605 4274 reddita.
1657 4220 1713 4275 In
1748 4235 2047 4294 conspectu
2083 4228 2229 4282 enim

653 4310 906 4373 Caesaris,
958 4319 1014 4365 et
1050 4313 1423 4379 priesentium,
1457 4312 1509 4365 in
1546 4313 1665 4380 ipso
1726 4314 1919 4369 iterum
1954 4328 2141 4383 antro,
2176 4320 2230 4374 in

654 4418 763 4470 quo
796 4403 1080 4472 jacuerant
1109 4406 1272 4458 simul
1315 4407 1645 4474 quieverunt
1680 4424 1694 4459 :
1732 4415 1788 4460 ut
1843 4411 2098 4466 onmibus
2139 4427 2233 4467 eo-

655 4508 776 4546 rum
812 4509 960 4547 mors
1008 4494 1157 4547 clare
1189 4495 1452 4563 patuerit,
1485 4505 1539 4549 et
1570 4496 1845 4565 incognita
1884 4499 2036 4567 prius
2084 4503 2232 4571 ipso-

656 4602 776 4640 rum
807 4602 872 4638 ex
905 4586 1006 4641 hac
1062 4588 1173 4641 vita
1223 4590 1502 4643 communi
1556 4590 1825 4660 migratio.
1874 4591 2135 4648 Octavum
2177 4604 2231 4650 et

655 4677 993 4731 tricesimum
1060 4693 1263 4730 annum
1333 4689 1464 4733 tunc
1522 4678 1862 4737 Theodosius
1934 4698 2188 4751 regnarat

653 4767 871 4836 quando
906 4768 1008 4821 hoc
1066 4769 1369 4822 maximum
1420 4770 1744 4824 miraculum
1780 4772 1898 4825 orbi
1948 4783 2227 4830 ostensum

655 4859 825 4913 voluit
883 4860 1041 4915 Deus.
1102 4860 1364 4930 Exigebat
1442 4871 1555 4915 tum
1615 4879 1679 4916 ea
1755 4875 2045 4935 tempestas
2124 4870 2230 4923 tale

657 4952 979 5024 prodigium.
1036 4952 1356 5009 Theodorus
1414 4956 1681 5024 quidam,
1736 4959 1940 5012 utinam
1997 4960 2068 5013 ita
2122 4979 2227 5016 non

656 5045 866 5113 fuisset,
896 5048 1187 5118 episcopus
1218 5046 1516 5118 {Egeoruni
1548 5057 1683 5103 erat.
1733 5048 1851 5116 llic,
1902 5054 2090 5107 nescio
2120 5070 2227 5123 qua

2212 4727 2227 4753 ’
2262 4729 2306 4784 Ι)

2338 3496 2646 3565 τριακόσια,
2679 3494 2955 3547 Θεοδοσίου
2983 3492 3079 3563 μὲν
3101 3490 3195 3544 τοῦ
3224 3492 3289 3542 ὲκ
3321 3488 3597 3559 τριγονίας
3631 3486 3729 3556 τὴν
3756 3484 3918 3555 βασί-

2337 3587 2478 3640 λειον
2518 3587 2692 3658 ἀρχὴν
2726 3585 3117 3654 διαδεξαμένου
3154 3582 3248 3635 καὶ
3288 3580 3589 3643 διέποντος,
3626 3576 3785 3648 [MOI
3822 3573 3919 3646 ἢ]

2337 3679 2529 3750 Μὰρου
2587 3678 2643 3730 δὲ
2707 3678 2807 3745 τῆς
2864 3677 2922 3729 ὲν
2984 3674 3194 3743 Ἐφέσῳ
3230 3670 3557 3741 Ἐκκλησίας
3613 3668 3711 3731 τὰς
3764 3667 3919 3736 ἱερὰς

2338 3769 2623 3840 φροντίδας
2653 3766 3155 3838 ἐγκεχειρισμένου,
3190 3764 3251 3818 τὸ
3284 3761 3588 3833 παράδοξον
3630 3759 3790 3813 τοῦτο
3817 3758 3917 3811 καὶ

2338 3862 2783 3932 ὑπερφυέστατον
2808 3860 3007 3930 θέαμα,
3027 3860 3306 3929 ἐφάνησαν
3329 3858 3380 3910 οί
3400 3854 3495 3909 τοῦ
3525 3852 3763 3926 Χριστοῦ
3792 3852 3917 3904 καλ-

2336 3955 2529 4008 λίνικοι
2571 3954 2846 4025 μάρτυρες
2890 3950 3345 4012 ἀναϐεϐιωκότες.
3382 3942 3478 4011 Οἷς
3524 3942 3917 4017 προσελθόντες

2334 4049 2362 4102 ὅ
2394 4064 2453 4100 τε
2500 4045 2753 4116 βασιλεὺς
2787 4045 2881 4097 καὶ
2910 4046 2938 4097 6
2966 4043 3268 4105 ἐπίσκοπος
3300 4040 3512 4113 (ἐκάλει
3545 4038 3654 4107 γὰρ
3692 4034 3789 4090 καὶ
3820 4034 3915 4087 τὸν

2337 4138 2563 4209 βασιλέα
2590 4139 2684 4190 καὶ
2719 4135 3000 4208 πόρρωθεν
3042 4134 3389 4205 διατρίϐοντα
3418 4132 3477 4184 τὸ
3507 4129 3603 4183 τοῦ
3636 4127 3916 4198 θαύματος

2335 4230 2813 4301 ύπερθαύμαστον)
2853 4228 2971 4299 μεθ’
3005 4221 3079 4280 ὧν
3106 4228 3199 4280 καὶ
3233 4224 3383 4281 ἄλλοι
3420 4222 3606 4276 πολλοὶ
3641 4220 3916 4291 προσέπε-

2336 4323 2435 4376 σὰν
2459 4325 2502 4355 ’ί
2528 4339 2587 4375 τε
2608 4324 2720 4385 τοῖς
2748 4323 2903 4374 ποσὶν
2925 4320 3126 4384 αὐτῶν,
3153 4319 3247 4371 καὶ
3272 4317 3373 4387 τῆς
3393 4317 3524 4387 παρ’
3548 4314 3730 4367 αὐτῶν
3748 4312 3915 4381 εὐχῆς

2376 4413 2646 4484 ξιώθησαν
2664 4414 2758 4465 καὶ
2772 4412 3041 4480 εὐλογίας.
3061 4408 3391 4464 Συνεκὰθισέ
3404 4424 3461 4460 τε
3477 4408 3659 4469 αὐτοῖς
3688 4406 3716 4458 ὃ
3734 4421 3793 4456 τε
3814 4403 3912 4473 βα-

2335 4507 2514 4569 σιλεὺς
2540 4507 2631 4559 καὶ
2653 4508 2681 4559 6
2711 4505 3159 4575 ἀρχιεπίσκοπος,
3190 4502 3281 4557 καί
3305 4518 3451 4564 τινος
3473 4500 3692 4569 ὁμιλίας
3711 4498 3912 4569 προελ-

2334 4598 2532 4669 θούσης
2561 4601 2627 4660 ⁸³,
2662 4598 2730 4652 δι’
2765 4593 2832 4669 ἦς
2860 4598 2955 4652 καὶ
2993 4599 3059 4651 τὰ
3090 4596 3229 4650 κατὰ
3260 4596 3385 4656 τοὺς
3416 4594 3604 4662 ἁγίους
3647 4592 3741 4645 ἐπὶ
3773 4591 3913 4660 μᾶλ-

2333 4692 2423 4744 λον
2477 4689 2793 4744 ὲϐεϐαιοῦτο
2842 4691 2935 4742 καὶ
2986 4690 3046 4741 τὸ
3088 4690 3411 4742 ὰδίστακτον
3465 4682 3909 4755 προσελάμϐανε,

2338 4783 2456 4835 κατ’
2487 4781 2718 4835 ἐνώπιον
2744 4780 2910 4835 αὐτοῦ
2941 4798 2999 4833 τε
3020 4780 3115 4833 τού
3149 4780 3412 4849 βασιλέως
3463 4777 3561 4830 καὶ
3602 4774 3713 4828 τῶν
3762 4790 3909 4841 συμ-

2337 4873 2622 4942 παρόντων
2645 4873 2713 4937 ⁹⁸,
2747 4875 2806 4925 ὲν
2836 4872 2985 4942 αὐτῷ
3022 4872 3185 4925 πάλιν
3236 4872 3313 4939 τῷ
3355 4869 3605 4939 σπηλαίῳ
3648 4868 3706 4918 ὲν
3736 4859 3781 4932 ᾧ
3814 4864 3912 4918 καὶ

2335 4965 2672 5029 κατέκειντο,
2708 4965 3087 5019 ἀνεπαύσαντο
3114 4963 3248 5034 ἅμα,
3272 4963 3369 5031 τῆς
3391 4960 3701 5030 ἀδιαιρέτου
3731 4956 3910 5009 τελευ-

2334 5059 2432 5125 τῆς
2466 5056 2645 5109 αὐτῶν
2676 5057 2765 5109 ὑπ’
2800 5057 2921 5125 δψιν
2953 5057 3169 5110 πάντων
3198 5053 3570 5123 γεγενημένης
3599 5051 3909 5119 ἐπιμαρτυ-

1901 5248 2136 5304 νΑῐῖιίΕ
2199 5251 2495 5309 ιεετιοκ
2513 5255 2618 5308 ES.

694 5409 736 5440 '“
768 5406 932 5485 μόνην
949 5409 1013 5460 Α.
1088 5407 1133 5485 ξ’
1160 5422 1281 5477 quae
1310 5416 1431 5485 post
1456 5407 1993 5485 ἔθετοξιύιίςμιιιιυγ,
2014 5408 2165 5485 τέλος
2191 5412 2233 5485 τῇ

2336 5414 2549 5481 ίκλογῆς
2578 5416 2677 5483 τῆς
2707 5417 2835 5485 περὶ
2862 5417 2952 5469 τὸν
2977 5416 3089 5485 βίον
3108 5413 3203 5467 τοῦ
3226 5410 3755 5485 ἀρχιερέως-Ῥᾠμης
3774 5409 3908 5485 θαυ-

657 5476 1199 5554 μασίοοΓρηγοριίου,
1218 5479 1378 5554 omisi
1408 5494 1528 5554 cum
1560 5478 1669 5554 Al}.
1745 5478 1799 5554 “_
1814 5479 1871 5529 τὸ
1910 5476 2326 5552 μαρτύριον]’τὲι
2346 5476 2583 5554 ὀνόματα
2611 5476 2670 5540 li.
2744 5476 2792 5518 ’ί
2821 5488 2929 5540 τῶν
2962 5476 3131 5553 ἁγίων
3150 5476 3274 5538 add.
3300 5476 3416 5536 λη.
3495 5476 3908 5554 "Megaeram

649 5547 714 5613 Ᾱ,
740 5548 1136 5622 Μαξιμιλιαν-όν-
1153 5566 1191 5612 ς
1216 5565 1230 5601 :
1320 5549 1684 5622 Μαξιμιανός,
1711 5548 1808 5622 qui
1829 5547 2228 5622 caeleraquuqu

2336 5547 2512 5609 omina
2538 5558 2868 5611 nominative
2899 5547 3073 5611 effert.
3149 5557 3195 5588 ⁸⁸
3224 5550 3557 5622 ’Λντωνῖνον]
3591 5553 3684 5622 κα).
3704 5550 3908 5602 Ἀντω-

648 5625 790 5673 νῖιον
820 5623 882 5669 Α.
910 5689 935 5699 -
955 5618 998 5649 ⁸⁷
1018 5619 1087 5703 τέ
1116 5620 1156 5671 Λ
1173 5637 1206 5703 ηε
1238 5618 1336 5681 τάς
1362 5622 1445 5672 Vel
1478 5618 1601 5680 τούς
1625 5634 1683 5680 ς.
1760 5618 1811 5648 ⁸⁸
1835 5621 2143 5703 ἀναγράφει
2171 5618 2295 5677 add.
2325 5628 2390 5676 A.
2466 5629 2510 5657 ⁸⁹
2534 5631 2613 5690 εἰς
2642 5630 2740 5697 τὴν
2773 5628 3062 5698 τυραννίδα
3094 5644 3155 5689 ς.
3192 5626 3235 5660 ⁹⁰
3269 5618 3673 5703 ἁναφραγῇναι]
3714 5622 3905 5703 quidni

648 5689 1076 5759 ἀποφραγῆναιῖ
1113 5688 1251 5742 infra
1291 5700 1436 5744 certe
1464 5691 1814 5759 ἀπέφραττον
1842 5696 1917 5759 (p.
1951 5688 2054 5746 468
2087 5711 2118 5745 ιι
2150 5693 2262 5759 55).

649 5761 865 5831 θεούσης.
943 5761 989 5791 9³
1019 5760 1300 5830 παρόντων
1331 5761 1394 5812 Λ.

2339 5696 2384 5728 ⁹¹
2416 5691 2748 5766 προσέπεσὸν
2776 5691 2854 5751 Β.’
2911 5699 2956 5729 ⁹¹
2988 5696 3353 5767 προελθούσης
3375 5691 3505 5766 ing:
3528 5691 3905 5763 libri—7:906:1-
