4152 6418
279 325 386 389 101

1187 330 1706 394 BIBLIOTI-IECA.
1736 361 1804 370 —
1852 333 2064 398 CODD.
2103 339 2356 420 CCLIII,
2428 343 2662 408 CCLIV.

3455 359 3555 425 illi?

275 437 495 508 ρούσης
526 436 706 490 αὐτῶν
736 436 831 491 καὶ
863 437 962 508 τὴν
993 436 1093 509 οὐχ
1133 437 1422 508 ὁραθεῖσαν
1457 440 1724 512 πρότερον
1777 441 1844 512 τῆ

1949 444 2215 510 ratione,
2245 450 2359 506 luto
2405 452 2741 512 infidelitatis
2799 435 3114 528 absorptus,
3178 468 3552 535 graveolentes

271 528 579 602 παρούσης
607 527 752 598 ζωῆς
783 531 972 602 κοινὴν
1022 529 1392 602 ἀναχώρησιν.
1429 532 1653 600 Ὄγδοον
1680 532 1737 586 δὲ
1775 535 1869 587 καὶ⁹

269 625 612 695 τριακοστὸν
632 625 934 696 τηνικαῦτα
947 625 1223 690 Θεοδόσιος
1239 628 1336 696 τῆς
1352 627 1628 698 βασιλείας
1643 628 1804 699 ἤνυεν
1819 629 1868 662 οδ

267 715 406 789 [762
443 715 541 787 ΙΙ.]
567 715 706 780 ἔτος,
741 717 904 786 ἡνίκα
938 719 998 771 τὸ
1033 718 1142 770 τῶν
1181 719 1476 789 θαυμάτων
1505 719 1864 790 ὐπερθαύμα-

270 822 400 857 στον
431 808 502 875 τῇ
553 807 851 876 οἰκουμένῃ
885 807 1267 878 ἀναδειχθῆναι
1298 809 1361 861 τὸ
1394 809 1533 863 θεῖον
1581 810 1865 881 ᾠκονομῆ-

260 912 424 949 σατο.
477 897 691 965 Ἐζήτει
723 897 780 948 δὲ
812 899 919 968 ἄρα
951 899 1042 950 καὶ
1077 901 1104 951 ὁ
1131 899 1251 953 τότε
1276 900 1469 968 καιρὸς
1498 900 1744 954 τοιοῦτον
1775 918 1864 954 τε-

253 986 518 1055 ράστιον.
556 988 834 1058 Θεόδωρός
871 1006 976 1052 τις,
1014 989 1089 1053 ὡς
1118 989 1229 1043 εῐθε
1265 991 1339 1062 μὴ
1374 990 1572 1059 ὢφελε,
1622 994 1720 1062 τῆς
1762 993 1860 1044 Αἰ-

260 1079 406 1144 γέων
436 1081 490 1110 ”
519 1079 730 1142 πόλεως
772 1082 1086 1135 ἐπεσκόπει.
1134 1076 1306 1145 Οὗτος
1345 1082 1444 1136 οὐκ
1473 1079 1570 1136 οἶδ’
1619 1083 1741 1136 ὃθεν
1769 1082 1860 1136 τοῦ

1975 539 2215 592 evomuit
2245 557 2426 608 voces,
2459 555 2801 602 mortuorum
2840 555 3291 610 resurrectionem
3324 576 3550 631 negans,

1974 634 2028 680 et
2062 627 2263 684 multos
2317 647 2439 686 cum
2478 634 2594 690 suis
2627 639 2876 695 sectariis
2925 643 3114 697 eodem
3154 661 3340 704 errore
3377 627 3553 708 iitvol;

1975 733 2129 773 veos.
2158 720 2274 776 Hoc
2305 725 2572 780 miraculo
2611 729 2818 786 clarum
2853 739 3274 794 resurrectionis
3308 743 3552 800 testimo-

1973 809 2123 864 nium
2157 813 2210 866 in
2241 829 2458 870 omnem
2507 827 2705 875 terram
2765 824 3100 895 divulgante,
3162 830 3287 900 ipsi.
3338 845 3392 888 et
3429 836 3552 905 qui-

1972 919 2190 973 cunque
2226 909 2454 975 gentiles
2487 910 2679 980 reliqui
2731 923 2907 980 erant,
2941 920 3136 981 partim
3191 921 3388 976 rubore
3417 940 3549 978 con-

1970 993 2078 1048 fusi
2105 997 2516 1064 obmutuerunt,
2547 1012 2742 1070 partim
2775 1018 2979 1062 certam
3010 1009 3336 1082 lirmamque
3366 1031 3550 1071 resur-

1972 1086 2232 1141 rectionis
2260 1103 2411 1158 spem
2439 1106 2826 1163 conceperunt.

244 1173 360 1241 ιτῆς
411 1174 683 1237 ἀπιστίας
734 1176 949 1237 σπάσας
993 1176 1298 1247 βορϐόρου,
1349 1179 1530 1246 φωνὰς
1585 1178 1849 1243 δυσωδίας
1896 1179 2259 1252 ἀπηρεὺγετο,
2319 1185 2418 1254 τῆς
2465 1186 2573 1239 τῶν
2621 1192 2830 1262 νεκρῶν
2886 1197 3233 1262 ἀναστάσεως
3279 1205 3548 1276 καταψη-

259 1266 580 1333 φιζόμενος,
650 1266 742 1318 καὶ
813 1265 1044 1328 πολλοὺς
1086 1267 1203 1337 ἅμα
1223 1269 1332 1321 τῶν
1364 1271 1458 1322 σὺν
1491 1269 1640 1340 αὐτῷ
1701 1271 1837 1342 πρὸς
1867 1272 1966 1342 τὴν
2006 1274 2208 1326 οἰκείαν
2236 1273 2514 1336 μεθέλκων
2547 1279 2592 1309 ⁸⁸
2641 1282 2921 1358 ἀπόνοιαν.
2979 1288 3084 1340 Τοῦ
3153 1291 3208 1344 δὲ
3270 1294 3546 1366 θαύματος

258 1357 533 1426 λαμπράς
555 1357 656 1420 τὰς
688 1358 790 1426 τῆς
832 1360 1182 1430 ἀναστάσεως
1212 1361 1435 1426 ἀκτῖνας
1465 1361 1588 1416 καθ’
1627 1364 1754 1434 ὃλην
1787 1365 2036 1432 ἀφιέντος
2082 1367 2182 1438 τὴν
2230 1367 2320 1435 ὑφ’
2365 1368 2499 1440 ἡλίῳ
2537 1373 2602 1437 ⁵⁷,
2669 1375 2821 1428 αὐτοί
2872 1395 2931 1430 τε
2983 1381 3078 1433 καὶ
3141 1385 3264 1436 ὅσον
3305 1357 3543 1458 Ἕλληνι·;

257 1454 352 1506 κδν
391 1452 726 1505 ὑπελείπετο
758 1453 824 1518 ⁸⁸,
859 1456 906 1506 οἱ
959 1455 1057 1525 μὲν
1107 1459 1188 1519 είς
1231 1459 1507 1530 ἀμήχανον
1563 1458 1826 1530 αἰσχύνην
1883 1462 1975 1513 καὶ
2001 1461 2244 1530 ἀφωνίαν
2292 1465 2632 1534 κατεδύοντο,
2672 1469 2721 1520 oi
2765 1469 2822 1522 δὲ
2863 1474 2945 1535 είς
2976 1475 3309 1544 ἀμετάθετον
3350 1452 3543 1536 ἐλπίδα

261 1547 357 1615 τῆς
391 1547 758 1610 ἀναστάσεως
794 1550 1158 1624 μετετίθεντο.

330 1641 431 1703 Τίς
463 1642 509 1693 δ’
539 1644 569 1694 ὁ
602 1645 801 1711 τρόπος
830 1645 931 1714 τῆς
961 1646 1054 1698 τοῦ
1087 1648 1359 1718 σπηλαίου
1392 1648 1680 1716 ἀνοίξεωςς
1716 1649 1860 1704 Ἀδό-

265 1734 373 1797 λιος
398 1735 432 1786 ὁ
457 1733 555 1786 τοῦ
583 1734 742 1804 ὅρους
773 1736 895 1788 τότε
929 1737 1134 1809 κύριος,
1168 1741 1224 1792 ἐν
1251 1733 1295 1807 ᾧ
1323 1740 1385 1792 τὸ
1412 1739 1676 1810 σπήλαιον
1704 1741 1859 1794 λελα-

258 1825 498 1896 τόμητο.
555 1827 798 1896 μάνδραν
853 1829 1191 1899 θρεμμάτων
1235 1832 1587 1902 οἰκοδομῆσαι
1645 1834 1854 1886 κελεύει

263 1917 389 1979 τοὺς
450 1917 690 1981 παῖδας·
723 1919 820 1970 καὶ
860 1919 922 1972 τὸ
975 1921 1314 1992 προσταχθὲν
1361 1923 1452 1975 ἐπὶ
1501 1923 1718 1994 ἡμέρας
1761 1923 1854 1976 δύο

268 2009 645 2079 διεπράττετο.
689 2011 752 2063 Ἦ
790 2011 836 2065 δ’
885 2013 1144 2084 οἰκοδομὴ
1181 2015 1367 2078 αὐτοῖς
1413 2015 1644 2069 ἐτελεῖτο
1686 2034 1852 2087 μετα-

2039 1646 2230 1703 Modus
2263 1664 2391 1704 vero
2433 1666 2544 1720 quo
2575 1652 2838 1721 spelunca
2896 1671 3080 1725 aperta
3122 1671 3247 1728 est,
3310 1664 3397 1722 hic
3431 1675 3536 1723 est.

1971 1738 2234 1798 Adolius.
2284 1740 2350 1794 ad
2387 1758 2548 1810 quem
2604 1751 2734 1798 tunc
2770 1760 2926 1801 mons
2974 1749 3062 1804 ille
3091 1755 3428 1822 pertinebat,
3481 1759 3538 1814 in

1962 1846 2070 1899 quo
2095 1832 2354 1901 spelunca
2377 1835 2559 1888 excisa
2588 1844 2725 1899 erat,
2753 1853 3012 1906 pecorum
3039 1845 3313 1899 stabulum
3347 1863 3538 1906 servos

1960 1924 2139 1991 coegit
2162 1933 2465 1987 exstruere,
2497 1941 2695 1996 resque
2724 1929 2864 1983 intra
2891 1929 3114 1986 biduum
3149 1935 3396 1992 confecta
3427 1951 3535 2003 est,

1959 2013 2266 2083 domusque
2298 2014 2596 2082 aadilicata,
2652 2020 2932 2075 translatis
2984 2022 3277 2095 lapidibus,
3331 2030 3424 2099 qui
3472 2046 3536 2086 os

271 2101 646 2170 κομιζομένων
691 2103 801 2156 τῶν
846 2103 1033 2168 λίθων,
1070 2104 1119 2157 οἳ
1146 2105 1206 2158 τὸ
1235 2105 1329 2159 τοῦ
1378 2107 1646 2176 σπηλαίου
1677 2109 1844 2178 στόμα

1954 2105 2228 2173 spelunca:
2257 2108 2648 2164 obstruxerant
2676 2122 2729 2166 et
2753 2114 3102 2172 munierant:
3128 2117 3315 2190 sicque
3345 2134 3532 2192 aperta

277 2190 619 2261 ἀπέφραττον
665 2210 726 2246 τε
780 2195 876 2247 καὶ
933 2195 1299 2264 ἀπετείχιζον.
1371 2198 1482 2251 Καὶ
1538 2198 1682 2252 οὕτω
1754 2199 1853 2270 μὲν

283 2281 521 2352 haedi-qu
565 2284 625 2336 τὸ
684 2285 974 2356 σπήλαιον,
1011 2288 1062 2339 οί
1111 2287 1156 2340 δ’
1197 2288 1652 2359 ἐγκατακείμενοι
1705 2290 1856 2361 αὐτῷ

300 2374 556 2442 μάρτυρες
598 2378 901 2446 τηνικαῦτα
929 2379 1219 2450 παραδόξῳ
1263 2380 1401 2434 Θεοῦ
1441 2381 1622 2452 κρίσει
1658 2382 1856 2434 ἀναϐε-

301 2461 547 2527 ϐιωκότες
586 2466 972 2520 ἀποστέλλουσι
1027 2469 1116 2521 τὸν
1162 2467 1410 2538 συνήθως
1451 2471 1637 2534 αὐτοῖς
1687 2470 1856 2525 πάλαι

287 2554 760 2628 ὖπηρετησάμενον
808 2560 1114 2631 Ἰάμϐλιχον
1162 2562 1370 2633 τροφὰς
1407 2562 1720 2634 ὠνήσασθαι
1759 2565 1856 2617 καὶ

270 2648 491 2716 ,κομίσαι
516 2664 533 2681 ο
563 2649 620 2713 δς
647 2650 748 2722 τὴν
791 2652 1056 2722 Ἐφεσίων
1081 2655 1402 2710 καταλαϐὼν
1430 2657 1584 2710 πόλιν
1609 2658 1850 2728 συλλαμ-

272 2737 487 2794 ϐάνεται
519 2741 590 2794 δι’
621 2741 658 2796 ἀ
693 2744 919 2814 ἐκόμιζε
951 2746 1286 2817 νομίσματα,
1317 2748 1391 2811 ὡς
1431 2747 1719 2819 θησαυρῶν
1744 2751 1848 2820 ἀρ-

260 2835 432 2902 χαίων
481 2838 734 2908 εὑρετής.
768 2841 1034 2894 Κάκεῖθεν
1084 2844 1144 2895 τὸ
1180 2846 1323 2897 κατά
1377 2844 1504 2907 τοὺς
1560 2846 1847 2916 μάρτυρας

269 2926 444 2996 θαῦμα
474 2929 555 2992 είς
573 2930 740 2993 ἀκοὰς
771 2931 990 2986 πάντων
1010 2935 1276 3005 περιηχού
1288 2952 1446 3006 μενον
1479 2934 1772 3006 διηπλοῦτο
1797 2940 1842 2970 ⁹⁹

263 3019 353 3070 καὶ
388 3021 473 3082 είς
505 3021 688 3092 θέαμα
719 3022 1035 3094 προῦκειτο.

971 3180 1138 3236 ΣΝΔν.

449 3270 795 3336 Μαρτύριον
837 3273 1116 3342 Τιμοθέου
1149 3275 1256 3330 τοῦ
1281 3277 1650 3338 ἀποστόλου.

320 3400 678 3473 Ἀνεγνώσθη
733 3405 797 3456 ὲκ
852 3406 949 3475 τῆς
1018 3412 1366 3482 μαρτυρικῆς
1419 3414 1686 3484 Τιμοθέου
1745 3419 1842 3472 τοῦ

252 3492 562 3545 ἀποστόλου
623 3497 965 3566 συγγραφῆς.
1033 3499 1155 3552 Ὅτι
1218 3503 1436 3573 πρῶτον
1497 3505 1762 3576 Τιμόθεον
1807 3511 1841 3581 ή

254 3584 517 3652 παροῦσα
577 3590 872 3670 συγγραφή
934 3608 1099 3660 φησιν
1162 3593 1390 3660 Ἐφέσου
1449 3597 1838 3670 έπισκοπῆσαι,

252 3675 518 3746 ῥοπάλοις
566 3677 610 3730 δ’
627 3664 635 3670 ’
689 3679 1084 3752 ἀναιρεθῆναι,
1165 3683 1298 3738 διότι
1368 3687 1494 3751 τοὺς
1560 3689 1842 3759 Ἐφεσίους

247 3770 518 3823 διεκώλυε
580 3771 680 3834 τάς
729 3773 980 3845 μυσαρὰς
1036 3777 1132 3830 καὶ
1191 3779 1510 3848 μιαιφόνους
1559 3782 1666 3837 τῶν
1721 3785 1840 3838 Ἑλ·

246 3860 433 3932 λήνων
503 3864 775 3918 ἐπιτελεῖν
828 3866 1069 3935 τελετὰς,
1120 3863 1196 3925 ὧν
1251 3871 1350 3942 μία
1417 3869 1486 3946 ἦν
1545 3876 1700 3948 καὶή
1735 3895 1838 3930 κα-

242 3953 489 4024 λουμένη
543 3956 922 4027 καταγώγιον,
972 3962 1095 4015 καθ’
1132 3964 1199 4035 ἢν
1231 3957 1409 4030 οὗτος,
1450 3967 1543 4020 καὶ
1585 3969 1665 4022 ὅτι
1706 3968 1841 4022 ταύ-

244 4063 350 4118 την
396 4048 754 4120 ὲξεκήρυττε,
806 4053 901 4106 τοῦ
960 4058 1301 4126 μαρτυρικοῦ
1355 4059 1544 4124 τέλους
1571 4061 1836 4131 ήξίωταιο

244 4141 581 4209 Δομετιανὸς
608 4142 664 4194 δὲ
684 4145 986 4214 τηνικαῦτα
1017 4147 1119 4216 τῆς
1157 4148 1473 4220 Ῥωμαῖκῆς
1503 4151 1678 4221 ἀρχῆς
1707 4152 1838 4206 καθ-

243 4235 501 4302 ειστήκει
547 4234 834 4307 τύραννος.
860 4239 966 4292 Τοῦ
989 4239 1046 4292 δὲ
1079 4241 1224 4314 ἱεροῦ
1262 4244 1526 4314 Τιμοθέου
1551 4247 1738 4318 τρόπῳ
1757 4247 1836 4318 τῷ

242 4323 534 4395 εἰρημένῳ
560 4327 652 4380 τὸν
687 4328 802 4397 βίον
848 4328 1120 4396 λιπόντος,
1159 4335 1254 4388 καὶ
1302 4337 1630 4407 Δομετιανοῦ
1656 4339 1713 4404 ἐξ
1743 4340 1837 4392 ἀν-

241 4413 488 4484 θρώπων
548 4419 982 4491 ἀποφθαρέντος,
1024 4423 1190 4495 [1404
1245 4426 1337 4499 Η.]
1392 4428 1578 4499 Νέρϐα
1633 4429 1691 4482 δὲ
1739 4429 1834 4484 τοῦ

257 4507 576 4577 Ῥωμαϊκοῦ
623 4512 860 4581 κράτους
893 4514 954 4567 τὸ
997 4517 1274 4587 σκῆπτρον
1325 4519 1777 4590 ἀναδεδεγμένον,
1806 4521 1836 4574 ό

243 4600 503 4668 θεολόγος
535 4602 794 4672 Ἰωάννης
813 4606 910 4673 τῆς
929 4607 1221 4677 ὑπερορίου
1247 4610 1425 4679 φυγῆς
1452 4611 1676 4679 ἀφεθεὶς
1701 4631 1834 4665 κατ-

1955 2198 2215 2265 spelunca
2263 2211 2368 2256 est.
2406 2203 2672 2274 Martyres
2705 2207 2797 2276 qui
2839 2206 2947 2262 illic
2975 2209 3252 2278 jacebant,
3284 2215 3532 2270 inaudito

1955 2288 2048 2343 Dei
2071 2289 2281 2359 judicio
2313 2293 2538 2346 redivivi
2571 2294 2828 2350 emittunt
2852 2295 3242 2365 Jamblichum,
3270 2305 3364 2371 qui
3398 2306 3531 2359 soli—

1955 2389 2043 2433 tus
2079 2391 2198 2435 erat
2224 2384 2352 2436 olim
2395 2385 2528 2454 ipsis
2558 2387 2873 2442 ministrare
2911 2389 3065 2444 cibos
3095 2402 3335 2462 emptmn
3367 2407 3532 2466 atque

1953 2472 2206 2528 allatum.
2241 2474 2346 2540 Qui
2375 2477 2657 2546 ingressus
2692 2479 2881 2533 urbem
2920 2480 3240 2551 Ephesum,
3279 2501 3531 2557 compre-

1955 2563 2216 2620 henditur
2239 2570 2307 2621 ob
2339 2583 2434 2622 eos
2464 2585 2604 2638 quos
2633 2568 2941 2639 proferebat
2964 2589 3238 2642 nummos,
3265 2585 3527 2647 tanquam

1954 2656 2276 2711 thesaurum
2298 2659 2586 2730 antiquum
2608 2662 2864 2717 eruisset.
2890 2660 3205 2736 Eiiudeque
3223 2679 3527 2738 martyrum

1954 2751 2284 2806 miraculum
2314 2754 2378 2807 ad
2415 2755 2660 2809 omnium
2695 2771 2859 2811 aures
2898 2759 3222 2828 penetravit,
3259 2776 3322 2817 ac
3357 2762 3526 2818 veluti

1950 2857 2038 2898 res
2066 2843 2313 2899 miranda
2345 2849 2625 2917 proposita
2649 2846 2770 2902 fuit.

2621 3201 2845 3260 CCLIV.

2288 3290 2613 3363 Martyrium
2652 3293 2913 3352 Timothei
2941 3303 3196 3371 apostoli.

2016 3422 2214 3494 4681)
2251 3423 2410 3478 Lecta
2443 3435 2572 3481 sunt
2596 3429 2798 3499 scripta
2825 3431 2892 3484 de
2915 3436 3181 3505 martyrio
3241 3435 3518 3496 Timothei

1944 3517 2199 3583 apostoli.
2289 3517 2473 3570 Refert
2546 3519 2776 3574 historia
2862 3521 3213 3580 Timotheum
3281 3530 3518 3598 primum

1945 3605 2144 3675 Ephesi
2185 3608 2503 3678 episcopum
2554 3610 2766 3676 fuisse,
2827 3613 3091 3683 clavaque
3151 3617 3519 3688 interfectum,

1943 3707 2233 3767 propterea
2265 3699 2412 3768 quod
2465 3699 2838 3768 prohibuisset
2878 3703 3147 3773 Ephesios
3185 3712 3518 3766 exsecranda

1942 3796 1997 3842 et
2023 3798 2249 3843 cruenta
2279 3791 2524 3855 gentium
2555 3787 2692 3844 festa
2712 3831 2727 3853 ,
2760 3802 2814 3847 et
2840 3794 3000 3850 ludos
3033 3812 3196 3866 agere
3231 3815 3245 3852 :
3279 3815 3514 3869 quormn

1944 3895 2114 3934 unum
2147 3881 2476 3950 appellatum
2511 3883 2610 3938 fuit
2637 3884 3017 3956 Catagogium,
3048 3889 3193 3958 quod
3246 3891 3374 3960 quia
3425 3894 3517 3949 ille

1941 3973 2249 4043 abrogarat,
2276 3976 2521 4045 martyrii
2552 3976 2760 4031 honore
2779 3977 3007 4035 aﬂ‘ectus
3036 3990 3141 4035 est.
3175 3983 3515 4042 Domitianus

1942 4071 2072 4118 tunc
2112 4064 2416 4118 Romanum
2451 4066 2739 4136 imperium
2794 4077 3057 4140 tyrannus
3099 4074 3340 4142 gerebat.
3373 4074 3514 4131 Cum

1941 4155 2098 4210 divus
2121 4155 2444 4211 Timotheus
2481 4158 2582 4212 hac
2635 4160 2846 4214 ratione
2867 4201 2882 4222 .
2918 4173 2978 4215 ut
3007 4162 3248 4218 diximus
3273 4205 3289 4229 ,
3346 4167 3514 4222 vitam

1941 4248 2195 4312 tiniisset,
2222 4257 2296 4314 et,
2326 4248 2638 4304 Domitiano
2660 4266 2897 4318 mortuo,
2927 4252 3102 4308 Nerva
3133 4256 3184 4308 in
3224 4256 3514 4326 imperium

1939 4339 2316 4405 successisset,
2346 4341 2568 4396 divinus
2597 4340 2838 4397 Joannes
2868 4344 2938 4397 ab
2965 4346 3158 4401 exsilio
3196 4348 3334 4403 liber
3365 4351 3514 4405 venit

1939 4430 2238 4500 Ephesum,
2273 4435 2414 4487 unde
2441 4433 2596 4503 prius
2628 4450 2656 4486 a
2687 4433 2996 4490 Domitiano
3026 4438 3514 4510 relegatuS'l‘uerat

1939 4522 2161 4590 (etenim
2195 4522 2266 4576 ibi
2299 4523 2586 4586 habitavit,
2612 4525 2958 4595 naufragium
2977 4526 3090 4596 jam
3119 4530 3184 4584 ad
3208 4531 3358 4586 littus
3387 4549 3513 4599 pas-

1938 4627 2054 4676 sus,
2088 4621 2140 4666 et
2169 4629 2199 4667 e
2230 4613 2367 4666 mari
2410 4614 2587 4668 adhuc
2638 4615 2855 4684 spirans
2909 4618 3137 4687 ejectus,
3185 4622 3310 4674 dum
3367 4622 3508 4678 Nero

241 4694 442 4761 άγεται
497 4695 636 4765 πρὸς
683 4699 784 4768 τὴν
841 4700 1092 4768 Ἔφεσον,
1145 4695 1213 4772 ἧς
1265 4703 1359 4755 καὶ
1411 4703 1676 4776 πρότερον
1729 4705 1833 4758 ὑπὸ

1949 4704 2182 4757 rrudelis
2215 4703 2266 4756 in
2303 4703 2648 4760 Christianos
2686 4708 2942 4778 saeviret).
2993 4709 3111 4774 Quo
3160 4721 3398 4780 tempore
3430 4722 3510 4768 to-

243 4787 580 4855 Δομετιανοῦ
616 4791 1010 4858 πεφυγάδευτο.
1045 4794 1154 4846 Καὶ
1175 4793 1284 4864 γάρ
1314 4796 1371 4846 ὲν
1399 4794 1570 4867 ταύτῃ
1595 4795 1830 4864 διέτριϐε

247 4881 574 4949 ναυαγήσας
604 4881 703 4950 μὲν
733 4885 860 4954 περὶ
884 4885 976 4937 τὸν
1010 4886 1278 4953 αἰγιαλὸν,
1305 4886 1628 4956 ὲκϐρασθεὶς
1657 4889 1713 4941 δὲ
1731 4890 1831 4959 τῆς

245 4969 529 5044 θαλάσσης
568 4976 820 5044 ἐμπνέων
852 4976 954 5041 ἔτι,
985 4977 1148 5048 ήνίκα
1176 4978 1370 5049 Νέρων
1399 4982 1426 5034 ὁ
1456 4979 1709 5050 ἐμμανὴς
1737 4980 1830 5032 τὸν

250 5065 390 5116 κατά
416 5065 530 5116 τῶν
560 5067 900 5136 Χριστιανῶν
939 5069 1089 5122 ἔπνει
1119 5070 1356 5141 διωγμόν
1381 5088 1396 5104 ο
1425 5071 1514 5124 ὅτε
1547 5072 1562 5102 ⁸
1582 5072 1673 5124 καὶ
1701 5071 1830 5135 τοὺς

249 5155 467 5224 τόμους,
489 5158 541 5210 οἳ
574 5159 879 5228 ἀνέγραφον
904 5160 1181 5232 διαφόροις
1197 5161 1474 5229 γλώσσαις
1497 5163 1564 5216 τὰ
1584 5164 1828 5233 σωτήρια

252 5247 338 5299 τοῦ
368 5249 650 5302 Δεσπότου
679 5250 825 5320 πάθη
851 5270 910 5304 τε
941 5254 1032 5304 καὶ
1065 5251 1190 5323 [⁵165
1220 5251 1312 5323 ΙΙ.]
1349 5252 1602 5322 θαύματα
1633 5255 1728 5305 καὶ
1755 5254 1828 5306 δι-

252 5338 524 5410 δάγματα,
554 5341 780 5406 τούτους
815 5345 963 5414 παρὰ
1009 5345 1117 5397 τῶν
1148 5345 1484 5413 κομιζόντων
1535 5345 1830 5413 δεξάμενος

253 5429 456 5496 διέταξέ
492 5451 552 5485 τε
576 5435 671 5486 καὶ
693 5434 996 5508 διήρθρωσε
1015 5437 1058 5500 ³,
1082 5436 1175 5488 καὶ
1191 5435 1272 5491 ἐνὶ
1297 5437 1511 5505 ἑκάστῳ
1532 5436 1638 5488 τῶν
1657 5435 1824 5506 τριῶν

1937 4809 2078 4860 mos,
2105 4795 2199 4863 qui
2233 4796 2397 4849 variis
2442 4796 2643 4866 linguis
2676 4800 3026 4854 continebant
3065 4803 3362 4858 salutarem
3401 4805 3511 4860 Do-

1935 4883 2067 4937 mini
2102 4884 2436 4952 passionem,
2469 4888 2755 4954 miracula,
2797 4890 3219 4963 doctrinamque
3250 4909 3281 4948 a
3325 4893 3506 4950 feren-

1936 4974 2079 5028 tibus
2113 4975 2403 5044 accipieus,
2446 4978 2501 5032 in
2531 4980 2780 5036 ordinem
2831 4982 3078 5053 digessit,
3123 4986 3504 5058 distinxitque,

1932 5075 1987 5120 et
2014 5065 2189 5120 tribus
2237 5071 2584 5139 evangeliStis
2621 5083 2852 5141 quartus
2881 5077 3132 5130 accessit.
3166 5076 3408 5144 Etenim,
3447 5088 3510 5136 ut

1933 5159 2068 5223 dixi,
2101 5157 2289 5215 Nerva:
2336 5165 2604 5217 sententia
2643 5165 2712 5220 ab
2744 5167 2938 5220 exsilio
2974 5177 3281 5233 revocatus,
3325 5169 3505 5240 Ephe-

1934 5251 2067 5306 sinue
2103 5254 2320 5321 praefuit
2349 5255 2487 5320 sedi,
2523 5265 2575 5310 et
2603 5273 2698 5326 per
2723 5273 2784 5313 se
2823 5273 2947 5312 cum
2973 5274 3180 5329 septem
3211 5261 3503 5331 episcopis,

1935 5340 2296 5412 Ephesiorum
2319 5347 2598 5403 diazcesitn
2634 5351 2795 5415 rexit,
2830 5350 3254 5422 perduravitque
3285 5355 3506 5423 pietatis

1933 5435 2158 5488 verbum
2191 5437 2416 5497 docens.
2450 5455 2622 5510 usque
2677 5439 2744 5494 ad
2782 5441 3068 5512 imperium
3104 5441 3346 5514 Trajani.
3379 5442 3504 5500 llaec

1531 5570 1766 5626 VARle
1824 5569 2231 5628 LECTIONES.

329 5681 374 5714 ιι
403 5683 606 5752 ἤνυσεν
644 5681 711 5734 Α.
787 5683 833 5715 ³⁸
866 5684 1106 5751 Αἰγαίων
1138 5683 1196 5739 Β.

1290 5685 1336 5716 ⁹⁶
1367 5685 1660 5758 μεθείλκον
1673 5687 1735 5758 Α.

252 5748 646 5823 διαπλούμενον
673 5770 711 5816 ς
729 5791 742 5806 .
858 5757 873 5787 ¹
896 5748 983 5809 ὅτε
1008 5756 1052 5810 Λ
1077 5773 1090 5810 ;
1127 5755 1267 5833 ὥστε
1299 5772 1360 5820 ς.

1838 5684 1884 5717 ³⁷
1915 5682 2050 5755 ήλίῳ
2080 5685 2120 5738 Α
2153 5703 2165 5742 :
2195 5685 2345 5758 ἥλιον
2379 5706 2438 5754 ς’.
2516 5690 2561 5722 ³⁸
2589 5690 2943 5748 ὕπελέλειπτθ
2971 5710 3030 5758 ς-

1441 5759 1460 5788 ’
1490 5755 1889 5828 συνδιήρθρωσε
1921 5771 1982 5816 ς.

3111 5694 3157 5727 θ’
3186 5710 3249 5748 πε
3256 5709 3406 5767 ριηχε
3415 5693 3500 5748 ἰτο
