4036 6318
617 277 719 343 103

1758 264 2022 330 ΡΗΟΤῙΙ
2060 263 2562 327 ΡΑΤΒῙΑΗΕΗᾹΞ
2598 265 2705 326 CP.

3760 264 3864 331 104

611 390 827 458 aliaque
859 384 1103 441 continet
1154 380 1477 455 martyrium
1516 379 1690 436 sancti
1726 377 2042 444 Timothei,
2087 378 2187 432 bu-

2294 376 2689 445 εύαγγελιστῶν
2713 374 2774 428 τὸ
2795 373 2965 446 ὄνομα
3008 377 3366 448 ἐνηρμόσατο.
3387 375 3552 453 Ἄλλά
3574 377 3702 452 γάρ,
3729 380 3870 455 ὅπερ

610 481 727 536 mili
759 482 899 551 stylo
929 475 1325 545 conscriptum.

2293 463 2467 532 εἷπον,
2506 465 2818 536 ψηφίσματι
2851 465 3040 537 Νέρὸα
3066 467 3165 535 τῆς
3197 466 3493 539 ὑπερορίας
3541 469 3872 541 ἀνακληθεὶς

608 578 676 646 τῇ
705 574 968 644 Ἐφεσίων
1007 569 1207 640 ἐπέστη
1237 570 1257 600 ³
1291 566 1646 640 μητροπόλει,
1676 564 1775 618 καὶ
1807 561 1970 628 αὐτὸς
2000 562 2065 616 δι’
2133 562 2346 626 ἐαυτοῦ,
2414 559 2554 613 ἐπτά
2610 559 3002 629 συμπαρόντων
3057 561 3393 625 ἐπισκόπων,
3441 563 3541 632 τῆς
3604 564 3875 634 Ἐφεσίων

615 665 1078 735 ἀντιλαμϐάνεται
1112 661 1521 733 μητροπόλεως,
1556 659 1652 713 καὶ
1687 658 1942 728 διήρκεσε
1975 656 2063 708 τὸν
2092 656 2194 725 τῆς
2232 652 2516 716 εὐσεϐείας
2543 652 2834 723 κηρύσσων
2861 652 3019 720 λόγον
3042 651 3170 724 ἀχρι
3192 654 3290 724 τῆς
3347 654 3623 724 βασιλείας
3661 656 3871 727 Τραῖα-

608 759 725 814 νοῦ.
756 759 941 813 Ταῦτα
994 757 1059 827 δὴ
1089 758 1181 811 καὶ
1226 754 1433 808 τοιαῦθ’
1467 754 1631 823 ἕτερα
1675 751 1944 821 διηγεῖται
1974 748 2036 802 τὸ
2070 747 2370 818 μαρτύριον
2400 745 2747 814 ἁπλουστέρα
2778 745 2976 816 φράσει
3005 744 3096 797 τοῦ
3127 745 3281 813 ἁγίου
3329 746 3618 816 Τιμοθέου.

685 854 1007 908 Timotheus
1034 851 1313 922 apostolus
1351 866 1380 903 a
1410 863 1607 917 magno
1636 846 1729 900 illo
1771 846 1938 899 Paulo
1971 844 2177 913 prima-

610 948 707 1003 riae
737 946 883 1003 sedis
902 945 1256 1015 Ephesiorum
1285 942 1576 1011 episc0pus
1605 939 1915 993 declaratur
1943 946 1996 991 et
2020 936 2179 990 inau-

612 1052 857 1112 guratur.
912 1038 1009 1094 Est
1054 1036 1198 1108 apud
1234 1035 1500 1106 Ephesios
1529 1032 1899 1088 abominabile
1930 1042 1985 1086 et
2022 1046 2181 1085 exse-

609 1136 873 1191 crandum
914 1132 1129 1196 festum,
1165 1128 1309 1198 quod
1343 1129 1693 1198 Catagogium
1724 1132 2072 1193 nuncupant,
2130 1130 2185 1175 et

611 1228 716 1282 hoc
744 1225 1053 1281 celebratur
1085 1222 1247 1277 modo
1274 1240 1286 1276 :
1311 1220 1591 1275 lndecoris
1634 1234 1694 1273 se
1730 1217 1893 1272 larvis
1928 1216 2181 1276 induunt,

546 1340 553 1357 ι
610 1333 676 1373 ac
715 1333 780 1371 ne
811 1324 1202 1386 agnoscantur,
1240 1311 1493 1383 personis
1538 1308 1706 1363 [acies
1738 1307 2020 1377 obtrgunt,
2048 1305 2186 1357 mul-

610 1419 774 1479 taque
810 1408 952 1462 idola
1002 1404 1485 1467 circumferentes,
1543 1408 1598 1457 et
1648 1399 1895 1469 quaedam
1939 1396 2183 1452 carmina

612 1511 918 1563 cantantes,
956 1498 1222 1553 invadunt
1244 1498 1391 1550 viros
1412 1504 1465 1549 et
1485 1478 1744 1547 boneStas
1774 1490 2005 1545 feminas
2032 1504 2182 1543 more

612 1599 912 1660 latronum,
945 1596 1282 1662 multamque
1307 1590 1660 1646 committunt
1683 1586 1884 1642 caedem
1917 1587 1969 1638 in
2002 1584 2179 1654 publi-

2360 841 2483 892 Ὅτι
2512 841 2538 892 6
2560 838 2855 902 ἀπόστολος
2881 838 3145 909 Τιμόθεος
3176 839 3279 892 ὑπὸ
3320 841 3411 893 τοῦ
3448 840 3684 909 μεγάλου
3712 841 3871 895 Παύ-

2286 929 2380 983 λου
2421 931 2526 1005 ,καὶ
2591 932 2973 1000 χειροτονεῖται
3023 930 3120 1001 τῆς
3167 930 3433 997 Ἐφεσίων
3483 932 3881 1003 μητροπόλεως

2289 1025 2585 1085 ἐπίσκοπος
2616 1024 2708 1076 καὶ
2739 1022 3127 1093 ἐνθρονίζεται.
3165 1022 3285 1074 Ὀτι
3315 1023 3349 1093 ἡ
3395 1022 3549 1093 παρά
3580 1025 3691 1084 τοῖς
3714 1025 3881 1092 Ἐφεο

2294 1116 2429 1178 σίοις
2466 1115 2832 1185 δαιμονιώδης
2877 1114 2970 1168 καὶ
3004 1113 3264 1185 βδελυκτὴ
3311 1114 3493 1185 ἑορτὴ,
3523 1117 3557 1185 ἡ
3604 1113 3882 1185 λεγομένη

2293 1206 2673 1274 Καταγώγιον,
2692 1207 2841 1259 τόνδε
2869 1207 2959 1260 τὸν
2986 1207 3185 1278 τρόπον
3212 1206 3466 1259 ἐτελεῖτοο
3501 1206 3881 1278 Προσχήματα

2295 1298 2395 1367 μὲν
2434 1298 2651 1361 ἑαυτοῖς
2703 1297 2926 1369 ἀπρεπῆ
2982 1297 3388 1369 περιετίθεσαν,
3426 1297 3561 1368 πρὸς
3597 1297 3655 1351 δὲ
3702 1299 3762 1351 τὸ
3798 1296 3886 1368 μὴ

2288 1387 2750 1456 ἐπιγινώσκεσθαι
2823 1389 3190 1460 προσωπείοις
3249 1390 3755 1454 κατακαλύπτοντες
3806 1389 3887 1444 τὰ

2286 1481 2492 1535 ἐαυτῶν
2508 1482 2791 1550 πρόσωπα,
2808 1482 3013 1535 πολλάδ
3034 1500 3091 1534 τε
3115 1482 3239 1536 ’καὶ
3267 1483 3459 1536 εἴδωλα
3488 1484 3885 1554 ἐπιφερόμενοι

2282 1575 2376 1629 καί
2383 1594 2498 1629 τινα
2514 1577 2726 1640 ᾅδοντες
2744 1576 3219 1648 ᾄσματα,ἐπῄεσάεί
3231 1594 3287 1629 τε
3307 1577 3528 1647 ἀνδράσι
3546 1578 3636 1629 καὶ
3650 1595 3707 1629 σε
3716 1580 3887 1647 μναῖς

614 1689 695 1744 cis
731 1686 867 1741 locis
910 1684 1119 1756 ήδθιι
1158 1683 1419 1745 civitatis,
1453 1688 1507 1735 et
1532 1688 1781 1747 prompte
1808 1674 2013 1729 nefaria
2041 1690 2189 1727 com-

2294 1668 2513 1734 γυναιξὶ
2551 1670 2692 1721 κατὰ
2736 1669 3034 1742 λῃστρικὴν
3064 1670 3269 1737 ἔφοδον,
3318 1669 3411 1722 καὶ
3446 1670 3641 1738 φόνους
3686 1669 3888 1740 είργά-

611 1780 876 1841 mittunt,
934 1784 987 1831 et
1042 1774 1347 1829 sceleribus
1394 1771 1500 1825 illis
1566 1767 1862 1838 illegitimis
1888 1767 2189 1836 gloriantur

614 1880 873 1942 tanquam
901 1868 1173 1937 legitimis.

1322 2041 1523 2097 CCLV.

652 2140 974 2211 Martyrium
1017 2137 1194 2206 magni
1238 2137 1509 2276 martyris]
1533 2132 1779 2186 Demetrii
1818 2130 1945 2203 [sub
1978 2128 2156 2185 Maxi-

1309 2222 1483 2257 mtauo
1519 2244 1531 2256 .

1309 2222 1483 2257 rutam)
1500 2222 1531 2257 1.

689 2300 816 2371 Legi
854 2297 1174 2369 martyrium
1216 2295 1399 2364 magni
1434 2295 1581 2349 illius
1615 2294 1872 2364 martyris
1908 2291 2186 2355 Demetrii,

617 2395 806 2450 eodem
834 2394 993 2447 modo
1015 2392 1243 2444 editum.
1266 2389 1363 2441 llic
1388 2387 1591 2441 Christi
1619 2397 1824 2457 martyr
1860 2383 2186 2444 Demetrius,

616 2500 796 2557 praeco
824 2494 879 2538 et
901 2484 1090 2537 doctor
1118 2482 1353 2548 pietatis,
1392 2478 1763 2548 apostolorum
1797 2474 2188 2545 peregrinatio-

623 2597 719 2637 nes
765 2587 819 2634 et
847 2576 1145 2631 certamina
1185 2572 1521 2633 imitabatur,
1555 2578 1607 2624 et
1641 2567 2187 2622 Thessalonicensem

616 2672 809 2726 urbem
833 2668 1040 2722 lumine
1071 2665 1333 2719 doctrinm
1366 2678 1479 2717 suae
1500 2662 1568 2715 ab
1596 2660 1799 2715 erroris
1832 2657 2069 2712 tenebris
2094 2656 2187 2708 ab-

616 2765 835 2818 ductam
866 2802 880 2825 ,
929 2759 992 2812 ad
1021 2758 1296 2813 Christum
1337 2755 1561 2810 adduxit
1597 2772 1610 2807 :
1648 2754 1751 2806 vita
1790 2751 2052 2805 doctrinae
2105 2765 2191 2802 rc-

619 2858 892 2926 spoudens
949 2849 1383 2920 splendescebat.
1437 2845 1800 2901 Maximianus
1856 2852 2037 2897 autem
2096 2841 2188 2895 Dei

620 2948 795 3004 hostis
830 2957 960 3000 tunc
990 2945 1288 3011 regnabat,
1341 2947 1394 2994 et
1425 2938 1829 2993 Thessalonicze
1877 2950 2189 2991 commora—

2291 1758 2446 1822 ξοντο
2475 1759 2615 1812 κατά
2646 1760 2769 1823 τοὺς
2802 1763 3106 1831 ἐπισήμους
3146 1761 3347 1824 τόπους
3374 1761 3473 1831 τῆς
3511 1762 3738 1825 πόλεως,
3774 1761 3883 1815 καὶ

2290 1850 2556 1919 ἔπραττον
2595 1852 2889 1922 προθύμως
2918 1856 2985 1905 τὰ
3014 1853 3249 1923 ἄθεσμα,
3275 1853 3347 1915 ὡς
3382 1852 3665 1922 ἐνθέσμοις
3686 1853 3885 1924 ἔργοις

2290 1943 2402 2003 τοῖς
2439 1941 2718 2011 ἀθεμίτοις
2748 1942 3235 2012 καλλωπιζόμενοι.

2992 2036 3159 2088 ENE’.

2360 2125 2701 2193 Μαρτύριον
2731 2125 2837 2180 τοῦ
2871 2127 3403 2196 μεγαλομιὶρτιφος
3442 2130 3798 2198 Δημητρίου.

2374 2282 2714 2353 Ἀνεγνώσθη
2747 2285 2811 2337 ἐκ
2848 2282 2943 2336 τοῦ
2977 2285 3281 2355 μαρτυρίου
3323 2284 3417 2338 τοῦ
3449 2286 3604 2353 ἁγίου
3637 2286 3885 2358 μεγαλο-

2294 2374 2572 2445 μάρτυρος
2596 2377 2931 2446 Δημητρίου,
2960 2379 3040 2439 είς
3065 2379 3155 2429 τὸν
3186 2378 3347 2430 αὐτὸν
3377 2380 3579 2449 τρόπον
3608 2380 3628 2410 ⁸
3654 2380 3884 2433 ἐκδεδο-

2295 2469 2475 2536 μένον.
2528 2463 2697 2531 Οὗτος
2752 2469 2780 2520 ό
2834 2468 2927 2521 τοῦ
2983 2469 3220 2539 Χριστοῦ
3284 2471 3491 2542 μάρτυς
3537 2474 3884 2544 Δημήτριος,

2293 2561 2466 2629 κῆρυξ
2483 2558 2557 2611 ὢν
2581 2561 2672 2613 καὶ
2701 2560 3017 2623 διδάσκαλος
3043 2562 3144 2630 τῆς
3167 2562 3469 2627 εὐσεὸείας,
3498 2564 3621 2628 τοὺς
3639 2568 3886 2618 ἀποστο-

2291 2657 2473 2721 λικοὺς
2515 2657 2747 2727 δρόμους
2802 2657 2896 2709 καὶ
2924 2658 3051 2719 τοὺς
3084 2658 3301 2725 ἀγῶνας
3330 2660 3602 2729 ἐμιμεῖτο,
3648 2661 3742 2713 καὶ
3774 2660 3888 2729 τὴν

2291 2751 2724 2805 Θεσσαλονικέων
2752 2750 2905 2803 πόλιν
2940 2749 3019 2821 τῷ
3062 2752 3203 2818 φωτὶ
3242 2750 3351 2803 τῶν
3389 2751 3553 2803 αὑτοῦ
3580 2756 3887 2823 κηρυγμά-

2290 2862 2398 2897 των
2423 2842 2519 2897 τοῦ
2549 2844 2649 2913 τῆς
2672 2843 2883 2914 πλάνης
2916 2845 3140 2905 σκότους
3168 2843 3398 2909 ἀπάγων
3438 2845 3659 2915 Χριστῷ
3699 2863 3888 2915 προσ-

2289 2938 2453 3006 ἦγεν·
2487 2932 2556 3008 ἦν
2606 2938 2649 2990 δ’
2682 2936 2829 3007 αὐτῷ
2880 2937 2973 2989 καὶ
3005 2937 3033 2989 6
3081 2935 3195 3005 βίος
3238 2938 3725 3009 συνεξαστράπτων
3760 2941 3889 3003 τοῖς

620 3026 799 3097 batur.
831 3038 945 3091 lhat
965 3051 1096 3090 vero
1118 3043 1383 3104 tyrannus
1410 3031 1475 3084 ad
1515 3031 1887 3099 spectaculum
1926 3027 2189 3095 gladiato—

2294 3030 2546 3099 δόγμασι.
2615 3028 2959 3097 Μαξιμιανὸς
3016 3029 3073 3081 δὲ
3126 3030 3245 3081 τότε
3297 3030 3324 3081 6
3363 3028 3630 3098 θεομάχος
3682 3031 3885 3083 ἐϐασί-

620 3150 764 3199 rum,
791 3140 844 3187 et
876 3138 1083 3199 martyr
1111 3128 1322 3181 vinctus
1352 3125 1416 3179 ad
1441 3124 1571 3177 illud
1597 3122 1827 3176 stadium
1860 3122 2003 3189 quod
2028 3134 2193 3188 prope

622 3236 761 3290 erat,
817 3225 885 3278 ab
912 3222 1093 3291 impiis
1128 3218 1393 3273 ministris
1422 3225 1680 3285 tanquam
1714 3212 2056 3268 Christianus
2084 3212 2192 3265 vita

630 3335 697 3374 ac
723 3316 995 3377 doctrina,
1050 3311 1358 3367 adducitur.
1403 3306 1493 3361 llle
1526 3307 1594 3360 ad
1639 3304 2010 3375 spectaculum
2046 3303 2195 3357 festi-

620 3428 784 3471 nans,
815 3419 1061 3464 sanctum
1108 3407 1282 3458 virum
1333 3401 1500 3471 jussit
1553 3414 1721 3469 prope
1770 3396 2008 3451 Stodium
2037 3437 2053 3459 ,
2103 3396 2193 3450 cui

622 3501 897 3572 publicum
939 3498 1189 3551 balneum
1227 3494 1465 3547 vicinum
1498 3500 1635 3552 erat,
1681 3489 1734 3542 in
1769 3488 1977 3542 fornice
2011 3497 2195 3542 custo-

623 3595 749 3649 diri.
805 3594 935 3646 Erat
981 3599 1160 3641 antem
1196 3586 1555 3656 gladiatorum
1604 3583 1761 3644 alter,
1814 3581 2086 3633 maximus
2114 3588 2195 3649 ty-

622 3681 1039 3741 ranniamicuS,
1069 3678 1161 3746 qui
1216 3675 1461 3730 omnium
1511 3674 1716 3743 optime
1762 3671 2044 3724 videbatur
2096 3685 2195 3738 pu-

622 3787 790 3844 gnare
840 3769 1061 3823 nomine
1092 3765 1302 3835 Lyaeus.
1362 3762 1466 3827 Qui
1525 3771 1705 3814 autem
1728 3775 1854 3813 cum
1884 3758 1976 3812 illo
2016 3773 2080 3811 eo
2110 3759 2196 3812 die

624 3865 1037 3932 depugnaturus
1065 3865 1309 3920 venerat,
1332 3852 1576 3923 plebeius
1593 3858 1736 3915 erat,
1764 3849 1980 3918 juvenis
2011 3856 2191 3912 aetate,

628 3954 852 4009 nomine
900 3949 1114 4004 Nestor.
1170 3945 1461 4016 Tyrannus
1518 3942 1790 4012 cogitabat
1830 3941 1974 3993 illius
2015 3939 2192 4000 aetati,

623 4057 936 4115 quanquam
986 4038 1230 4093 omnium
1282 4035 1482 4089 caedem
1514 4035 1784 4102 spiraret,
1843 4047 2110 4102 parcere:
2142 4039 2196 4084 et

624 4134 955 4205 pecuniam,
1004 4129 1163 4198 cujus
1215 4142 1400 4181 amore
1449 4125 1627 4195 ipsum
1670 4124 2023 4179 existimabat
2070 4138 2193 4176 cum

625 4236 780 4282 tanto
803 4224 1150 4293 antagonista
1170 4219 1431 4289 singulari
1460 4219 1760 4273 certamine
1777 4231 2017 4286 pugnare
2037 4216 2192 4279 velle,

622 4320 875 4373 daturum
909 4332 967 4369 se
1005 4314 1080 4368 illi
1116 4312 1382 4382 promisit.
1416 4308 1487 4364 Ut
1529 4311 1713 4379 itaque
1762 4325 1792 4363 a
1829 4324 2007 4378 pugna
2047 4307 2194 4362 desi-

2294 3121 2449 3173 λευεν
2479 3122 2519 3184 ⁷,
2546 3120 2637 3173 καὶ
2663 3122 2727 3191 τῇ
2752 3120 2851 3189 τῆς
2878 3120 3276 3187 Θεσσαλονίκης
3305 3121 3457 3173 πόλει
3479 3121 3884 3193 ἐπεχωρίαζεν,

2295 3212 2586 3277 ἐπορεύετο
2636 3212 2707 3265 δὲ’
2746 3213 2838 3264 ἐπὶ
2873 3212 3000 3265 θέαν
3058 3214 3402 3282 μονομάχων,
3449 3212 3543 3265 καὶ
3589 3215 3617 3264 ό
3663 3214 3890 3284 μάρτυς

2294 3303 2443 3371 αύτῴ
2468 3302 2772 3371 δεδεμένος,
2806 3300 3034 3370 πλησίον
3066 3319 3168 3354 που
3200 3303 3479 3372 γενομένῳ
3509 3304 3601 3355 τοῦ
3634 3304 3885 3367 σταδίου,

2294 3394 2399 3447 ὑπὸ
2431 3394 2539 3447 τῶν
2566 3398 2664 3465 τῆς
2696 3394 2951 3456 ἀσεϐείας
3003 3395 3292 3463 ὑπηρετῶν
3316 3396 3391 3458 ὼς
3433 3396 3501 3449 τὰ
3531 3397 3890 3465 Χριστιανῶν

2293 3490 2387 3541 καὶ
2417 3488 2631 3559 φρονῶν
2664 3488 2759 3539 καὶ
2786 3486 3077 3558 κηρύσσων
3100 3488 3122 3519 ⁸
3164 3489 3520 3558 προσάγεται.
3568 3490 3627 3542 '0
3655 3490 3710 3542 δέ
3738 3490 3889 3560 πρὸς

2292 3577 2390 3648 τὴν
2420 3578 2550 3631 θέαν
2579 3578 2829 3629 σπεύδων
2860 3578 2951 3629 τὸν
2995 3577 3150 3644 ἆγιον
3193 3578 3406 3631 κελεύει
3440 3580 3612 3651 (παρά
3648 3581 3707 3632 τὸ
3744 3583 3888 3634 στά-

2292 3669 2403 3722 διον
2451 3672 2558 3739 γὰρ
2583 3672 2603 3701 ³
2635 3670 2862 3738 λουτρὸν
2906 3670 3164 3739 δημόσιον
3201 3672 3558 3743 ἐγειτόνευεν)
3592 3672 3647 3724 έν
3692 3690 3800 3726 τινι
3839 3676 3886 3706 ¹⁰

2294 3760 2486 3813 τούτου
2510 3760 2860 3830 φρουρεῖσθαι
2897 3762 3145 3832 καμάρᾳ.
3176 3759 3282 3814 Ἦν
3308 3763 3363 3815 δὲ
3399 3764 3508 3817 τῶν
3554 3766 3888 3835 μονομάχων

2293 3853 2321 3904 6
2357 3852 2589 3919 μάλιστα
2635 3851 2712 3921 τῷ
2764 3852 3011 3922 τυράννῳ
3057 3853 3149 3905 καὶ
3191 3854 3513 3924 φιλούμενος
3558 3856 3652 3908 καὶ
3699 3856 3887 3909 δοκῶν

2294 3944 2435 3995 κατὰ
2458 3943 2676 3995 πάντων
2706 3943 3019 4012 ἀριστεύειν
3042 3945 3242 4006 Λυαῖος
3268 3946 3460 4015 ὄνομα.
3496 3947 3555 3999 '0
3580 3947 3636 3999 δὲ
3661 3947 3886 4017 μέλλων

2294 4036 2415 4089 κατ’
2460 4037 2674 4104 ἐκείνην
2712 4038 2810 4107 τὴν
2856 4037 3067 4106 ἡμέραν
3107 4038 3572 4105 ἀνταγωνίζεσθαι
3616 4039 3766 4109 αὐτῷ
3792 4037 3887 4105 εἷς

2298 4128 2393 4195 μὲν
2428 4123 2494 4197 ἦν
2524 4128 2617 4180 τοῦ
2653 4128 2847 4199 δήμου,
2883 4128 3007 4191 νέος
3025 4129 3082 4182 δὲ
3104 4130 3202 4200 τὴν
3225 4130 3459 4200 ἡλικίαν,
3495 4130 3590 4183 καὶ
3611 4132 3709 4200 τὴν
3736 4132 3886 4202 κλῆ-

2295 4235 2379 4270 σιν
2410 4219 2655 4287 Νέστωρ.
2705 4220 2761 4272 '0
2795 4220 2852 4273 δὲ
2902 4220 3164 4290 τύραννος
3211 4220 3387 4288 ἔδοξεν
3413 4222 3576 4277 αὐτοῦ
3628 4224 3724 4293 τῆς
3755 4225 3885 4294 ἡλι-

2294 4309 2440 4371 κίας.
2477 4311 2653 4363 καίτοι
2692 4311 3006 4380 μιαιφονίαν
3037 4311 3180 4363 κατά
3211 4312 3428 4366 πάντων
3457 4313 3653 4379 πνέων,
3684 4316 3889 4383 φείδε-

623 4404 1018 4463 s'teret°letliali
1051 4403 1257 4465 futura,
1303 4402 1534 4455 monuit.
1578 4400 1803 4468 Excepit
1831 4397 2025 4453 Nestor
2079 4414 2187 4451 non

2297 4400 2421 4454 σθαι
2448 4417 2463 4431 ⁸
2494 4403 2589 4455 καὶ
2635 4404 2895 4474 χρήματα
2926 4403 3044 4471 μὲν,
3081 4395 3156 4455 ὧν
3205 4402 3415 4473 ἐρῶντα
3448 4406 3584 4473 πρὸς
3629 4407 3731 4475 τὴν
3776 4408 3882 4460 τοῦ

622 4496 909 4568 pecuniam
942 4508 1127 4547 amare
1160 4508 1241 4555 se,
1270 4492 1359 4547 sed
1379 4492 1630 4562 gloriam,
1664 4506 1822 4559 quam
1846 4491 1939 4560 qui
1971 4491 2189 4561 Lyaeum

625 4586 1010 4648 interemisset,
1055 4590 1492 4651 consequeretur.
1535 4581 1630 4635 llis
1664 4581 1843 4647 dictis,
1882 4582 1933 4635 in
1967 4598 2189 4637 arenam

623 4676 963 4734 descendens
1005 4672 1297 4729 confestim
1331 4688 1492 4737 eum,
1548 4674 1638 4740 qui
1694 4674 1936 4728 omnium
1985 4676 2191 4745 judicio

623 4773 832 4842 primus
862 4768 1087 4829 ferebat,
1113 4774 1444 4835 prostratum
1476 4758 1684 4819 necavit
1707 4806 1721 4829 ,
1760 4768 1855 4820 sed
1896 4769 2028 4821 nihil
2060 4784 2194 4824 cou-

624 4874 844 4920 secutus
875 4871 959 4916 est
988 4876 1175 4916 eorum
1210 4873 1332 4927 quae
1362 4857 1661 4913 victoribus
1702 4860 1972 4927 proposita
2002 4869 2189 4914 erant:

626 4953 957 5009 intolerabili
982 4966 1110 5005 vero
1143 4949 1331 5004 dolore
1354 4957 1408 5001 et
1453 4948 1526 5001 ita
1551 4957 1838 5018 tyrannum
1879 4949 2189 5017 complevit,

623 5058 678 5101 et
727 5060 956 5115 surgens
999 5059 1028 5097 e
1077 5039 1359 5105 cathedra,
1396 5039 1475 5093 ira
1511 5039 1770 5094 incensus
1810 5040 1960 5093 illinc
1995 5041 2194 5110 impius

625 5136 846 5190 domum
872 5134 1123 5189 discedit.
1147 5132 1283 5187 Cum
1309 5146 1436 5185 vero
1489 5131 1565 5184 illi
1607 5131 1826 5200 quidam
1861 5147 1890 5183 a
1924 5132 2196 5185 Demetrio

627 5238 867 5298 martyre
897 5227 1214 5281 nuntiarent
1246 5241 1530 5280 sermones
1566 5244 1579 5278 :
1613 5226 1767 5293 quasi
1805 5224 1989 5279 furore
2030 5237 2195 5293 atque

626 5318 902 5387 impietate
930 5316 1137 5383 ebrius,
1170 5315 1443 5387 simulque
1482 5325 1652 5382 ratus,
1709 5332 1867 5370 omen
1895 5316 2195 5371 infaustum

2298 4494 2619 4564 τηλικούτου
2677 4494 3082 4563 ἀνταγωνιστοῦ
3140 4498 3474 4566 μονομαχίαν
3523 4499 3882 4570 ἐπιρρίπτειν

2301 4589 2489 4641 ἑαυτὸν
2517 4590 2755 4658 ἐνόμιζε,
2784 4588 2975 4641 δώσειν
3008 4589 3338 4659 ὑπισχνεῖτο,
3373 4591 3672 4660 ἀποστῆναι
3700 4592 3756 4645 δέ
3777 4595 3882 4647 τοῦ

2300 4681 2510 4748 ἀγῶνος
2530 4681 2603 4743 ὡς
2620 4680 2864 4751 ὀλεθρίου
2879 4680 3029 4751 αὐτῷ
3045 4681 3301 4750 ἐσομένου
3321 4682 3572 4752 παρῄνει.
3592 4681 3758 4753 [1405
3779 4684 3885 4757 IL]

2316 4772 2372 4825 '0
2406 4773 2462 4825 δὲ
2499 4773 2725 4841 Νέστωρ
2758 4772 2857 4823 οὐκ
2898 4772 3000 4841 ἔφη
3043 4773 3362 4842 χρημάτων,
3399 4774 3553 4843 δόξης
3585 4775 3629 4827 δ’
3670 4776 3713 4806 ¹¹
3741 4777 3885 4848 ἑρᾷν

2301 4866 2400 4931 τῆς
2444 4864 2511 4916 δι’
2549 4858 2622 4916 ὧν
2655 4867 2696 4895 ι’
2732 4864 2861 4936 [764
2903 4863 2995 4935 IL]
3052 4864 3362 4934 ἀναιρεθείη
3423 4868 3622 4929 Λυαῖος
3663 4868 3742 4938 τῷ
3776 4870 3886 4921 ἀν·-

2303 4955 2477 5006 ελόντι
2533 4956 2807 5024 φυομένης
2844 4956 2908 5008 ³³.
2941 4957 3052 5009 Καὶ
3095 4955 3254 5008 τοῦτο
3284 4956 3452 5009 εἰπὼν
3505 4960 3886 5028 συμπλέκεται

2307 5047 2403 5113 μὲν
2440 5046 2483 5077 ιδ
2514 5046 2591 5114 τῷ
2620 5047 2771 5115 παρά
2805 5048 3022 5100 πάντων
3046 5047 3367 5117 ύμνουμένῳ
3406 5051 3637 5120 ἀριστεῖ,
3679 5051 3886 5106 θᾶττον

2301 5135 2357 5188 δὲ
2406 5135 2729 5188 καταϐάλλει
2777 5140 2871 5191 καὶ
2920 5140 3153 5209 ἀναιρεῖ.
3180 5141 3289 5191 Καὶ
3335 5142 3591 5210 τυγχάνει
3633 5143 3731 5213 μὲν
3764 5146 3886 5198 τῶν

2301 5230 2676 5297 ἀποκειμένων
2708 5233 2821 5293 τοῖς
2856 5232 3118 5302 κρατοῦσι
3150 5232 3415 5303 βραϐείων
3463 5234 3697 5302 οὐδενὸς,
3735 5238 3885 5306 πλη-

2306 5318 2389 5387 ροῖ
2414 5316 2469 5369 δὲ
2498 5317 2587 5369 τὸν
2611 5317 2872 5388 τύραννον
2904 5322 3182 5393 ἀφορήτου
3216 5322 3391 5394 λύπης
3419 5326 3514 5377 καὶ
3539 5327 3726 5397 ὀργῆς.
3761 5330 3887 5384 Καὶ

1892 5456 2127 5511 VARI/8
2194 5457 2602 5518 LECTIONES.

723 5553 743 5585 ³
767 5554 967 5621 ἐπέστη
1000 5553 1038 5606 Β
1076 5573 1088 5608 :
1125 5553 1331 5622 ύπέστη
1365 5570 1426 5617 ς.
1520 5553 1564 5622 _‘
1585 5553 1757 5608 πολλὰ
1778 5571 1887 5609 om.
1917 5557 1983 5608 A.

632 5626 651 5657 θ
695 5616 976 5693 κηρύττων
1022 5641 1080 5687 ς.
1185 5628 1205 5656 ⁹
1238 5616 1345 5693 γάρ
1378 5616 1466 5677 Ᾱξ
1512 5616 1556 5690 ᾧ
1586 5641 1648 5687 ς.

636 5696 677 5729 ¹³
700 5694 1033 5766 φαινομένης
1068 5694 1126 5748 Β.
1235 5696 1277 5726 ’δ
1314 5694 1412 5765 μὲν
1446 5696 1570 5751 add-
1604 5694 1661 5751 Βο

2097 5557 2117 5587 ⁸
2149 5575 2208 5610 τε
2240 5573 2347 5613 om.
2396 5558 2456 5613 Β.

1754 5626 1794 5657 ¹⁰
1820 5625 1877 5679 ἕν
1897 5643 2003 5680 τινι
2029 5626 2071 5681 Λ
2104 5645 2115 5681 :
2154 5629 2210 5682 ἐν
2242 5634 2306 5701 τῇ
2340 5647 2398 5694 ς.

2570 5563 2591 5593 ⁸
2620 5562 2781 5615 τόπον
2823 5563 2862 5616 Α
2877 5603 2892 5617 .

3006 5562 3374 5639 τὲβαρίξευεν
3413 5565 3448 5639 εδ.
3488 5564 3753 5638 θεομάχος
3807 5594 3877 5639 ς.

2515 5633 2553 5664 ³³
2590 5632 2745 5687 δἈς
2785 5636 2837 5702 γ’
2885 5651 2944 5698 ς.

3064 5635 3106 5666 ι’
3145 5630 3242 5705 ὼν]
3297 5625 3357 5685 οὗ
3410 5632 3451 5686 Β
3503 5625 3752 5697 ριἐόὶτί
3801 5625 3880 5704 ft;
