4152 6420
306 316 420 379 105

1250 324 1781 390 BIBLIOTHECA.
1805 352 1871 364 --
1910 330 2126 392 CODD.
2167 333 2368 408 CCLV,
2398 333 2630 398 CCLVI.

3472 352 3569 412 106

297 433 603 483 ἀνίσταται
637 430 739 499 τῆς
773 432 817 464 ¹⁵
868 432 1135 505 καθέδρας
1171 434 1511 508 θυμομαχῶν
1556 441 1585 493 ό
1627 439 1874 508 δυσσεϐὴς

1999 441 2263 507 oblatum,
2290 458 2417 498 cum
2447 456 2672 503 sanctus
2696 448 2745 501 ei
2780 448 2846 504 ad
2872 449 3107 507 stadium
3139 459 3449 524 properanti
3483 473 3572 515 oc-

295 521 403 573 καὶ
430 520 615 574 οἴκαδε
645 521 898 593 ἐπανῄει.
935 525 1086 579 Ἐπεὶ
1112 525 1171 578 δέ
1196 526 1347 598 αὐτῷ
1370 545 1516 593 τινες
1547 529 1739 599 λόγους
1762 531 1886 600 ἐφε-

297 628 400 683 ρον
428 614 561 683 περὶ
586 613 629 644 ⁸⁸
654 614 748 667 τοῦ
786 616 1062 687 μάρτυρος
1083 619 1419 690 Δημητρίου,
1445 621 1542 675 ἆτε
1574 621 1638 692 δὴ
1669 622 1886 693 μεθύων

294 705 393 756 καὶ
427 705 474 735 ¹⁷
508 704 592 776 τῷ
640 705 798 777 θυμῷ
844 708 941 762 καὶ
972 712 1040 779 τῇ
1077 709 1324 782 ἀσεϐείᾳ,
1361 712 1455 765 καὶ
1493 713 1612 783 ἅμα
1657 713 1885 783 νομίσας

294 795 373 857 ὡς
411 797 606 859 οίωνὺς
638 797 788 869 αὐτῷ
818 800 1041 867 γέγονεν
1070 802 1171 855 οὐκ
1193 802 1398 871 ἀγαθὸς
1427 805 1460 874 ὴ
1494 805 1636 859 κατὰ
1663 806 1723 859 τὸ
1755 809 1886 861 στά-

292 887 408 939 διον
437 889 659 943 ἀπιόντι
707 891 801 944 τοῦ
850 891 1007 960 ἁγίου
1057 894 1408 965 συνάντησις,
1457 896 1681 966 λόγχαις
1722 899 1781 950 ἐν
1810 892 1893 962 οἷς

294 980 598 1053 καθέῖρκτο
633 984 823 1049 τόποις
851 985 1062 1040 κελεύει
1091 988 1280 1041 τοῦτον
1322 988 1699 1061 ἀναιρεθῆναι.
1734 990 1807 1043 Τὸ
1835 990 1893 1045 δὲ

294 1074 466 1143 σῶμα
484 1075 579 1128 τοῦ
602 1077 876 1147 μάρτυρος
890 1079 940 1131 oi
956 1079 1077 1133 τότε
1093 1079 1203 1133 τῶν
1219 1080 1588 1135 εὐσεϐούντων
1608 1081 1783 1151 λάθρα
1796 1084 1891 1136 καὶ

292 1168 525 1232 νυκτὸς,
561 1169 685 1222 καθ’
715 1170 840 1223 ὅσον
869 1171 1053 1236 αὐτοῖς
1084 1174 1113 1225 ό
1140 1174 1249 1226 τῶν
1288 1173 1695 1227 δυσσεϐοὐντων
1725 1174 1890 1242 φόϐος

290 1260 626 1332 συνεχώρει,
659 1265 718 1317 ἐν
765 1264 952 1327 αὐτοῖς
997 1266 1264 1336 ἐρειπίοις
1292 1268 1350 1319 ἐν
1397 1260 1479 1330 οἷς
1520 1268 1618 1338 τὴν
1668 1265 1884 1337 σφαγὴν

290 1354 536 1425 ὑπέστη,
568 1355 671 1425 τὴν
701 1357 807 1427 γῆν
839 1356 1202 1429 ἀνορύξαντες
1231 1357 1518 1412 θάπτουσι.
1553 1358 1664 1412 Καὶ
1692 1358 1882 1428 χρόνον

290 1442 474 1507 οὕτως
496 1445 716 1513 ἔμεινεν
748 1446 834 1516 ἐφ’
869 1448 1073 1511 ἰκανὸν,
1107 1451 1166 1502 ἐν
1195 1447 1355 1519 ὕϐρει
1389 1449 1467 1520 μὴ
1497 1446 1880 1520 ὑϐριζόμενος·

289 1536 400 1589 τῶν
430 1538 549 1610 γὰρ
573 1539 868 1610 θαυμάτων
901 1542 936 1612 ἡ
963 1541 1123 1613 χάρις
1149 1541 1245 1595 καὶ
1271 1541 1379 1595 τῶν
1410 1541 1608 1595 ίάσεων
1636 1542 1672 1611 ἡ
1710 1541 1883 1612 εὐφη·⁹

292 1634 389 1703 μία
417 1633 525 1705 τὴν
548 1632 706 1703 ὓϐριν
731 1635 1034 1705 ἀπήλαυνε.
1069 1635 1321 1699 Λεόντιος
1356 1635 1415 1689 δέ
1437 1651 1522 1699 τις
1539 1634 1678 1706 ἀνὴρ
1703 1634 1885 1703 θεοφι-

1991 539 2279 597 currisset.
2315 538 2487 594 hastis
2513 555 2582 596 eo
2621 556 2733 611 quo
2759 544 3189 601 concludebatur
3234 548 3375 616 loco,
3417 551 3575 620 jubet

1994 628 2249 683 interﬁci.
2281 628 2362 683 Pii
2392 646 2525 686 vero
2559 648 2759 703 corpus
2792 636 3051 706 martyris
3072 678 3089 703 ,
3129 638 3270 693 clam
3303 641 3373 695 de
3393 653 3574 709 nocte,

1993 722 2217 790 quando
2237 723 2350 779 illis
2373 725 2664 795 impiorum
2696 737 2869 782 terror
2894 728 3092 800 4691)
3122 732 3490 801 permittebat,
3518 736 3573 791 in

1994 813 2286 869 ruderibus
2317 816 2370 869 in
2401 817 2602 886 quibus
2629 818 2952 875 interfectus
2980 828 3140 885 erat,
3200 823 3393 880 eﬂossa
3426 835 3571 882 terra

1993 903 2286 970 sepeliunt.
2323 903 2391 958 Et
2416 906 2498 961 sic
2529 907 2846 976 aliquandiu
2882 909 3086 979 injuria
3123 916 3420 982 permansit
3468 916 3572 971 im-

1992 996 2178 1050 munis
2212 1013 2227 1050 :
2258 997 2648 1057 miraculorum
2678 1004 2823 1058 enim
2875 1008 3046 1075 gratia
3072 1048 3087 1073 ,
3137 1019 3191 1064 et
3220 1013 3569 1067 curationum

1990 1086 2137 1143 fama
2183 1088 2440 1158 injuriam
2489 1093 2734 1159 depulit:
2755 1095 2985 1162 Quidam
3026 1114 3158 1154 vero
3185 1100 3447 1158 Leontius
3486 1103 3573 1158 vir

1988 1179 2112 1249 pius
2131 1180 2338 1251 (postea
2363 1183 2760 1253 praefecturam,
2788 1204 2894 1258 qua
2917 1189 3189 1260 Illyricum
3216 1194 3572 1249 administra-

1987 1270 2085 1337 vit,
2117 1272 2368 1344 adeptus)
2402 1276 2581 1330 locum
2606 1279 2855 1347 expians,
2884 1282 2938 1335 in
2967 1297 3078 1351 quo
3103 1286 3276 1339 sancti
3308 1287 3569 1358 martyris

1989 1363 2236 1434 reliquiae
2257 1370 2704 1437 conquieverunt,
2739 1382 2795 1425 et
2829 1374 3393 1443 amplians,excitavit
3423 1388 3565 1433 temo

1993 1450 2145 1520 plum
2177 1467 2244 1507 eo
2284 1453 2408 1509 loco
2426 1457 2653 1528 martyri
2683 1473 2977 1517 commune
3006 1465 3448 1533 propitiatorium
3504 1474 3561 1521 et

1991 1542 2301 1614 perfugium
2342 1562 2451 1601 non
2507 1548 2914 1608 Thessalonica:
2964 1556 3178 1623 solum,
3220 1558 3314 1613 sed
3344 1568 3401 1613 et
3437 1573 3561 1612 om-

1993 1636 2152 1691 nibus
2210 1635 2479 1695 ﬁnitimis.

289 1727 548 1793 λέστατος
604 1730 813 1800 χρόνοις
871 1730 915 1762 ¹⁸
958 1730 1182 1800 ὕστερον
1226 1729 1325 1800 τῆς
1377 1727 1778 1799 ἐπαρχότητος,
1813 1727 1847 1797 ἢ
1878 1728 2053 1782 διεῖπε
2081 1728 2142 1781 τὸ
2171 1728 2487 1803 Ἰλλυρικὸν,
2516 1733 2611 1787 τὸν
2637 1734 2826 1804 θρόνον
2852 1735 3054 1809 λαχὼν,
3079 1740 3463 1814 περικαθάρας
3499 1740 3564 1797 τό

292 1821 495 1892 χωρίον
522 1823 583 1874 ἐν
607 1815 651 1889 ᾧ
678 1822 739 1875 τὸ
799 1823 894 1877 τοῦ
936 1824 1210 1894 μάρτυρος
1251 1822 1511 1877 ἀπέκειτο
1546 1819 1821 1888 λείψανον,
1858 1819 1953 1871 καὶ
1979 1818 2214 1889 εὐρύνας
2241 1823 2516 1894 ἀνεγείρει
2540 1826 2633 1878 τὸν
2677 1827 3025 1899 περιώνυμον
3081 1824 3234 1885 οἷκον
3298 1831 3377 1905 τῷ
3412 1835 3559 1906 μάρ-

292 1929 437 1983 τυρι,
506 1914 691 1966 κοινὸν
732 1913 1045 1986 ἱλαστήριον
1078 1916 1174 1969 καὶ
1211 1912 1550 1986 προσφύγιον
1582 1911 1645 1966 οὐ
1683 1913 1749 1982 τῇ
1776 1910 2216 1967 Θεσσαλονικέων
2256 1913 2395 1987 μόνῃ
2422 1915 2601 1982 πόλει,
2632 1917 2770 1971 αλλὰ
2793 1920 2889 1973 καὶ
2915 1922 3052 1976 πᾶσι
3082 1927 3198 1988 τοῖς
3229 1923 3485 1996 πέρασιν.

994 2011 1180 2067 ΣΝΕΤ.

994 2015 1082 2065 ΣΝ
1146 2015 1180 2067 '.

298 2101 586 2175 Πολιτεία.
628 2100 748 2175 τῶν
775 2103 991 2175 ἁγίων-
1008 2015 1285 2173 Ηαῖἐρων
1315 2106 1750 2175 Μητρυςεάνους
1780 2100 1880 2157 καὶ

382 2171 797 2244 Ἀέεξάνδρου,
824 2170 917 2226 ’ἐν
954 2170 993 2244 ἦ
1036 2175 1134 2228 καὶ
1161 2170 1204 2229 ’ό
1238 2170 1879 2242 ,ϐίοςΚωνσταντίνου

372 2239 477 2298 τοῦ
496 2242 764 2311 μεγάλου
786 2239 1113 2311 βασιλέως.

379 2336 704 2407 Ἀνεγνώσθη
737 2338 803 2391 ἐκ
838 2336 935 2390 τοῦ
976 2337 1136 2406 λόγου
1167 2338 1225 2401 ὃς
1260 2338 1666 2409 ἐπιγέγραπται
1697 2339 1879 2390 Πολι-

324 2430 443 2480 τεία
471 2428 579 2481 τῶν
598 2429 777 2499 ἁγίων
803 2427 1081 2497 Πατέρων
1103 2428 1292 2499 ἡμῶν,
1319 2428 1752 2499 Μητροφάνους
1776 2428 1875 2483 καὶ

331 2521 724 2591 Ἀλεξάνδρου·
780 2525 838 2576 ἐν
878 2515 923 2591 ᾧ
956 2523 1049 2576 καὶ
1086 2524 1115 2577 ό
1166 2522 1281 2588 Βίος
1330 2522 1740 2578 Κωνσταντίνου
1779 2520 1875 2574 τοῦ

308 2614 581 2684 βασιλέως,
612 2616 711 2688 τὴν
738 2617 908 2689 αὐτὴν
937 2616 1026 2671 διὰ
1058 2617 1158 2689 τῆς
1194 2616 1459 2678 ἐκδόσεως
1504 2617 1875 2686 παρεχόμενος

300 2708 499 2777 χρείαν.

376 2800 876 2873 Ἐννεακαιδεκατῳ
905 2801 1015 2856 ἔτει
1042 2802 1142 2873 τῆς
1163 2802 1545 2872 Διοκλητιανοῦ
1574 2801 1870 2871 βασιλείας,

294 2896 389 2964 τῆς
418 2892 477 2946 δὲ
517 2891 616 2947 τοῦ
673 2893 931 2964 Σωτῆρος
959 2892 1119 2966 ήμῶν
1161 2893 1337 2964 Ἰησοῦ
1377 2892 1614 2963 Χριστοῦ
1662 2910 1871 2963 παρουο

293 2985 411 3048 σίας
488 2985 746 3057 πέμπτου
809 2986 907 3040 καὶ
962 2984 1378 3056 τριακοσιοστοῦ
1430 2986 1603 3051 ἔτους,
1656 2986 1816 3040 πάλιν
1844 2987 1874 3040 ό

291 3074 407 3129 καθ’
441 3075 606 3145 ἡμῶν
666 3075 972 3146 ἐκρατύνθη
1006 3075 1279 3147 διωγμόςο
1310 3077 1367 3128 ἐν
1418 3069 1462 3144 ᾧ
1500 3076 1679 3147 χρόνῳ
1719 3077 1872 3129 Κων-

286 3170 569 3230 παντῖνος
621 3165 825 3237 ἔφηϐος
884 3161 974 3238 ἦν,
1016 3168 1046 3220 ό
1102 3169 1232 3230 παῖς
1293 3165 1697 3220 Κωνσταντίου.
1765 3166 1871 3220 Τὸν

284 3261 697 3313 Κωνσταντῖνον
724 3259 804 3325 δὲ,
831 3259 932 3313 οὐκ
957 3254 1052 3313 οἶδ’
1074 3260 1197 3315 ὅθεν
1226 3260 1255 3314 ό
1279 3260 1632 3331 συγγραφεὺς
1658 3257 1867 3330 μαθὼν,

281 3353 375 3406 καὶ
411 3352 484 3405 τὰ
540 3352 662 3420 ἱερὰ
699 3352 1007 3422 γράμματα
1053 3351 1207 3423 παρὰ
1250 3351 1345 3405 τοῦ
1396 3352 1605 3422 πατρὸς
1654 3351 1868 3421 μαθεῖν,
1896 3351 1940 3408 C

276 3443 542 3497 animi.
582 3442 843 3513 Καίσαρα
881 3443 1012 3515 παρ’
1056 3441 1223 3497 αὐτοῦ
1258 3444 1697 3515 χειροτονηθῆναι
1734 3443 1869 3496 ἀνα-

274 3536 486 3607 γράφει
506 3550 521 3565 ·
576 3534 915 3603 καταστῆναι
946 3534 1003 3588 δὲ
1047 3534 1143 3590 καὶ
1175 3536 1256 3599 είς
1294 3534 1424 3590 θέαν
1453 3534 1867 3590 Κωνσταντίνου

276 3632 333 3680 ἐν
354 3630 474 3690 τοῖς
500 3626 729 3697 ἐφήϐοις
757 3625 1037 3690 τελοῦντος
1058 3629 1116 3680 ἐν
1146 3626 1677 3699 Παλαιστίνῃ,ήνίκα
1700 3625 1869 3697 συνῆν

276 3718 657 3790 Διοκλητιανῷ
705 3720 847 3773 κατὰ
897 3719 997 3790 τῆς
1040 3719 1319 3789 Αἰγύπτου
1361 3719 1711 3791 στρατεύοντι
1761 3719 1863 3772 ἐπα

274 3814 584 3874 ανάστασις
608 3812 665 3864 δέ
706 3829 791 3874 τις
830 3811 999 3865 ἐκίνει
1020 3810 1111 3866 τὸν
1144 3812 1401 3883 πόλεμον.

379 3906 480 3958 Οτι
525 3903 661 3974 φησὶ
701 3904 792 3956 τὸν
830 3904 1173 3973 Μαξιμιανὸν
1198 3905 1548 3976 ἐνεδρεύοντα
1590 3907 1683 3962 τὸν
1712 3910 1866 3963 Κων-

274 3998 566 4050 σταντῖνον
601 3994 811 4048 ἀνελεῖν
856 3994 931 4065 μὴ
964 3993 1179 4049 λαθεῖν⁹
1216 3995 1300 4049 διὸ
1337 3998 1431 4051 καὶ
1470 3998 1607 4069 πρὸς
1634 3998 1725 4052 τὸν
1754 4018 1863 4053 πα-

270 4089 411 4159 τέρα
447 4086 663 4156 φεύγει.
691 4086 803 4141 Καὶ
826 4086 1163 4141 τελευτῶντα
1190 4088 1511 4143 καταλαϐὼν
1542 4095 1863 4163 χειροτονεῖ·

275 4289 365 4325 σιν
392 4273 573 4323 εἰπεῖν
603 4270 695 4323 τὸν
724 4271 922 4343 εὐσεϐῆ
963 4273 1363 4326 Κωνστάντιονσ
1391 4274 1522 4328 Νῦν
1546 4278 1581 4331 ό
1606 4275 1861 4343 θάνατός

269 4382 372 4433 μοι
406 4362 519 4431 τῆς
552 4363 702 4431 ζωῆς
751 4363 1060 4433 ἡδύτερος,
1108 4364 1401 4434 μέγιστον
1438 4367 1723 4438 ἐντάφιον
1754 4372 1862 4423 λα-

273 4455 442 4507 ϐόντι
482 4454 598 4520 τὴν
617 4453 742 4520 σὴν
770 4454 1117 4523 ἠγεμονίαν,
1147 4454 1239 4509 υἱέ
1264 4473 1400 4525 μου.
1438 4456 1509 4511 Τὸ
1542 4460 1651 4528 γὰρ
1679 4477 1860 4513 κατα-

272 4545 481 4599 λιπεῖν
511 4544 612 4599 ἐπὶ
650 4544 760 4615 γῆς
782 4546 1048 4610 ,βασιλέα
1094 4547 1167 4601 τὰ
1216 4546 1587 4615 Χριστιανῶν
1630 4548 1861 4619 δάκρυα

2658 2010 2884 2066 CCLVl.

1983 2092 2527 2172 Polit_ia_sanctorum
2559 2098 2791 2172 Pa_trum
2843 2100 3207 2172 Metropltanir
3245 2115 3293 2159 et
3326 2106 3558 2165 Alexan-

2050 2167 2157 2229 dri,
2186 2167 2366 2237 inqua
2392 2171 2454 2221 de
2474 2168 2584 2223 vita
2616 2168 2957 2226 Constantini
2986 2167 3340 2232 imperatoris.

2049 2322 2177 2395 Legi
2223 2326 2460 2393 librum,
2510 2329 2604 2399 qni
2652 2330 2971 2387 inscribitur
3009 2333 3207 2391 Politia
3247 2349 3555 2397 sanctorum

1976 2412 2206 2468 Patrum
2261 2425 2565 2472 nostrorum
2620 2418 2981 2491 Metrophunis
3038 2435 3088 2479 et
3138 2427 3465 2493 Alexandri,
3496 2432 3553 2487 in

1975 2521 2086 2575 quo
2119 2507 2283 2586 etiam
2322 2509 2430 2563 vita
2454 2509 2804 2566 Constantini
2842 2516 3189 2585 imperatoris
3223 2534 3330 2575 non
3376 2523 3554 2580 mino-

1976 2615 2088 2653 rem
2141 2599 2386 2657 editione
2416 2603 2664 2673 praebens
2694 2604 3019 2662 utilitatem.

2043 2771 2267 2829 Decimo
2325 2790 2475 2831 nono
2522 2792 2669 2833 anno
2711 2778 2924 2849 imperii
2981 2780 3340 2855 Diocletiani,
3403 2801 3551 2842 anno

1972 2862 2175 2917 Christi
2228 2863 2337 2919 505
2369 2881 2592 2921 rursum
2646 2869 2700 2923 in
2754 2868 3098 2928 Christianos
3146 2876 3329 2945 gravis
3377 2880 3553 2934 saeviit

1974 2955 2303 3021 persecutio,
2337 2972 2450 3026 quo
2490 2969 2735 3030 tempore
2781 2961 3176 3020 Constantinus
3240 2967 3551 3026 Constantii

1972 3042 2120 3099 ﬁlius
2142 3061 2207 3099 ex
2242 3048 2468 3117 ephebis
2492 3053 2736 3127 nondum
2761 3064 3095 3110 excesserat.
3121 3055 3548 3117 Constantinum

1970 3149 2100 3188 vero
2130 3139 2317 3191 nescio
2346 3140 2491 3196 unde
2520 3142 2759 3213 scriptor
2791 3143 3051 3201 hauriens
3074 3186 3091 3212 ,
3135 3149 3331 3206 scribit
3373 3151 3549 3207 sacris

1973 3222 2412 3283 Christianorum
2442 3243 2472 3284 a
2509 3238 2735 3300 parente
2775 3232 3068 3301 imbutum,
3102 3244 3157 3290 et
3179 3235 3451 3293 Caesarem
3477 3241 3548 3294 ab

1971 3329 2038 3371 eo
2068 3319 2443 3375 renuntiatum
2477 3339 2492 3377 :
2526 3338 2586 3377 se
2634 3333 2823 3378 autem
2878 3326 3084 3382 vidisse
3130 3326 3546 3388 Constantinum

1971 3407 2112 3463 inter
2155 3411 2418 3480 ephebos,
2450 3422 2748 3468 merentem
2787 3416 2844 3469 in
2873 3413 3165 3473 Palaastina
3199 3420 3303 3475 sub
3330 3419 3546 3476 Diocle-

1971 3502 2120 3554 tiano
2148 3514 2274 3557 cum
2305 3502 2580 3574 Egyptiis
2613 3506 2813 3559 bellum
2839 3520 3083 3579 gerente.
3115 3509 3327 3566 Seditio
3360 3523 3546 3568 autem

1970 3600 2135 3660 atque
2174 3590 2409 3648 defectio
2437 3594 2558 3648 belli
2600 3610 2767 3651 causa
2801 3598 3034 3653 exstitit.

2039 3902 2226 3957 Refert
2258 3903 2680 3961 Constantinum
2706 3948 2722 3973 ,
2778 3908 2928 3978 quod
2969 3908 3095 3963 vitae
3138 3924 3253 3965 suae
3293 3910 3543 3967 insidiari

1964 3993 2354 4050 Maximianum
2385 3997 2749 4069 cognoviSSet,
2772 3999 2896 4055 ideo
2918 4001 2984 4055 ad
3007 4010 3289 4071 parentem
3315 4001 3542 4073 fugisse,

1964 4098 2018 4141 et
2060 4102 2092 4141 a
2143 4088 2476 4143 moribundo
2516 4089 2736 4160 imperii
2768 4106 3149 4147 successorem
3179 4091 3549 4152 declaratum.-

1964 4176 2120 4232 Tunc
2153 4178 2538 4234 Constantium
2573 4181 2723 4251 pium
2756 4183 2913 4237 aiunt
2941 4183 3148 4239 dixisse
3176 4200 3190 4237 :
3226 4182 3383 4238 Nunc
3399 4202 3541 4242 mors

1963 4270 2094 4324 mihi
2125 4271 2572 4340 vitajucundior,
2615 4290 2735 4326 cum
2771 4284 2944 4337 tuum,
2989 4274 3072 4343 ﬁli
3105 4275 3217 4341 mi,
3262 4276 3544 4346 imperium

1961 4363 2186 4416 maximi
2232 4364 2408 4417 instar
2454 4364 2680 4432 sepulcri
2736 4365 2806 4418 sit
2862 4365 3125 4433 futurum.
3191 4365 3346 4431 Quod
3398 4369 3541 4422 enim

1961 4456 2256 4525 relinquam
2292 4456 2346 4510 in
2384 4466 2525 4509 terra
2552 4457 2945 4525 imperatorem,
2979 4458 3070 4527 qui
3108 4456 3541 4514 Christianorum

1959 4546 2227 4617 lncrymas
2257 4546 2431 4601 valeat
2474 4549 2771 4616 detergere,
2802 4556 2852 4601 et
2881 4549 3072 4602 sistere
3096 4550 3306 4620 iniquas
3369 4553 3537 4608 credes

274 4638 597 4707 περιμάξαι
627 4638 968 4707 δυνάμενον
996 4639 1093 4694 καί
1124 4640 1350 4708 στῆσαι
1386 4639 1493 4694 τὸν
1520 4641 1734 4696 ἄδικον
1753 4644 1860 4712 φό-

1975 4654 2088 4707 yuas
2119 4637 2481 4692 Maiimianus
2516 4648 2700 4692 contra
2733 4638 3069 4696 Christianos
3110 4645 3411 4699 machinari
3435 4662 3541 4700 non

273 4699 389 4783 νον
407 4699 902 4799 ’δν-Μαξιμιάνὸς
944 4733 1016 4783 οὐ
1046 4699 1237 4799 λήγει·
1257 4730 1405 4785 κατὰ
1430 4731 1549 4784 τῶν
1580 4699 1855 4801 Χρισέια-

1975 4699 2178 4789 lesinit.
2194 4727 2312 4797 jam
2344 4728 2547 4798 felicem
2586 4729 2714 4783 mihi
2749 4731 2844 4784 dat
2873 4733 3123 4801 quietem.
3155 4733 3372 4791 Tertius
3406 4744 3539 4792 tunc

272 4822 399 4875 νῶν
427 4821 884 4891 πωαμώμενος,
916 4821 1033 4891 ἤδη
1053 4840 1156 4892 μοι
1181 4822 1295 4889 τὴν
1322 4824 1617 4892 μακαρίαν
1651 4824 1862 4878 δίδωσι

269 4911 482 4979 λῆξιν.
516 4912 713 4981 Τρίτον
751 4912 796 4963 δ’
839 4910 937 4981 ήδη
987 4911 1108 4963 τότε
1136 4905 1206 4981 ἦν
1254 4910 1373 4971 ἔτος
1401 4912 1495 4964 τοῦ
1529 4911 1650 4964 καθ’
1702 4911 1860 4981 ἡμῶν

1957 4820 2222 4889 agebatur
2253 4834 2431 4875 annus
2462 4821 2868 4891 persecutionis
2920 4823 2974 4877 in
3002 4823 3350 4882 Christianos
3390 4828 3539 4883 exci-

1957 4919 2100 4976 tatae,
2134 4925 2244 4980 quo
2275 4910 2630 4967 Constantius
2660 4928 2783 4967 cum
2827 4924 3038 4971 aeterno
3064 4934 3231 4987 regno
3264 4921 3533 4976 caducum

273 5002 543 5071 διωγμοῦ,
582 5004 640 5055 ἐν
671 4996 713 5069 ᾧ
738 5002 833 5054 καὶ
860 5001 1237 5064 Κωνστάντιος
1283 5001 1420 5071 πρὸς
1449 5000 1550 5071 τὴν
1579 5000 1858 5070 ἄφθαρτον

1975 5000 2330 5068 :ommutavit,
2352 5000 2635 5073 liliumque
2654 5003 2940 5060 declarans
2961 5006 3368 5075 imperatorem,
3397 5026 3533 5080 pra:-

278 5096 560 5166 βασιλεὶαν
588 5096 687 5164 τὴν
720 5095 984 5165 ἐπίκηρον
1010 5093 1235 5164 ἧμειψε,
1270 5094 1364 5146 καὶ
1384 5092 1475 5146 τὸν
1503 5093 1617 5144 υἱὸν
1647 5093 1857 5163 ἀνακη-

280 5190 445 5259 ρύξας
477 5187 728 5257 βασιλέα,
752 5188 970 5258 κήρυκα
1004 5186 1104 5256 τῆς
1134 5183 1417 5247 εὐσεϐείας
1450 5186 1542 5238 καὶ
1586 5182 1696 5235 τῶν
1726 5184 1860 5253 Χρι-

280 5286 512 5343 στιανῶν
562 5285 879 5355 ὑπερμαχον
904 5281 1313 5335 καταλέλοιπεν.

374 5378 512 5435 1408
540 5375 720 5431 H.765
773 5373 865 5447 IL]
891 5375 1014 5428 Ὅτι
1039 5373 1195 5444 φησὶ,
1228 5371 1470 5442 Σεϐήρου
1497 5370 1637 5440 νόσῳ
1664 5373 1850 5423 τελευ-

279 5475 542 5544 τήσαντος
592 5468 865 5530 Λικίννιος
916 5466 945 5519 ὁ
995 5465 1084 5517 ἐπ’
1135 5463 1340 5532 ἀδελφῇ
1399 5461 1648 5533 γαμϐρὸς
1690 5462 1847 5515 Κων-

1956 5106 2148 5146 conem
2205 5091 2425 5163 pietatis
2473 5091 3022 5166 Cbristianorumque
3068 5106 3532 5167 propugnatorem

1959 5182 2200 5252 reliquit.

2035 5369 2267 5434 Severo,
2304 5370 2515 5440 inquit,
2547 5370 2739 5426 morbo
2767 5370 3039 5426 exstincto
3059 5371 3257 5445 47οα
3289 5370 3534 5428 Licinius

1957 5463 2306 5519 Constantini
2333 5462 2581 5519 sororius
2606 5462 2917 5533 imperavit,
2942 5462 3138 5520 deinde
3168 5464 3532 5520 Maximianus

1522 5618 1760 5675 VARUE
1817 5619 2218 5677 LECTIONES.

350 5775 389 5807 tl
414 5774 511 5842 τῆς
543 5769 582 5821 Β
615 5788 629 5822 ;
666 5769 761 5821 καὶ
796 5768 891 5838 τῆς
917 5785 979 5832 ς,
1057 5766 1100 5797 ¹⁶
1132 5764 1261 5836 περί
1294 5764 1339 5820 Α
1368 5784 1381 5821 Ξ
1419 5762 1573 5837 ποιρά
1605 5780 1666 5827 ς.

562 5864 837 5921 Ριτιιοι.
873 5863 989 5921 (in.
1021 5860 1177 5921 CIV.

1748 5762 1788 5798 ¹⁷
1829 5762 1921 5816 καὶ
1955 5774 2080 5817 ante
2124 5763 2199 5833 τῷ
2242 5763 2370 5829 add.
2415 5765 2479 5819 Α.
2560 5763 2602 5796 ¹⁸
2630 5764 2839 5833 χρόνοις
2862 5765 2901 5818 Α
2936 5782 2949 5820 :
2978 5764 3169 5836 χρόνον
3203 5784 3270 5831 ς.

3076 5855 3114 5915 lt-
