  <div class='ocr_page' id='page_1' title='image "/cluster/home/n/w/nwhite01/storage/ocr_20150623/104/hvd.32044018872853/061.png"; bbox 0 0 4152 6438; ppageno 0'>
   <div class='ocr_carea' id='block_1_1' title="bbox 576 333 673 402">
    <p class='ocr_par' dir='ltr' id='par_1_1' title="bbox 576 333 673 402">
     <span class='ocr_line' id='line_1_1' title="bbox 576 333 673 402; baseline 0.062 -5"><span class='ocrx_word' id='word_1_1' title='bbox 576 333 673 402; x_wconf 78' lang='lat'><strong>137</strong></span> 
     </span>
    </p>
   </div>
   <div class='ocr_carea' id='block_1_2' title="bbox 1726 328 2679 394">
    <p class='ocr_par' dir='ltr' id='par_1_2' title="bbox 1726 328 2679 394">
     <span class='ocr_line' id='line_1_2' title="bbox 1726 328 2679 394; baseline -0.003 0"><span class='ocrx_word' id='word_1_2' title='bbox 1726 330 1989 394; x_wconf 85' lang='lat' dir='ltr'>PHOTII</span> <span class='ocrx_word' id='word_1_3' title='bbox 2029 328 2539 390; x_wconf 81' lang='lat' dir='ltr'><strong>PATRIARCH/E</strong></span> <span class='ocrx_word' id='word_1_4' title='bbox 2571 328 2679 392; x_wconf 87' lang='lat' dir='ltr'><strong>CP.</strong></span> 
     </span>
    </p>
   </div>
   <div class='ocr_carea' id='block_1_3' title="bbox 3729 331 3829 395">
    <p class='ocr_par' dir='ltr' id='par_1_3' title="bbox 3729 331 3829 395">
     <span class='ocr_line' id='line_1_3' title="bbox 3729 331 3829 395; baseline 0 -1"><span class='ocrx_word' id='word_1_5' title='bbox 3729 331 3829 395; x_wconf 86' lang='lat'><strong>108</strong></span> 
     </span>
    </p>
   </div>
   <div class='ocr_carea' id='block_1_4' title="bbox 571 441 2157 523">
    <p class='ocr_par' dir='ltr' id='par_1_4' title="bbox 571 446 2148 523">
     <span class='ocr_line' id='line_1_4' title="bbox 571 446 2148 523; baseline -0.006 -14"><span class='ocrx_word' id='word_1_6' title='bbox 571 454 839 523; x_wconf 85' lang='lat' dir='ltr'><strong>reliquam</strong></span> <span class='ocrx_word' id='word_1_7' title='bbox 872 448 1116 506; x_wconf 76' lang='lat' dir='ltr'><strong>Orientis</strong></span> <span class='ocrx_word' id='word_1_8' title='bbox 1163 458 1372 520; x_wconf 88' lang='lat' dir='ltr'><strong>partem</strong></span> <span class='ocrx_word' id='word_1_9' title='bbox 1429 448 1626 504; x_wconf 87' lang='lat' dir='ltr'><strong>tenuit.</strong></span> <span class='ocrx_word' id='word_1_10' title='bbox 1669 446 1976 503; x_wconf 77' lang='lat' dir='ltr'><strong>Maxentius</strong></span> <span class='ocrx_word' id='word_1_11' title='bbox 2021 460 2148 501; x_wconf 89' lang='lat' dir='ltr'><strong>vero</strong></span> 
     </span>
    </p>
   </div>
   <div class='ocr_carea' id='block_1_5' title="bbox 2261 441 3829 523">
    <p class='ocr_par' dir='ltr' id='par_1_5' title="bbox 2261 441 3829 516">
     <span class='ocr_line' id='line_1_5' title="bbox 2261 441 3829 516; baseline 0.003 -21"><span class='ocrx_word' id='word_1_12' title='bbox 2261 444 2547 498; x_wconf 84' lang='grc' dir='ltr'>σταντίνου</span> <span class='ocrx_word' id='word_1_13' title='bbox 2596 442 2905 516; x_wconf 67' lang='grc' dir='ltr'>βασιλεύεν</span> <span class='ocrx_word' id='word_1_14' title='bbox 2954 443 3053 516; x_wconf 75' lang='grc' dir='ltr'><strong>τήν</strong></span> <span class='ocrx_word' id='word_1_15' title='bbox 3082 443 3138 498; x_wconf 85' lang='grc' dir='ltr'>δὲ</span> <span class='ocrx_word' id='word_1_16' title='bbox 3190 442 3522 516; x_wconf 76' lang='grc' dir='ltr'>λοιπὴν-τῆς</span> <span class='ocrx_word' id='word_1_17' title='bbox 3574 441 3745 515; x_wconf 80' lang='grc' dir='ltr'>Ἒῴας</span> <span class='ocrx_word' id='word_1_18' title='bbox 3784 446 3829 478; x_wconf 81' lang='grc'><strong>¹⁹</strong></span> 
     </span>
    </p>
   </div>
   <div class='ocr_carea' id='block_1_6' title="bbox 575 537 2143 613">
    <p class='ocr_par' dir='ltr' id='par_1_6' title="bbox 575 537 2143 613">
     <span class='ocr_line' id='line_1_6' title="bbox 575 537 2143 613; baseline -0.003 -15"><span class='ocrx_word' id='word_1_19' title='bbox 575 545 825 599; x_wconf 79' lang='lat' dir='ltr'><strong>Romano</strong></span> <span class='ocrx_word' id='word_1_20' title='bbox 859 542 912 596; x_wconf 93' lang='lat' dir='ltr'><strong>in</strong></span> <span class='ocrx_word' id='word_1_21' title='bbox 955 539 1252 598; x_wconf 74' lang='lat' dir='ltr'><strong>Occidente</strong></span> <span class='ocrx_word' id='word_1_22' title='bbox 1284 541 1516 613; x_wconf 85' lang='lat' dir='ltr'><strong>imperio</strong></span> <span class='ocrx_word' id='word_1_23' title='bbox 1543 539 1776 611; x_wconf 77' lang='lat' dir='ltr'><strong>praefuit,</strong></span> <span class='ocrx_word' id='word_1_24' title='bbox 1795 539 1982 594; x_wconf 77' lang='lat' dir='ltr'><strong>fratris</strong></span> <span class='ocrx_word' id='word_1_25' title='bbox 2025 537 2143 594; x_wconf 85' lang='lat' dir='ltr'><strong>Ma-</strong></span> 
     </span>
    </p>
   </div>
   <div class='ocr_carea' id='block_1_7' title="bbox 575 630 2149 701">
    <p class='ocr_par' dir='ltr' id='par_1_7' title="bbox 575 630 2149 701">
     <span class='ocr_line' id='line_1_7' title="bbox 575 630 2149 701; baseline -0.001 -15"><span class='ocrx_word' id='word_1_26' title='bbox 575 632 799 687; x_wconf 81' lang='lat' dir='ltr'><strong>ximiani</strong></span> <span class='ocrx_word' id='word_1_27' title='bbox 829 631 995 687; x_wconf 85' lang='lat' dir='ltr'><strong>ﬁlius.</strong></span> <span class='ocrx_word' id='word_1_28' title='bbox 1032 630 1246 686; x_wconf 80' lang='lat' dir='ltr'><strong>Etenim</strong></span> <span class='ocrx_word' id='word_1_29' title='bbox 1282 631 1420 686; x_wconf 81' lang='lat' dir='ltr'><strong>alter</strong></span> <span class='ocrx_word' id='word_1_30' title='bbox 1449 632 1667 701; x_wconf 87' lang='lat' dir='ltr'><strong>quidem</strong></span> <span class='ocrx_word' id='word_1_31' title='bbox 1694 640 1813 686; x_wconf 88' lang='lat' dir='ltr'><strong>erat</strong></span> <span class='ocrx_word' id='word_1_32' title='bbox 1831 630 2149 686; x_wconf 85' lang='lat' dir='ltr'><strong>Maximiani</strong></span> 
     </span>
    </p>
   </div>
   <div class='ocr_carea' id='block_1_8' title="bbox 573 723 1354 795">
    <p class='ocr_par' dir='ltr' id='par_1_8' title="bbox 573 723 1354 795">
     <span class='ocr_line' id='line_1_8' title="bbox 573 723 1354 795; baseline -0.004 -16"><span class='ocrx_word' id='word_1_33' title='bbox 573 725 797 795; x_wconf 85' lang='lat' dir='ltr'><strong>prioris,</strong></span> <span class='ocrx_word' id='word_1_34' title='bbox 838 726 973 780; x_wconf 96' lang='lat' dir='ltr'><strong>alter</strong></span> <span class='ocrx_word' id='word_1_35' title='bbox 1002 723 1354 781; x_wconf 82' lang='lat' dir='ltr'><strong>Diocletiani.</strong></span> 
     </span>
    </p>
   </div>
   <div class='ocr_carea' id='block_1_9' title="bbox 644 814 2150 886">
    <p class='ocr_par' dir='ltr' id='par_1_9' title="bbox 644 814 2150 886">
     <span class='ocr_line' id='line_1_9' title="bbox 644 814 2150 886; baseline 0 -16"><span class='ocrx_word' id='word_1_36' title='bbox 644 815 1041 871; x_wconf 86' lang='lat' dir='ltr'><strong>Constantinus</strong></span> <span class='ocrx_word' id='word_1_37' title='bbox 1070 816 1191 886; x_wconf 88' lang='lat' dir='ltr'><strong>pius</strong></span> <span class='ocrx_word' id='word_1_38' title='bbox 1220 818 1549 886; x_wconf 82' lang='lat' dir='ltr'><strong>imperator,</strong></span> <span class='ocrx_word' id='word_1_39' title='bbox 1592 814 1889 870; x_wconf 84' lang='lat' dir='ltr'><strong>homicidia</strong></span> <span class='ocrx_word' id='word_1_40' title='bbox 1911 856 1927 881; x_wconf 94' lang='lat'><strong>,</strong></span> <span class='ocrx_word' id='word_1_41' title='bbox 1954 815 2150 881; x_wconf 71' lang='lat' dir='ltr'><strong>cmdes,</strong></span> 
     </span>
    </p>
   </div>
   <div class='ocr_carea' id='block_1_10' title="bbox 576 908 2150 980">
    <p class='ocr_par' dir='ltr' id='par_1_10' title="bbox 576 908 2150 980">
     <span class='ocr_line' id='line_1_10' title="bbox 576 908 2150 980; baseline 0.001 -18"><span class='ocrx_word' id='word_1_42' title='bbox 576 909 852 979; x_wconf 86' lang='lat' dir='ltr'><strong>virginum</strong></span> <span class='ocrx_word' id='word_1_43' title='bbox 887 918 1103 980; x_wconf 88' lang='lat' dir='ltr'><strong>stupra,</strong></span> <span class='ocrx_word' id='word_1_44' title='bbox 1161 920 1216 964; x_wconf 92' lang='lat' dir='ltr'><strong>et</strong></span> <span class='ocrx_word' id='word_1_45' title='bbox 1246 920 1437 979; x_wconf 87' lang='lat' dir='ltr'><strong>raptus</strong></span> <span class='ocrx_word' id='word_1_46' title='bbox 1488 908 1798 963; x_wconf 86' lang='lat' dir='ltr'><strong>alienarum</strong></span> <span class='ocrx_word' id='word_1_47' title='bbox 1835 910 2150 975; x_wconf 87' lang='lat' dir='ltr'><strong>mulierum,</strong></span> 
     </span>
    </p>
   </div>
   <div class='ocr_carea' id='block_1_11' title="bbox 575 1002 2155 1073">
    <p class='ocr_par' dir='ltr' id='par_1_11' title="bbox 575 1002 2155 1073">
     <span class='ocr_line' id='line_1_11' title="bbox 575 1002 2155 1073; baseline 0.003 -17"><span class='ocrx_word' id='word_1_48' title='bbox 575 1010 631 1056; x_wconf 91' lang='lat' dir='ltr'><strong>et</strong></span> <span class='ocrx_word' id='word_1_49' title='bbox 656 1003 997 1067; x_wconf 87' lang='lat' dir='ltr'><strong>violentiam,</strong></span> <span class='ocrx_word' id='word_1_50' title='bbox 1025 1002 1229 1073; x_wconf 87' lang='lat' dir='ltr'><strong>quibus</strong></span> <span class='ocrx_word' id='word_1_51' title='bbox 1270 1002 1515 1057; x_wconf 82' lang='lat' dir='ltr'><strong>nefarius</strong></span> <span class='ocrx_word' id='word_1_52' title='bbox 1546 1002 1637 1058; x_wconf 91' lang='lat' dir='ltr'><strong>ille</strong></span> <span class='ocrx_word' id='word_1_53' title='bbox 1667 1002 1976 1059; x_wconf 83' lang='lat' dir='ltr'><strong>Maxentius</strong></span> <span class='ocrx_word' id='word_1_54' title='bbox 2005 1004 2155 1060; x_wconf 89' lang='lat' dir='ltr'><strong>dele-</strong></span> 
     </span>
    </p>
   </div>
   <div class='ocr_carea' id='block_1_12' title="bbox 577 1093 2155 1165">
    <p class='ocr_par' dir='ltr' id='par_1_12' title="bbox 577 1093 2155 1165">
     <span class='ocr_line' id='line_1_12' title="bbox 577 1093 2155 1165; baseline 0.003 -18"><span class='ocrx_word' id='word_1_55' title='bbox 577 1093 851 1159; x_wconf 86' lang='lat' dir='ltr'><strong>ctabatur,</strong></span> <span class='ocrx_word' id='word_1_56' title='bbox 880 1107 1252 1165; x_wconf 84' lang='lat' dir='ltr'><strong>cognoscens,</strong></span> <span class='ocrx_word' id='word_1_57' title='bbox 1298 1101 1354 1146; x_wconf 89' lang='lat' dir='ltr'><strong>ct</strong></span> <span class='ocrx_word' id='word_1_58' title='bbox 1390 1107 1487 1163; x_wconf 90' lang='lat' dir='ltr'><strong>per</strong></span> <span class='ocrx_word' id='word_1_59' title='bbox 1528 1093 1736 1165; x_wconf 81' lang='lat' dir='ltr'><strong>legatos</strong></span> <span class='ocrx_word' id='word_1_60' title='bbox 1767 1093 1954 1150; x_wconf 67' lang='lat' dir='ltr'><strong>Romae</strong></span> <span class='ocrx_word' id='word_1_61' title='bbox 1990 1111 2022 1150; x_wconf 90' lang='lat' dir='ltr'><strong>a</strong></span> <span class='ocrx_word' id='word_1_62' title='bbox 2068 1113 2155 1152; x_wconf 81' lang='lat' dir='ltr'><strong>se-</strong></span> 
     </span>
    </p>
   </div>
   <div class='ocr_carea' id='block_1_13' title="bbox 576 1183 2151 1258">
    <p class='ocr_par' dir='ltr' id='par_1_13' title="bbox 576 1183 2151 1258">
     <span class='ocr_line' id='line_1_13' title="bbox 576 1183 2151 1258; baseline 0.004 -21"><span class='ocrx_word' id='word_1_63' title='bbox 576 1192 707 1237; x_wconf 87' lang='lat' dir='ltr'><strong>natu</strong></span> <span class='ocrx_word' id='word_1_64' title='bbox 751 1183 1025 1238; x_wconf 84' lang='lat' dir='ltr'><strong>vindicem</strong></span> <span class='ocrx_word' id='word_1_65' title='bbox 1077 1199 1136 1239; x_wconf 90' lang='lat' dir='ltr'><strong>se</strong></span> <span class='ocrx_word' id='word_1_66' title='bbox 1195 1193 1359 1254; x_wconf 89' lang='lat' dir='ltr'><strong>atque</strong></span> <span class='ocrx_word' id='word_1_67' title='bbox 1426 1195 1759 1241; x_wconf 84' lang='lat' dir='ltr'><strong>assertorem</strong></span> <span class='ocrx_word' id='word_1_68' title='bbox 1819 1187 2076 1258; x_wconf 89' lang='lat' dir='ltr'><strong>appellari</strong></span> <span class='ocrx_word' id='word_1_69' title='bbox 2138 1208 2151 1243; x_wconf 91' lang='lat'>:</span> 
     </span>
    </p>
   </div>
   <div class='ocr_carea' id='block_1_14' title="bbox 575 1272 2156 1345">
    <p class='ocr_par' dir='ltr' id='par_1_14' title="bbox 575 1272 2156 1345">
     <span class='ocr_line' id='line_1_14' title="bbox 575 1272 2156 1345; baseline 0.003 -17"><span class='ocrx_word' id='word_1_70' title='bbox 575 1272 832 1329; x_wconf 81' lang='lat' dir='ltr'><strong>hortatur</strong></span> <span class='ocrx_word' id='word_1_71' title='bbox 859 1284 1148 1345; x_wconf 87' lang='lat' dir='ltr'><strong>tyrannum</strong></span> <span class='ocrx_word' id='word_1_72' title='bbox 1184 1290 1279 1345; x_wconf 90' lang='lat' dir='ltr'><strong>per</strong></span> <span class='ocrx_word' id='word_1_73' title='bbox 1312 1276 1542 1342; x_wconf 89' lang='lat' dir='ltr'><strong>litteras,</strong></span> <span class='ocrx_word' id='word_1_74' title='bbox 1568 1288 1632 1331; x_wconf 89' lang='lat' dir='ltr'><strong>ut</strong></span> <span class='ocrx_word' id='word_1_75' title='bbox 1654 1277 1926 1333; x_wconf 81' lang='lat' dir='ltr'><strong>abstineat</strong></span> <span class='ocrx_word' id='word_1_76' title='bbox 1958 1280 2026 1334; x_wconf 89' lang='lat' dir='ltr'><strong>ab</strong></span> <span class='ocrx_word' id='word_1_77' title='bbox 2051 1279 2156 1332; x_wconf 88' lang='lat' dir='ltr'><strong>im-</strong></span> 
     </span>
    </p>
   </div>
   <div class='ocr_carea' id='block_1_15' title="bbox 574 1367 2154 1440">
    <p class='ocr_par' dir='ltr' id='par_1_15' title="bbox 574 1367 2154 1440">
     <span class='ocr_line' id='line_1_15' title="bbox 574 1367 2154 1440; baseline 0.003 -19"><span class='ocrx_word' id='word_1_78' title='bbox 574 1367 684 1436; x_wconf 80' lang='lat' dir='ltr'><strong>piis</strong></span> <span class='ocrx_word' id='word_1_79' title='bbox 716 1382 816 1437; x_wconf 90' lang='lat' dir='ltr'><strong>ope</strong></span> <span class='ocrx_word' id='word_1_80' title='bbox 830 1369 1004 1423; x_wconf 87' lang='lat' dir='ltr'><strong>ribus.</strong></span> <span class='ocrx_word' id='word_1_81' title='bbox 1060 1368 1397 1424; x_wconf 88' lang='lat' dir='ltr'><strong>Persuadere</strong></span> <span class='ocrx_word' id='word_1_82' title='bbox 1442 1384 1566 1424; x_wconf 90' lang='lat' dir='ltr'><strong>cum</strong></span> <span class='ocrx_word' id='word_1_83' title='bbox 1600 1385 1709 1424; x_wconf 91' lang='lat' dir='ltr'><strong>non</strong></span> <span class='ocrx_word' id='word_1_84' title='bbox 1743 1380 1924 1440; x_wconf 88' lang='lat' dir='ltr'><strong>posset</strong></span> <span class='ocrx_word' id='word_1_85' title='bbox 1953 1370 2154 1435; x_wconf 85' lang='lat' dir='ltr'><strong>verbis,</strong></span> 
     </span>
    </p>
   </div>
   <div class='ocr_carea' id='block_1_16' title="bbox 576 1459 2155 1533">
    <p class='ocr_par' dir='ltr' id='par_1_16' title="bbox 576 1459 2155 1533">
     <span class='ocr_line' id='line_1_16' title="bbox 576 1459 2155 1533; baseline 0.002 -19"><span class='ocrx_word' id='word_1_86' title='bbox 576 1459 719 1514; x_wconf 88' lang='lat' dir='ltr'><strong>bello</strong></span> <span class='ocrx_word' id='word_1_87' title='bbox 754 1463 1019 1527; x_wconf 84' lang='lat' dir='ltr'><strong>tentavit,</strong></span> <span class='ocrx_word' id='word_1_88' title='bbox 1066 1476 1357 1533; x_wconf 78' lang='lat' dir='ltr'><strong>pugnaque</strong></span> <span class='ocrx_word' id='word_1_89' title='bbox 1414 1477 1747 1532; x_wconf 86' lang='lat' dir='ltr'><strong>congressus</strong></span> <span class='ocrx_word' id='word_1_90' title='bbox 1771 1505 1785 1527; x_wconf 93' lang='lat'><strong>,</strong></span> <span class='ocrx_word' id='word_1_91' title='bbox 1817 1464 1998 1533; x_wconf 89' lang='lat' dir='ltr'><strong>primo</strong></span> <span class='ocrx_word' id='word_1_92' title='bbox 2046 1478 2155 1518; x_wconf 93' lang='lat' dir='ltr'><strong>non</strong></span> 
     </span>
    </p>
   </div>
   <div class='ocr_carea' id='block_1_17' title="bbox 588 1555 2157 1625">
    <p class='ocr_par' dir='ltr' id='par_1_17' title="bbox 588 1555 2157 1625">
     <span class='ocr_line' id='line_1_17' title="bbox 588 1555 2157 1625; baseline 0.001 -17"><span class='ocrx_word' id='word_1_93' title='bbox 588 1555 785 1624; x_wconf 81' lang='lat' dir='ltr'><strong>procul</strong></span> <span class='ocrx_word' id='word_1_94' title='bbox 846 1555 1022 1610; x_wconf 79' lang='lat' dir='ltr'><strong>abfuit</strong></span> <span class='ocrx_word' id='word_1_95' title='bbox 1077 1557 1213 1625; x_wconf 91' lang='lat' dir='ltr'><strong>quin</strong></span> <span class='ocrx_word' id='word_1_96' title='bbox 1253 1557 1651 1613; x_wconf 85' lang='lat' dir='ltr'><strong>succumberet.</strong></span> <span class='ocrx_word' id='word_1_97' title='bbox 1697 1556 1834 1612; x_wconf 88' lang='lat' dir='ltr'><strong>Cum</strong></span> <span class='ocrx_word' id='word_1_98' title='bbox 1886 1565 2068 1612; x_wconf 91' lang='lat' dir='ltr'><strong>autem</strong></span> <span class='ocrx_word' id='word_1_99' title='bbox 2103 1558 2157 1611; x_wconf 93' lang='lat' dir='ltr'><strong>in</strong></span> 
     </span>
    </p>
   </div>
   <div class='ocr_carea' id='block_1_18' title="bbox 575 1649 2158 1724">
    <p class='ocr_par' dir='ltr' id='par_1_18' title="bbox 575 1649 2158 1724">
     <span class='ocr_line' id='line_1_18' title="bbox 575 1649 2158 1724; baseline 0.002 -21"><span class='ocrx_word' id='word_1_100' title='bbox 575 1650 717 1704; x_wconf 82' lang='lat' dir='ltr'><strong>coelo</strong></span> <span class='ocrx_word' id='word_1_101' title='bbox 766 1649 814 1703; x_wconf 89' lang='lat' dir='ltr'><strong>ei</strong></span> <span class='ocrx_word' id='word_1_102' title='bbox 872 1651 1056 1706; x_wconf 90' lang='lat' dir='ltr'><strong>crucis</strong></span> <span class='ocrx_word' id='word_1_103' title='bbox 1092 1650 1269 1706; x_wconf 80' lang='lat' dir='ltr'><strong>forma</strong></span> <span class='ocrx_word' id='word_1_104' title='bbox 1302 1661 1621 1723; x_wconf 89' lang='lat' dir='ltr'><strong>appareret,</strong></span> <span class='ocrx_word' id='word_1_105' title='bbox 1666 1652 1910 1707; x_wconf 73' lang='lat' dir='ltr'><strong>materia:</strong></span> <span class='ocrx_word' id='word_1_106' title='bbox 1936 1664 2158 1724; x_wconf 83' lang='lat' dir='ltr'><strong>experte</strong></span> 
     </span>
    </p>
   </div>
   <div class='ocr_carea' id='block_1_19' title="bbox 2258 537 3830 610">
    <p class='ocr_par' dir='ltr' id='par_1_19' title="bbox 2258 537 3830 610">
     <span class='ocr_line' id='line_1_19' title="bbox 2258 537 3830 610; baseline 0 -19"><span class='ocrx_word' id='word_1_107' title='bbox 2258 541 2456 608; x_wconf 87' lang='grc' dir='ltr'>μοῖραν</span> <span class='ocrx_word' id='word_1_108' title='bbox 2488 538 2833 609; x_wconf 82' lang='grc' dir='ltr'>Μαξιμιανὸς</span> <span class='ocrx_word' id='word_1_109' title='bbox 2866 538 3072 610; x_wconf 78' lang='grc' dir='ltr'>ἐπεῖχε.</span> <span class='ocrx_word' id='word_1_110' title='bbox 3108 538 3410 603; x_wconf 83' lang='grc' dir='ltr'>Μαξέντιος</span> <span class='ocrx_word' id='word_1_111' title='bbox 3455 539 3512 592; x_wconf 87' lang='grc' dir='ltr'>δὲ</span> <span class='ocrx_word' id='word_1_112' title='bbox 3542 537 3644 608; x_wconf 84' lang='grc' dir='ltr'><strong>τῆς</strong></span> <span class='ocrx_word' id='word_1_113' title='bbox 3685 537 3830 592; x_wconf 86' lang='grc' dir='ltr'><strong>κατά</strong></span> 
     </span>
    </p>
   </div>
   <div class='ocr_carea' id='block_1_20' title="bbox 2265 625 3834 702">
    <p class='ocr_par' dir='ltr' id='par_1_20' title="bbox 2265 625 3834 702">
     <span class='ocr_line' id='line_1_20' title="bbox 2265 625 3834 702; baseline -0.001 -18"><span class='ocrx_word' id='word_1_114' title='bbox 2265 629 2485 701; x_wconf 85' lang='grc' dir='ltr'><strong>Ῥώμην</strong></span> <span class='ocrx_word' id='word_1_115' title='bbox 2510 625 2703 702; x_wconf 80' lang='grc' dir='ltr'>ἦρχεν,</span> <span class='ocrx_word' id='word_1_116' title='bbox 2726 630 3040 700; x_wconf 82' lang='grc' dir='ltr'><strong>ἀδελφιδοῦς</strong></span> <span class='ocrx_word' id='word_1_117' title='bbox 3064 632 3138 684; x_wconf 87' lang='grc' dir='ltr'><strong>ῶν</strong></span> <span class='ocrx_word' id='word_1_118' title='bbox 3162 630 3526 701; x_wconf 82' lang='grc' dir='ltr'>Μαξιμιανοῦ·</span> <span class='ocrx_word' id='word_1_119' title='bbox 3560 631 3780 700; x_wconf 76' lang='grc' dir='ltr'>καὶγὰρ</span> <span class='ocrx_word' id='word_1_120' title='bbox 3804 633 3834 684; x_wconf 99' lang='lat'><strong>6</strong></span> 
     </span>
    </p>
   </div>
   <div class='ocr_carea' id='block_1_21' title="bbox 2256 716 3833 793">
    <p class='ocr_par' dir='ltr' id='par_1_21' title="bbox 2256 716 3833 793">
     <span class='ocr_line' id='line_1_21' title="bbox 2256 716 3833 793; baseline 0.001 -20"><span class='ocrx_word' id='word_1_121' title='bbox 2256 719 2358 791; x_wconf 74' lang='grc' dir='ltr'>μὲν</span> <span class='ocrx_word' id='word_1_122' title='bbox 2389 716 2458 792; x_wconf 80' lang='grc' dir='ltr'>ἦν</span> <span class='ocrx_word' id='word_1_123' title='bbox 2487 721 2833 792; x_wconf 82' lang='grc' dir='ltr'>Μαξιμιανοῦ</span> <span class='ocrx_word' id='word_1_124' title='bbox 2852 720 2946 775; x_wconf 86' lang='grc' dir='ltr'><strong>τοῦ</strong></span> <span class='ocrx_word' id='word_1_125' title='bbox 2964 722 3256 793; x_wconf 83' lang='grc' dir='ltr'>προτέρου,</span> <span class='ocrx_word' id='word_1_126' title='bbox 3280 722 3308 773; x_wconf 86' lang='grc' dir='ltr'>ὁ</span> <span class='ocrx_word' id='word_1_127' title='bbox 3335 721 3391 774; x_wconf 79' lang='grc' dir='ltr'>δὲ</span> <span class='ocrx_word' id='word_1_128' title='bbox 3424 720 3833 792; x_wconf 70' lang='grc' dir='ltr'>Διοκλητιανοῦ.</span> 
     </span>
    </p>
   </div>
   <div class='ocr_carea' id='block_1_22' title="bbox 2328 814 3836 886">
    <p class='ocr_par' dir='ltr' id='par_1_22' title="bbox 2328 814 3836 886">
     <span class='ocr_line' id='line_1_22' title="bbox 2328 814 3836 886; baseline -0.001 -18"><span class='ocrx_word' id='word_1_129' title='bbox 2328 815 2452 869; x_wconf 80' lang='grc' dir='ltr'>ὀτι</span> <span class='ocrx_word' id='word_1_130' title='bbox 2481 816 2885 877; x_wconf 81' lang='grc' dir='ltr'>Κωνσταντῖνος</span> <span class='ocrx_word' id='word_1_131' title='bbox 2916 817 2945 869; x_wconf 89' lang='lat'><strong>6</strong></span> <span class='ocrx_word' id='word_1_132' title='bbox 2978 815 3205 886; x_wconf 79' lang='grc' dir='ltr'>εὐσεϐὴς</span> <span class='ocrx_word' id='word_1_133' title='bbox 3230 814 3501 885; x_wconf 78' lang='grc' dir='ltr'>βασιλεὺς,</span> <span class='ocrx_word' id='word_1_134' title='bbox 3529 815 3657 877; x_wconf 80' lang='grc' dir='ltr'>τοὺς</span> <span class='ocrx_word' id='word_1_135' title='bbox 3681 832 3836 884; x_wconf 88' lang='grc' dir='ltr'>μιαι-</span> 
     </span>
    </p>
   </div>
   <div class='ocr_carea' id='block_1_23' title="bbox 2256 906 3839 978">
    <p class='ocr_par' dir='ltr' id='par_1_23' title="bbox 2256 906 3839 978">
     <span class='ocr_line' id='line_1_23' title="bbox 2256 906 3839 978; baseline -0.003 -17"><span class='ocrx_word' id='word_1_136' title='bbox 2256 908 2451 977; x_wconf 88' lang='grc' dir='ltr'>φόνους</span> <span class='ocrx_word' id='word_1_137' title='bbox 2481 908 2674 976; x_wconf 83' lang='grc' dir='ltr'><strong>φόνους</strong></span> <span class='ocrx_word' id='word_1_138' title='bbox 2697 908 2791 961; x_wconf 76' lang='grc' dir='ltr'>καὶ</span> <span class='ocrx_word' id='word_1_139' title='bbox 2819 906 2918 971; x_wconf 87' lang='grc' dir='ltr'><strong>τάς</strong></span> <span class='ocrx_word' id='word_1_140' title='bbox 2952 906 3251 978; x_wconf 81' lang='grc' dir='ltr'>διαφθοράς</span> <span class='ocrx_word' id='word_1_141' title='bbox 3282 907 3391 960; x_wconf 91' lang='grc' dir='ltr'><strong>τῶν</strong></span> <span class='ocrx_word' id='word_1_142' title='bbox 3431 906 3715 977; x_wconf 77' lang='grc' dir='ltr'>παρθένων</span> <span class='ocrx_word' id='word_1_143' title='bbox 3742 906 3839 959; x_wconf 78' lang='grc' dir='ltr'>καὶ</span> 
     </span>
    </p>
   </div>
   <div class='ocr_carea' id='block_1_24' title="bbox 2255 997 3837 1070">
    <p class='ocr_par' dir='ltr' id='par_1_24' title="bbox 2255 997 3837 1070">
     <span class='ocr_line' id='line_1_24' title="bbox 2255 997 3837 1070; baseline -0.003 -17"><span class='ocrx_word' id='word_1_144' title='bbox 2255 1001 2354 1063; x_wconf 85' lang='grc' dir='ltr'>τὰς</span> <span class='ocrx_word' id='word_1_145' title='bbox 2389 1000 2646 1070; x_wconf 82' lang='grc' dir='ltr'>ἁρπαγὰς</span> <span class='ocrx_word' id='word_1_146' title='bbox 2679 999 2789 1052; x_wconf 88' lang='grc' dir='ltr'><strong>τῶν</strong></span> <span class='ocrx_word' id='word_1_147' title='bbox 2821 1000 3115 1069; x_wconf 79' lang='grc' dir='ltr'><strong>ἀλλοτρίων</strong></span> <span class='ocrx_word' id='word_1_148' title='bbox 3136 997 3413 1066; x_wconf 88' lang='grc' dir='ltr'>γυναικῶν</span> <span class='ocrx_word' id='word_1_149' title='bbox 3441 1001 3534 1052; x_wconf 72' lang='grc' dir='ltr'>καὶ</span> <span class='ocrx_word' id='word_1_150' title='bbox 3560 998 3659 1061; x_wconf 83' lang='grc' dir='ltr'>τὰς</span> <span class='ocrx_word' id='word_1_151' title='bbox 3691 998 3837 1068; x_wconf 83' lang='grc' dir='ltr'><strong>βίας,</strong></span> 
     </span>
    </p>
   </div>
   <div class='ocr_carea' id='block_1_25' title="bbox 2255 1085 3837 1161">
    <p class='ocr_par' dir='ltr' id='par_1_25' title="bbox 2255 1085 3837 1161">
     <span class='ocr_line' id='line_1_25' title="bbox 2255 1085 3837 1161; baseline -0.004 -16"><span class='ocrx_word' id='word_1_152' title='bbox 2255 1085 2346 1156; x_wconf 71' lang='grc' dir='ltr'>αἷς</span> <span class='ocrx_word' id='word_1_153' title='bbox 2376 1093 2404 1145; x_wconf 89' lang='lat'><strong>6</strong></span> <span class='ocrx_word' id='word_1_154' title='bbox 2435 1090 2721 1157; x_wconf 79' lang='grc' dir='ltr'><strong>ἐξάγιστος</strong></span> <span class='ocrx_word' id='word_1_155' title='bbox 2766 1090 3040 1161; x_wconf 81' lang='grc' dir='ltr'>ένετρύφα</span> <span class='ocrx_word' id='word_1_156' title='bbox 3085 1088 3409 1154; x_wconf 79' lang='grc' dir='ltr'>Μαξέντιος,</span> <span class='ocrx_word' id='word_1_157' title='bbox 3444 1090 3583 1158; x_wconf 82' lang='grc' dir='ltr'>ἀκοῇ</span> <span class='ocrx_word' id='word_1_158' title='bbox 3622 1085 3837 1155; x_wconf 87' lang='grc' dir='ltr'>μαθὼν,</span> 
     </span>
    </p>
   </div>
   <div class='ocr_carea' id='block_1_26' title="bbox 2256 1179 3841 1252">
    <p class='ocr_par' dir='ltr' id='par_1_26' title="bbox 2256 1179 3841 1252">
     <span class='ocr_line' id='line_1_26' title="bbox 2256 1179 3841 1252; baseline -0.004 -14"><span class='ocrx_word' id='word_1_159' title='bbox 2256 1186 2353 1238; x_wconf 68' lang='grc' dir='ltr'>καὶ</span> <span class='ocrx_word' id='word_1_160' title='bbox 2385 1182 2492 1236; x_wconf 86' lang='grc' dir='ltr'><strong>τῶν</strong></span> <span class='ocrx_word' id='word_1_161' title='bbox 2520 1184 2577 1235; x_wconf 83' lang='grc' dir='ltr'><strong>έν</strong></span> <span class='ocrx_word' id='word_1_162' title='bbox 2611 1182 2797 1252; x_wconf 85' lang='grc' dir='ltr'>Ῥώμῃ</span> <span class='ocrx_word' id='word_1_163' title='bbox 2826 1180 3416 1252; x_wconf 77' lang='grc' dir='ltr'>διαπρεσϐευσαμένων</span> <span class='ocrx_word' id='word_1_164' title='bbox 3441 1179 3624 1248; x_wconf 84' lang='grc' dir='ltr'>σφίσιν</span> <span class='ocrx_word' id='word_1_165' title='bbox 3653 1180 3841 1243; x_wconf 82' lang='grc' dir='ltr'>αὐτοῖς</span> 
     </span>
    </p>
   </div>
   <div class='ocr_carea' id='block_1_27' title="bbox 2259 1272 3841 1346">
    <p class='ocr_par' dir='ltr' id='par_1_27' title="bbox 2259 1272 3841 1346">
     <span class='ocr_line' id='line_1_27' title="bbox 2259 1272 3841 1346; baseline -0.002 -18"><span class='ocrx_word' id='word_1_166' title='bbox 2259 1278 2484 1346; x_wconf 85' lang='grc' dir='ltr'>σωτῆρα</span> <span class='ocrx_word' id='word_1_167' title='bbox 2522 1274 2619 1328; x_wconf 78' lang='grc' dir='ltr'>καὶ</span> <span class='ocrx_word' id='word_1_168' title='bbox 2668 1274 2953 1346; x_wconf 80' lang='grc' dir='ltr'><strong>λυτρωτὴν</strong></span> <span class='ocrx_word' id='word_1_169' title='bbox 3001 1272 3277 1343; x_wconf 82' lang='grc' dir='ltr'>γενέσθαι,</span> <span class='ocrx_word' id='word_1_170' title='bbox 3312 1274 3570 1341; x_wconf 84' lang='grc' dir='ltr'>παραινεῖ</span> <span class='ocrx_word' id='word_1_171' title='bbox 3602 1273 3702 1343; x_wconf 84' lang='grc' dir='ltr'>μὲν</span> <span class='ocrx_word' id='word_1_172' title='bbox 3752 1272 3841 1326; x_wconf 90' lang='grc' dir='ltr'><strong>διά</strong></span> 
     </span>
    </p>
   </div>
   <div class='ocr_carea' id='block_1_28' title="bbox 2256 1365 3841 1440">
    <p class='ocr_par' dir='ltr' id='par_1_28' title="bbox 2256 1365 3841 1440">
     <span class='ocr_line' id='line_1_28' title="bbox 2256 1365 3841 1440; baseline -0.003 -18"><span class='ocrx_word' id='word_1_173' title='bbox 2256 1368 2605 1440; x_wconf 79' lang='grc' dir='ltr'><strong>γραμμάτων</strong></span> <span class='ocrx_word' id='word_1_174' title='bbox 2628 1367 2721 1422; x_wconf 79' lang='grc' dir='ltr'>τὸν</span> <span class='ocrx_word' id='word_1_175' title='bbox 2752 1366 3015 1440; x_wconf 83' lang='grc' dir='ltr'>τύραννον</span> <span class='ocrx_word' id='word_1_176' title='bbox 3047 1365 3382 1437; x_wconf 78' lang='grc' dir='ltr'><strong>ἀποσχέσθαι</strong></span> <span class='ocrx_word' id='word_1_177' title='bbox 3414 1365 3524 1419; x_wconf 89' lang='grc' dir='ltr'><strong>τῶν</strong></span> <span class='ocrx_word' id='word_1_178' title='bbox 3553 1365 3841 1435; x_wconf 80' lang='grc' dir='ltr'>έκθέσμων</span> 
     </span>
    </p>
   </div>
   <div class='ocr_carea' id='block_1_29' title="bbox 2256 1457 3842 1533">
    <p class='ocr_par' dir='ltr' id='par_1_29' title="bbox 2256 1457 3842 1533">
     <span class='ocr_line' id='line_1_29' title="bbox 2256 1457 3842 1533; baseline -0.003 -18"><span class='ocrx_word' id='word_1_179' title='bbox 2256 1462 2457 1533; x_wconf 70' lang='grc' dir='ltr'>ἔργων,</span> <span class='ocrx_word' id='word_1_180' title='bbox 2504 1463 2565 1515; x_wconf 90' lang='grc' dir='ltr'><strong>οὐ</strong></span> <span class='ocrx_word' id='word_1_181' title='bbox 2599 1460 2804 1515; x_wconf 89' lang='grc' dir='ltr'>πείθων</span> <span class='ocrx_word' id='word_1_182' title='bbox 2842 1460 2900 1514; x_wconf 79' lang='grc' dir='ltr'>δὲ</span> <span class='ocrx_word' id='word_1_183' title='bbox 2945 1460 3125 1529; x_wconf 83' lang='grc' dir='ltr'><strong>λόγοις</strong></span> <span class='ocrx_word' id='word_1_184' title='bbox 3155 1459 3386 1514; x_wconf 74' lang='grc' dir='ltr'>ἅπτεται</span> <span class='ocrx_word' id='word_1_185' title='bbox 3444 1457 3705 1528; x_wconf 88' lang='grc' dir='ltr'>πολέμου.</span> <span class='ocrx_word' id='word_1_186' title='bbox 3732 1458 3842 1510; x_wconf 76' lang='grc' dir='ltr'><strong>Καὶ</strong></span> 
     </span>
    </p>
   </div>
   <div class='ocr_carea' id='block_1_30' title="bbox 2258 1549 3841 1627">
    <p class='ocr_par' dir='ltr' id='par_1_30' title="bbox 2258 1549 3841 1627">
     <span class='ocr_line' id='line_1_30' title="bbox 2258 1549 3841 1627; baseline -0.004 -18"><span class='ocrx_word' id='word_1_187' title='bbox 2258 1554 2604 1626; x_wconf 74' lang='grc' dir='ltr'><strong>συμπλακεὶς</strong></span> <span class='ocrx_word' id='word_1_188' title='bbox 2634 1555 2805 1627; x_wconf 85' lang='grc' dir='ltr'>μάχῃ,</span> <span class='ocrx_word' id='word_1_189' title='bbox 2844 1555 2913 1607; x_wconf 78' lang='grc' dir='ltr'>τὰ</span> <span class='ocrx_word' id='word_1_190' title='bbox 2956 1553 3149 1624; x_wconf 88' lang='grc' dir='ltr'>πρῶτα</span> <span class='ocrx_word' id='word_1_191' title='bbox 3184 1552 3283 1622; x_wconf 84' lang='grc' dir='ltr'>μὲν</span> <span class='ocrx_word' id='word_1_192' title='bbox 3309 1550 3475 1620; x_wconf 78' lang='grc' dir='ltr'>ἐγγὺς</span> <span class='ocrx_word' id='word_1_193' title='bbox 3507 1550 3719 1620; x_wconf 87' lang='grc' dir='ltr'>γίνεται</span> <span class='ocrx_word' id='word_1_194' title='bbox 3744 1549 3841 1603; x_wconf 86' lang='grc' dir='ltr'><strong>τοῦ</strong></span> 
     </span>
    </p>
   </div>
   <div class='ocr_carea' id='block_1_31' title="bbox 2259 1643 3841 1720">
    <p class='ocr_par' dir='ltr' id='par_1_31' title="bbox 2259 1643 3841 1720">
     <span class='ocr_line' id='line_1_31' title="bbox 2259 1643 3841 1720; baseline -0.003 -19"><span class='ocrx_word' id='word_1_195' title='bbox 2259 1647 2444 1701; x_wconf 73' lang='grc' dir='ltr'>λαϐεῖν</span> <span class='ocrx_word' id='word_1_196' title='bbox 2480 1647 2539 1701; x_wconf 76' lang='grc' dir='ltr'>τὸ</span> <span class='ocrx_word' id='word_1_197' title='bbox 2575 1643 2739 1720; x_wconf 86' lang='grc' dir='ltr'>ἦττον</span> <span class='ocrx_word' id='word_1_198' title='bbox 2764 1663 2777 1677; x_wconf 76' lang='grc'><strong><em>⁸</em></strong></span> <span class='ocrx_word' id='word_1_199' title='bbox 2821 1646 3083 1716; x_wconf 83' lang='grc' dir='ltr'>φανέντος</span> <span class='ocrx_word' id='word_1_200' title='bbox 3111 1646 3156 1698; x_wconf 82' lang='grc' dir='ltr'>δ’</span> <span class='ocrx_word' id='word_1_201' title='bbox 3186 1645 3336 1716; x_wconf 87' lang='grc' dir='ltr'><strong>αὐτῷ</strong></span> <span class='ocrx_word' id='word_1_202' title='bbox 3384 1645 3526 1699; x_wconf 87' lang='grc' dir='ltr'>κατὰ</span> <span class='ocrx_word' id='word_1_203' title='bbox 3548 1644 3640 1698; x_wconf 84' lang='grc' dir='ltr'>τὸν</span> <span class='ocrx_word' id='word_1_204' title='bbox 3670 1644 3841 1715; x_wconf 81' lang='grc' dir='ltr'>οὐρα-</span> 
     </span>
    </p>
   </div>
   <div class='ocr_carea' id='block_1_32' title="bbox 575 1736 2157 1813">
    <p class='ocr_par' dir='ltr' id='par_1_32' title="bbox 575 1741 2157 1813">
     <span class='ocr_line' id='line_1_32' title="bbox 575 1741 2157 1813; baseline 0.003 -18"><span class='ocrx_word' id='word_1_205' title='bbox 575 1741 787 1797; x_wconf 84' lang='lat' dir='ltr'><strong>lumine</strong></span> <span class='ocrx_word' id='word_1_206' title='bbox 813 1741 1068 1812; x_wconf 82' lang='lat' dir='ltr'><strong>ﬁgurata,</strong></span> <span class='ocrx_word' id='word_1_207' title='bbox 1104 1752 1159 1798; x_wconf 92' lang='lat' dir='ltr'><strong>et</strong></span> <span class='ocrx_word' id='word_1_208' title='bbox 1192 1744 1391 1801; x_wconf 88' lang='lat' dir='ltr'><strong>litteris</strong></span> <span class='ocrx_word' id='word_1_209' title='bbox 1419 1744 1659 1813; x_wconf 84' lang='lat' dir='ltr'><strong>ejusdem</strong></span> <span class='ocrx_word' id='word_1_210' title='bbox 1707 1744 1892 1813; x_wconf 91' lang='lat' dir='ltr'><strong>modi,</strong></span> <span class='ocrx_word' id='word_1_211' title='bbox 1932 1746 2157 1801; x_wconf 88' lang='lat' dir='ltr'><strong>victoria</strong></span> 
     </span>
    </p>
   </div>
   <div class='ocr_carea' id='block_1_33' title="bbox 2261 1736 3843 1813">
    <p class='ocr_par' dir='ltr' id='par_1_33' title="bbox 2261 1736 3843 1810">
     <span class='ocr_line' id='line_1_33' title="bbox 2261 1736 3843 1810; baseline -0.004 -15"><span class='ocrx_word' id='word_1_212' title='bbox 2261 1742 2351 1796; x_wconf 74' lang='grc' dir='ltr'><strong>νον</strong></span> <span class='ocrx_word' id='word_1_213' title='bbox 2374 1741 2468 1795; x_wconf 89' lang='grc' dir='ltr'><strong>τοῦ</strong></span> <span class='ocrx_word' id='word_1_214' title='bbox 2494 1740 2667 1793; x_wconf 85' lang='grc' dir='ltr'>τύπου</span> <span class='ocrx_word' id='word_1_215' title='bbox 2690 1738 2785 1793; x_wconf 88' lang='grc' dir='ltr'><strong>τοῦ</strong></span> <span class='ocrx_word' id='word_1_216' title='bbox 2811 1739 3069 1810; x_wconf 87' lang='grc' dir='ltr'>σταυροῦ,</span> <span class='ocrx_word' id='word_1_217' title='bbox 3097 1738 3234 1807; x_wconf 81' lang='grc' dir='ltr'>φωτὶ</span> <span class='ocrx_word' id='word_1_218' title='bbox 3257 1737 3406 1807; x_wconf 84' lang='grc' dir='ltr'>ἀΰλῳ</span> <span class='ocrx_word' id='word_1_219' title='bbox 3428 1736 3843 1806; x_wconf 77' lang='grc' dir='ltr'>ἐγκεχαραγμέ-</span> 
     </span>
    </p>
   </div>
   <div class='ocr_carea' id='block_1_34' title="bbox 2186 1795 2233 1855">
    <p class='ocr_par' dir='ltr' id='par_1_34' title="bbox 2186 1795 2233 1855">
     <span class='ocr_line' id='line_1_34' title="bbox 2186 1795 2233 1855; baseline 0 0"><span class='ocrx_word' id='word_1_220' title='bbox 2186 1795 2233 1855; x_wconf 88' lang='grc' dir='ltr'><strong>Β</strong></span> 
     </span>
    </p>
   </div>
   <div class='ocr_carea' id='block_1_35' title="bbox 578 1828 2157 1904">
    <p class='ocr_par' dir='ltr' id='par_1_35' title="bbox 578 1832 2155 1904">
     <span class='ocr_line' id='line_1_35' title="bbox 578 1832 2155 1904; baseline 0.003 -17"><span class='ocrx_word' id='word_1_221' title='bbox 578 1834 849 1903; x_wconf 86' lang='lat' dir='ltr'><strong>promissa</strong></span> <span class='ocrx_word' id='word_1_222' title='bbox 890 1842 1072 1898; x_wconf 91' lang='lat' dir='ltr'><strong>esset,</strong></span> <span class='ocrx_word' id='word_1_223' title='bbox 1107 1832 1181 1888; x_wconf 89' lang='lat' dir='ltr'><strong>ita</strong></span> <span class='ocrx_word' id='word_1_224' title='bbox 1219 1833 1363 1888; x_wconf 89' lang='lat' dir='ltr'><strong>enim</strong></span> <span class='ocrx_word' id='word_1_225' title='bbox 1418 1834 1739 1904; x_wconf 90' lang='lat' dir='ltr'><strong>inscriptum</strong></span> <span class='ocrx_word' id='word_1_226' title='bbox 1782 1847 1937 1891; x_wconf 90' lang='lat' dir='ltr'><strong>erat:</strong></span> <span class='ocrx_word' id='word_1_227' title='bbox 1968 1840 2032 1891; x_wconf 87' lang='lat' dir='ltr'><strong>In</strong></span> <span class='ocrx_word' id='word_1_228' title='bbox 2058 1837 2155 1891; x_wconf 80' lang='lat' dir='ltr'><strong>hoc</strong></span> 
     </span>
    </p>
   </div>
   <div class='ocr_carea' id='block_1_36' title="bbox 2261 1828 3843 1904">
    <p class='ocr_par' dir='ltr' id='par_1_36' title="bbox 2261 1828 3843 1903">
     <span class='ocr_line' id='line_1_36' title="bbox 2261 1828 3843 1903; baseline -0.005 -15"><span class='ocrx_word' id='word_1_229' title='bbox 2261 1852 2355 1888; x_wconf 91' lang='grc' dir='ltr'><strong>νου</strong></span> <span class='ocrx_word' id='word_1_230' title='bbox 2386 1834 2480 1888; x_wconf 74' lang='grc' dir='ltr'>καὶ</span> <span class='ocrx_word' id='word_1_231' title='bbox 2510 1833 2804 1903; x_wconf 85' lang='grc' dir='ltr'>γράμμασι</span> <span class='ocrx_word' id='word_1_232' title='bbox 2832 1832 2931 1901; x_wconf 84' lang='grc' dir='ltr'><strong>τῆς</strong></span> <span class='ocrx_word' id='word_1_233' title='bbox 2975 1831 3146 1901; x_wconf 87' lang='grc' dir='ltr'>αὐτῆς</span> <span class='ocrx_word' id='word_1_234' title='bbox 3174 1831 3307 1901; x_wconf 82' lang='grc' dir='ltr'>ὕλης</span> <span class='ocrx_word' id='word_1_235' title='bbox 3349 1828 3843 1898; x_wconf 80' lang='grc' dir='ltr'>εὐαγγελιζομένου</span> 
     </span>
    </p>
   </div>
   <div class='ocr_carea' id='block_1_37' title="bbox 578 1923 2155 1996">
    <p class='ocr_par' dir='ltr' id='par_1_37' title="bbox 578 1923 2155 1996">
     <span class='ocr_line' id='line_1_37' title="bbox 578 1923 2155 1996; baseline 0.001 -18"><span class='ocrx_word' id='word_1_236' title='bbox 578 1927 720 1978; x_wconf 79' lang='lat' dir='ltr'><strong>vince</strong></span> <span class='ocrx_word' id='word_1_237' title='bbox 754 1941 768 1978; x_wconf 89' lang='lat'><strong>:</strong></span> <span class='ocrx_word' id='word_1_238' title='bbox 800 1923 993 1993; x_wconf 86' lang='lat' dir='ltr'><strong>proelio</strong></span> <span class='ocrx_word' id='word_1_239' title='bbox 1019 1939 1388 1993; x_wconf 86' lang='lat' dir='ltr'><strong>congressus,</strong></span> <span class='ocrx_word' id='word_1_240' title='bbox 1441 1932 1497 1979; x_wconf 89' lang='lat' dir='ltr'><strong>et</strong></span> <span class='ocrx_word' id='word_1_241' title='bbox 1541 1924 1669 1979; x_wconf 88' lang='lat' dir='ltr'><strong>belli</strong></span> <span class='ocrx_word' id='word_1_242' title='bbox 1698 1932 1757 1980; x_wconf 87' lang='lat' dir='ltr'><strong>et</strong></span> <span class='ocrx_word' id='word_1_243' title='bbox 1796 1924 2018 1996; x_wconf 87' lang='lat' dir='ltr'><strong>tyranni</strong></span> <span class='ocrx_word' id='word_1_244' title='bbox 2052 1925 2155 1979; x_wconf 86' lang='lat' dir='ltr'><strong>im-</strong></span> 
     </span>
    </p>
   </div>
   <div class='ocr_carea' id='block_1_38' title="bbox 578 2016 2157 2089">
    <p class='ocr_par' dir='ltr' id='par_1_38' title="bbox 578 2016 2157 2089">
     <span class='ocr_line' id='line_1_38' title="bbox 578 2016 2157 2089; baseline 0.002 -20"><span class='ocrx_word' id='word_1_245' title='bbox 578 2016 788 2085; x_wconf 90' lang='lat' dir='ltr'><strong>perium</strong></span> <span class='ocrx_word' id='word_1_246' title='bbox 822 2016 996 2071; x_wconf 83' lang='lat' dir='ltr'><strong>victor</strong></span> <span class='ocrx_word' id='word_1_247' title='bbox 1017 2016 1180 2085; x_wconf 86' lang='lat' dir='ltr'><strong>cepit.</strong></span> <span class='ocrx_word' id='word_1_248' title='bbox 1208 2016 1349 2071; x_wconf 88' lang='lat' dir='ltr'><strong>Ante</strong></span> <span class='ocrx_word' id='word_1_249' title='bbox 1383 2017 1636 2087; x_wconf 72' lang='lat' dir='ltr'><strong>prtelium</strong></span> <span class='ocrx_word' id='word_1_250' title='bbox 1668 2017 1809 2073; x_wconf 87' lang='lat' dir='ltr'><strong>hanc</strong></span> <span class='ocrx_word' id='word_1_251' title='bbox 1838 2033 1961 2089; x_wconf 74' lang='lat' dir='ltr'><strong>qua:</strong></span> <span class='ocrx_word' id='word_1_252' title='bbox 1988 2032 2157 2088; x_wconf 90' lang='lat' dir='ltr'><strong>appa-</strong></span> 
     </span>
    </p>
   </div>
   <div class='ocr_carea' id='block_1_39' title="bbox 2257 1922 3842 1999">
    <p class='ocr_par' dir='ltr' id='par_1_39' title="bbox 2257 1922 3842 1999">
     <span class='ocr_line' id='line_1_39' title="bbox 2257 1922 3842 1999; baseline -0.003 -20"><span class='ocrx_word' id='word_1_253' title='bbox 2257 1928 2354 1997; x_wconf 81' lang='grc' dir='ltr'><strong>τῆν</strong></span> <span class='ocrx_word' id='word_1_254' title='bbox 2382 1926 2536 1998; x_wconf 87' lang='grc' dir='ltr'>νίκην</span> <span class='ocrx_word' id='word_1_255' title='bbox 2568 1926 2743 1999; x_wconf 80' lang='grc' dir='ltr'>(ἔλεγε</span> <span class='ocrx_word' id='word_1_256' title='bbox 2772 1924 2881 1997; x_wconf 84' lang='grc' dir='ltr'>γὰρ</span> <span class='ocrx_word' id='word_1_257' title='bbox 2907 1925 2969 1978; x_wconf 82' lang='grc' dir='ltr'>τὸ</span> <span class='ocrx_word' id='word_1_258' title='bbox 3002 1924 3258 1996; x_wconf 83' lang='grc' dir='ltr'>γράμμα,</span> <span class='ocrx_word' id='word_1_259' title='bbox 3311 1924 3414 1977; x_wconf 79' lang='grc' dir='ltr'><strong>Ἐν</strong></span> <span class='ocrx_word' id='word_1_260' title='bbox 3440 1923 3629 1989; x_wconf 84' lang='grc' dir='ltr'>τούτῳ</span> <span class='ocrx_word' id='word_1_261' title='bbox 3657 1922 3842 1991; x_wconf 75' lang='grc' dir='ltr'>νίκα),</span> 
     </span>
    </p>
   </div>
   <div class='ocr_carea' id='block_1_40' title="bbox 2260 2012 3843 2089">
    <p class='ocr_par' dir='ltr' id='par_1_40' title="bbox 2260 2012 3843 2089">
     <span class='ocr_line' id='line_1_40' title="bbox 2260 2012 3843 2089; baseline -0.003 -18"><span class='ocrx_word' id='word_1_262' title='bbox 2260 2017 2553 2089; x_wconf 77' lang='grc' dir='ltr'>συμϐαλὼν</span> <span class='ocrx_word' id='word_1_263' title='bbox 2607 2019 2720 2082; x_wconf 80' lang='grc' dir='ltr'>τοῖς</span> <span class='ocrx_word' id='word_1_264' title='bbox 2751 2016 3032 2087; x_wconf 87' lang='grc' dir='ltr'>πολεμίοις</span> <span class='ocrx_word' id='word_1_265' title='bbox 3061 2016 3156 2069; x_wconf 71' lang='grc' dir='ltr'>καὶ</span> <span class='ocrx_word' id='word_1_266' title='bbox 3206 2014 3300 2069; x_wconf 88' lang='grc' dir='ltr'><strong>τοῦ</strong></span> <span class='ocrx_word' id='word_1_267' title='bbox 3334 2014 3577 2084; x_wconf 91' lang='grc' dir='ltr'>πολέμου</span> <span class='ocrx_word' id='word_1_268' title='bbox 3622 2014 3718 2068; x_wconf 80' lang='grc' dir='ltr'>καὶ</span> <span class='ocrx_word' id='word_1_269' title='bbox 3745 2012 3843 2068; x_wconf 87' lang='grc' dir='ltr'><strong>τοῦ</strong></span> 
     </span>
    </p>
   </div>
   <div class='ocr_carea' id='block_1_41' title="bbox 578 2105 2157 2181">
    <p class='ocr_par' dir='ltr' id='par_1_41' title="bbox 578 2109 2157 2181">
     <span class='ocr_line' id='line_1_41' title="bbox 578 2109 2157 2181; baseline 0.003 -19"><span class='ocrx_word' id='word_1_270' title='bbox 578 2109 689 2163; x_wconf 89' lang='lat' dir='ltr'><strong>ruit</strong></span> <span class='ocrx_word' id='word_1_271' title='bbox 731 2123 951 2163; x_wconf 85' lang='lat' dir='ltr'><strong>crucem</strong></span> <span class='ocrx_word' id='word_1_272' title='bbox 990 2109 1046 2163; x_wconf 90' lang='lat' dir='ltr'><strong>in</strong></span> <span class='ocrx_word' id='word_1_273' title='bbox 1078 2109 1251 2180; x_wconf 78' lang='lat' dir='ltr'><strong>signis</strong></span> <span class='ocrx_word' id='word_1_274' title='bbox 1278 2109 1552 2180; x_wconf 78' lang='lat' dir='ltr'><strong>figuravit,</strong></span> <span class='ocrx_word' id='word_1_275' title='bbox 1593 2120 1647 2164; x_wconf 91' lang='lat' dir='ltr'><strong>et</strong></span> <span class='ocrx_word' id='word_1_276' title='bbox 1677 2112 1859 2168; x_wconf 89' lang='lat' dir='ltr'><strong>aureis</strong></span> <span class='ocrx_word' id='word_1_277' title='bbox 1884 2110 2157 2181; x_wconf 88' lang='lat' dir='ltr'><strong>lapidibus</strong></span> 
     </span>
    </p>
   </div>
   <div class='ocr_carea' id='block_1_42' title="bbox 2261 2105 3845 2181">
    <p class='ocr_par' dir='ltr' id='par_1_42' title="bbox 2261 2105 3845 2180">
     <span class='ocr_line' id='line_1_42' title="bbox 2261 2105 3845 2180; baseline -0.003 -18"><span class='ocrx_word' id='word_1_278' title='bbox 2261 2108 2525 2180; x_wconf 87' lang='grc' dir='ltr'>τυράννου</span> <span class='ocrx_word' id='word_1_279' title='bbox 2567 2107 2816 2162; x_wconf 85' lang='grc' dir='ltr'>σκυλεύει</span> <span class='ocrx_word' id='word_1_280' title='bbox 2848 2107 2909 2160; x_wconf 81' lang='grc' dir='ltr'>τὸ</span> <span class='ocrx_word' id='word_1_281' title='bbox 2941 2106 3164 2179; x_wconf 88' lang='grc' dir='ltr'>κράτος.</span> <span class='ocrx_word' id='word_1_282' title='bbox 3210 2105 3324 2178; x_wconf 84' lang='grc' dir='ltr'><strong>Πρὸ</strong></span> <span class='ocrx_word' id='word_1_283' title='bbox 3356 2106 3414 2160; x_wconf 80' lang='grc' dir='ltr'>δὲ</span> <span class='ocrx_word' id='word_1_284' title='bbox 3459 2105 3561 2175; x_wconf 85' lang='grc' dir='ltr'><strong>τῆς</strong></span> <span class='ocrx_word' id='word_1_285' title='bbox 3595 2105 3845 2176; x_wconf 86' lang='grc' dir='ltr'>συμπλο-</span> 
     </span>
    </p>
   </div>
   <div class='ocr_carea' id='block_1_43' title="bbox 582 2202 2159 2274">
    <p class='ocr_par' dir='ltr' id='par_1_43' title="bbox 582 2202 2159 2274">
     <span class='ocr_line' id='line_1_43' title="bbox 582 2202 2159 2274; baseline 0.001 -17"><span class='ocrx_word' id='word_1_286' title='bbox 582 2202 882 2267; x_wconf 88' lang='lat' dir='ltr'><strong>adornans,</strong></span> <span class='ocrx_word' id='word_1_287' title='bbox 933 2203 1085 2257; x_wconf 87' lang='lat' dir='ltr'><strong>dedit</strong></span> <span class='ocrx_word' id='word_1_288' title='bbox 1115 2206 1206 2273; x_wconf 92' lang='lat' dir='ltr'><strong>qui</strong></span> <span class='ocrx_word' id='word_1_289' title='bbox 1247 2213 1373 2257; x_wconf 86' lang='lat' dir='ltr'><strong>ante</strong></span> <span class='ocrx_word' id='word_1_290' title='bbox 1406 2206 1680 2274; x_wconf 87' lang='lat' dir='ltr'><strong>equitarct</strong></span> <span class='ocrx_word' id='word_1_291' title='bbox 1731 2202 2005 2259; x_wconf 82' lang='lat' dir='ltr'><strong>feresdam</strong></span> <span class='ocrx_word' id='word_1_292' title='bbox 2031 2246 2046 2268; x_wconf 93' lang='lat'><strong>,</strong></span> <span class='ocrx_word' id='word_1_293' title='bbox 2104 2213 2159 2259; x_wconf 88' lang='lat' dir='ltr'><strong>et</strong></span> 
     </span>
    </p>
   </div>
   <div class='ocr_carea' id='block_1_44' title="bbox 580 2291 2157 2365">
    <p class='ocr_par' dir='ltr' id='par_1_44' title="bbox 580 2291 2157 2365">
     <span class='ocr_line' id='line_1_44' title="bbox 580 2291 2157 2365; baseline 0.002 -19"><span class='ocrx_word' id='word_1_294' title='bbox 580 2291 885 2348; x_wconf 83' lang='lat' dir='ltr'><strong>Maxentius</strong></span> <span class='ocrx_word' id='word_1_295' title='bbox 914 2294 1287 2364; x_wconf 81' lang='lat' dir='ltr'><strong>praedecessit.</strong></span> <span class='ocrx_word' id='word_1_296' title='bbox 1322 2293 1458 2349; x_wconf 88' lang='lat' dir='ltr'><strong>Nam</strong></span> <span class='ocrx_word' id='word_1_297' title='bbox 1514 2294 1582 2349; x_wconf 90' lang='lat' dir='ltr'><strong>iis</strong></span> <span class='ocrx_word' id='word_1_298' title='bbox 1645 2294 1856 2364; x_wconf 86' lang='lat' dir='ltr'><strong>laqueis</strong></span> <span class='ocrx_word' id='word_1_299' title='bbox 1885 2334 1899 2360; x_wconf 93' lang='lat'><strong>,</strong></span> <span class='ocrx_word' id='word_1_300' title='bbox 1959 2294 2157 2365; x_wconf 89' lang='lat' dir='ltr'><strong>quibus</strong></span> 
     </span>
    </p>
   </div>
   <div class='ocr_carea' id='block_1_45' title="bbox 579 2384 2158 2457">
    <p class='ocr_par' dir='ltr' id='par_1_45' title="bbox 579 2384 2158 2457">
     <span class='ocr_line' id='line_1_45' title="bbox 579 2384 2158 2457; baseline 0.001 -16"><span class='ocrx_word' id='word_1_301' title='bbox 579 2384 1001 2441; x_wconf 88' lang='lat' dir='ltr'><strong>Constantinum</strong></span> <span class='ocrx_word' id='word_1_302' title='bbox 1030 2400 1226 2457; x_wconf 88' lang='lat' dir='ltr'><strong>capere</strong></span> <span class='ocrx_word' id='word_1_303' title='bbox 1258 2385 1598 2453; x_wconf 87' lang='lat' dir='ltr'><strong>decreverat,</strong></span> <span class='ocrx_word' id='word_1_304' title='bbox 1631 2394 1823 2457; x_wconf 88' lang='lat' dir='ltr'><strong>captus</strong></span> <span class='ocrx_word' id='word_1_305' title='bbox 1850 2394 1953 2442; x_wconf 89' lang='lat' dir='ltr'><strong>est.</strong></span> <span class='ocrx_word' id='word_1_306' title='bbox 1988 2385 2158 2443; x_wconf 88' lang='lat' dir='ltr'><strong>Fece-</strong></span> 
     </span>
    </p>
   </div>
   <div class='ocr_carea' id='block_1_46' title="bbox 578 2479 2159 2550">
    <p class='ocr_par' dir='ltr' id='par_1_46' title="bbox 578 2479 2159 2550">
     <span class='ocr_line' id='line_1_46' title="bbox 578 2479 2159 2550; baseline 0.001 -16"><span class='ocrx_word' id='word_1_307' title='bbox 578 2488 666 2535; x_wconf 87' lang='lat' dir='ltr'><strong>rat</strong></span> <span class='ocrx_word' id='word_1_308' title='bbox 699 2481 850 2536; x_wconf 90' lang='lat' dir='ltr'><strong>enim</strong></span> <span class='ocrx_word' id='word_1_309' title='bbox 880 2490 1100 2550; x_wconf 90' lang='lat' dir='ltr'><strong>pontem</strong></span> <span class='ocrx_word' id='word_1_310' title='bbox 1133 2479 1300 2533; x_wconf 92' lang='lat' dir='ltr'><strong>alium</strong></span> <span class='ocrx_word' id='word_1_311' title='bbox 1324 2480 1482 2550; x_wconf 83' lang='lat' dir='ltr'><strong>juxta</strong></span> <span class='ocrx_word' id='word_1_312' title='bbox 1513 2488 1733 2550; x_wconf 90' lang='lat' dir='ltr'><strong>pontem</strong></span> <span class='ocrx_word' id='word_1_313' title='bbox 1765 2479 2007 2535; x_wconf 87' lang='lat' dir='ltr'><strong>Milvium</strong></span> <span class='ocrx_word' id='word_1_314' title='bbox 2050 2497 2159 2536; x_wconf 89' lang='lat' dir='ltr'><strong>non</strong></span> 
     </span>
    </p>
   </div>
   <div class='ocr_carea' id='block_1_47' title="bbox 579 2570 2159 2643">
    <p class='ocr_par' dir='ltr' id='par_1_47' title="bbox 579 2570 2159 2643">
     <span class='ocr_line' id='line_1_47' title="bbox 579 2570 2159 2643; baseline 0 -18"><span class='ocrx_word' id='word_1_315' title='bbox 579 2572 772 2643; x_wconf 92' lang='lat' dir='ltr'><strong>procul</strong></span> <span class='ocrx_word' id='word_1_316' title='bbox 808 2586 839 2626; x_wconf 88' lang='lat' dir='ltr'><strong>a</strong></span> <span class='ocrx_word' id='word_1_317' title='bbox 872 2570 1069 2635; x_wconf 82' lang='lat' dir='ltr'><strong>Roma,</strong></span> <span class='ocrx_word' id='word_1_318' title='bbox 1106 2580 1230 2626; x_wconf 88' lang='lat' dir='ltr'><strong>astu</strong></span> <span class='ocrx_word' id='word_1_319' title='bbox 1274 2570 1666 2641; x_wconf 89' lang='lat' dir='ltr'><strong>quodam,quo</strong></span> <span class='ocrx_word' id='word_1_320' title='bbox 1693 2582 1857 2641; x_wconf 89' lang='lat' dir='ltr'><strong>ponte</strong></span> <span class='ocrx_word' id='word_1_321' title='bbox 1885 2571 2159 2627; x_wconf 89' lang='lat' dir='ltr'><strong>Constan-</strong></span> 
     </span>
    </p>
   </div>
   <div class='ocr_carea' id='block_1_48' title="bbox 583 2655 2158 2734">
    <p class='ocr_par' dir='ltr' id='par_1_48' title="bbox 583 2655 2158 2734">
     <span class='ocr_line' id='line_1_48' title="bbox 583 2655 2158 2734; baseline -0.001 -15"><span class='ocrx_word' id='word_1_322' title='bbox 583 2665 755 2720; x_wconf 92' lang='lat' dir='ltr'><strong>tinum</strong></span> <span class='ocrx_word' id='word_1_323' title='bbox 792 2664 1092 2718; x_wconf 89' lang='lat' dir='ltr'><strong>irruentem</strong></span> <span class='ocrx_word' id='word_1_324' title='bbox 1122 2662 1351 2733; x_wconf 90' lang='lat' dir='ltr'><strong>perdere</strong></span> <span class='ocrx_word' id='word_1_325' title='bbox 1368 2662 1663 2730; x_wconf 76' lang='lat' dir='ltr'><strong>cogitabat.</strong></span> <span class='ocrx_word' id='word_1_326' title='bbox 1696 2662 1878 2720; x_wconf 84' lang='lat' dir='ltr'><strong>Versis</strong></span> <span class='ocrx_word' id='word_1_327' title='bbox 1901 2664 1953 2717; x_wconf 91' lang='lat' dir='ltr'><strong>in</strong></span> <span class='ocrx_word' id='word_1_328' title='bbox 1968 2655 2158 2734; x_wconf 70' lang='lat' dir='ltr'><strong>&#39;fugam</strong></span> 
     </span>
    </p>
   </div>
   <div class='ocr_carea' id='block_1_49' title="bbox 583 2755 2160 2826">
    <p class='ocr_par' dir='ltr' id='par_1_49' title="bbox 583 2755 2160 2826">
     <span class='ocr_line' id='line_1_49' title="bbox 583 2755 2160 2826; baseline -0.003 -15"><span class='ocrx_word' id='word_1_329' title='bbox 583 2758 649 2811; x_wconf 92' lang='lat' dir='ltr'><strong>iis</strong></span> <span class='ocrx_word' id='word_1_330' title='bbox 676 2756 771 2826; x_wconf 91' lang='lat' dir='ltr'><strong>qui</strong></span> <span class='ocrx_word' id='word_1_331' title='bbox 808 2755 981 2809; x_wconf 78' lang='lat' dir='ltr'><strong>Roma</strong></span> <span class='ocrx_word' id='word_1_332' title='bbox 1026 2764 1328 2817; x_wconf 90' lang='lat' dir='ltr'><strong>venerant,</strong></span> <span class='ocrx_word' id='word_1_333' title='bbox 1365 2755 1714 2825; x_wconf 80' lang='lat' dir='ltr'><strong>maximaque</strong></span> <span class='ocrx_word' id='word_1_334' title='bbox 1763 2762 1882 2809; x_wconf 80' lang='lat' dir='ltr'><strong>orta</strong></span> <span class='ocrx_word' id='word_1_335' title='bbox 1922 2755 2160 2824; x_wconf 87' lang='lat' dir='ltr'><strong>trepida-</strong></span> 
     </span>
    </p>
   </div>
   <div class='ocr_carea' id='block_1_50' title="bbox 581 2846 2160 2917">
    <p class='ocr_par' dir='ltr' id='par_1_50' title="bbox 581 2846 2160 2917">
     <span class='ocr_line' id='line_1_50' title="bbox 581 2846 2160 2917; baseline -0.001 -14"><span class='ocrx_word' id='word_1_336' title='bbox 581 2849 752 2912; x_wconf 89' lang='lat' dir='ltr'><strong>tione,</strong></span> <span class='ocrx_word' id='word_1_337' title='bbox 786 2848 1095 2903; x_wconf 84' lang='lat' dir='ltr'><strong>Maxentius</strong></span> <span class='ocrx_word' id='word_1_338' title='bbox 1123 2846 1234 2901; x_wconf 91' lang='lat' dir='ltr'><strong>doli</strong></span> <span class='ocrx_word' id='word_1_339' title='bbox 1261 2856 1459 2902; x_wconf 90' lang='lat' dir='ltr'><strong>auctor</strong></span> <span class='ocrx_word' id='word_1_340' title='bbox 1484 2863 1606 2903; x_wconf 90' lang='lat' dir='ltr'><strong>cum</strong></span> <span class='ocrx_word' id='word_1_341' title='bbox 1631 2847 1768 2915; x_wconf 89' lang='lat' dir='ltr'><strong>suis,</strong></span> <span class='ocrx_word' id='word_1_342' title='bbox 1794 2856 1956 2917; x_wconf 90' lang='lat' dir='ltr'><strong>rupto</strong></span> <span class='ocrx_word' id='word_1_343' title='bbox 1981 2847 2160 2903; x_wconf 80' lang='lat' dir='ltr'><strong>fallaci</strong></span> 
     </span>
    </p>
   </div>
   <div class='ocr_carea' id='block_1_51' title="bbox 583 2938 2157 3009">
    <p class='ocr_par' dir='ltr' id='par_1_51' title="bbox 583 2938 2157 3009">
     <span class='ocr_line' id='line_1_51' title="bbox 583 2938 2157 3009; baseline 0.001 -16"><span class='ocrx_word' id='word_1_344' title='bbox 583 2949 768 3008; x_wconf 89' lang='lat' dir='ltr'><strong>ponte,</strong></span> <span class='ocrx_word' id='word_1_345' title='bbox 829 2938 1195 3009; x_wconf 70' lang='lat' dir='ltr'><strong>praecipitavit</strong></span> <span class='ocrx_word' id='word_1_346' title='bbox 1249 2940 1304 2993; x_wconf 93' lang='lat' dir='ltr'><strong>in</strong></span> <span class='ocrx_word' id='word_1_347' title='bbox 1358 2938 1584 3006; x_wconf 87' lang='lat' dir='ltr'><strong>ﬂumen,</strong></span> <span class='ocrx_word' id='word_1_348' title='bbox 1618 2948 1673 2995; x_wconf 91' lang='lat' dir='ltr'><strong>et</strong></span> <span class='ocrx_word' id='word_1_349' title='bbox 1713 2940 2017 2996; x_wconf 81' lang='lat' dir='ltr'><strong>exstinctus</strong></span> <span class='ocrx_word' id='word_1_350' title='bbox 2053 2953 2157 2996; x_wconf 81' lang='grc' dir='ltr'>εει.</span> 
     </span>
    </p>
   </div>
   <div class='ocr_carea' id='block_1_52' title="bbox 587 3026 2159 3101">
    <p class='ocr_par' dir='ltr' id='par_1_52' title="bbox 587 3026 2159 3101">
     <span class='ocr_line' id='line_1_52' title="bbox 587 3026 2159 3101; baseline 0.004 -21"><span class='ocrx_word' id='word_1_351' title='bbox 587 3027 775 3097; x_wconf 84' lang='lat' dir='ltr'><strong>itaque</strong></span> <span class='ocrx_word' id='word_1_352' title='bbox 802 3026 1111 3084; x_wconf 86' lang='lat' dir='ltr'><strong>Maxentius</strong></span> <span class='ocrx_word' id='word_1_353' title='bbox 1150 3029 1351 3099; x_wconf 90' lang='lat' dir='ltr'><strong>periit,</strong></span> <span class='ocrx_word' id='word_1_354' title='bbox 1378 3039 1431 3084; x_wconf 88' lang='lat' dir='ltr'><strong>et</strong></span> <span class='ocrx_word' id='word_1_355' title='bbox 1468 3030 1684 3101; x_wconf 90' lang='lat' dir='ltr'><strong>imperii</strong></span> <span class='ocrx_word' id='word_1_356' title='bbox 1718 3046 1847 3101; x_wconf 89' lang='lat' dir='ltr'><strong>pars</strong></span> <span class='ocrx_word' id='word_1_357' title='bbox 1898 3031 2046 3088; x_wconf 85' lang='lat' dir='ltr'><strong>illius</strong></span> <span class='ocrx_word' id='word_1_358' title='bbox 2092 3033 2159 3088; x_wconf 88' lang='lat' dir='ltr'><strong>ad</strong></span> 
     </span>
    </p>
   </div>
   <div class='ocr_carea' id='block_1_53' title="bbox 2260 2196 3846 2271">
    <p class='ocr_par' dir='ltr' id='par_1_53' title="bbox 2260 2196 3846 2271">
     <span class='ocr_line' id='line_1_53' title="bbox 2260 2196 3846 2271; baseline -0.003 -17"><span class='ocrx_word' id='word_1_359' title='bbox 2260 2200 2364 2271; x_wconf 86' lang='grc' dir='ltr'><strong>κῆς</strong></span> <span class='ocrx_word' id='word_1_360' title='bbox 2393 2198 2492 2271; x_wconf 80' lang='grc' dir='ltr'>τὴν</span> <span class='ocrx_word' id='word_1_361' title='bbox 2542 2199 2693 2254; x_wconf 90' lang='grc' dir='ltr'>θείαν</span> <span class='ocrx_word' id='word_1_362' title='bbox 2727 2198 2848 2269; x_wconf 80' lang='grc' dir='ltr'>δψιν</span> <span class='ocrx_word' id='word_1_363' title='bbox 2896 2199 2976 2261; x_wconf 90' lang='grc' dir='ltr'><strong>είς</strong></span> <span class='ocrx_word' id='word_1_364' title='bbox 3022 2196 3286 2269; x_wconf 76' lang='grc' dir='ltr'>τροπαίου</span> <span class='ocrx_word' id='word_1_365' title='bbox 3329 2197 3515 2268; x_wconf 87' lang='grc' dir='ltr'>σχῆμα</span> <span class='ocrx_word' id='word_1_366' title='bbox 3548 2196 3846 2269; x_wconf 79' lang='grc' dir='ltr'>μορφώσας</span> 
     </span>
    </p>
   </div>
   <div class='ocr_carea' id='block_1_54' title="bbox 2260 2286 3846 2361">
    <p class='ocr_par' dir='ltr' id='par_1_54' title="bbox 2260 2286 3846 2361">
     <span class='ocr_line' id='line_1_54' title="bbox 2260 2286 3846 2361; baseline -0.003 -17"><span class='ocrx_word' id='word_1_367' title='bbox 2260 2291 2357 2345; x_wconf 76' lang='grc' dir='ltr'><strong>καὶ</strong></span> <span class='ocrx_word' id='word_1_368' title='bbox 2377 2289 2833 2361; x_wconf 82' lang='grc' dir='ltr'>χρυσοκολλήτοις</span> <span class='ocrx_word' id='word_1_369' title='bbox 2858 2288 3027 2351; x_wconf 80' lang='grc' dir='ltr'>λίθοις</span> <span class='ocrx_word' id='word_1_370' title='bbox 3052 2289 3298 2358; x_wconf 75' lang='grc' dir='ltr'>ἁρμόσας</span> <span class='ocrx_word' id='word_1_371' title='bbox 3322 2286 3492 2341; x_wconf 74' lang='grc' dir='ltr'>ἐδίδου</span> <span class='ocrx_word' id='word_1_372' title='bbox 3523 2287 3709 2356; x_wconf 90' lang='grc' dir='ltr'>φέρειν</span> <span class='ocrx_word' id='word_1_373' title='bbox 3731 2291 3846 2351; x_wconf 88' lang='grc' dir='ltr'>τοῖς</span> 
     </span>
    </p>
   </div>
   <div class='ocr_carea' id='block_1_55' title="bbox 2261 2379 3845 2455">
    <p class='ocr_par' dir='ltr' id='par_1_55' title="bbox 2261 2379 3845 2455">
     <span class='ocr_line' id='line_1_55' title="bbox 2261 2379 3845 2455; baseline -0.003 -18"><span class='ocrx_word' id='word_1_374' title='bbox 2261 2382 2666 2455; x_wconf 83' lang='grc' dir='ltr'>προῖππεύουσι</span> <span class='ocrx_word' id='word_1_375' title='bbox 2692 2382 2758 2435; x_wconf 77' lang='grc'><strong>’⁸.</strong></span> <span class='ocrx_word' id='word_1_376' title='bbox 2801 2381 2912 2437; x_wconf 82' lang='grc' dir='ltr'><strong>Καὶ</strong></span> <span class='ocrx_word' id='word_1_377' title='bbox 2949 2381 3161 2449; x_wconf 86' lang='grc' dir='ltr'>γίνεται</span> <span class='ocrx_word' id='word_1_378' title='bbox 3207 2380 3305 2451; x_wconf 86' lang='grc' dir='ltr'>μὲν</span> <span class='ocrx_word' id='word_1_379' title='bbox 3347 2380 3647 2445; x_wconf 78' lang='grc' dir='ltr'>Μαξέντιος</span> <span class='ocrx_word' id='word_1_380' title='bbox 3678 2379 3845 2434; x_wconf 84' lang='grc' dir='ltr'>αὐτοῦ</span> 
     </span>
    </p>
   </div>
   <div class='ocr_carea' id='block_1_56' title="bbox 2262 2469 3844 2548">
    <p class='ocr_par' dir='ltr' id='par_1_56' title="bbox 2262 2469 3844 2548">
     <span class='ocr_line' id='line_1_56' title="bbox 2262 2469 3844 2548; baseline -0.003 -19"><span class='ocrx_word' id='word_1_381' title='bbox 2262 2477 2489 2548; x_wconf 77' lang='grc' dir='ltr'>θήραμα</span> <span class='ocrx_word' id='word_1_382' title='bbox 2512 2490 2527 2505; x_wconf 78' lang='grc'><strong><em>⁸</em></strong></span> <span class='ocrx_word' id='word_1_383' title='bbox 2557 2469 2639 2538; x_wconf 79' lang='grc' dir='ltr'>οἷς</span> <span class='ocrx_word' id='word_1_384' title='bbox 2668 2474 2777 2545; x_wconf 82' lang='grc' dir='ltr'><strong>γὰρ</strong></span> <span class='ocrx_word' id='word_1_385' title='bbox 2802 2473 3060 2546; x_wconf 86' lang='grc' dir='ltr'>ὲνήδρευε</span> <span class='ocrx_word' id='word_1_386' title='bbox 3096 2472 3505 2528; x_wconf 84' lang='grc' dir='ltr'>Κωνσταντίνον</span> <span class='ocrx_word' id='word_1_387' title='bbox 3527 2472 3844 2545; x_wconf 86' lang='grc' dir='ltr'>θηράτροις,</span> 
     </span>
    </p>
   </div>
   <div class='ocr_carea' id='block_1_57' title="bbox 2262 2561 3848 2636">
    <p class='ocr_par' dir='ltr' id='par_1_57' title="bbox 2262 2561 3848 2636">
     <span class='ocr_line' id='line_1_57' title="bbox 2262 2561 3848 2636; baseline 0.003 -16"><span class='ocrx_word' id='word_1_388' title='bbox 2262 2567 2423 2631; x_wconf 81' lang='grc' dir='ltr'>αὐτὸς</span> <span class='ocrx_word' id='word_1_389' title='bbox 2456 2566 2716 2636; x_wconf 77' lang='grc' dir='ltr'>ἐθηράθη.</span> <span class='ocrx_word' id='word_1_390' title='bbox 2763 2564 3005 2635; x_wconf 87' lang='grc' dir='ltr'>Ἐπήγνυ</span> <span class='ocrx_word' id='word_1_391' title='bbox 3042 2562 3144 2633; x_wconf 77' lang='grc' dir='ltr'>μὲν</span> <span class='ocrx_word' id='word_1_392' title='bbox 3177 2562 3289 2635; x_wconf 82' lang='grc' dir='ltr'>γὰρ</span> <span class='ocrx_word' id='word_1_393' title='bbox 3324 2562 3460 2634; x_wconf 81' lang='grc' dir='ltr'>πρὸς</span> <span class='ocrx_word' id='word_1_394' title='bbox 3488 2562 3588 2633; x_wconf 84' lang='grc' dir='ltr'><strong>τῆς</strong></span> <span class='ocrx_word' id='word_1_395' title='bbox 3626 2561 3848 2633; x_wconf 76' lang='grc' dir='ltr'>Ῥώμης</span> 
     </span>
    </p>
   </div>
   <div class='ocr_carea' id='block_1_58' title="bbox 2263 2654 3845 2731">
    <p class='ocr_par' dir='ltr' id='par_1_58' title="bbox 2263 2654 3845 2731">
     <span class='ocr_line' id='line_1_58' title="bbox 2263 2654 3845 2731; baseline -0.006 -17"><span class='ocrx_word' id='word_1_396' title='bbox 2263 2663 2394 2731; x_wconf 78' lang='grc' dir='ltr'>περὶ</span> <span class='ocrx_word' id='word_1_397' title='bbox 2426 2660 2525 2730; x_wconf 81' lang='grc' dir='ltr'>τὴν</span> <span class='ocrx_word' id='word_1_398' title='bbox 2558 2658 2803 2714; x_wconf 88' lang='grc' dir='ltr'>Μουλίαν</span> <span class='ocrx_word' id='word_1_399' title='bbox 2829 2658 2872 2689; x_wconf 83' lang='grc'><strong>²¹</strong></span> <span class='ocrx_word' id='word_1_400' title='bbox 2909 2657 3161 2730; x_wconf 88' lang='grc' dir='ltr'>γέφυραν</span> <span class='ocrx_word' id='word_1_401' title='bbox 3185 2655 3338 2710; x_wconf 86' lang='grc' dir='ltr'>δόλου</span> <span class='ocrx_word' id='word_1_402' title='bbox 3376 2656 3621 2726; x_wconf 83' lang='grc' dir='ltr'>γέφυραν</span> <span class='ocrx_word' id='word_1_403' title='bbox 3655 2654 3845 2725; x_wconf 84' lang='grc' dir='ltr'>ἄλλην,</span> 
     </span>
    </p>
   </div>
   <div class='ocr_carea' id='block_1_59' title="bbox 2264 2744 3847 2823">
    <p class='ocr_par' dir='ltr' id='par_1_59' title="bbox 2264 2744 3847 2823">
     <span class='ocr_line' id='line_1_59' title="bbox 2264 2744 3847 2823; baseline -0.005 -18"><span class='ocrx_word' id='word_1_404' title='bbox 2264 2752 2331 2805; x_wconf 86' lang='grc' dir='ltr'><strong>δι’</strong></span> <span class='ocrx_word' id='word_1_405' title='bbox 2359 2745 2427 2823; x_wconf 79' lang='grc' dir='ltr'><strong>ἧς</strong></span> <span class='ocrx_word' id='word_1_406' title='bbox 2448 2750 2643 2823; x_wconf 78' lang='grc' dir='ltr'>ῆλπιζε</span> <span class='ocrx_word' id='word_1_407' title='bbox 2674 2750 2767 2803; x_wconf 80' lang='grc' dir='ltr'>τὸν</span> <span class='ocrx_word' id='word_1_408' title='bbox 2790 2750 3204 2803; x_wconf 84' lang='grc' dir='ltr'>Κωνσταντῖνον</span> <span class='ocrx_word' id='word_1_409' title='bbox 3232 2746 3599 2800; x_wconf 78' lang='grc' dir='ltr'>ἐπελαύνοντα</span> <span class='ocrx_word' id='word_1_410' title='bbox 3626 2744 3847 2813; x_wconf 80' lang='grc' dir='ltr'>διαφθαο</span> 
     </span>
    </p>
   </div>
   <div class='ocr_carea' id='block_1_60' title="bbox 2265 2836 3849 2915">
    <p class='ocr_par' dir='ltr' id='par_1_60' title="bbox 2265 2836 3849 2915">
     <span class='ocr_line' id='line_1_60' title="bbox 2265 2836 3849 2915; baseline -0.007 -17"><span class='ocrx_word' id='word_1_411' title='bbox 2265 2844 2426 2915; x_wconf 84' lang='grc' dir='ltr'>ρῆναι</span> <span class='ocrx_word' id='word_1_412' title='bbox 2447 2860 2464 2876; x_wconf 73' lang='grc'><strong><em>⁸</em></strong></span> <span class='ocrx_word' id='word_1_413' title='bbox 2493 2842 2595 2913; x_wconf 86' lang='grc' dir='ltr'><strong>τῆς</strong></span> <span class='ocrx_word' id='word_1_414' title='bbox 2645 2841 2854 2912; x_wconf 85' lang='grc' dir='ltr'>τροπῆς</span> <span class='ocrx_word' id='word_1_415' title='bbox 2883 2840 2941 2894; x_wconf 84' lang='grc' dir='ltr'>δὲ</span> <span class='ocrx_word' id='word_1_416' title='bbox 2971 2839 3082 2894; x_wconf 88' lang='grc' dir='ltr'><strong>τῶν</strong></span> <span class='ocrx_word' id='word_1_417' title='bbox 3112 2839 3220 2894; x_wconf 78' lang='grc' dir='ltr'>ἀπὸ</span> <span class='ocrx_word' id='word_1_418' title='bbox 3260 2838 3482 2910; x_wconf 84' lang='grc' dir='ltr'>Ῥώμης</span> <span class='ocrx_word' id='word_1_419' title='bbox 3526 2838 3710 2905; x_wconf 78' lang='grc' dir='ltr'>ὀξείας</span> <span class='ocrx_word' id='word_1_420' title='bbox 3751 2836 3849 2890; x_wconf 80' lang='grc' dir='ltr'>καὶ</span> 
     </span>
    </p>
   </div>
   <div class='ocr_carea' id='block_1_61' title="bbox 2264 2930 3848 3006">
    <p class='ocr_par' dir='ltr' id='par_1_61' title="bbox 2264 2930 3848 3006">
     <span class='ocr_line' id='line_1_61' title="bbox 2264 2930 3848 3006; baseline -0.004 -17"><span class='ocrx_word' id='word_1_421' title='bbox 2264 2935 2364 2989; x_wconf 80' lang='grc' dir='ltr'>σὺν</span> <span class='ocrx_word' id='word_1_422' title='bbox 2392 2935 2618 3006; x_wconf 82' lang='grc' dir='ltr'>ταράχῳ</span> <span class='ocrx_word' id='word_1_423' title='bbox 2666 2932 2847 3006; x_wconf 87' lang='grc' dir='ltr'>πολλῷ</span> <span class='ocrx_word' id='word_1_424' title='bbox 2892 2934 3270 3004; x_wconf 79' lang='grc' dir='ltr'>γεγενημένης</span> <span class='ocrx_word' id='word_1_425' title='bbox 3306 2931 3470 2995; x_wconf 80' lang='grc' dir='ltr'>αὐτὸς</span> <span class='ocrx_word' id='word_1_426' title='bbox 3496 2933 3525 2984; x_wconf 87' lang='grc' dir='ltr'><strong>ό</strong></span> <span class='ocrx_word' id='word_1_427' title='bbox 3561 2931 3655 2985; x_wconf 87' lang='grc' dir='ltr'><strong>τοῦ</strong></span> <span class='ocrx_word' id='word_1_428' title='bbox 3693 2930 3848 2984; x_wconf 81' lang='grc' dir='ltr'>δόλου</span> 
     </span>
    </p>
   </div>
   <div class='ocr_carea' id='block_1_62' title="bbox 2262 3023 3850 3097">
    <p class='ocr_par' dir='ltr' id='par_1_62' title="bbox 2262 3023 3850 3097">
     <span class='ocr_line' id='line_1_62' title="bbox 2262 3023 3850 3097; baseline -0.003 -17"><span class='ocrx_word' id='word_1_429' title='bbox 2262 3026 2512 3097; x_wconf 83' lang='grc' dir='ltr'>τεχνίτης</span> <span class='ocrx_word' id='word_1_430' title='bbox 2562 3027 2659 3079; x_wconf 86' lang='grc' dir='ltr'>σὺν</span> <span class='ocrx_word' id='word_1_431' title='bbox 2690 3026 2803 3087; x_wconf 82' lang='grc' dir='ltr'>τοῖς</span> <span class='ocrx_word' id='word_1_432' title='bbox 2854 3026 3162 3095; x_wconf 76' lang='grc' dir='ltr'>ἑπομένοις,</span> <span class='ocrx_word' id='word_1_433' title='bbox 3219 3023 3613 3097; x_wconf 77' lang='grc' dir='ltr'>διαρραγείσης</span> <span class='ocrx_word' id='word_1_434' title='bbox 3660 3023 3850 3087; x_wconf 88' lang='grc' dir='ltr'>αὐτοῖς</span> 
     </span>
    </p>
   </div>
   <div class='ocr_carea' id='block_1_63' title="bbox 582 3114 2157 3190">
    <p class='ocr_par' dir='ltr' id='par_1_63' title="bbox 582 3114 2157 3185">
     <span class='ocr_line' id='line_1_63' title="bbox 582 3114 2157 3185; baseline 0.003 -13"><span class='ocrx_word' id='word_1_435' title='bbox 582 3114 1006 3173; x_wconf 85' lang='lat' dir='ltr'><strong>Constantinum</strong></span> <span class='ocrx_word' id='word_1_436' title='bbox 1034 3119 1215 3185; x_wconf 84' lang='lat' dir='ltr'><strong>rediit,</strong></span> <span class='ocrx_word' id='word_1_437' title='bbox 1241 3130 1295 3175; x_wconf 92' lang='lat' dir='ltr'><strong>et</strong></span> <span class='ocrx_word' id='word_1_438' title='bbox 1321 3120 1528 3175; x_wconf 88' lang='lat' dir='ltr'><strong>subditi</strong></span> <span class='ocrx_word' id='word_1_439' title='bbox 1554 3137 1660 3176; x_wconf 91' lang='lat' dir='ltr'><strong>non</strong></span> <span class='ocrx_word' id='word_1_440' title='bbox 1680 3122 1841 3177; x_wconf 87' lang='lat' dir='ltr'><strong>modo</strong></span> <span class='ocrx_word' id='word_1_441' title='bbox 1863 3122 1933 3178; x_wconf 88' lang='lat' dir='ltr'><strong>ab</strong></span> <span class='ocrx_word' id='word_1_442' title='bbox 1966 3123 2157 3178; x_wconf 82' lang='lat' dir='ltr'><strong>imme-</strong></span> 
     </span>
    </p>
   </div>
   <div class='ocr_carea' id='block_1_64' title="bbox 2261 3114 3848 3190">
    <p class='ocr_par' dir='ltr' id='par_1_64' title="bbox 2262 3114 3848 3189">
     <span class='ocr_line' id='line_1_64' title="bbox 2262 3114 3848 3189; baseline -0.004 -16"><span class='ocrx_word' id='word_1_443' title='bbox 2262 3120 2363 3189; x_wconf 89' lang='grc' dir='ltr'><strong>τῆς</strong></span> <span class='ocrx_word' id='word_1_444' title='bbox 2397 3117 2802 3188; x_wconf 87' lang='grc' dir='ltr'>σεσοφισμένης</span> <span class='ocrx_word' id='word_1_445' title='bbox 2832 3118 3097 3189; x_wconf 82' lang='grc' dir='ltr'>γεφύρας,</span> <span class='ocrx_word' id='word_1_446' title='bbox 3130 3116 3325 3170; x_wconf 87' lang='grc' dir='ltr'>κατέδυ</span> <span class='ocrx_word' id='word_1_447' title='bbox 3356 3133 3417 3169; x_wconf 88' lang='grc' dir='ltr'><strong>τε</strong></span> <span class='ocrx_word' id='word_1_448' title='bbox 3448 3117 3527 3179; x_wconf 86' lang='grc' dir='ltr'><strong>είς</strong></span> <span class='ocrx_word' id='word_1_449' title='bbox 3557 3114 3648 3167; x_wconf 84' lang='grc' dir='ltr'>τὸν</span> <span class='ocrx_word' id='word_1_450' title='bbox 3676 3132 3848 3168; x_wconf 88' lang='grc' dir='ltr'>ποτα-</span> 
     </span>
    </p>
   </div>
   <div class='ocr_carea' id='block_1_65' title="bbox 585 3209 2160 3280">
    <p class='ocr_par' dir='ltr' id='par_1_65' title="bbox 585 3209 2160 3280">
     <span class='ocr_line' id='line_1_65' title="bbox 585 3209 2160 3280; baseline 0.003 -16"><span class='ocrx_word' id='word_1_451' title='bbox 585 3209 810 3264; x_wconf 89' lang='lat' dir='ltr'><strong>dicabili</strong></span> <span class='ocrx_word' id='word_1_452' title='bbox 842 3210 988 3263; x_wconf 90' lang='lat' dir='ltr'><strong>malo</strong></span> <span class='ocrx_word' id='word_1_453' title='bbox 1024 3210 1391 3280; x_wconf 87' lang='lat' dir='ltr'><strong>respirarunt,</strong></span> <span class='ocrx_word' id='word_1_454' title='bbox 1422 3211 1517 3266; x_wconf 89' lang='lat' dir='ltr'><strong>sed</strong></span> <span class='ocrx_word' id='word_1_455' title='bbox 1548 3222 1601 3266; x_wconf 91' lang='lat' dir='ltr'><strong>et</strong></span> <span class='ocrx_word' id='word_1_456' title='bbox 1634 3212 1743 3267; x_wconf 77' lang='lat' dir='ltr'><strong>laeti</strong></span> <span class='ocrx_word' id='word_1_457' title='bbox 1780 3211 1981 3269; x_wconf 80' lang='lat' dir='ltr'><strong>festum</strong></span> <span class='ocrx_word' id='word_1_458' title='bbox 2014 3214 2160 3269; x_wconf 89' lang='lat' dir='ltr'><strong>diem</strong></span> 
     </span>
    </p>
   </div>
   <div class='ocr_carea' id='block_1_66' title="bbox 584 3300 2163 3376">
    <p class='ocr_par' dir='ltr' id='par_1_66' title="bbox 584 3300 2163 3376">
     <span class='ocr_line' id='line_1_66' title="bbox 584 3300 2163 3376; baseline 0.003 -18"><span class='ocrx_word' id='word_1_459' title='bbox 584 3310 837 3373; x_wconf 80' lang='lat' dir='ltr'><strong>egerunt.</strong></span> <span class='ocrx_word' id='word_1_460' title='bbox 852 3300 1099 3357; x_wconf 87' lang='lat' dir='ltr'><strong>Licinius</strong></span> <span class='ocrx_word' id='word_1_461' title='bbox 1113 3310 1295 3357; x_wconf 90' lang='lat' dir='ltr'><strong>autem</strong></span> <span class='ocrx_word' id='word_1_462' title='bbox 1314 3305 1532 3374; x_wconf 81' lang='lat' dir='ltr'><strong>gentilis</strong></span> <span class='ocrx_word' id='word_1_463' title='bbox 1551 3304 1606 3359; x_wconf 90' lang='lat' dir='ltr'><strong>in</strong></span> <span class='ocrx_word' id='word_1_464' title='bbox 1628 3306 1748 3374; x_wconf 89' lang='lat' dir='ltr'><strong>pios</strong></span> <span class='ocrx_word' id='word_1_465' title='bbox 1771 3308 1966 3373; x_wconf 60' lang='lat' dir='ltr'><strong>saviit,</strong></span> <span class='ocrx_word' id='word_1_466' title='bbox 1984 3308 2163 3376; x_wconf 89' lang='lat' dir='ltr'><strong>primo</strong></span> 
     </span>
    </p>
   </div>
   <div class='ocr_carea' id='block_1_67' title="bbox 583 3392 2161 3467">
    <p class='ocr_par' dir='ltr' id='par_1_67' title="bbox 583 3392 2161 3467">
     <span class='ocr_line' id='line_1_67' title="bbox 583 3392 2161 3467; baseline 0.002 -18"><span class='ocrx_word' id='word_1_467' title='bbox 583 3395 805 3463; x_wconf 88' lang='lat' dir='ltr'><strong>quidem</strong></span> <span class='ocrx_word' id='word_1_468' title='bbox 834 3392 1066 3459; x_wconf 89' lang='lat' dir='ltr'><strong>occulte,</strong></span> <span class='ocrx_word' id='word_1_469' title='bbox 1100 3404 1247 3449; x_wconf 92' lang='lat' dir='ltr'><strong>metu</strong></span> <span class='ocrx_word' id='word_1_470' title='bbox 1280 3394 1478 3460; x_wconf 81' lang='lat' dir='ltr'><strong>alliuis,</strong></span> <span class='ocrx_word' id='word_1_471' title='bbox 1509 3396 1704 3452; x_wconf 91' lang='lat' dir='ltr'><strong>deinde</strong></span> <span class='ocrx_word' id='word_1_472' title='bbox 1737 3407 1926 3467; x_wconf 87' lang='lat' dir='ltr'><strong>aperto</strong></span> <span class='ocrx_word' id='word_1_473' title='bbox 1966 3407 2161 3453; x_wconf 90' lang='lat' dir='ltr'><strong>marte.</strong></span> 
     </span>
    </p>
   </div>
   <div class='ocr_carea' id='block_1_68' title="bbox 586 3485 2162 3558">
    <p class='ocr_par' dir='ltr' id='par_1_68' title="bbox 586 3485 2162 3558">
     <span class='ocr_line' id='line_1_68' title="bbox 586 3485 2162 3558; baseline 0.002 -17"><span class='ocrx_word' id='word_1_474' title='bbox 586 3485 950 3541; x_wconf 71' lang='lat' dir='ltr'><strong>lnveteratum</strong></span> <span class='ocrx_word' id='word_1_475' title='bbox 1014 3485 1159 3539; x_wconf 89' lang='lat' dir='ltr'><strong>enim</strong></span> <span class='ocrx_word' id='word_1_476' title='bbox 1216 3487 1423 3541; x_wconf 89' lang='lat' dir='ltr'><strong>malum</strong></span> <span class='ocrx_word' id='word_1_477' title='bbox 1452 3487 1771 3558; x_wconf 90' lang='lat' dir='ltr'><strong>plerumque</strong></span> <span class='ocrx_word' id='word_1_478' title='bbox 1798 3499 1852 3543; x_wconf 90' lang='lat' dir='ltr'><strong>et</strong></span> <span class='ocrx_word' id='word_1_479' title='bbox 1871 3489 2043 3544; x_wconf 79' lang='lat' dir='ltr'><strong>lotum</strong></span> <span class='ocrx_word' id='word_1_480' title='bbox 2078 3491 2162 3544; x_wconf 90' lang='lat' dir='ltr'><strong>in-</strong></span> 
     </span>
    </p>
   </div>
   <div class='ocr_carea' id='block_1_69' title="bbox 588 3578 2163 3650">
    <p class='ocr_par' dir='ltr' id='par_1_69' title="bbox 588 3578 2163 3650">
     <span class='ocr_line' id='line_1_69' title="bbox 588 3578 2163 3650; baseline 0.005 -20"><span class='ocrx_word' id='word_1_481' title='bbox 588 3587 678 3631; x_wconf 94' lang='lat' dir='ltr'><strong>tus</strong></span> <span class='ocrx_word' id='word_1_482' title='bbox 714 3586 982 3647; x_wconf 88' lang='lat' dir='ltr'><strong>perpetuo</strong></span> <span class='ocrx_word' id='word_1_483' title='bbox 1007 3578 1179 3632; x_wconf 89' lang='lat' dir='ltr'><strong>latere</strong></span> <span class='ocrx_word' id='word_1_484' title='bbox 1203 3579 1414 3650; x_wconf 89' lang='lat' dir='ltr'><strong>nequit,</strong></span> <span class='ocrx_word' id='word_1_485' title='bbox 1467 3589 1525 3634; x_wconf 88' lang='lat' dir='ltr'><strong>et</strong></span> <span class='ocrx_word' id='word_1_486' title='bbox 1588 3580 1794 3650; x_wconf 89' lang='lat' dir='ltr'><strong>pridem</strong></span> <span class='ocrx_word' id='word_1_487' title='bbox 1843 3582 2163 3637; x_wconf 89' lang='lat' dir='ltr'><strong>meditatum</strong></span> 
     </span>
    </p>
   </div>
   <div class='ocr_carea' id='block_1_70' title="bbox 588 3666 2165 3740">
    <p class='ocr_par' dir='ltr' id='par_1_70' title="bbox 588 3666 2165 3740">
     <span class='ocr_line' id='line_1_70' title="bbox 588 3666 2165 3740; baseline 0.004 -19"><span class='ocrx_word' id='word_1_488' title='bbox 588 3667 736 3721; x_wconf 85' lang='lat' dir='ltr'><strong>foras</strong></span> <span class='ocrx_word' id='word_1_489' title='bbox 775 3666 993 3722; x_wconf 85' lang='lat' dir='ltr'><strong>tandem</strong></span> <span class='ocrx_word' id='word_1_490' title='bbox 1028 3669 1284 3737; x_wconf 90' lang='lat' dir='ltr'><strong>erumpit.</strong></span> <span class='ocrx_word' id='word_1_491' title='bbox 1334 3667 1517 3735; x_wconf 87' lang='lat' dir='ltr'><strong>Quare</strong></span> <span class='ocrx_word' id='word_1_492' title='bbox 1574 3669 1800 3725; x_wconf 83' lang='lat' dir='ltr'><strong>infanda</strong></span> <span class='ocrx_word' id='word_1_493' title='bbox 1859 3674 2165 3740; x_wconf 84' lang='lat' dir='ltr'><strong>persecutio</strong></span> 
     </span>
    </p>
   </div>
   <div class='ocr_carea' id='block_1_71' title="bbox 585 3759 2164 3831">
    <p class='ocr_par' dir='ltr' id='par_1_71' title="bbox 585 3759 2164 3831">
     <span class='ocr_line' id='line_1_71' title="bbox 585 3759 2164 3831; baseline 0.002 -17"><span class='ocrx_word' id='word_1_494' title='bbox 585 3761 640 3814; x_wconf 88' lang='lat' dir='ltr'><strong>in</strong></span> <span class='ocrx_word' id='word_1_495' title='bbox 680 3759 1033 3814; x_wconf 87' lang='lat' dir='ltr'><strong>Christianos</strong></span> <span class='ocrx_word' id='word_1_496' title='bbox 1082 3760 1253 3814; x_wconf 85' lang='lat' dir='ltr'><strong>movit</strong></span> <span class='ocrx_word' id='word_1_497' title='bbox 1315 3761 1466 3830; x_wconf 92' lang='lat' dir='ltr'><strong>pium</strong></span> <span class='ocrx_word' id='word_1_498' title='bbox 1521 3761 1904 3831; x_wconf 88' lang='lat' dir='ltr'><strong>imperatorem</strong></span> <span class='ocrx_word' id='word_1_499' title='bbox 1973 3773 2164 3818; x_wconf 89' lang='lat' dir='ltr'><strong>contra</strong></span> 
     </span>
    </p>
   </div>
   <div class='ocr_carea' id='block_1_72' title="bbox 584 3852 2164 3923">
    <p class='ocr_par' dir='ltr' id='par_1_72' title="bbox 584 3852 2164 3923">
     <span class='ocr_line' id='line_1_72' title="bbox 584 3852 2164 3923; baseline 0.002 -17"><span class='ocrx_word' id='word_1_500' title='bbox 584 3852 816 3923; x_wconf 91' lang='lat' dir='ltr'><strong>impium</strong></span> <span class='ocrx_word' id='word_1_501' title='bbox 841 3852 1055 3907; x_wconf 75' lang='lat' dir='ltr'><strong>affinem</strong></span> <span class='ocrx_word' id='word_1_502' title='bbox 1088 3854 1154 3907; x_wconf 90' lang='lat' dir='ltr'><strong>ad</strong></span> <span class='ocrx_word' id='word_1_503' title='bbox 1180 3852 1393 3921; x_wconf 88' lang='lat' dir='ltr'><strong>justum</strong></span> <span class='ocrx_word' id='word_1_504' title='bbox 1414 3853 1624 3919; x_wconf 91' lang='lat' dir='ltr'><strong>odium,</strong></span> <span class='ocrx_word' id='word_1_505' title='bbox 1656 3862 1710 3909; x_wconf 90' lang='lat' dir='ltr'><strong>et</strong></span> <span class='ocrx_word' id='word_1_506' title='bbox 1725 3868 1792 3909; x_wconf 86' lang='lat' dir='ltr'><strong>ex</strong></span> <span class='ocrx_word' id='word_1_507' title='bbox 1807 3854 1933 3909; x_wconf 92' lang='lat' dir='ltr'><strong>odio</strong></span> <span class='ocrx_word' id='word_1_508' title='bbox 1973 3864 2164 3910; x_wconf 87' lang='lat' dir='ltr'><strong>natum</strong></span> 
     </span>
    </p>
   </div>
   <div class='ocr_carea' id='block_1_73' title="bbox 2272 3207 3854 3280">
    <p class='ocr_par' dir='ltr' id='par_1_73' title="bbox 2272 3207 3854 3280">
     <span class='ocr_line' id='line_1_73' title="bbox 2272 3207 3854 3280; baseline -0.003 -16"><span class='ocrx_word' id='word_1_509' title='bbox 2272 3210 2373 3280; x_wconf 82' lang='grc' dir='ltr'>μὸν</span> <span class='ocrx_word' id='word_1_510' title='bbox 2399 3210 2494 3263; x_wconf 81' lang='grc' dir='ltr'>καὶ</span> <span class='ocrx_word' id='word_1_511' title='bbox 2519 3209 2703 3275; x_wconf 77' lang='grc' dir='ltr'>ἐξέπιε</span> <span class='ocrx_word' id='word_1_512' title='bbox 2725 3209 2816 3262; x_wconf 84' lang='grc' dir='ltr'>τὸν</span> <span class='ocrx_word' id='word_1_513' title='bbox 2841 3209 3089 3265; x_wconf 87' lang='grc' dir='ltr'>θάνατον.</span> <span class='ocrx_word' id='word_1_514' title='bbox 3134 3209 3273 3263; x_wconf 86' lang='grc' dir='ltr'>Ἀλλ’</span> <span class='ocrx_word' id='word_1_515' title='bbox 3304 3208 3448 3261; x_wconf 76' lang='grc' dir='ltr'>οὕτω</span> <span class='ocrx_word' id='word_1_516' title='bbox 3483 3207 3583 3277; x_wconf 80' lang='grc' dir='ltr'>μὲν</span> <span class='ocrx_word' id='word_1_517' title='bbox 3608 3208 3703 3261; x_wconf 83' lang='grc' dir='ltr'>καὶ</span> <span class='ocrx_word' id='word_1_518' title='bbox 3731 3209 3854 3260; x_wconf 81' lang='grc' dir='ltr'><strong>Μα-</strong></span> 
     </span>
    </p>
   </div>
   <div class='ocr_carea' id='block_1_74' title="bbox 2268 3300 3849 3373">
    <p class='ocr_par' dir='ltr' id='par_1_74' title="bbox 2268 3300 3849 3373">
     <span class='ocr_line' id='line_1_74' title="bbox 2268 3300 3849 3373; baseline -0.002 -18"><span class='ocrx_word' id='word_1_519' title='bbox 2268 3301 2472 3367; x_wconf 82' lang='grc' dir='ltr'>ξέντιος</span> <span class='ocrx_word' id='word_1_520' title='bbox 2506 3301 2793 3373; x_wconf 81' lang='grc' dir='ltr'>διεφθάρη,</span> <span class='ocrx_word' id='word_1_521' title='bbox 2841 3301 2939 3355; x_wconf 77' lang='grc' dir='ltr'>καὶ</span> <span class='ocrx_word' id='word_1_522' title='bbox 2987 3304 3068 3365; x_wconf 87' lang='grc' dir='ltr'><strong>είς</strong></span> <span class='ocrx_word' id='word_1_523' title='bbox 3106 3302 3516 3355; x_wconf 85' lang='grc' dir='ltr'>Κωνσταντῖνον</span> <span class='ocrx_word' id='word_1_524' title='bbox 3557 3301 3593 3371; x_wconf 89' lang='grc' dir='ltr'><strong>ή</strong></span> <span class='ocrx_word' id='word_1_525' title='bbox 3636 3300 3849 3354; x_wconf 77' lang='grc' dir='ltr'>ἐκείνου</span> 
     </span>
    </p>
   </div>
   <div class='ocr_carea' id='block_1_75' title="bbox 2270 3392 3851 3465">
    <p class='ocr_par' dir='ltr' id='par_1_75' title="bbox 2270 3392 3851 3465">
     <span class='ocr_line' id='line_1_75' title="bbox 2270 3392 3851 3465; baseline -0.002 -18"><span class='ocrx_word' id='word_1_526' title='bbox 2270 3394 2430 3465; x_wconf 81' lang='grc' dir='ltr'>μερὶς</span> <span class='ocrx_word' id='word_1_527' title='bbox 2471 3395 2855 3465; x_wconf 88' lang='grc' dir='ltr'>περιίσταται·</span> <span class='ocrx_word' id='word_1_528' title='bbox 2890 3393 2986 3448; x_wconf 79' lang='grc' dir='ltr'>καὶ</span> <span class='ocrx_word' id='word_1_529' title='bbox 3028 3393 3089 3447; x_wconf 79' lang='grc' dir='ltr'>τὸ</span> <span class='ocrx_word' id='word_1_530' title='bbox 3134 3393 3375 3465; x_wconf 82' lang='grc' dir='ltr'>ὑπήκοον</span> <span class='ocrx_word' id='word_1_531' title='bbox 3435 3393 3497 3446; x_wconf 91' lang='grc' dir='ltr'><strong>οὐ</strong></span> <span class='ocrx_word' id='word_1_532' title='bbox 3548 3393 3709 3463; x_wconf 88' lang='grc' dir='ltr'>μόνον</span> <span class='ocrx_word' id='word_1_533' title='bbox 3752 3392 3851 3445; x_wconf 84' lang='grc' dir='ltr'><strong>ἀν⁴</strong></span> 
     </span>
    </p>
   </div>
   <div class='ocr_carea' id='block_1_76' title="bbox 2266 3472 3851 3557">
    <p class='ocr_par' dir='ltr' id='par_1_76' title="bbox 2266 3472 3851 3557">
     <span class='ocr_line' id='line_1_76' title="bbox 2266 3472 3851 3557; baseline -0.001 -18"><span class='ocrx_word' id='word_1_534' title='bbox 2266 3486 2495 3540; x_wconf 87' lang='grc' dir='ltr'>έπνευσε</span> <span class='ocrx_word' id='word_1_535' title='bbox 2519 3487 2629 3540; x_wconf 89' lang='grc' dir='ltr'><strong>τῶν</strong></span> <span class='ocrx_word' id='word_1_536' title='bbox 2650 3487 2965 3557; x_wconf 83' lang='grc' dir='ltr'>ἀνηκέστων</span> <span class='ocrx_word' id='word_1_537' title='bbox 2984 3486 3191 3553; x_wconf 85' lang='grc' dir='ltr'>κακῶν,</span> <span class='ocrx_word' id='word_1_538' title='bbox 3210 3485 3347 3540; x_wconf 83' lang='grc' dir='ltr'>ἀλλὰ</span> <span class='ocrx_word' id='word_1_539' title='bbox 3367 3485 3460 3537; x_wconf 79' lang='grc' dir='ltr'>καὶ</span> <span class='ocrx_word' id='word_1_540' title='bbox 3485 3486 3544 3538; x_wconf 84' lang='grc' dir='ltr'><strong>έν</strong></span> <span class='ocrx_word' id='word_1_541' title='bbox 3572 3485 3617 3515; x_wconf 80' lang='grc'><strong>’⁸</strong></span> <span class='ocrx_word' id='word_1_542' title='bbox 3638 3472 3790 3553; x_wconf 77' lang='grc' dir='ltr'>εὐδίᾳ</span> <span class='ocrx_word' id='word_1_543' title='bbox 3804 3482 3851 3515; x_wconf 76' lang='grc'><strong>’³</strong></span> 
     </span>
    </p>
   </div>
   <div class='ocr_carea' id='block_1_77' title="bbox 2268 3574 3853 3651">
    <p class='ocr_par' dir='ltr' id='par_1_77' title="bbox 2268 3574 3853 3651">
     <span class='ocr_line' id='line_1_77' title="bbox 2268 3574 3853 3651; baseline -0.003 -20"><span class='ocrx_word' id='word_1_544' title='bbox 2268 3577 2419 3651; x_wconf 81' lang='grc' dir='ltr'>πάσῃ</span> <span class='ocrx_word' id='word_1_545' title='bbox 2443 3577 2706 3649; x_wconf 76' lang='grc' dir='ltr'>ἑώρταζε.</span> <span class='ocrx_word' id='word_1_546' title='bbox 2731 3579 3005 3642; x_wconf 87' lang='grc' dir='ltr'>Λικίννιος</span> <span class='ocrx_word' id='word_1_547' title='bbox 3032 3578 3091 3632; x_wconf 83' lang='grc' dir='ltr'>δὲ</span> <span class='ocrx_word' id='word_1_548' title='bbox 3120 3578 3221 3648; x_wconf 83' lang='grc' dir='ltr'>τὴν</span> <span class='ocrx_word' id='word_1_549' title='bbox 3252 3577 3491 3649; x_wconf 87' lang='grc' dir='ltr'>Ἕλληνα</span> <span class='ocrx_word' id='word_1_550' title='bbox 3526 3574 3683 3640; x_wconf 79' lang='grc' dir='ltr'>δόξαν</span> <span class='ocrx_word' id='word_1_551' title='bbox 3718 3593 3853 3644; x_wconf 90' lang='grc' dir='ltr'>συγ-</span> 
     </span>
    </p>
   </div>
   <div class='ocr_carea' id='block_1_78' title="bbox 2267 3666 3852 3742">
    <p class='ocr_par' dir='ltr' id='par_1_78' title="bbox 2267 3666 3852 3742">
     <span class='ocr_line' id='line_1_78' title="bbox 2267 3666 3852 3742; baseline -0.002 -20"><span class='ocrx_word' id='word_1_552' title='bbox 2267 3672 2500 3742; x_wconf 90' lang='grc' dir='ltr'>κροτῶν,</span> <span class='ocrx_word' id='word_1_553' title='bbox 2528 3668 2843 3740; x_wconf 78' lang='grc' dir='ltr'>ἐξεμαίνετο</span> <span class='ocrx_word' id='word_1_554' title='bbox 2864 3669 3007 3724; x_wconf 86' lang='grc' dir='ltr'><strong>κατά</strong></span> <span class='ocrx_word' id='word_1_555' title='bbox 3022 3669 3131 3723; x_wconf 89' lang='grc' dir='ltr'><strong>τῶν</strong></span> <span class='ocrx_word' id='word_1_556' title='bbox 3149 3668 3412 3733; x_wconf 84' lang='grc' dir='ltr'>εὐσεϐῶν,</span> <span class='ocrx_word' id='word_1_557' title='bbox 3440 3668 3509 3721; x_wconf 86' lang='grc' dir='ltr'>τὰ</span> <span class='ocrx_word' id='word_1_558' title='bbox 3532 3666 3721 3736; x_wconf 86' lang='grc' dir='ltr'>πρῶτα</span> <span class='ocrx_word' id='word_1_559' title='bbox 3750 3667 3852 3737; x_wconf 80' lang='grc' dir='ltr'>μὲν</span> 
     </span>
    </p>
   </div>
   <div class='ocr_carea' id='block_1_79' title="bbox 2266 3760 3855 3833">
    <p class='ocr_par' dir='ltr' id='par_1_79' title="bbox 2266 3760 3855 3833">
     <span class='ocr_line' id='line_1_79' title="bbox 2266 3760 3855 3833; baseline 0 -18"><span class='ocrx_word' id='word_1_560' title='bbox 2266 3762 2447 3833; x_wconf 84' lang='grc' dir='ltr'>λάθρα</span> <span class='ocrx_word' id='word_1_561' title='bbox 2481 3762 2631 3831; x_wconf 76' lang='grc' dir='ltr'>φόϐῳ</span> <span class='ocrx_word' id='word_1_562' title='bbox 2674 3761 2770 3815; x_wconf 88' lang='grc' dir='ltr'><strong>τοῦ</strong></span> <span class='ocrx_word' id='word_1_563' title='bbox 2806 3761 3089 3832; x_wconf 85' lang='grc' dir='ltr'>κηδεστοῦ,</span> <span class='ocrx_word' id='word_1_564' title='bbox 3131 3760 3360 3833; x_wconf 80' lang='grc' dir='ltr'>ὕστερον</span> <span class='ocrx_word' id='word_1_565' title='bbox 3388 3760 3446 3814; x_wconf 84' lang='grc' dir='ltr'>δὲ</span> <span class='ocrx_word' id='word_1_566' title='bbox 3476 3762 3569 3814; x_wconf 79' lang='grc' dir='ltr'>καὶ</span> <span class='ocrx_word' id='word_1_567' title='bbox 3618 3761 3758 3815; x_wconf 85' lang='grc' dir='ltr'><strong>κατά</strong></span> <span class='ocrx_word' id='word_1_568' title='bbox 3791 3761 3855 3815; x_wconf 79' lang='grc' dir='ltr'>τὸ</span> 
     </span>
    </p>
   </div>
   <div class='ocr_carea' id='block_1_80' title="bbox 2267 3852 3855 3925">
    <p class='ocr_par' dir='ltr' id='par_1_80' title="bbox 2267 3852 3855 3925">
     <span class='ocr_line' id='line_1_80' title="bbox 2267 3852 3855 3925; baseline 0.001 -20"><span class='ocrx_word' id='word_1_569' title='bbox 2267 3853 2514 3922; x_wconf 77' lang='grc' dir='ltr'>ἐμφανές</span> <span class='ocrx_word' id='word_1_570' title='bbox 2536 3868 2550 3883; x_wconf 83' lang='lat'><strong><em>°</em></strong></span> <span class='ocrx_word' id='word_1_571' title='bbox 2576 3854 2823 3924; x_wconf 73' lang='grc' dir='ltr'>χρονίζον</span> <span class='ocrx_word' id='word_1_572' title='bbox 2849 3854 2959 3925; x_wconf 83' lang='grc' dir='ltr'><strong>γὰρ</strong></span> <span class='ocrx_word' id='word_1_573' title='bbox 2995 3853 3090 3907; x_wconf 76' lang='grc' dir='ltr'>καὶ</span> <span class='ocrx_word' id='word_1_574' title='bbox 3118 3854 3560 3925; x_wconf 82' lang='grc' dir='ltr'>ὐποτρεφόμενον</span> <span class='ocrx_word' id='word_1_575' title='bbox 3597 3854 3744 3907; x_wconf 77' lang='grc' dir='ltr'>ἔνδον</span> <span class='ocrx_word' id='word_1_576' title='bbox 3791 3852 3855 3907; x_wconf 84' lang='grc' dir='ltr'>τὸ</span> 
     </span>
    </p>
   </div>
   <div class='ocr_carea' id='block_1_81' title="bbox 587 3940 2157 4018">
    <p class='ocr_par' dir='ltr' id='par_1_81' title="bbox 587 3940 2157 4014">
     <span class='ocr_line' id='line_1_81' title="bbox 587 3940 2157 4014; baseline 0.002 -17"><span class='ocrx_word' id='word_1_577' title='bbox 587 3943 813 3997; x_wconf 84' lang='lat' dir='ltr'><strong>bellum.</strong></span> <span class='ocrx_word' id='word_1_578' title='bbox 857 3940 1040 3996; x_wconf 90' lang='lat' dir='ltr'><strong>Multis</strong></span> <span class='ocrx_word' id='word_1_579' title='bbox 1075 3940 1271 4012; x_wconf 67' lang='grc' dir='ltr'><strong>47οὸ</strong></span> <span class='ocrx_word' id='word_1_580' title='bbox 1313 3942 1590 4011; x_wconf 85' lang='lat' dir='ltr'><strong>variisque</strong></span> <span class='ocrx_word' id='word_1_581' title='bbox 1620 3943 1821 4014; x_wconf 84' lang='lat' dir='ltr'><strong>pugnis</strong></span> <span class='ocrx_word' id='word_1_582' title='bbox 1851 3945 2157 4001; x_wconf 71' lang='lat' dir='ltr'><strong>commissis</strong></span> 
     </span>
    </p>
   </div>
   <div class='ocr_carea' id='block_1_82' title="bbox 2261 3940 3852 4018">
    <p class='ocr_par' dir='ltr' id='par_1_82' title="bbox 2267 3944 3852 4018">
     <span class='ocr_line' id='line_1_82' title="bbox 2267 3944 3852 4018; baseline 0 -19"><span class='ocrx_word' id='word_1_583' title='bbox 2267 3945 2440 3999; x_wconf 81' lang='grc' dir='ltr'>δεινὸν</span> <span class='ocrx_word' id='word_1_584' title='bbox 2468 3944 2546 4008; x_wconf 87' lang='grc' dir='ltr'>ὡς</span> <span class='ocrx_word' id='word_1_585' title='bbox 2593 3945 2663 3999; x_wconf 86' lang='grc' dir='ltr'>τὰ</span> <span class='ocrx_word' id='word_1_586' title='bbox 2695 3946 2867 4001; x_wconf 88' lang='grc' dir='ltr'>πολλά</span> <span class='ocrx_word' id='word_1_587' title='bbox 2917 3947 3407 4017; x_wconf 82' lang='grc' dir='ltr'>συγκεκλεισμένον</span> <span class='ocrx_word' id='word_1_588' title='bbox 3452 3947 3635 4018; x_wconf 86' lang='grc' dir='ltr'>μένειν</span> <span class='ocrx_word' id='word_1_589' title='bbox 3664 3948 3725 4000; x_wconf 93' lang='grc' dir='ltr'><strong>οὐ</strong></span> <span class='ocrx_word' id='word_1_590' title='bbox 3754 3947 3852 3999; x_wconf 85' lang='grc' dir='ltr'><strong>δύ-</strong></span> 
     </span>
    </p>
   </div>
   <div class='ocr_carea' id='block_1_83' title="bbox 587 4032 2157 4112">
    <p class='ocr_par' dir='ltr' id='par_1_83' title="bbox 587 4032 2157 4105">
     <span class='ocr_line' id='line_1_83' title="bbox 587 4032 2157 4105; baseline 0.001 -15"><span class='ocrx_word' id='word_1_591' title='bbox 587 4042 735 4090; x_wconf 80' lang='lat' dir='ltr'><strong>terr&#39;a</strong></span> <span class='ocrx_word' id='word_1_592' title='bbox 770 4034 1039 4104; x_wconf 89' lang='lat' dir='ltr'><strong>marique,</strong></span> <span class='ocrx_word' id='word_1_593' title='bbox 1075 4032 1317 4089; x_wconf 88' lang='lat' dir='ltr'><strong>Licinius</strong></span> <span class='ocrx_word' id='word_1_594' title='bbox 1350 4032 1581 4088; x_wconf 82' lang='lat' dir='ltr'><strong>inferior</strong></span> <span class='ocrx_word' id='word_1_595' title='bbox 1617 4044 1721 4089; x_wconf 86' lang='lat' dir='ltr'><strong>est.</strong></span> <span class='ocrx_word' id='word_1_596' title='bbox 1768 4035 1875 4090; x_wconf 87' lang='lat' dir='ltr'><strong>Sed</strong></span> <span class='ocrx_word' id='word_1_597' title='bbox 1931 4036 2157 4105; x_wconf 87' lang='lat' dir='ltr'><strong>impera-</strong></span> 
     </span>
    </p>
   </div>
   <div class='ocr_carea' id='block_1_84' title="bbox 2261 4032 3854 4112">
    <p class='ocr_par' dir='ltr' id='par_1_84' title="bbox 2270 4037 3854 4112">
     <span class='ocr_line' id='line_1_84' title="bbox 2270 4037 3854 4112; baseline 0 -21"><span class='ocrx_word' id='word_1_598' title='bbox 2270 4055 2450 4103; x_wconf 88' lang='grc' dir='ltr'>ναται,</span> <span class='ocrx_word' id='word_1_599' title='bbox 2483 4037 2622 4092; x_wconf 83' lang='grc' dir='ltr'><strong>ἀλλά</strong></span> <span class='ocrx_word' id='word_1_600' title='bbox 2644 4039 2732 4093; x_wconf 85' lang='grc' dir='ltr'><strong>διὰ</strong></span> <span class='ocrx_word' id='word_1_601' title='bbox 2759 4040 2868 4093; x_wconf 90' lang='grc' dir='ltr'><strong>τῶν</strong></span> <span class='ocrx_word' id='word_1_602' title='bbox 2912 4040 3071 4103; x_wconf 76' lang='grc' dir='ltr'>ἐκτὸς</span> <span class='ocrx_word' id='word_1_603' title='bbox 3104 4038 3427 4112; x_wconf 74' lang='grc' dir='ltr'>θριαμϐεύει</span> <span class='ocrx_word' id='word_1_604' title='bbox 3463 4039 3645 4093; x_wconf 78' lang='grc' dir='ltr'>καὶτὸ</span> <span class='ocrx_word' id='word_1_605' title='bbox 3693 4039 3854 4092; x_wconf 84' lang='grc' dir='ltr'>πάλαι</span> 
     </span>
    </p>
   </div>
   <div class='ocr_carea' id='block_1_85' title="bbox 587 4119 2157 4202">
    <p class='ocr_par' dir='ltr' id='par_1_85' title="bbox 587 4123 2157 4197">
     <span class='ocr_line' id='line_1_85' title="bbox 587 4123 2157 4197; baseline 0 -15"><span class='ocrx_word' id='word_1_606' title='bbox 587 4126 725 4182; x_wconf 86' lang='lat' dir='ltr'><strong>toris</strong></span> <span class='ocrx_word' id='word_1_607' title='bbox 755 4125 1091 4197; x_wconf 79' lang='lat' dir='ltr'><strong>benignitate</strong></span> <span class='ocrx_word' id='word_1_608' title='bbox 1114 4123 1306 4186; x_wconf 84' lang='lat' dir='ltr'><strong>fretus,</strong></span> <span class='ocrx_word' id='word_1_609' title='bbox 1342 4125 1581 4195; x_wconf 91' lang='lat' dir='ltr'><strong>seipsum</strong></span> <span class='ocrx_word' id='word_1_610' title='bbox 1613 4125 1838 4191; x_wconf 86' lang='lat' dir='ltr'><strong>dedidit,</strong></span> <span class='ocrx_word' id='word_1_611' title='bbox 1879 4135 1933 4181; x_wconf 89' lang='lat' dir='ltr'><strong>et</strong></span> <span class='ocrx_word' id='word_1_612' title='bbox 1963 4127 2157 4182; x_wconf 80' lang='lat' dir='ltr'><strong>frustra</strong></span> 
     </span>
    </p>
   </div>
   <div class='ocr_carea' id='block_1_86' title="bbox 2261 4119 3854 4202">
    <p class='ocr_par' dir='ltr' id='par_1_86' title="bbox 2274 4119 3854 4202">
     <span class='ocr_line' id='line_1_86' title="bbox 2274 4119 3854 4202; baseline 0 -20"><span class='ocrx_word' id='word_1_613' title='bbox 2274 4129 2669 4201; x_wconf 84' lang='grc' dir='ltr'>μελετώμενον.</span> <span class='ocrx_word' id='word_1_614' title='bbox 2730 4130 2789 4183; x_wconf 88' lang='grc' dir='ltr'>Ὀ</span> <span class='ocrx_word' id='word_1_615' title='bbox 2835 4131 3018 4184; x_wconf 89' lang='grc' dir='ltr'>τοίνυν</span> <span class='ocrx_word' id='word_1_616' title='bbox 3070 4130 3213 4184; x_wconf 89' lang='grc' dir='ltr'>κατὰ</span> <span class='ocrx_word' id='word_1_617' title='bbox 3255 4131 3363 4183; x_wconf 87' lang='grc' dir='ltr'><strong>τῶν</strong></span> <span class='ocrx_word' id='word_1_618' title='bbox 3409 4130 3455 4162; x_wconf 67' lang='grc'><strong>’⁸</strong></span> <span class='ocrx_word' id='word_1_619' title='bbox 3507 4119 3854 4202; x_wconf 70' lang='grc' dir='ltr'>Χριστιανῶν</span> 
     </span>
    </p>
   </div>
   <div class='ocr_carea' id='block_1_87' title="bbox 588 4214 2157 4292">
    <p class='ocr_par' dir='ltr' id='par_1_87' title="bbox 588 4214 2157 4286">
     <span class='ocr_line' id='line_1_87' title="bbox 588 4214 2157 4286; baseline 0.002 -14"><span class='ocrx_word' id='word_1_620' title='bbox 588 4232 697 4272; x_wconf 88' lang='lat' dir='ltr'><strong>non</strong></span> <span class='ocrx_word' id='word_1_621' title='bbox 734 4217 908 4272; x_wconf 82' lang='lat' dir='ltr'><strong>fuisse</strong></span> <span class='ocrx_word' id='word_1_622' title='bbox 938 4224 1280 4286; x_wconf 88' lang='lat' dir='ltr'><strong>compertum</strong></span> <span class='ocrx_word' id='word_1_623' title='bbox 1333 4225 1438 4271; x_wconf 91' lang='lat' dir='ltr'><strong>est.</strong></span> <span class='ocrx_word' id='word_1_624' title='bbox 1496 4214 1799 4271; x_wconf 90' lang='lat' dir='ltr'><strong>Dimittitur</strong></span> <span class='ocrx_word' id='word_1_625' title='bbox 1845 4217 1993 4272; x_wconf 89' lang='lat' dir='ltr'><strong>enim</strong></span> <span class='ocrx_word' id='word_1_626' title='bbox 2035 4220 2157 4275; x_wconf 86' lang='lat' dir='ltr'><strong>libet</strong></span> 
     </span>
    </p>
   </div>
   <div class='ocr_carea' id='block_1_88' title="bbox 2261 4214 3857 4292">
    <p class='ocr_par' dir='ltr' id='par_1_88' title="bbox 2271 4220 3857 4292">
     <span class='ocr_line' id='line_1_88' title="bbox 2271 4220 3857 4292; baseline 0.003 -18"><span class='ocrx_word' id='word_1_627' title='bbox 2271 4220 2567 4292; x_wconf 85' lang='grc' dir='ltr'>ἀδιήγητος</span> <span class='ocrx_word' id='word_1_628' title='bbox 2616 4222 2857 4291; x_wconf 81' lang='grc' dir='ltr'>διωγμὸς</span> <span class='ocrx_word' id='word_1_629' title='bbox 2902 4224 3047 4275; x_wconf 85' lang='grc' dir='ltr'>κινεῖ</span> <span class='ocrx_word' id='word_1_630' title='bbox 3084 4222 3176 4275; x_wconf 75' lang='grc' dir='ltr'><strong>τὸν</strong></span> <span class='ocrx_word' id='word_1_631' title='bbox 3218 4222 3413 4292; x_wconf 75' lang='grc' dir='ltr'>εὐσεϐῆ</span> <span class='ocrx_word' id='word_1_632' title='bbox 3449 4221 3673 4292; x_wconf 81' lang='grc' dir='ltr'>βασιλέα</span> <span class='ocrx_word' id='word_1_633' title='bbox 3713 4224 3857 4278; x_wconf 82' lang='grc' dir='ltr'><strong>κατά</strong></span> 
     </span>
    </p>
   </div>
   <div class='ocr_carea' id='block_1_89' title="bbox 589 4305 2157 4384">
    <p class='ocr_par' dir='ltr' id='par_1_89' title="bbox 589 4305 2157 4376">
     <span class='ocr_line' id='line_1_89' title="bbox 589 4305 2157 4376; baseline 0.001 -13"><span class='ocrx_word' id='word_1_634' title='bbox 589 4308 779 4363; x_wconf 86' lang='lat' dir='ltr'><strong>multis</strong></span> <span class='ocrx_word' id='word_1_635' title='bbox 808 4308 1083 4363; x_wconf 80' lang='lat' dir='ltr'><strong>obnoxius</strong></span> <span class='ocrx_word' id='word_1_636' title='bbox 1120 4306 1317 4376; x_wconf 62' lang='lat' dir='ltr'><strong>poenis,</strong></span> <span class='ocrx_word' id='word_1_637' title='bbox 1338 4316 1393 4361; x_wconf 90' lang='lat' dir='ltr'><strong>et</strong></span> <span class='ocrx_word' id='word_1_638' title='bbox 1411 4305 1800 4361; x_wconf 86' lang='lat' dir='ltr'><strong>Thessalonica</strong></span> <span class='ocrx_word' id='word_1_639' title='bbox 1824 4307 1923 4371; x_wconf 92' lang='lat' dir='ltr'><strong>illi,</strong></span> <span class='ocrx_word' id='word_1_640' title='bbox 1952 4318 2013 4364; x_wconf 90' lang='lat' dir='ltr'><strong>ut</strong></span> <span class='ocrx_word' id='word_1_641' title='bbox 2042 4326 2157 4365; x_wconf 90' lang='lat' dir='ltr'><strong>cum</strong></span> 
     </span>
    </p>
   </div>
   <div class='ocr_carea' id='block_1_90' title="bbox 2261 4305 3858 4384">
    <p class='ocr_par' dir='ltr' id='par_1_90' title="bbox 2271 4313 3858 4384">
     <span class='ocr_line' id='line_1_90' title="bbox 2271 4313 3858 4384; baseline 0 -17"><span class='ocrx_word' id='word_1_642' title='bbox 2271 4313 2366 4368; x_wconf 84' lang='grc' dir='ltr'><strong>τοῦ</strong></span> <span class='ocrx_word' id='word_1_643' title='bbox 2399 4314 2827 4368; x_wconf 80' lang='grc' dir='ltr'>δυσσεϐεστάτου</span> <span class='ocrx_word' id='word_1_644' title='bbox 2852 4313 3107 4384; x_wconf 75' lang='grc' dir='ltr'>γαμϐροῦ</span> <span class='ocrx_word' id='word_1_645' title='bbox 3129 4314 3212 4376; x_wconf 82' lang='grc' dir='ltr'><strong>εἰς</strong></span> <span class='ocrx_word' id='word_1_646' title='bbox 3243 4315 3398 4383; x_wconf 84' lang='grc' dir='ltr'>μῖσος</span> <span class='ocrx_word' id='word_1_647' title='bbox 3418 4314 3645 4378; x_wconf 89' lang='grc' dir='ltr'>δίκαιον,</span> <span class='ocrx_word' id='word_1_648' title='bbox 3676 4314 3771 4367; x_wconf 72' lang='grc' dir='ltr'>καὶ</span> <span class='ocrx_word' id='word_1_649' title='bbox 3796 4314 3858 4367; x_wconf 83' lang='grc' dir='ltr'>τὸ</span> 
     </span>
    </p>
   </div>
   <div class='ocr_carea' id='block_1_91' title="bbox 589 4398 2157 4479">
    <p class='ocr_par' dir='ltr' id='par_1_91' title="bbox 589 4398 2157 4471">
     <span class='ocr_line' id='line_1_91' title="bbox 589 4398 2157 4471; baseline 0.001 -17"><span class='ocrx_word' id='word_1_650' title='bbox 589 4402 739 4455; x_wconf 90' lang='lat' dir='ltr'><strong>omni</strong></span> <span class='ocrx_word' id='word_1_651' title='bbox 780 4400 1077 4454; x_wconf 82' lang='lat' dir='ltr'><strong>securitate</strong></span> <span class='ocrx_word' id='word_1_652' title='bbox 1106 4399 1180 4454; x_wconf 90' lang='lat' dir='ltr'><strong>ibi</strong></span> <span class='ocrx_word' id='word_1_653' title='bbox 1221 4398 1472 4469; x_wconf 84' lang='lat' dir='ltr'><strong>degeret,</strong></span> <span class='ocrx_word' id='word_1_654' title='bbox 1508 4398 1841 4468; x_wconf 79' lang='lat' dir='ltr'><strong>assignatur.</strong></span> <span class='ocrx_word' id='word_1_655' title='bbox 1881 4401 2004 4471; x_wconf 89' lang='lat' dir='ltr'><strong>lpse</strong></span> <span class='ocrx_word' id='word_1_656' title='bbox 2036 4417 2157 4458; x_wconf 84' lang='lat' dir='ltr'><strong>verc</strong></span> 
     </span>
    </p>
   </div>
   <div class='ocr_carea' id='block_1_92' title="bbox 2261 4398 3859 4479">
    <p class='ocr_par' dir='ltr' id='par_1_92' title="bbox 2274 4406 3859 4479">
     <span class='ocr_line' id='line_1_92' title="bbox 2274 4406 3859 4479; baseline -0.001 -19"><span class='ocrx_word' id='word_1_657' title='bbox 2274 4410 2431 4478; x_wconf 85' lang='grc' dir='ltr'>μῖσος</span> <span class='ocrx_word' id='word_1_658' title='bbox 2474 4406 2566 4459; x_wconf 82' lang='grc' dir='ltr'>τὸν</span> <span class='ocrx_word' id='word_1_659' title='bbox 2601 4406 2836 4477; x_wconf 83' lang='grc' dir='ltr'>πόλεμον</span> <span class='ocrx_word' id='word_1_660' title='bbox 2870 4406 3071 4461; x_wconf 82' lang='grc' dir='ltr'>έτικτε.</span> <span class='ocrx_word' id='word_1_661' title='bbox 3107 4407 3315 4479; x_wconf 85' lang='grc' dir='ltr'>Πολλῆς</span> <span class='ocrx_word' id='word_1_662' title='bbox 3360 4408 3417 4461; x_wconf 86' lang='grc' dir='ltr'>δὲ</span> <span class='ocrx_word' id='word_1_663' title='bbox 3451 4408 3544 4461; x_wconf 80' lang='grc' dir='ltr'>καὶ</span> <span class='ocrx_word' id='word_1_664' title='bbox 3590 4406 3859 4459; x_wconf 84' lang='grc' dir='ltr'>παντοδα-</span> 
     </span>
    </p>
   </div>
   <div class='ocr_carea' id='block_1_93' title="bbox 589 4473 2157 4571">
    <p class='ocr_par' dir='ltr' id='par_1_93' title="bbox 589 4491 2157 4566">
     <span class='ocr_line' id='line_1_93' title="bbox 589 4491 2157 4566; baseline 0.001 -17"><span class='ocrx_word' id='word_1_665' title='bbox 589 4493 987 4549; x_wconf 82' lang='lat' dir='ltr'><strong>humanitatem</strong></span> <span class='ocrx_word' id='word_1_666' title='bbox 1023 4493 1215 4559; x_wconf 90' lang='lat' dir='ltr'><strong>armis,</strong></span> <span class='ocrx_word' id='word_1_667' title='bbox 1252 4507 1445 4547; x_wconf 88' lang='lat' dir='ltr'><strong>amens</strong></span> <span class='ocrx_word' id='word_1_668' title='bbox 1471 4491 1609 4547; x_wconf 89' lang='lat' dir='ltr'><strong>cladi</strong></span> <span class='ocrx_word' id='word_1_669' title='bbox 1642 4494 2015 4549; x_wconf 65' lang='lat' dir='ltr'><strong>restauranda:</strong></span> <span class='ocrx_word' id='word_1_670' title='bbox 2037 4511 2157 4566; x_wconf 87' lang='lat' dir='ltr'><strong>per-</strong></span> 
     </span>
    </p>
   </div>
   <div class='ocr_carea' id='block_1_94' title="bbox 2261 4473 3859 4571">
    <p class='ocr_par' dir='ltr' id='par_1_94' title="bbox 2272 4473 3859 4571">
     <span class='ocr_line' id='line_1_94' title="bbox 2272 4473 3859 4571; baseline -0.001 -18"><span class='ocrx_word' id='word_1_671' title='bbox 2272 4473 2410 4564; x_wconf 78' lang='grc' dir='ltr'>ποῦς</span> <span class='ocrx_word' id='word_1_672' title='bbox 2442 4473 2919 4571; x_wconf 80' lang='grc' dir='ltr'>συγκροτουμένης</span> <span class='ocrx_word' id='word_1_673' title='bbox 2947 4499 3125 4571; x_wconf 84' lang='grc' dir='ltr'>μάχης</span> <span class='ocrx_word' id='word_1_674' title='bbox 3151 4473 3293 4553; x_wconf 87' lang='grc' dir='ltr'><strong>κατά</strong></span> <span class='ocrx_word' id='word_1_675' title='bbox 3311 4517 3369 4553; x_wconf 88' lang='grc' dir='ltr'><strong>τε</strong></span> <span class='ocrx_word' id='word_1_676' title='bbox 3396 4499 3441 4531; x_wconf 79' lang='grc'><strong>’⁵</strong></span> <span class='ocrx_word' id='word_1_677' title='bbox 3461 4500 3565 4570; x_wconf 90' lang='grc' dir='ltr'><strong>γῆν</strong></span> <span class='ocrx_word' id='word_1_678' title='bbox 3590 4501 3685 4553; x_wconf 77' lang='grc' dir='ltr'>καὶ</span> <span class='ocrx_word' id='word_1_679' title='bbox 3714 4499 3859 4553; x_wconf 87' lang='grc' dir='ltr'><strong>κατά</strong></span> 
     </span>
    </p>
   </div>
   <div class='ocr_carea' id='block_1_95' title="bbox 588 4584 2157 4665">
    <p class='ocr_par' dir='ltr' id='par_1_95' title="bbox 588 4584 2157 4656">
     <span class='ocr_line' id='line_1_95' title="bbox 588 4584 2157 4656; baseline 0.003 -17"><span class='ocrx_word' id='word_1_680' title='bbox 588 4594 832 4650; x_wconf 88' lang='lat' dir='ltr'><strong>mutans,</strong></span> <span class='ocrx_word' id='word_1_681' title='bbox 861 4585 1184 4640; x_wconf 90' lang='lat' dir='ltr'><strong>seditionem</strong></span> <span class='ocrx_word' id='word_1_682' title='bbox 1212 4584 1535 4651; x_wconf 88' lang='lat' dir='ltr'><strong>concitavit,</strong></span> <span class='ocrx_word' id='word_1_683' title='bbox 1562 4599 1685 4656; x_wconf 72' lang='lat' dir='ltr'><strong>qua:</strong></span> <span class='ocrx_word' id='word_1_684' title='bbox 1707 4585 1857 4640; x_wconf 90' lang='lat' dir='ltr'><strong>illum</strong></span> <span class='ocrx_word' id='word_1_685' title='bbox 1878 4586 2023 4656; x_wconf 87' lang='lat' dir='ltr'><strong>jnsta</strong></span> <span class='ocrx_word' id='word_1_686' title='bbox 2046 4590 2157 4643; x_wconf 89' lang='lat' dir='ltr'><strong>vin-</strong></span> 
     </span>
    </p>
   </div>
   <div class='ocr_carea' id='block_1_96' title="bbox 2261 4584 3860 4665">
    <p class='ocr_par' dir='ltr' id='par_1_96' title="bbox 2272 4593 3860 4665">
     <span class='ocr_line' id='line_1_96' title="bbox 2272 4593 3860 4665; baseline -0.001 -18"><span class='ocrx_word' id='word_1_687' title='bbox 2272 4594 2549 4647; x_wconf 88' lang='grc' dir='ltr'>θάλασσαν</span> <span class='ocrx_word' id='word_1_688' title='bbox 2576 4594 2621 4625; x_wconf 81' lang='grc'>³⁸</span> <span class='ocrx_word' id='word_1_689' title='bbox 2654 4593 2886 4664; x_wconf 85' lang='grc' dir='ltr'>ήττᾶται</span> <span class='ocrx_word' id='word_1_690' title='bbox 2913 4593 3206 4658; x_wconf 86' lang='grc' dir='ltr'>Λικίννιος,</span> <span class='ocrx_word' id='word_1_691' title='bbox 3238 4593 3333 4647; x_wconf 80' lang='grc' dir='ltr'>καὶ</span> <span class='ocrx_word' id='word_1_692' title='bbox 3364 4596 3429 4665; x_wconf 76' lang='grc' dir='ltr'><strong>τῇ</strong></span> <span class='ocrx_word' id='word_1_693' title='bbox 3453 4593 3546 4647; x_wconf 85' lang='grc' dir='ltr'><strong>τοῦ</strong></span> <span class='ocrx_word' id='word_1_694' title='bbox 3593 4593 3860 4665; x_wconf 83' lang='grc' dir='ltr'>βασιλέως</span> 
     </span>
    </p>
   </div>
   <div class='ocr_carea' id='block_1_97' title="bbox 586 4676 2157 4758">
    <p class='ocr_par' dir='ltr' id='par_1_97' title="bbox 586 4676 1172 4747">
     <span class='ocr_line' id='line_1_97' title="bbox 586 4676 1172 4747; baseline -0.002 -16"><span class='ocrx_word' id='word_1_695' title='bbox 586 4677 731 4732; x_wconf 84' lang='lat' dir='ltr'><strong>dicta</strong></span> <span class='ocrx_word' id='word_1_696' title='bbox 769 4679 879 4732; x_wconf 80' lang='lat' dir='ltr'><strong>vita</strong></span> <span class='ocrx_word' id='word_1_697' title='bbox 915 4676 1172 4747; x_wconf 88' lang='lat' dir='ltr'><strong>privavit.</strong></span> 
     </span>
    </p>
   </div>
   <div class='ocr_carea' id='block_1_98' title="bbox 2261 4676 3861 4758">
    <p class='ocr_par' dir='ltr' id='par_1_98' title="bbox 2271 4684 3861 4758">
     <span class='ocr_line' id='line_1_98' title="bbox 2271 4684 3861 4758; baseline -0.001 -18"><span class='ocrx_word' id='word_1_698' title='bbox 2271 4684 2652 4758; x_wconf 80' lang='grc' dir='ltr'>φιλανθρωπίᾳ</span> <span class='ocrx_word' id='word_1_699' title='bbox 2677 4684 2955 4748; x_wconf 84' lang='grc' dir='ltr'>πεποιθὼς</span> <span class='ocrx_word' id='word_1_700' title='bbox 2990 4684 3179 4739; x_wconf 80' lang='grc' dir='ltr'>ἑαυτὸν</span> <span class='ocrx_word' id='word_1_701' title='bbox 3220 4685 3493 4739; x_wconf 78' lang='grc' dir='ltr'>ἐκδίδωσι.</span> <span class='ocrx_word' id='word_1_702' title='bbox 3528 4687 3641 4741; x_wconf 71' lang='grc' dir='ltr'>Καὶ</span> <span class='ocrx_word' id='word_1_703' title='bbox 3678 4687 3861 4757; x_wconf 74' lang='grc' dir='ltr'>μάτην</span> 
     </span>
    </p>
   </div>
   <div class='ocr_carea' id='block_1_99' title="bbox 582 4768 3861 4852">
    <p class='ocr_par' dir='ltr' id='par_1_99' title="bbox 582 4768 3861 4852">
     <span class='ocr_line' id='line_1_99' title="bbox 582 4768 3861 4852; baseline 0.001 -22"><span class='ocrx_word' id='word_1_704' title='bbox 582 4777 810 4848; x_wconf 75' lang='grc' dir='ltr'>θαρρεῖν</span> <span class='ocrx_word' id='word_1_705' title='bbox 860 4773 962 4827; x_wconf 89' lang='grc' dir='ltr'><strong>οὐκ</strong></span> <span class='ocrx_word' id='word_1_706' title='bbox 1011 4771 1311 4845; x_wconf 72' lang='grc' dir='ltr'>ἠλέγχετο·</span> <span class='ocrx_word' id='word_1_707' title='bbox 1362 4768 1582 4838; x_wconf 83' lang='grc' dir='ltr'>ἀφίεται</span> <span class='ocrx_word' id='word_1_708' title='bbox 1631 4769 1731 4841; x_wconf 83' lang='grc' dir='ltr'>μὲν</span> <span class='ocrx_word' id='word_1_709' title='bbox 1779 4773 1909 4843; x_wconf 79' lang='grc' dir='ltr'>γὰρ,</span> <span class='ocrx_word' id='word_1_710' title='bbox 1959 4778 2171 4835; x_wconf 85' lang='grc' dir='ltr'>πολλῶν</span> <span class='ocrx_word' id='word_1_711' title='bbox 2211 4781 2514 4844; x_wconf 77' lang='grc' dir='ltr'>ὑπεύθυνος</span> <span class='ocrx_word' id='word_1_712' title='bbox 2572 4778 2649 4833; x_wconf 84' lang='grc' dir='ltr'>ὢν</span> <span class='ocrx_word' id='word_1_713' title='bbox 2714 4780 3016 4852; x_wconf 84' lang='grc' dir='ltr'>τιμωριῶν,</span> <span class='ocrx_word' id='word_1_714' title='bbox 3046 4780 3417 4852; x_wconf 81' lang='grc' dir='ltr'>ἀτιμώρητος,</span> <span class='ocrx_word' id='word_1_715' title='bbox 3452 4781 3549 4834; x_wconf 78' lang='grc' dir='ltr'>καὶ</span> <span class='ocrx_word' id='word_1_716' title='bbox 3583 4783 3615 4852; x_wconf 80' lang='grc' dir='ltr'>ἠ</span> <span class='ocrx_word' id='word_1_717' title='bbox 3648 4782 3861 4835; x_wconf 85' lang='grc' dir='ltr'>Θεσσα-</span> 
     </span>
    </p>
   </div>
   <div class='ocr_carea' id='block_1_100' title="bbox 585 4858 3862 4948">
    <p class='ocr_par' dir='ltr' id='par_1_100' title="bbox 585 4858 3862 4948">
     <span class='ocr_line' id='line_1_100' title="bbox 585 4858 3862 4948; baseline 0.004 -29"><span class='ocrx_word' id='word_1_718' title='bbox 585 4867 775 4936; x_wconf 86' lang='grc' dir='ltr'>λονίκη</span> <span class='ocrx_word' id='word_1_719' title='bbox 804 4864 957 4935; x_wconf 85' lang='grc' dir='ltr'>αὐτῷ</span> <span class='ocrx_word' id='word_1_720' title='bbox 993 4862 1091 4915; x_wconf 80' lang='grc' dir='ltr'>σὺν</span> <span class='ocrx_word' id='word_1_721' title='bbox 1120 4859 1275 4931; x_wconf 63' lang='grc' dir='ltr'><strong>ἀδείᾳ⁵</strong></span> <span class='ocrx_word' id='word_1_722' title='bbox 1301 4860 1401 4931; x_wconf 78' lang='grc' dir='ltr'>ζῇν</span> <span class='ocrx_word' id='word_1_723' title='bbox 1424 4858 1613 4931; x_wconf 74' lang='grc' dir='ltr'><strong>ἀπάσῐ]</strong></span> <span class='ocrx_word' id='word_1_724' title='bbox 1646 4860 1897 4933; x_wconf 72' lang='grc' dir='ltr'>διατριϐὴ</span> <span class='ocrx_word' id='word_1_725' title='bbox 1918 4867 2261 4939; x_wconf 73' lang='grc' dir='ltr'>ἀφορίζεται.</span> <span class='ocrx_word' id='word_1_726' title='bbox 2302 4874 2364 4927; x_wconf 86' lang='lat'><strong>&#39;0</strong></span> <span class='ocrx_word' id='word_1_727' title='bbox 2389 4873 2448 4926; x_wconf 79' lang='grc' dir='ltr'>δὲ</span> <span class='ocrx_word' id='word_1_728' title='bbox 2473 4873 2535 4924; x_wconf 81' lang='grc' dir='ltr'>τὸ</span> <span class='ocrx_word' id='word_1_729' title='bbox 2558 4869 2684 4943; x_wconf 83' lang='grc'><strong>[766</strong></span> <span class='ocrx_word' id='word_1_730' title='bbox 2713 4870 2808 4945; x_wconf 84' lang='grc' dir='ltr'><strong>Η.]</strong></span> <span class='ocrx_word' id='word_1_731' title='bbox 2867 4871 3250 4941; x_wconf 88' lang='grc' dir='ltr'>φιλάνθρωπον</span> <span class='ocrx_word' id='word_1_732' title='bbox 3279 4875 3358 4937; x_wconf 85' lang='grc' dir='ltr'><strong>είς</strong></span> <span class='ocrx_word' id='word_1_733' title='bbox 3417 4873 3479 4926; x_wconf 84' lang='grc' dir='ltr'>τὸ</span> <span class='ocrx_word' id='word_1_734' title='bbox 3538 4874 3639 4943; x_wconf 77' lang='grc' dir='ltr'>τὴν</span> <span class='ocrx_word' id='word_1_735' title='bbox 3687 4871 3862 4948; x_wconf 75' lang='grc' dir='ltr'>ἧτταν</span> 
     </span>
    </p>
   </div>
   <div class='ocr_carea' id='block_1_101' title="bbox 587 4957 3864 5047">
    <p class='ocr_par' dir='ltr' id='par_1_101' title="bbox 587 4957 3864 5047">
     <span class='ocr_line' id='line_1_101' title="bbox 587 4957 3864 5047; baseline 0.001 -25"><span class='ocrx_word' id='word_1_736' title='bbox 587 4961 1038 5037; x_wconf 82' lang='grc' dir='ltr'>ἀναμαχέσασθαι</span> <span class='ocrx_word' id='word_1_737' title='bbox 1068 4961 1112 4992; x_wconf 75' lang='grc'><strong>’⁷</strong></span> <span class='ocrx_word' id='word_1_738' title='bbox 1150 4957 1411 5021; x_wconf 81' lang='grc' dir='ltr'>ἀπονοίας</span> <span class='ocrx_word' id='word_1_739' title='bbox 1460 4958 1828 5029; x_wconf 80' lang='grc' dir='ltr'>ποιησάμενος</span> <span class='ocrx_word' id='word_1_740' title='bbox 1865 4962 2050 5033; x_wconf 82' lang='grc' dir='ltr'>ὅπλον,</span> <span class='ocrx_word' id='word_1_741' title='bbox 2114 4968 2214 5040; x_wconf 82' lang='grc' dir='ltr'>τὴν</span> <span class='ocrx_word' id='word_1_742' title='bbox 2288 4970 2659 5025; x_wconf 79' lang='grc' dir='ltr'>ἐπανάστασιν</span> <span class='ocrx_word' id='word_1_743' title='bbox 2695 4970 3016 5041; x_wconf 80' lang='grc' dir='ltr'>ὲχειρίζετο,</span> <span class='ocrx_word' id='word_1_744' title='bbox 3042 4971 3165 5042; x_wconf 81' lang='grc' dir='ltr'>ἥτις</span> <span class='ocrx_word' id='word_1_745' title='bbox 3200 4973 3362 5027; x_wconf 69' lang='grc' dir='ltr'>αὐτὴν</span> <span class='ocrx_word' id='word_1_746' title='bbox 3395 4973 3489 5027; x_wconf 84' lang='grc' dir='ltr'>καὶ</span> <span class='ocrx_word' id='word_1_747' title='bbox 3514 4974 3610 5030; x_wconf 83' lang='grc' dir='ltr'><strong>τοῦ</strong></span> <span class='ocrx_word' id='word_1_748' title='bbox 3642 4976 3759 5047; x_wconf 83' lang='grc' dir='ltr'>βίου</span> <span class='ocrx_word' id='word_1_749' title='bbox 3786 4975 3864 5046; x_wconf 80' lang='grc' dir='ltr'>τῷ</span> 
     </span>
    </p>
   </div>
   <div class='ocr_carea' id='block_1_102' title="bbox 584 5054 1251 5131">
    <p class='ocr_par' dir='ltr' id='par_1_102' title="bbox 584 5054 1251 5131">
     <span class='ocr_line' id='line_1_102' title="bbox 584 5054 1251 5131; baseline -0.01 -15"><span class='ocrx_word' id='word_1_750' title='bbox 584 5060 782 5131; x_wconf 80' lang='grc' dir='ltr'>δικαίῳ</span> <span class='ocrx_word' id='word_1_751' title='bbox 822 5058 962 5126; x_wconf 82' lang='grc' dir='ltr'>ξίφει</span> <span class='ocrx_word' id='word_1_752' title='bbox 986 5054 1251 5125; x_wconf 84' lang='grc' dir='ltr'>διέτεμεν.</span> 
     </span>
    </p>
   </div>
   <div class='ocr_carea' id='block_1_103' title="bbox 662 5146 2157 5227">
    <p class='ocr_par' dir='ltr' id='par_1_103' title="bbox 662 5146 2157 5218">
     <span class='ocr_line' id='line_1_103' title="bbox 662 5146 2157 5218; baseline 0.003 -12"><span class='ocrx_word' id='word_1_753' title='bbox 662 5152 892 5206; x_wconf 88' lang='lat' dir='ltr'><strong>Moritur</strong></span> <span class='ocrx_word' id='word_1_754' title='bbox 922 5157 1150 5205; x_wconf 89' lang='lat' dir='ltr'><strong>sanctus</strong></span> <span class='ocrx_word' id='word_1_755' title='bbox 1183 5155 1389 5218; x_wconf 83' lang='lat' dir='ltr'><strong>martyr</strong></span> <span class='ocrx_word' id='word_1_756' title='bbox 1420 5146 1611 5203; x_wconf 88' lang='lat' dir='ltr'><strong>Petrus</strong></span> <span class='ocrx_word' id='word_1_757' title='bbox 1632 5190 1647 5215; x_wconf 89' lang='lat'><strong>,</strong></span> <span class='ocrx_word' id='word_1_758' title='bbox 1694 5157 1748 5204; x_wconf 89' lang='lat' dir='ltr'><strong>et</strong></span> <span class='ocrx_word' id='word_1_759' title='bbox 1773 5149 2014 5207; x_wconf 83' lang='lat' dir='ltr'><strong>Achillas</strong></span> <span class='ocrx_word' id='word_1_760' title='bbox 2050 5170 2157 5210; x_wconf 46' lang='lat' dir='ltr'><strong>san.</strong></span> 
     </span>
    </p>
   </div>
   <div class='ocr_carea' id='block_1_104' title="bbox 2261 5146 3866 5227">
    <p class='ocr_par' dir='ltr' id='par_1_104' title="bbox 2357 5152 3866 5227">
     <span class='ocr_line' id='line_1_104' title="bbox 2357 5152 3866 5227; baseline 0.001 -19"><span class='ocrx_word' id='word_1_761' title='bbox 2357 5156 2477 5209; x_wconf 85' lang='grc' dir='ltr'>Ὅτι</span> <span class='ocrx_word' id='word_1_762' title='bbox 2504 5154 2733 5224; x_wconf 80' lang='grc' dir='ltr'>τελευτᾷ</span> <span class='ocrx_word' id='word_1_763' title='bbox 2764 5152 2864 5224; x_wconf 77' lang='grc' dir='ltr'>μὲν</span> <span class='ocrx_word' id='word_1_764' title='bbox 2884 5154 2913 5206; x_wconf 90' lang='lat'><strong>6</strong></span> <span class='ocrx_word' id='word_1_765' title='bbox 2940 5153 3269 5224; x_wconf 86' lang='grc' dir='ltr'>ίερομάρτυς</span> <span class='ocrx_word' id='word_1_766' title='bbox 3298 5154 3523 5225; x_wconf 87' lang='grc' dir='ltr'>Πέτρος,</span> <span class='ocrx_word' id='word_1_767' title='bbox 3554 5156 3648 5209; x_wconf 78' lang='grc' dir='ltr'>καὶ</span> <span class='ocrx_word' id='word_1_768' title='bbox 3688 5157 3866 5227; x_wconf 83' lang='grc' dir='ltr'>Ἀχιλ-</span> 
     </span>
    </p>
   </div>
   <div class='ocr_carea' id='block_1_105' title="bbox 589 5241 2157 5318">
    <p class='ocr_par' dir='ltr' id='par_1_105' title="bbox 589 5241 2151 5310">
     <span class='ocr_line' id='line_1_105' title="bbox 589 5241 2151 5310; baseline 0.001 -9"><span class='ocrx_word' id='word_1_769' title='bbox 589 5258 739 5301; x_wconf 89' lang='lat' dir='ltr'><strong>etum</strong></span> <span class='ocrx_word' id='word_1_770' title='bbox 767 5244 945 5297; x_wconf 92' lang='lat' dir='ltr'><strong>virum</strong></span> <span class='ocrx_word' id='word_1_771' title='bbox 973 5241 1029 5296; x_wconf 92' lang='lat' dir='ltr'><strong>in</strong></span> <span class='ocrx_word' id='word_1_772' title='bbox 1056 5241 1325 5310; x_wconf 82' lang='lat' dir='ltr'><strong>dignitate</strong></span> <span class='ocrx_word' id='word_1_773' title='bbox 1352 5241 1694 5297; x_wconf 68' lang='lat' dir='ltr'><strong>Alexandriae</strong></span> <span class='ocrx_word' id='word_1_774' title='bbox 1716 5254 2045 5300; x_wconf 84' lang='lat' dir='ltr'><strong>consecutus</strong></span> <span class='ocrx_word' id='word_1_775' title='bbox 2066 5255 2151 5303; x_wconf 65' lang='lat' dir='ltr'><strong>em</strong></span> 
     </span>
    </p>
   </div>
   <div class='ocr_carea' id='block_1_106' title="bbox 2261 5241 3868 5318">
    <p class='ocr_par' dir='ltr' id='par_1_106' title="bbox 2281 5246 3868 5318">
     <span class='ocr_line' id='line_1_106' title="bbox 2281 5246 3868 5318; baseline 0.001 -17"><span class='ocrx_word' id='word_1_776' title='bbox 2281 5248 2381 5310; x_wconf 85' lang='grc' dir='ltr'>λᾶς</span> <span class='ocrx_word' id='word_1_777' title='bbox 2412 5247 2503 5300; x_wconf 82' lang='grc' dir='ltr'>τὸν</span> <span class='ocrx_word' id='word_1_778' title='bbox 2544 5246 2955 5316; x_wconf 84' lang='grc' dir='ltr'>Ἀλεξανδρείας</span> <span class='ocrx_word' id='word_1_779' title='bbox 2983 5246 3171 5318; x_wconf 83' lang='grc' dir='ltr'>θρόνον</span> <span class='ocrx_word' id='word_1_780' title='bbox 3204 5247 3299 5299; x_wconf 76' lang='grc' dir='ltr'>καὶ</span> <span class='ocrx_word' id='word_1_781' title='bbox 3326 5247 3416 5300; x_wconf 76' lang='grc' dir='ltr'>τὸν</span> <span class='ocrx_word' id='word_1_782' title='bbox 3445 5249 3602 5317; x_wconf 80' lang='grc' dir='ltr'>ἅγιον</span> <span class='ocrx_word' id='word_1_783' title='bbox 3629 5248 3868 5318; x_wconf 89' lang='grc' dir='ltr'>διαδέχε-</span> 
     </span>
    </p>
   </div>
   <div class='ocr_carea' id='block_1_107' title="bbox 592 5331 2157 5411">
    <p class='ocr_par' dir='ltr' id='par_1_107' title="bbox 592 5331 2157 5403">
     <span class='ocr_line' id='line_1_107' title="bbox 592 5331 2157 5403; baseline 0.001 -13"><span class='ocrx_word' id='word_1_784' title='bbox 592 5346 649 5390; x_wconf 90' lang='lat' dir='ltr'><strong>et</strong></span> <span class='ocrx_word' id='word_1_785' title='bbox 676 5336 828 5389; x_wconf 89' lang='lat' dir='ltr'><strong>illum</strong></span> <span class='ocrx_word' id='word_1_786' title='bbox 863 5333 1192 5386; x_wconf 83' lang='lat' dir='ltr'><strong>Alexander.</strong></span> <span class='ocrx_word' id='word_1_787' title='bbox 1242 5332 1377 5386; x_wconf 83' lang='lat' dir='ltr'><strong>Cum</strong></span> <span class='ocrx_word' id='word_1_788' title='bbox 1416 5331 1662 5388; x_wconf 87' lang='lat' dir='ltr'><strong>Ecclesia</strong></span> <span class='ocrx_word' id='word_1_789' title='bbox 1699 5336 2157 5403; x_wconf 74' lang='lat' dir='ltr'><strong>persecutionibu:</strong></span> 
     </span>
    </p>
   </div>
   <div class='ocr_carea' id='block_1_108' title="bbox 2261 5331 3868 5411">
    <p class='ocr_par' dir='ltr' id='par_1_108' title="bbox 2283 5337 3868 5411">
     <span class='ocr_line' id='line_1_108' title="bbox 2283 5337 3868 5411; baseline 0.001 -19"><span class='ocrx_word' id='word_1_790' title='bbox 2283 5358 2395 5401; x_wconf 86' lang='grc' dir='ltr'>ται,</span> <span class='ocrx_word' id='word_1_791' title='bbox 2430 5337 2622 5392; x_wconf 86' lang='grc' dir='ltr'>τοῦτον</span> <span class='ocrx_word' id='word_1_792' title='bbox 2655 5339 2713 5392; x_wconf 87' lang='grc' dir='ltr'>δὲ</span> <span class='ocrx_word' id='word_1_793' title='bbox 2751 5338 3119 5410; x_wconf 80' lang='grc' dir='ltr'>Ἀλέξανδρος.</span> <span class='ocrx_word' id='word_1_794' title='bbox 3150 5339 3261 5408; x_wconf 85' lang='grc' dir='ltr'>Τῆς</span> <span class='ocrx_word' id='word_1_795' title='bbox 3297 5339 3625 5411; x_wconf 87' lang='grc' dir='ltr'>Ἐκκλησίας</span> <span class='ocrx_word' id='word_1_796' title='bbox 3658 5340 3716 5393; x_wconf 84' lang='grc' dir='ltr'>δὲ</span> <span class='ocrx_word' id='word_1_797' title='bbox 3756 5343 3868 5394; x_wconf 73' lang='grc' dir='ltr'><strong>τῶν</strong></span> 
     </span>
    </p>
   </div>
   <div class='ocr_carea' id='block_1_109' title="bbox 591 5425 2157 5502">
    <p class='ocr_par' dir='ltr' id='par_1_109' title="bbox 591 5425 2147 5495">
     <span class='ocr_line' id='line_1_109' title="bbox 591 5425 2147 5495; baseline 0.001 -14"><span class='ocrx_word' id='word_1_798' title='bbox 591 5428 817 5482; x_wconf 88' lang='lat' dir='ltr'><strong>liberata</strong></span> <span class='ocrx_word' id='word_1_799' title='bbox 838 5433 1004 5490; x_wconf 84' lang='lat' dir='ltr'><strong>esset,</strong></span> <span class='ocrx_word' id='word_1_800' title='bbox 1022 5434 1438 5495; x_wconf 80' lang='lat' dir='ltr'><strong>martyrumquc</strong></span> <span class='ocrx_word' id='word_1_801' title='bbox 1463 5425 1852 5481; x_wconf 88' lang='lat' dir='ltr'><strong>certaminibus</strong></span> <span class='ocrx_word' id='word_1_802' title='bbox 1880 5428 2147 5483; x_wconf 87' lang='lat' dir='ltr'><strong>illustrata</strong></span> 
     </span>
    </p>
   </div>
   <div class='ocr_carea' id='block_1_110' title="bbox 2261 5425 3868 5502">
    <p class='ocr_par' dir='ltr' id='par_1_110' title="bbox 2285 5429 3868 5502">
     <span class='ocr_line' id='line_1_110' title="bbox 2285 5429 3868 5502; baseline 0 -19"><span class='ocrx_word' id='word_1_803' title='bbox 2285 5430 2542 5502; x_wconf 84' lang='grc' dir='ltr'>διωγμῶν</span> <span class='ocrx_word' id='word_1_804' title='bbox 2593 5430 2695 5501; x_wconf 84' lang='grc' dir='ltr'><strong>ῆδη</strong></span> <span class='ocrx_word' id='word_1_805' title='bbox 2746 5429 2931 5483; x_wconf 79' lang='grc' dir='ltr'>λοιπὸν</span> <span class='ocrx_word' id='word_1_806' title='bbox 2977 5429 3431 5500; x_wconf 75' lang='grc' dir='ltr'>ὴλευθερωμένης</span> <span class='ocrx_word' id='word_1_807' title='bbox 3463 5431 3704 5496; x_wconf 70' lang='grc' dir='ltr'>καὶτοῖς</span> <span class='ocrx_word' id='word_1_808' title='bbox 3759 5432 3868 5485; x_wconf 90' lang='grc' dir='ltr'><strong>τῶν</strong></span> 
     </span>
    </p>
   </div>
   <div class='ocr_carea' id='block_1_111' title="bbox 1844 5585 2540 5643">
    <p class='ocr_par' dir='ltr' id='par_1_111' title="bbox 1844 5585 2540 5643">
     <span class='ocr_line' id='line_1_111' title="bbox 1844 5585 2540 5643; baseline 0.006 -5"><span class='ocrx_word' id='word_1_809' title='bbox 1844 5586 2078 5641; x_wconf 79' lang='lat' dir='ltr'><strong>VARle</strong></span> <span class='ocrx_word' id='word_1_810' title='bbox 2136 5585 2540 5643; x_wconf 64' lang='lat' dir='ltr'><strong>LECTIONES.</strong></span> 
     </span>
    </p>
   </div>
   <div class='ocr_carea' id='block_1_112' title="bbox 660 5696 3021 5771">
    <p class='ocr_par' dir='ltr' id='par_1_112' title="bbox 660 5696 3021 5771">
     <span class='ocr_line' id='line_1_112' title="bbox 660 5696 3021 5771; baseline 0 -17"><span class='ocrx_word' id='word_1_811' title='bbox 660 5702 704 5733; x_wconf 84' lang='grc'><strong>¹⁹</strong></span> <span class='ocrx_word' id='word_1_812' title='bbox 742 5702 883 5771; x_wconf 78' lang='grc' dir='ltr'>ὲῳας</span> <span class='ocrx_word' id='word_1_813' title='bbox 915 5699 995 5753; x_wconf 86' lang='lat' dir='ltr'><strong>B:</strong></span> <span class='ocrx_word' id='word_1_814' title='bbox 1025 5697 1131 5771; x_wconf 71' lang='grc' dir='ltr'>ἕως</span> <span class='ocrx_word' id='word_1_815' title='bbox 1163 5714 1223 5771; x_wconf 73' lang='lat' dir='ltr'><strong>g_.</strong></span> <span class='ocrx_word' id='word_1_816' title='bbox 1298 5697 1344 5728; x_wconf 83' lang='grc'><strong>²⁰</strong></span> <span class='ocrx_word' id='word_1_817' title='bbox 1372 5696 1737 5771; x_wconf 86' lang='grc' dir='ltr'>προϊππεῦσιν</span> <span class='ocrx_word' id='word_1_818' title='bbox 1768 5698 1831 5751; x_wconf 83' lang='grc' dir='ltr'>Α.</span> <span class='ocrx_word' id='word_1_819' title='bbox 1910 5701 1950 5730; x_wconf 75' lang='grc' dir='ltr'>’ί</span> <span class='ocrx_word' id='word_1_820' title='bbox 1981 5698 2537 5771; x_wconf 17' lang='grc' dir='ltr'>ΜουλίανῙνΦουλϐίαν</span> <span class='ocrx_word' id='word_1_821' title='bbox 2563 5700 2624 5765; x_wconf 84' lang='grc' dir='ltr'>Β,</span> <span class='ocrx_word' id='word_1_822' title='bbox 2662 5700 2924 5752; x_wconf 76' lang='grc' dir='ltr'>Βουλϐίαν</span> <span class='ocrx_word' id='word_1_823' title='bbox 2960 5700 3021 5754; x_wconf 82' lang='grc' dir='ltr'>Α.</span> 
     </span>
    </p>
   </div>
   <div class='ocr_carea' id='block_1_113' title="bbox 592 5703 3519 5843">
    <p class='ocr_par' dir='ltr' id='par_1_113' title="bbox 592 5703 3519 5843">
     <span class='ocr_line' id='line_1_113' title="bbox 660 5703 3519 5824; baseline 0.001 -72"><span class='ocrx_word' id='word_1_824' title='bbox 660 5703 704 5733; x_wconf 83' lang='grc'><strong>¹⁹</strong></span> <span class='ocrx_word' id='word_1_825' title='bbox 742 5703 883 5771; x_wconf 77' lang='grc' dir='ltr'>ἐῳας</span> <span class='ocrx_word' id='word_1_826' title='bbox 916 5703 995 5753; x_wconf 83' lang='lat' dir='ltr'><strong>B:</strong></span> <span class='ocrx_word' id='word_1_827' title='bbox 1025 5703 1131 5759; x_wconf 69' lang='grc' dir='ltr'>ἕως</span> <span class='ocrx_word' id='word_1_828' title='bbox 1163 5714 1223 5778; x_wconf 49' lang='lat' dir='ltr'><strong>Q.</strong></span> <span class='ocrx_word' id='word_1_829' title='bbox 1298 5703 1344 5728; x_wconf 83' lang='lat'>&quot;</span> <span class='ocrx_word' id='word_1_830' title='bbox 1372 5703 1737 5768; x_wconf 82' lang='grc' dir='ltr'>προῖππεῠσιν</span> <span class='ocrx_word' id='word_1_831' title='bbox 1768 5703 1831 5751; x_wconf 84' lang='lat' dir='ltr'><strong>A.</strong></span> <span class='ocrx_word' id='word_1_832' title='bbox 1910 5703 1950 5730; x_wconf 82' lang='grc'><strong>²¹</strong></span> <span class='ocrx_word' id='word_1_833' title='bbox 1981 5703 2251 5824; x_wconf 49' lang='grc' dir='ltr'><strong>Μουλίανέι</strong></span> <span class='ocrx_word' id='word_1_834' title='bbox 2274 5703 2537 5752; x_wconf 80' lang='grc' dir='ltr'>Φουλϐίαν</span> <span class='ocrx_word' id='word_1_835' title='bbox 2563 5703 2624 5765; x_wconf 86' lang='grc' dir='ltr'>Β,</span> <span class='ocrx_word' id='word_1_836' title='bbox 2662 5703 2924 5752; x_wconf 77' lang='grc' dir='ltr'>Βουλόίαν</span> <span class='ocrx_word' id='word_1_837' title='bbox 2960 5703 3021 5754; x_wconf 81' lang='grc' dir='ltr'>Λ.</span> <span class='ocrx_word' id='word_1_838' title='bbox 3139 5703 3184 5733; x_wconf 83' lang='grc'>²²</span> <span class='ocrx_word' id='word_1_839' title='bbox 3206 5703 3264 5757; x_wconf 80' lang='grc' dir='ltr'>ἐν</span> <span class='ocrx_word' id='word_1_840' title='bbox 3304 5718 3414 5760; x_wconf 92' lang='lat' dir='ltr'><strong>om.</strong></span> <span class='ocrx_word' id='word_1_841' title='bbox 3454 5706 3519 5760; x_wconf 88' lang='lat' dir='ltr'><strong>A.</strong></span> 
     </span>
     <span class='ocr_line' id='line_1_114' title="bbox 592 5767 3163 5843; baseline 0.001 -17"><span class='ocrx_word' id='word_1_842' title='bbox 592 5772 906 5843; x_wconf 81' lang='grc' dir='ltr'>εὐδαιμονίᾳ</span> <span class='ocrx_word' id='word_1_843' title='bbox 931 5774 994 5823; x_wconf 86' lang='grc' dir='ltr'>Α.</span> <span class='ocrx_word' id='word_1_844' title='bbox 1072 5767 1117 5798; x_wconf 68' lang='grc'><strong>’⁸</strong></span> <span class='ocrx_word' id='word_1_845' title='bbox 1147 5785 1253 5821; x_wconf 87' lang='grc' dir='ltr'><strong>των</strong></span> <span class='ocrx_word' id='word_1_846' title='bbox 1276 5784 1386 5822; x_wconf 91' lang='lat' dir='ltr'><strong>om.</strong></span> <span class='ocrx_word' id='word_1_847' title='bbox 1428 5770 1493 5822; x_wconf 85' lang='lat' dir='ltr'><strong>A.</strong></span> <span class='ocrx_word' id='word_1_848' title='bbox 1572 5770 1616 5800; x_wconf 79' lang='grc'><strong><em>³⁵</em></strong></span> <span class='ocrx_word' id='word_1_849' title='bbox 1650 5785 1707 5820; x_wconf 82' lang='grc' dir='ltr'><strong>τε</strong></span> <span class='ocrx_word' id='word_1_850' title='bbox 1735 5772 1778 5821; x_wconf 84' lang='grc' dir='ltr'><strong>Α</strong></span> <span class='ocrx_word' id='word_1_851' title='bbox 1812 5787 1825 5822; x_wconf 90' lang='lat'>:</span> <span class='ocrx_word' id='word_1_852' title='bbox 1860 5785 1923 5838; x_wconf 89' lang='grc' dir='ltr'><strong>γε</strong></span> <span class='ocrx_word' id='word_1_853' title='bbox 1955 5786 2014 5833; x_wconf 81' lang='grc' dir='ltr'><strong>ς.</strong></span> <span class='ocrx_word' id='word_1_854' title='bbox 2110 5773 2154 5802; x_wconf 75' lang='grc'><strong>³⁸</strong></span> <span class='ocrx_word' id='word_1_855' title='bbox 2182 5770 2209 5823; x_wconf 88' lang='grc' dir='ltr'><strong>θ</strong></span> <span class='ocrx_word' id='word_1_856' title='bbox 2255 5770 2455 5824; x_wconf 84' lang='grc' dir='ltr'>λατταν</span> <span class='ocrx_word' id='word_1_857' title='bbox 2484 5771 2543 5825; x_wconf 79' lang='grc' dir='ltr'>Β.</span> <span class='ocrx_word' id='word_1_858' title='bbox 2624 5771 2668 5803; x_wconf 73' lang='grc' dir='ltr'><strong>’τ</strong></span> <span class='ocrx_word' id='word_1_859' title='bbox 2698 5771 3072 5841; x_wconf 83' lang='grc' dir='ltr'>ἀναμάχεσθαι</span> <span class='ocrx_word' id='word_1_860' title='bbox 3098 5774 3163 5829; x_wconf 81' lang='grc' dir='ltr'>Α.</span> 
     </span>
    </p>
   </div>
   <div class='ocr_carea' id='block_1_114' title="bbox 3622 5708 3870 5783">
    <p class='ocr_par' dir='ltr' id='par_1_114' title="bbox 3622 5708 3870 5783">
     <span class='ocr_line' id='line_1_115' title="bbox 3622 5708 3870 5783; baseline 0 -23"><span class='ocrx_word' id='word_1_861' title='bbox 3622 5708 3668 5739; x_wconf 76' lang='grc' dir='ltr'><strong>υ</strong></span> <span class='ocrx_word' id='word_1_862' title='bbox 3696 5708 3870 5783; x_wconf 60' lang='grc' dir='ltr'>εὐδὶτ]</span> 
     </span>
    </p>
   </div>
   <div class='ocr_carea' id='block_1_115' title="bbox 2624 5771 3163 5841">
    <p class='ocr_par' dir='ltr' id='par_1_115' title="bbox 2624 5771 3163 5841">
     <span class='ocr_line' id='line_1_116' title="bbox 2624 5771 3163 5841; baseline 0.011 -18"><span class='ocrx_word' id='word_1_863' title='bbox 2624 5771 2668 5803; x_wconf 73' lang='grc' dir='ltr'><strong>’τ</strong></span> <span class='ocrx_word' id='word_1_864' title='bbox 2698 5771 3072 5841; x_wconf 83' lang='grc' dir='ltr'>ἀναμάχεσθαι</span> <span class='ocrx_word' id='word_1_865' title='bbox 3098 5774 3163 5829; x_wconf 81' lang='grc' dir='ltr'>Α.</span> 
     </span>
    </p>
   </div>
  </div>
