4152 6420
264 326 371 391 109

1386 338 1461 397 BI
1470 338 1914 401 BLIOTHECA.
1938 365 2006 375 -
2022 340 2188 403 COD.
2208 340 2445 403 CCLVI.

3432 340 3530 401 110

263 452 572 522 μαρτύρων
604 451 791 517 ἄθλοις
820 455 1247 526 σεμνυνομένης,
1278 457 1340 510 τὸ
1363 457 1654 525 ὲγκόλπιον
1683 459 1852 513 κακὸν

1969 459 2132 516 malus
2159 461 2350 526 turbo,
2399 469 2455 516 et
2482 459 2672 516 mundi
2715 460 2965 530 quadam
3013 469 3312 531 tempestas
3344 460 3530 521 Arius.

258 544 361 597 καὶ
395 544 497 612 τῆς
526 544 854 615 οἰκουμένης
876 549 906 600 6
933 546 1166 617 τάραχος
1202 547 1418 618 ’Δρειος
1449 548 1547 619 τὴν
1586 549 1857 621 εὐφροσύ-

260 652 364 705 νην
389 636 497 703 τῆς
539 636 871 706 Ἐκκλησίας
901 640 982 701 είς
1009 639 1311 710 κατήφειαν
1360 641 1522 694 πάλιν
1568 642 1857 696 συνέστελ-

262 725 387 778 λεν·
422 729 485 779 ὲν
518 728 784 797 κτίσμασι
809 730 919 801 γὰρ
942 734 1148 799 κατῆγε
1174 732 1265 785 τὸν
1300 732 1394 787 τοῦ
1424 733 1562 788 Θεοῦ
1606 735 1735 789 Υίδν
1765 738 1859 791 καὶ

263 821 425 883 Θεὸν,
460 816 524 876 οὗ
558 823 740 892 χειρὸς
766 823 927 893 ἔργον
958 826 990 894 ἡ
1030 824 1294 894 σύμπασα
1330 827 1531 891 κτίσις.
1574 829 1730 882 Ἐπεὶ
1758 829 1804 883 δ’
1830 833 1859 883 6

277 914 693 985 Ἀλεξανδρείας
733 916 1083 988 Ἀλέξανδρος
1117 916 1279 989 [1409
1311 917 1403 990 8.]
1440 920 1535 973 καὶ
1588 921 1858 975 νουθετῶν

265 1007 360 1059 καὶ
392 1008 741 1077 παρακαλῶν
766 1010 999 1062 ἀπεῖπεν
1027 1009 1206 1080 (ἐνίκα
1243 1009 1352 1081 γὰρ
1376 1010 1485 1064 τῶν
1514 1010 1771 1076 ζιζανίων
1796 1012 1859 1065 τὸ

265 1100 434 1170 βάθος
455 1101 551 1153 τὸν
582 1100 783 1170 σπόρον
804 1100 902 1155 τοῦ
931 1101 1137 1173 λόγου),
1164 1104 1420 1173 ἐκτέμνει
1450 1104 1639 1159 τοῦτον
1662 1106 1857 1159 καθαι-

268 1195 464 1263 ρετικῇ
489 1194 735 1264 μαχαίρᾳ
766 1195 866 1264 τῆς
904 1192 1252 1267 Ἐκκλησίας.

337 1286 471 1339 Ὀτι
499 1287 763 1351 Εὐσέϐιος
800 1289 828 1339 ὁ
853 1289 953 1360 τὴν
979 1289 1220 1360 Βηρυτὸν
1269 1289 1369 1360 μὲν
1419 1291 1712 1361 ὑπεριδὼν,
1761 1294 1859 1361 τὴν

265 1378 321 1432 δὲ
357 1378 731 1448 Νικομηδέων
760 1380 1086 1451 Ἐκκλησίαν
1115 1380 1529 1451 ὲποφθαλμίσας
1552 1383 1617 1446 ⁸⁸,
1636 1383 1756 1436 ἐπεὶ
1782 1382 1859 1452 μὴ

268 1470 426 1539 δίκην
462 1470 635 1524 ἔδωκε
667 1472 768 1541 τῆς
816 1473 1092 1543 ἁρπαγῆς,
1124 1474 1387 1546 ἐπαρθεὶς
1423 1475 1638 1546 Ἄρειόν
1675 1493 1735 1529 τε
1766 1477 1861 1529 καὶ

270 1566 394 1627 τοὺς
420 1564 527 1634 τῆς
548 1566 820 1637 αἱρέσεως
844 1566 1177 1637 συνεραστὰς
1196 1568 1285 1622 διὰ
1308 1568 1567 1639 προνοίας
1585 1569 1687 1639 τῆς
1713 1569 1861 1639 πρώ-

271 1675 365 1727 της
392 1652 539 1727 ἦγεν
560 1673 575 1687 ·
616 1651 693 1712 ῶν
717 1658 1006 1713 ἐπίσκοποι
1036 1660 1136 1731 μέν
1160 1677 1291 1714 ποτε
1318 1662 1601 1730 γεγονότες
1631 1660 1862 1714 Σεκοῦν-

274 1751 357 1814 δος
390 1751 616 1822 ὑπῆρχε
643 1752 738 1805 καὶ
776 1753 1014 1818 Θεωνᾶς,
1049 1755 1109 1807 ὲν
1136 1754 1406 1818 διακόνοις
1429 1755 1524 1808 καὶ
1553 1754 1858 1824 πρεσϐυτέ-

1959 552 2203 606 latitiam
2239 552 2494 608 Ecclesia
2524 553 2578 606 in
2615 551 2858 608 dolorem
2908 553 3106 606 iterum
3140 552 3323 606 vertit.
3363 551 3533 604 Crea-

1960 644 2098 699 turis
2127 645 2273 699 enim
2300 644 2503 699 Filium
2532 643 2625 699 Dei
2651 686 2666 711 ,
2704 643 2989 714 Deumque
3014 644 3158 698 velut
3194 643 3250 697 in
3285 643 3547 700 ordinem.

1958 734 2212 803 redigens
2241 734 2503 804 alligavit,
2531 735 2690 805 cujus
2709 750 2907 789 manus
2931 750 3068 804 Opus
3087 735 3267 790 omnis
3282 744 3367 790 est
3384 750 3535 789 crea-

1962 836 2104 881 tura.
2143 826 2281 881 Cum
2337 844 2465 882 vero
2494 829 2802 883 Alexander
2834 828 3179 882 Alexandria
3223 827 3538 896 episcopus,

1958 927 2014 973 et
2039 920 2314 973 monendo
2345 921 2723 990 hortandoque
2756 920 2889 974 nihil
2936 919 3226 989 proﬁceret
3250 920 3270 986 (
3292 934 3417 973 nam
3450 920 3532 973 zi-

1961 1011 2245 1065 zaniorum
2290 1012 2372 1067 vis
2400 1021 2454 1066 et
2490 1015 2645 1083 copia
2709 1013 2858 1067 verbi
2899 1028 3083 1069 semen
3116 1013 3534 1083 oppresserat),

1960 1102 2185 1173 ancipiti
2238 1104 2490 1159 Ecclesia
2540 1105 2722 1174 gladio
2775 1105 2921 1160 hunc
2973 1102 3205 1161 resecat.

2025 1291 2296 1347 Eusebius
2311 1292 2562 1363 Berytum
2589 1290 2918 1360 despiciens,
2934 1300 2984 1345 et
3004 1288 3335 1345 Nicomedia
3352 1289 3540 1346 Eccle-

1960 1380 2055 1435 sia
2085 1381 2322 1446 inhians,
2354 1397 2478 1437 cum
2524 1382 2745 1451 impune
2782 1396 2904 1436 eam
2942 1390 3303 1450 occupasset,
3340 1381 3538 1447 elatus,

1961 1473 2149 1527 Arium
2164 1472 2387 1543 ejusque
2404 1483 2701 1529 sectatores
2715 1472 3082 1527 defendendos
3096 1472 3347 1542 inprimis
3363 1488 3545 1528 susce-

1961 1568 2059 1636 pit,
2082 1583 2316 1636 quorum
2341 1582 2372 1622 e
2392 1582 2618 1622 numero
2633 1566 2871 1635 episcopi
2890 1566 3183 1621 erantolim
3199 1564 3324 1619 facti
3343 1564 3547 1620 Secun-

1961 1660 2065 1714 dus
2088 1669 2142 1714 et
2164 1659 2437 1715 Theonas.
2481 1657 2625 1713 Inter
2656 1658 2917 1714 diaconos
2944 1668 2999 1712 et
3024 1657 3353 1723 sacerdotes,
3376 1659 3545 1712 Arius

1965 1750 2232 1805 hareseos
2248 1750 2464 1806 initium
2479 1750 2829 1820 Achillasque
2849 1751 2986 1805 alter
3008 1750 3195 1811 Arius.
3215 1760 3271 1804 et
3293 1750 3553 1806 nonnulli'

279 1860 389 1912 ροις
426 1844 649 1913 ’Δρειός
683 1860 741 1896 τε
772 1844 807 1913 ἡ
852 1845 951 1914 τῆς
987 1845 1250 1915 αἱρέσεως
1292 1846 1437 1916 ἀρχὴ
1482 1844 1576 1898 καὶ
1616 1844 1864 1913 ’Λχιλλᾶς

1970 1842 2061 1895 alii
2083 1841 2326 1912 ejusdem
2362 1842 2649 1913 dignitatis
2678 1854 2729 1898 et
2754 1842 3057 1907 societatis,
3076 1857 3305 1896 numero
3326 1857 3544 1905 novem,

277 1935 366 1987 καὶ
391 1933 557 1996 ἄλλος
583 1936 627 1965 "
671 1935 888 2003 Ἀρειος
916 1933 1011 1986 καί
1048 1951 1194 1997 τινες
1222 1932 1398 2005 ἕτεροι
1433 1934 1530 2000 τῆς
1557 1934 1729 2003 αὐτῆς
1767 1934 1862 1987 καὶ

280 2024 446 2092 τιμῆς
484 2025 579 2078 καὶ
622 2025 895 2095 φρατρίας
929 2024 996 2089 ³⁰,
1037 2024 1272 2095 ἀριθμὸν
1327 2024 1721 2097 ἀπαρτίζοντες
1768 2025 1863 2079 τὸν

285 2120 458 2173 ἐννέα.
492 2117 600 2180 Οὓς
626 2118 721 2170 καὶ
748 2118 966 2171 καθεῖλε
1000 2118 1217 2180 σύνοδος
1243 2118 1411 2185 ἐγγὺς
1451 2117 1497 2189 ρ’
1520 2118 1860 2181 ἐπισκόπων,

288 2210 336 2264 οῖ
354 2211 412 2277 ἐξ
438 2212 709 2278 Αἰγύπτου
738 2212 834 2264 καὶ
856 2211 1061 2281 Λιϐύης
1080 2210 1532 2281 συνεληλύθεσαν,
1555 2210 1864 2278 ὑπαγαγόν-

298 2322 385 2368 τες
406 2307 499 2357 καὶ
522 2304 600 2374 τῷ
622 2304 955 2374 ἅναθέματι.
986 2299 1087 2357 Ὧν
1115 2303 1215 2375 τὴν
1249 2303 1422 2375 ἀκοὴν
1450 2305 1863 2367 Κωνσταντῖνος

307 2398 404 2449 οὐκ
426 2397 727 2466 ἀναλγήτως
745 2396 1006 2465 ἐνεγκὼν,
1042 2395 1366 2449 ἀποστέλλει
1394 2394 1533 2465 πρὸς
1558 2395 1659 2465 τὴν
1676 2395 1862 2462 Ἀλεξ-

310 2488 547 2557 άνδρειαν
590 2489 774 2541 Ὀσιον
815 2488 915 2556 μὲν
977 2486 1240 2557 τοῦνομα,
1294 2487 1442 2540 ὅσιον
1504 2487 1563 2540 δὲ
1605 2486 1699 2539 τὸν
1751 2486 1864 2557 βίον

303 2582 471 2647 (πόλις
495 2582 539 2635 δ’
563 2582 727 2635 αὐτὸν
759 2580 919 2651 ηὔχει
961 2583 1058 2652 μία
1089 2581 1199 2636 τῶν
1241 2581 1530 2635 ἰσπανιῶν
1559 2582 1625 2641 ³¹,
1658 2583 1691 2651 ὴ
1719 2582 1864 2633 Κου-

293 2675 527 2746 δρούϐη),
558 2674 856 2745 ἐγχειρίζει
885 2674 931 2729 δ’
962 2674 1110 2746 αὐτῷ
1156 2674 1250 2728 καὶ
1282 2673 1589 2746 γράμματα
1630 2674 1770 2745 πρός
1804 2692 1864 2727 τε

290 2767 375 2819 τὸν
403 2765 665 2838 ἀρχιερέα
686 2766 822 2820 Θεοῦ
849 2765 1195 2835 Ἀλέξανδρον
1230 2767 1327 2820 καὶ
1355 2766 1491 2838 πρὸς
1523 2767 1742 2836 Ἀρειον
1772 2766 1866 2819 τὸν

287 2857 382 2927 τῆς
423 2858 680 2921 ἀσεϐείας
723 2859 1201 2929 διαγεγραμμένον
1230 2859 1275 2891 ³⁸
1316 2848 1639 2929 γεννήτορας
1678 2852 1754 2912 ὧν
1797 2857 1865 2911 τὰ

290 2952 516 3023 mam
540 2951 736 3021 φιλανθ
745 2952 1093 3023 ρωπευθῆναι
1114 2952 1251 3023 πρὸς
1277 2952 1519 3022 Ἀρειον,
1537 2951 1604 3005 τὰ
1624 2951 1678 3005 δὲ
1697 2968 1866 3021 προσ-

284 3045 502 3097 ἔταττεν
546 3043 852 3113 ἀποστῆναί
888 3060 948 3096 τε
981 3043 1078 3113 τῆς
1132 3044 1337 3114 λύσσης
1371 3043 1468 3097 καὶ
1504 3043 1566 3096 τὸ
1610 3044 1867 3114 φρόνημα

280 3141 376 3206 τῆς
415 3137 752 3206 Ἐκκλησίας
776 3135 1118 3198 ἀνθελέσθαι,
1140 3135 1375 3207 παρῄνει
1402 3135 1460 3190 δὲ
1489 3135 1586 3190 καὶ
1608 3134 1709 3202 τῆς
1729 3135 1866 3203 πρὸς

278 3230 548 3301 ἀλλήλους
571 3229 751 3301 ἔριδος
778 3230 874 3284 καὶ
891 3228 1199 3298 ἀντιλογίας
1218 3230 1541 3300 ἀναχωρεῖν,
1560 3228 1637 3293 ῶς
1659 3226 1871 3282 πολλῶν

277 3323 470 3377 κακῶν
498 3323 687 3385 αἰτίας
714 3321 919 3392 ταύτης
949 3323 1007 3375 ὲν
1037 3322 1252 3385 πολλοῖς
1281 3322 1594 3392 γινομένης.
1636 3321 1790 3374 Ἐπεὶ
1813 3319 1871 3373 δὲ

275 3415 335 3468 τὸ
395 3413 497 3468 τοῦ
564 3415 777 3485 Ἀρείου
822 3415 1038 3485 νόσημα
1083 3414 1206 3467 οὔτε
1266 3417 1332 3485 τῇ
1386 3414 1480 3467 τοῦ
1540 3414 1870 3485 περιϐοήτου

285 3496 479 3561 Ὀσίόυ
510 3508 786 3579 παρουσίᾳ
818 3508 913 3561 καὶ
956 3506 1300 3579 διδασκαλίᾳ,
1335 3506 1460 3559 οὔτε
1492 3508 1558 3576 τῇ
1588 3504 1683 3558 τοῦ
1715 3504 1871 3573 βασι-

274 3600 417 3663 λέως
447 3600 708 3671 νουθεσίᾳ
750 3599 1107 3672 προσεδέχετο
1154 3600 1254 3671 τὴν
1301 3598 1622 3669 θεραπείαν,
1654 3597 1871 3651 σύνοδον

274 3694 593 3767 ἀρχιερέων
626 3694 684 3746 ἐν
724 3696 791 3762 τῇ
823 3691 967 3745 κατὰ
1015 3692 1272 3745 Βιθυνίαν
1319 3692 1527 3761 Νικαίᾳ
1559 3692 1587 3743 6
1619 3690 1874 3760 βασιλεὺς

274 3789 585 3855 συγκροτεῖ
604 3803 619 3817 ο
645 3780 711 3856 ἦς
730 3786 840 3838 τῶν
870 3785 1188 3839 ἐπισκόπων
1227 3783 1686 3855 συνεδριαζόντων
1711 3782 1873 3846 αὐτὸς

274 3885 360 3945 εἰς
386 3881 450 3934 τὸ
485 3879 653 3949 μέσον
686 3880 817 3940 στάς
844 3878 947 3930 οὐκ
975 3876 1150 3941 ἄλλως
1192 3878 1453 3947 ἠνέσχετο
1482 3876 1811 3947 καθεσθῆναι
1838 3873 1872 3945 ἢ

272 3973 375 4028 τοῦ
417 3970 574 4042 ίεροῦ
604 3969 768 4041 χοροῦ
820 3968 1205 4031 ἐπινεύσαντος
1256 3967 1423 4037 αὐτῷ.
1464 3967 1573 4021 Καὶ
1623 3970 1722 4037 τῆς
1773 3965 1874 4036 μὲν

274 4064 501 4136 Ἀρείου
524 4064 792 4132 αἱρέσεως
817 4061 1075 4124 Εὐσέϐιός
1094 4078 1153 4114 τε
1179 4063 1208 4114 ὁ
1230 4060 1599 4131 Νικομηδείας
1628 4060 1723 4112 καὶ
1741 4060 1875 4112 Θεο-

275 4161 466 4227 γόνιος
496 4159 524 4210 ὁ
553 4155 794 4218 Νικαίας
830 4155 927 4208 καὶ
951 4154 1149 4225 Μάρης
1178 4154 1225 4188 ⁵⁸
1256 4152 1632 4225 ύπερήσπιζον
1656 4154 1685 4206 6
1723 4151 1874 4204 Καλο

276 4253 535 4325 χηδόνος,
564 4252 663 4322 τῆς
693 4250 739 4303 δ’
772 4248 1052 4313 εὐσεϐείας
1086 4248 1435 4318 Ἀλέξανδρος
1454 4250 1483 4301 6
1508 4248 1552 4279 ³³
1580 4248 1873 4299 Κωνστανο

279 4346 656 4407 τινουπόλεως
682 4344 1073 4415 πρεσϐύτερος,
1096 4344 1190 4396 καὶ
1211 4342 1277 4395 τὸ
1306 4342 1600 4412 πρόσωπον
1625 4338 1719 4392 τοῦ
1747 4337 1879 4391 ταύ-

1965 1950 2106 2005 quos
2129 1936 2422 1991 concilium
2453 1946 2672 1991 centum
2696 1951 2864 2007 prope
2882 1936 3101 1990 Patrum
3134 1936 3544 2006 episcoporum,

1966 2027 2058 2095 qui
2093 2041 2161 2081 ex
2191 2025 2424 2098 Egypto
2455 2037 2510 2082 et
2537 2027 2725 2083 Africa
2781 2036 3173 2092 convenerant,
3211 2028 3548 2082 anathemati

1966 2120 2265 2190 subiiciens
2315 2122 2618 2176 damnavit.
2667 2122 2877 2188 Quibus
2907 2122 3310 2178 Constantinus
3341 2124 3547 2179 auditis

1966 2213 2156 2284 inique
2184 2213 2388 2280 ferens,
2424 2216 2593 2270 mittit
2620 2216 3011 2271 Alexandriam
3041 2214 3292 2282 Hosium,
3327 2218 3551 2272 nomine

1966 2315 2022 2362 et
2071 2322 2131 2361 re
2185 2317 2461 2373 sanctum,
2514 2324 2677 2378 quem
2726 2308 3004 2378 Hispania
3053 2308 3249 2364 civitas
3293 2307 3551 2364 Corduba

1967 2398 2285 2468 episcopum
2313 2399 2570 2454 habebat.
2596 2398 2788 2454 Tradit
2811 2408 2990 2453 autem
3016 2399 3066 2453 ei
3088 2400 3351 2469 epistolas
3374 2399 3441 2453 ad
3468 2415 3553 2453 ar-

1968 2483 2381 2554 chiepiscopum
2431 2485 2846 2551 Alexandrum,
2910 2494 2965 2541 et
3024 2488 3214 2542 Arium
3276 2488 3552 2545 hareseos

1970 2574 2212 2641 fontem,
2251 2591 2490 2646 quarum
2544 2576 2714 2632 altera
2760 2593 2886 2632 cum
2917 2578 3049 2634 Ario
3108 2579 3425 2634 humaniter
3464 2581 3553 2649 agi

1969 2668 2222 2738 petebat;
2245 2668 2409 2723 altera
2440 2683 2571 2723 vero
2608 2678 2690 2735 ut,
2723 2670 2875 2726 rabie
2903 2670 3173 2740 deposita,
3202 2685 3327 2726 cum
3358 2670 3552 2726 Eccle-

1969 2759 2048 2815 sia
2076 2759 2402 2814 conscntiat.
2436 2757 2697 2814 Hortatur
2750 2770 2926 2814 autem
2980 2770 3040 2815 ut
3091 2760 3448 2815 contentione
3496 2768 3554 2816 et

1970 2852 2361 2908 controversiis
2390 2867 2515 2906 cum
2547 2851 2669 2906 aliis
2699 2852 3009 2917 abstineat,
3045 2852 3316 2922 siquidem
3364 2852 3554 2908 multis

1970 2944 2270 2999 multorum
2292 2942 2564 2999 malorum
2593 2943 2793 3016 ωια
2833 2959 3001 3000 causa
3038 2944 3160 2999 fuit.
3190 2945 3328 2999 Cum
3366 2955 3552 2999 autem

1971 3038 2133 3094 Arius
2172 3038 2500 3105 hareticus,
2556 3054 2659 3093 nec
2707 3041 2997 3107 prasentia
3033 3037 3167 3093 clari
3196 3039 3346 3093 illius
3375 3037 3552 3104 Hosii,

1976 3146 2077 3186 nec
2110 3129 2389 3194 doctrina,
2409 3145 2589 3200 neque
2617 3131 2963 3200 imperatoris
2997 3130 3371 3186 admonitione
3397 3147 3556 3187 erro-

1974 3239 2089 3278 rem
2126 3238 2288 3279 suum
2322 3224 2621 3286 desereret,
2658 3223 2951 3279 concilium
2969 3224 3347 3294 episcoporum
3364 3222 3559 3278 Nicaa

1974 3316 2030 3371 in
2076 3315 2330 3388 Bithynia
2381 3316 2679 3386 imperator
2715 3323 3002 3371 convocat.
3038 3315 3094 3370 In
3139 3330 3249 3385 quo
3282 3315 3557 3385 episcopis

1974 3408 2426 3474 consedentibus,
2461 3408 2577 3477 ipse
2608 3409 2667 3462 in
2704 3407 2887 3463 medio
2915 3416 3100 3472 stans,
3134 3422 3241 3462 non
3282 3407 3389 3462 alia
3419 3421 3558 3461 con-

1976 3498 2185 3553 ditione
2220 3499 2413 3553 sedere
2440 3498 2635 3561 voluit,
2675 3512 2839 3566 quam
2869 3497 2915 3552 si
2948 3496 3028 3550 illi
3060 3504 3206 3551 totus
3237 3503 3417 3551 catus
3456 3512 3560 3549 an-

1976 3599 2191 3644 nueret.
2225 3588 2548 3643 Hareticam
2572 3589 2910 3658 impietatem
2941 3586 3055 3643 Arii
3086 3588 3357 3643 Eusebius
3390 3586 3560 3642 Nico-

1977 3681 2206 3747 media,
2251 3680 2603 3749 Theogonius
2640 3678 2856 3745 Nicaea,
2893 3679 3068 3734 Mares
3092 3678 3560 3734 Chalcedonensis

1975 3776 2271 3845 episcopus
2299 3773 2666 3829 defenderunt
2702 3792 2716 3828 :
2752 3773 3009 3844 pietatem
3062 3771 3373 3827 Alexander
3414 3770 3561 3826 Con-

1978 3869 2501 3940 stantinopolitanus
2561 3866 2871 3938 presbyter,
2913 3865 3090 3919 vicem
3159 3862 3562 3932 archiepiscopi

1978 3974 2175 4018 tenens
2226 3962 2488 4035 (sanctus
2532 3960 2680 4016 enim
2711 3958 3093 4028 Metrophanes
3118 3998 3135 4023 ,
3175 3964 3398 4027 propter
3424 3954 3562 4009 alie-

1975 4066 2122 4113 ctam
2144 4063 2356 4111 atatem
2390 4052 2637 4114 senilem.
2669 4052 3031 4120 morbumque
3060 4065 3169 4104 non
3200 4047 3562 4117 adfuit),cum

1978 4148 2180 4219 quibus
2208 4146 2546 4201 Athanasius
2572 4144 2914 4199 Alexandria
2940 4142 3195 4197 Ecclesia
3215 4139 3559 4195 archidiaco-

1979 4257 2125 4305 nus,
2173 4248 2230 4294 ct
2285 4238 2449 4305 huius
2506 4237 2664 4292 urbis
2725 4234 3173 4303 archiepiscopus
3224 4231 3556 4287 Alexander.

1985 4333 2232 4387 Aderant
2266 4345 2491 4401 quoque
2524 4331 2578 4383 in
2605 4327 2842 4384 concilio
2875 4336 2928 4381 et
2970 4325 3136 4395 aliqui
3183 4326 3356 4381 sacris
3416 4340 3562 4378 non-

278 4458 385 4511 της
414 4440 723 4511 ἀρχιερέως
762 4438 973 4508 ἐπέχων
998 4435 1390 4507 (Μητροφάνης
1412 4435 1521 4503 γὰρ
1550 4436 1579 4485 6
1615 4434 1760 4495 ὅσιος
1787 4430 1865 4485 διό

1981 4423 2138 4488 dum,
2182 4439 2247 4479 ac
2285 4438 2355 4478 ne
2396 4422 2724 4493 baptismate
2752 4419 2975 4490 quidem
3024 4418 3265 4472 initiati:
3298 4417 3564 4471 nimirum

282 4510 347 4590 τε
374 4510 516 4605 βαθὺ
547 4534 724 4603 γῆρας
761 4533 856 4586 καὶ
900 4531 1056 4584 νόσον
1084 4530 1146 4583 οὐ
1177 4528 1409 4600 παρῆν)·
1449 4526 1569 4597 μεθ’
1611 4520 1687 4580 ὧν
1713 4525 1865 4578 Ἀθα-

1983 4518 2290 4575 disserendi
2321 4524 2439 4571 arte
2482 4514 2756 4578 celebres,
2818 4527 2960 4584 quos
3007 4526 3166 4566 senes
3196 4510 3418 4581 quidam
3453 4524 3565 4563 non

282 4601 472 4693 νάσιός
507 4645 571 4682 τε
600 4601 636 4680 a
657 4627 755 4698 τῆς
784 4628 845 4680 ὲν
874 4623 1252 4695 Ἀλεξανδρείᾳ
1279 4618 1603 4688 Ἐκκλησίας
1634 4618 1758 4691 [767
1793 4617 1859 4672 H.

1987 4611 2199 4683 ingenti
2231 4619 2518 4679 apparatu,
2556 4606 2888 4676 minimeque
2914 4604 3096 4660 fucato
3119 4603 3212 4657 Dei
3251 4603 3437 4667 verbo,
3471 4601 3567 4657 sed

285 4722 691 4793 ἀρχιδιάκονος,
712 4692 723 4698 ⁷
743 4721 840 4773 καὶ
881 4721 910 4771 6
936 4692 1145 4786 ταύτης
1189 4714 1479 4787 ἀρχιερεὺς
1508 4710 1862 4781 Ἀλέξανδρος

1990 4703 2242 4758 inhiante
2268 4698 2449 4753 divina
2486 4698 2657 4767 gratia
2691 4737 2709 4763 ,
2759 4696 2828 4750 ab
2877 4709 3068 4749 errore
3124 4708 3187 4747 ac
3225 4692 3563 4764 gentilismo,

289 4784 560 4885 Παρῆσαν
582 4813 639 4865 δὲ
672 4814 738 4882 τῇ
776 4810 981 4880 συνόδῳ
1013 4784 1107 4862 καί
1142 4784 1294 4870 τινες
1333 4784 1615 4875 ἱερατικὴν
1657 4806 1755 4873 μὲν
1784 4802 1865 4872 χά-

1989 4794 2214 4863 Ariique
2242 4790 2463 4855 haresi,
2499 4804 2599 4860 pro
2624 4804 2731 4857 qua
2757 4798 2869 4842 tum
2900 4786 3137 4840 maxime
3158 4785 3235 4839 illi
3279 4784 3561 4855 depugna-

294 4881 511 4975 pwvobx
540 4881 779 4972 ἔχοντες,
805 4899 920 4953 ἀλλ’
949 4899 1068 4952 οὐδὲ
1088 4896 1157 4951 τὰ
1191 4895 1535 4968 Χριστιανῶν
1562 4892 1865 4962 τετελεσμέι

1990 4888 2144 4952 bant,
2174 4884 2239 4939 ad
2280 4883 2485 4938 Christi
2518 4882 2659 4935 ovile
2692 4881 3072 4935 traduxerunt.

289 4971 393 5066 τοι,
425 5002 524 5053 ἐπὶ
554 4971 601 5031 ³ί
626 4998 683 5051 δὲ
705 4996 1020 5067 διαλεκτικῇ
1064 4994 1291 5062 δυνάμει
1361 4992 1505 5063 μέγα
1566 4991 1738 5059 ὄνομα
1802 4988 2063 5058 φέροντες
2086 5000 2101 5014 ·
2135 4981 2232 5045 οὒς
2265 4981 2324 5033 ὲν
2356 4978 2437 5049 τῷ
2469 4977 2734 5045 ἀπλάστῳ
2768 4976 2863 5028 καὶ
2911 4971 3276 5067 άκατασκεύιρ
3318 4971 3419 5067 τῆς
3449 4971 3568 5067 ’τοῦ

289 5063 426 5149 Θεοῦ
462 5092 659 5163 σοφίας
705 5092 852 5162 λόγῳ
895 5063 1039 5152 τινες
1101 5089 1211 5141 τῶν
1270 5087 1545 5157 γερόντων
1572 5086 1669 5140 καὶ
1706 5085 1772 5154 τῇ
1803 5079 2087 5149 ἑνοικούσῃ
2143 5076 2267 5148 θείᾳ
2316 5075 2500 5145 χάριτι
2570 5070 2892 5141 ὲζὼγρησάν
2933 5085 3015 5128 τε,
3053 5067 3146 5119 καί⁷
3361 5063 3570 5163 πλάνης

295 5160 734 5264 ἐκκαθάραντες,
780 5160 881 5259 της
926 5207 985 5243 τε
1025 5187 1347 5259 Ἑλληνικῆς
1383 5187 1482 5241 καὶ
1555 5185 1657 5256 τῆς
1710 5182 1947 5254 Ἀρείου,
1988 5174 2057 5249 ἧς
2087 5174 2561 5248 ὑπερηγωνίζοντο
2586 5171 2631 5203 ³⁸
2662 5169 2920 5241 μάλιστα,
2944 5166 3043 5236 τῆς
3061 5161 3300 5234 Χριστοῦ
3329 5160 3567 5231 ποίμνης

293 5287 546 5358 γενέσθαι
575 5285 1017 5358 παρεσκεύασαν.
2665 5356 2674 5358 _
3227 5347 3267 5358 ﬁ
3341 5347 3355 5358 .
3464 5345 3495 5358 Δ.

376 5385 466 5435 Ἐν
501 5385 569 5452 τῇ
613 5347 821 5450 συνόδῳ
849 5379 906 5433 δὲ
965 5378 1147 5449 παρῆν
1186 5393 1280 5431 και
1322 5374 1663 5442 Παφνούτιος
1690 5372 1719 5424 6
1754 5369 1865 5422 θαυ¹

2068 5363 2126 5418 1η
2179 5363 2284 5417 hoc
2326 5358 2562 5416 cont-ilio
2615 5356 2802 5411 aderat
2851 5362 2904 5407 et
2958 5358 3179 5407 sanctus
3227 5347 3570 5416 Paphnutius

308 5480 512 5547 μάσιος,
536 5439 843 5540 λίγύπτιος
878 5472 976 5541 μὲν
1005 5439 1065 5523 τό
1094 5439 1273 5539 γένος,
1306 5439 1645 5538 δμολογητὴς
1678 5460 1734 5514 δὲ
1759 5459 1865 5512 τοὺς

1995 5454 2372 5519 admirandus,
2406 5451 2626 5506 natione
2650 5447 2976 5519 Egyptius;
3021 5439 3414 5499 certaminibus
3439 5451 3570 5491 vero

1554 5616 1794 5673 VARI/EI
1858 5610 2265 5668 LECTIONES.

370 5752 413 5785 ιι
445 5746 885 5815 meum“:
918 5745 980 5815 Α.
1163 5733 1647 5815 eaeaeae
1678 5730 1831 5815 ἀξιλρς
1860 5745 1949 5815 ςς.
1978 5721 2418 5815 ,ῖτξατξὲιερεὲ-
2498 5721 2545 5815 1‘.
2581 5712 3324 5815 Ἰῗῖἱαέίξυῖἔῗὶέἰτ.⁰ἓζεωῖςο
3399 5710 3561 5780 ³’τε·

370 5765 413 5785 π.
445 5765 885 5820 εποφυαλμησαε
918 5765 980 5796 A.
1087 5765 1128 5773 --
1164 5765 1257 5793 και
1286 5765 1444 5822 ausng
1467 5765 1552 5787 nu
1678 5765 1829 5791 μην,
1866 5770 1917 5791 δ.
2096 5765 2418 5807 vultui.-.
2504 5791 2545 5822 π
2599 5765 2856 5818 "WG"
2901 5765 2966 5769 -ν
3024 5784 3050 5815 γ
3075 5765 3096 5767 ,ν
3169 5765 3175 5767 ν

301 5825 610 5899 γραμμένον
635 5837 698 5884 ς.
774 5817 818 5847 ³³
843 5814 1022 5884 Μάρις
1049 5811 1107 5865 Β.
1184 5811 1227 5841 ³⁸
1253 5804 1600 5874 ’Δλέςανδρός
1618 5818 1676 5854 τε
1706 5804 1734 5851 ὁ
1767 5804 1829 5854 Α.
1908 5798 1950 5827 ³⁸
1975 5796 2067 5848 ἐπί
2093 5799 2137 5847 A
2176 5813 2187 5847 :
2220 5809 2339 5845 επει
2368 5809 2426 5855 ς.
2581 5789 2712 5859 περὶ
2736 5806 2801 5859 η..
2846 5785 3174 5855 ἡγωνίςοντο
3208 5799 3269 5845 ς.
