4036 6318
554 325 649 400 ill

1701 313 1969 377 PHOTII
1998 308 2506 371 PAT‘RlARCH/E
2528 309 2638 369 (ΣΡ.

3718 307 3833 375 112

554 437 841 495 confessor
872 435 983 507 (cui
1027 432 1395 489 Maximianus
1418 430 1623 489 Christi
1671 430 1847 486 hostis
1890 428 2142 484 dextrum

2247 421 2465 486 ἄθλους,
2502 416 2564 476 οὗ
2590 422 2688 477 καὶ
2717 421 3065 492 Μαξιμιανδς
3096 426 3126 478 ὁ
3157 425 3503 497 μισόχριστος
3531 426 3624 482 τόν
3648 443 3709 481 τε
3735 429 3829 482 δε-

554 530 775 588 oculum
788 530 1006 593 eruit,et
1017 528 1257 583 sinistrae
1272 525 1582 581 cubitorum
1602 538 1799 577 nervos
1820 520 2141 589 praacidit,et

553 622 619 678 ad
646 621 864 677 oculum
882 618 1086 674 metalli
1106 616 1323 673 fodinas
1337 614 1831 683 damnavit),homo
1843 612 2139 667 multorum

555 712 1051 783 super-naturalium
1081 726 1309 781 operum
1367 719 1422 763 et
1450 706 1837 762 miraculorum
1871 712 2137 775 patrator:

555 820 717 875 quem
751 804 914 860 etiam
964 804 1245 874 piissimus
1279 802 1575 871 imperator
1606 799 1757 852 omni
1805 798 2017 852 honore
2050 797 2137 851 af-

566 896 716 963 fecit,
755 905 813 951 et
838 895 1137 952 osculando
1161 894 1345 950 etl‘ossi
1380 894 1557 948 locum
1587 891 1730 947 oculi
1762 890 1935 945 dextri
1950 888 2139 944 satiari

560 1006 667 1045 non
702 1000 936 1061 poterat.

623 1082 766 1149 Quin
795 1083 959 1137 etiam
1003 1080 1332 1136 venerabilis
1367 1078 1637 1150 Spyridon
1674 1078 1886 1143 aderat,
1926 1076 1994 1131 de
2028 1091 2141 1144 quo

552 1175 854 1231 emillibus
886 1189 1054 1229 unum
1127 1172 1331 1243 aliquid
1385 1172 1757 1227 narrabimus.
1820 1169 1976 1226 Pavit
2035 1170 2140 1225 ali-

562 1271 787 1342 quando
815 1287 945 1327 oves
973 1285 1122 1334 suas,
1159 1269 1375 1325 tametsi
1426 1267 1668 1339 episcopi
1700 1267 1965 1338 dignitate
1994 1281 2136 1336 prae-

554 1367 702 1421 ditus
729 1374 893 1420 esset.
921 1363 1185 1418 Latrones
1227 1371 1409 1423 autem
1449 1361 1773 1417 invaserunt
1805 1360 1988 1416 ovium
2020 1374 2142 1427 gre-

557 1466 762 1528 gem,et
787 1455 1267 1526 inaspectabilibus
1308 1464 1473 1524 atque
1519 1452 1711 1508 invisis
1737 1451 1973 1507 vinculis
2004 1451 2140 1522 liga-

555 1550 777 1612 bantur,
825 1556 881 1602 et
932 1546 1208 1617 accipiens
1262 1545 1482 1618 ligatos,
1540 1560 1681 1615 quos
1731 1543 1823 1599 ille
1882 1543 2139 1614 precibus

554 1640 785 1710 ligarat,
842 1638 961 1709 pari
1014 1636 1284 1707 sapientia
1338 1636 1501 1692 solvit
1553 1636 1790 1692 vinculis
1832 1653 1847 1691 :
1909 1635 2134 1691 arietem

556 1732 778 1801 insuper
800 1730 951 1786 dedit
980 1730 1034 1784 in
1084 1728 1392 1785 mercedem
1444 1736 1730 1784 nocturna:
1774 1743 2033 1783 aerumnae
2073 1742 2139 1784 ac

555 1827 855 1881 cruciatus.
885 1822 1161 1894 Virginem
1205 1830 1388 1876 autem
1420 1820 1586 1876 filiam
1646 1819 1837 1875 habuit
1864 1819 2037 1885 domi,
2084 1827 2141 1876 et

557 1919 673 1989 ipsa
723 1932 751 1970 a
782 1915 1022 1986 quodam
1086 1914 1205 1969 auri
1263 1912 1569 1984 depositum
1629 1928 1754 1967 cum
1793 1913 2140 1982 accepisset,

557 2019 774 2064 mortua
801 2018 905 2063 est.
966 2007 1071 2075 Qui
1104 2007 1435 2077 deposuerat
1478 2006 1728 2076 (peregre
1762 2004 1961 2060 etenim
2011 2019 2143 2074 pro-

560 2100 737 2155 fectus
769 2098 969 2166 fuerat)
1024 2113 1277 2155 reversus
1300 2113 1497 2154 aurum
1525 2096 1745 2167 repetiit
1776 2105 1831 2151 et
1868 2096 2140 2166 quaesivit.

560 2190 821 2256 Quaesivit
840 2189 1003 2246 etiam
1026 2188 1175 2244 domi
1197 2189 1548 2262 Spyridon,et
1574 2204 1681 2244 non
1701 2187 1899 2260 4711)
1920 2188 2144 2244 invene-

559 2292 704 2338 runt.
740 2283 921 2350 Quare
942 2284 1176 2338 accessit
1200 2282 1266 2337 ad
1317 2282 1630 2352 sepulcrum
1657 2281 1887 2352 virginis
1914 2280 2059 2345 filiae,
2090 2289 2145 2337 et

558 2375 661 2430 ait:
687 2373 994 2430 Filialrenc
1014 2374 1114 2445 (ita
1141 2373 1288 2429 enim
1314 2374 1655 2439 vocabatur),
1678 2372 1770 2426 ubi
1797 2370 2146 2441 depositum?

558 2466 653 2522 Illa
694 2466 982 2537 respondit
1037 2481 1071 2521 e
1118 2465 1394 2535 sepulcro,
1439 2472 1494 2518 et
1550 2463 1733 2518 locum
1786 2462 2141 2533 signiﬁcavit,

558 2571 612 2615 et
657 2559 969 2615 inveniendi
1016 2558 1259 2625 modum,
1314 2566 1370 2612 et
1420 2556 1583 2613 facile
1624 2556 1911 2612 inveniens
1969 2556 2143 2627 depo-

558 2653 725 2708 situm
756 2652 1008 2708 reddidit.
1035 2649 1142 2707 Sed
1174 2650 1263 2706 his
1294 2657 1554 2719 tanquam
1580 2663 1647 2705 ex
1688 2663 1873 2719 ungue
1928 2649 2142 2706 leonem

558 2742 923 2799 ostendimus.

633 2920 700 2976 lli
728 2922 893 2993 igitur
923 2927 1290 2975 trecentorum
1316 2927 1370 2973 et
1394 2917 1488 2987 qui
1510 2925 1810 2973 excurrunt
1843 2925 2147 2972 conventus

560 3010 929 3073 condemnant
986 3008 1287 3080 impietatis
1356 3008 1550 3061 Arium
1596 3006 1827 3076 ejusque
1879 3004 2144 3071 asseclas,

2245 516 2359 579 ξιὸν
2389 515 2660 587 ἐξώρυξεν
2695 516 2974 588 ὀφθαλμὸν
3012 519 3106 573 καὶ
3135 518 3233 589 τὴν
3260 518 3420 572 λαιὰν
3451 520 3831 592 ἐνευροκόπη-

2244 623 2338 659 σεν
2387 608 2634 677 ἀγκύλην
2684 609 2782 663 καὶ
2831 609 3173 680 μεταλλείαις
3236 610 3631 683 ἐκακούχησεν,
3682 612 3833 683 ἀνὴρ

2242 702 2545 773 ὑπερφυῶν
2570 703 2749 775 έργων
2777 705 2991 760 πολλῶν
3020 705 3115 760 καὶ
3140 706 3425 778 δυνάμεων
3451 708 3787 779 δημιουργός
3808 724 3826 741 ο

2240 786 2300 840 ὃν
2332 790 2425 841 καὶ
2448 790 2477 843 ὁ
2501 789 2895 857 φιλοθεώτατος
2925 794 3177 864 βασιλεὺς
3202 795 3290 848 διὰ
3318 796 3495 866 πάσης
3526 814 3585 849 τε
3612 793 3715 868 ἦγε
3739 815 3831 853 τι-

2246 878 2378 948 μῆς,
2409 879 2505 933 καὶ
2534 883 2695 950 κόρον
2720 882 2821 937 οὐκ
2852 884 3127 954 ἐλάμϐανε
3157 885 3472 955 καταφιλῶν
3508 887 3601 940 τὸν
3625 888 3830 960 διωρυ-

2240 970 2444 1041 γμένον
2468 973 2635 1026 αὐτοῦ
2667 975 2967 1046 ὀφθαλμόν.

2326 1064 2486 1120 Ἀλλά
2531 1067 2627 1120 καὶ
2668 1069 2955 1141 Σπυρίδων
2996 1071 3027 1126 ὁ
3063 1073 3362 1144 σεϐάσμιος
3386 1075 3656 1148 παρῆνξπ
3694 1074 3833 1148 περὶ

2239 1151 2301 1213 οὗ
2338 1158 2547 1230 βραχέα
2570 1161 2692 1215 τινὰ
2719 1163 2784 1215 ἐκ
2814 1163 3024 1235 μυρίων
3054 1168 3083 1219 ό
3105 1166 3264 1236 λόγος
3297 1169 3433 1241 ἐρεῖ.
3473 1169 3833 1239 Ἐποίμαινεν

2240 1252 2406 1318 αὐτός
2444 1271 2576 1308 ποτε
2612 1255 2683 1309 τὰ
2722 1257 2972 1326 πρόϐατα
2999 1259 3193 1325 αὐτοῦ,
3230 1261 3326 1315 καὶ
3364 1263 3424 1315 ἐν
3455 1262 3535 1333 τῷ
3565 1265 3666 1334 τῆς
3702 1265 3830 1317 ἐπι-

2242 1344 2451 1413 σκοπῆς
2477 1347 2648 1400 τελῶν
2677 1346 2950 1419 ἀξιώματι
2970 1366 2985 1382 ο
3004 1349 3169 1422 [1412
3191 1352 3284 1425 R.)
3298 1353 3493 1425 λῃσταὶ
3518 1355 3563 1408 δ’
3582 1355 3829 1428 ἐπῄεσαν

2239 1439 2306 1508 τῇ
2341 1436 2569 1511 ποίμνῃ,
2616 1439 2711 1492 καὶ
2742 1439 2962 1511 δεσμοῖς
3002 1443 3258 1513 ἀοράτοις
3304 1447 3666 1520 ἐπεπέδηντο.
3713 1450 3830 1503 Καὶ

2239 1527 2569 1582 καταλαϐὼν
2603 1529 2921 1601 δεδεμένους
2952 1532 3051 1598 οὒς
3094 1536 3257 1601 αὐτὸς
3303 1538 3491 1608 εὐχαῖς
3530 1540 3826 1612 ἐδέσμησε,

2238 1615 2357 1672 λύει
2395 1619 2494 1690 μὲν
2514 1619 2626 1675 τῶν
2657 1620 2873 1693 δεσμῶν
2904 1623 3068 1695 σοφίᾳ
3095 1628 3159 1697 τῇ
3191 1627 3304 1698 ἴση,
3329 1628 3605 1683 ἐπιδίδωσι
3637 1629 3694 1683 δὲ
3728 1630 3831 1685 καὶ

2242 1710 2417 1781 κριὸν,
2450 1711 2642 1782 μισθὸν
2664 1714 2847 1778 αὐτοῖς
2867 1715 3128 1785 ἐσόμενον
3163 1717 3337 1772 εἰπὼν
3363 1719 3466 1790 τῆς
3499 1721 3830 1792 νυκτερινῆς

2242 1803 2640 1876 ταλαιπωρίας.
2691 1807 2969 1879 Παρθένον
2999 1810 3057 1863 δὲ
3088 1810 3369 1883 θυγατέρα
3400 1812 3649 1866 σύνοικον
3685 1810 3825 1885 εἶχε,

2243 1898 2339 1950 καὶ
2389 1896 2532 1969 αὐτη
2568 1899 2714 1964 τινὸς
2759 1901 3091 1973 παραθήκην
3129 1902 3175 1936 ³⁸
3235 1903 3476 1959 λαϐοῦσα
3520 1905 3827 1977 μετήλλαξε

2242 1989 2335 2043 τὸν
2386 1988 2535 2060 βίον·
2582 1991 2680 2045 καὶ
2724 1994 2753 2047 ό
2782 1994 3170 2066 παραθέμενος
3206 1996 3268 2050 τὸ
3305 1997 3531 2068 χρυσίον
3574 1998 3830 2068 (ἔσταλτο

2242 2084 2354 2156 γὰρ
2398 2085 2481 2148 είς
2527 2086 2863 2158 ἀποδημίαν)
2912 2089 3223 2144 ἐπανελθὼν
3262 2092 3445 2163 ἐζήτει
3477 2090 3539 2145 τὸ
3574 2094 3826 2163 χρυσίον.

2243 2175 2621 2248 Συνεξηρεύνα
2637 2173 2734 2232 οὖν
2756 2179 2849 2233 καὶ
2874 2182 2903 2234 ὁ
2931 2181 3233 2253 Σπυρίδων,
3269 2184 3366 2236 καὶ
3388 2183 3490 2255 οὐχ
3512 2183 3827 2253 εὑρίσκετο.

2243 2269 2335 2322 Διὸ
2360 2270 2649 2339 ἐφίσταται
2676 2271 2758 2344 τῷ
2778 2274 2877 2344 τῆς
2898 2273 3169 2347 θυγατρὸς
3197 2277 3355 2349 τάφῳ
3380 2277 3501 2347 καὶ,
3523 2272 3592 2332 Ὦ
3610 2278 3836 2332 τέκνον

2245 2361 2494 2431 Εἰρήνη,
2513 2365 2646 2437 φησὶ
2672 2366 2853 2431 (τοῦτο
2877 2367 2986 2439 γὰρ
3017 2368 3189 2441 ὄνομα
3218 2373 3284 2442 τῇ
3317 2370 3617 2443 παρθένῳ),
3647 2371 3766 2427 ποῦ
3786 2373 3831 2441 ἡ

2245 2455 2603 2525 παραθήκη;
2632 2459 2665 2528 ἡ
2689 2457 2746 2510 δὲ
2771 2460 3129 2531 ἀποκρίνεται
3162 2459 3260 2514 τοῦ
3289 2463 3488 2531 τάφου,
3512 2464 3608 2517 καὶ
3634 2462 3696 2515 τὸ
3723 2481 3834 2533 χω-

2250 2546 2366 2617 ρίον
2391 2548 2827 2604 ἀναδιδάσκουσα
2872 2552 2969 2604 καὶ
3006 2553 3107 2623 τῆς
3152 2552 3429 2624 εὑρέσεως
3464 2554 3557 2608 τὸν
3594 2556 3831 2626 τρόπον’

2245 2638 2343 2693 καὶ
2390 2640 2637 2712 ἀνευρὼν
2679 2643 2879 2714 ῥᾳδίως
2914 2643 3016 2716 τὴν
3052 2645 3386 2717 παραθήκην
3422 2647 3830 2718 ἀποκαθίστησι

2245 2733 2324 2804 τῷ
2359 2733 2747 2805 παραθεμένῳ.
2794 2735 2955 2790 Ἀλλὰ
3002 2736 3215 2802 τούτοις
3271 2738 3374 2808 μὲν
3406 2738 3484 2803 ὡς
3519 2738 3585 2813 ¹ἐξ
3618 2739 3831 2811 ὀνύχων

2245 2824 2514 2896 δηλοῦμεν
2548 2826 2642 2879 τὸν
2670 2827 2882 2881 λέοντα.

2319 2913 2479 2971 Οὗτοι
2509 2917 2602 2971 οὗν
2631 2919 2683 2971 οί
2713 2920 3018 2991 τριακόσιοι
3037 2920 3131 2974 καὶ
3156 2921 3218 2975 τὸ
3255 2921 3385 2976 ἄλλο
3416 2922 3526 2977 τῶν
3558 2922 3656 2978 τοῦ
3689 2922 3831 2978 Θεοῦ

2246 3012 2545 3083 ἀρχιερέων
2575 3013 2861 3083 σύνταγμα
2887 3015 3347 3080 καταδικάζουσιν
3375 3017 3515 3088 αὐτῇ
3538 3016 3833 3090 δυσσεϐείᾳ

560 3114 614 3161 et
645 3102 842 3158 Filium
879 3100 1027 3156 Patri
1065 3099 1373 3171 όμοούσιον,
1428 3099 1951 3155 consubstantialem
1984 3114 2139 3155 asse-

2246 3106 2337 3159 τόν
2364 3122 2425 3158 τε
2469 3108 2691 3178 Ἀρειον
2717 3109 2810 3161 καὶ
2840 3109 2967 3173 τοὺς
3001 3108 3098 3163 σὺν
3120 3109 3289 3180 αὐτῷ,
3316 3111 3409 3164 καὶ
3434 3110 3719 3182 δμοούσιον
3746 3112 3831 3185 τῷ

560 3202 836 3259 ruerunt,
913 3194 1227 3248 unanimem
1296 3191 1718 3263 pronuntiantes
1795 3193 2143 3249 sententiam.

561 3286 958 3358 Septemdecim
993 3296 1220 3340 numero
1258 3284 1374 3339 Arii
1406 3284 1694 3340 sententiae
1732 3285 1998 3341 accedere
2042 3283 2147 3339 visi

564 3388 712 3444 sunt,
757 3379 855 3433 sed
907 3376 1052 3432 facto
1100 3375 1279 3431 exsilii
1331 3375 1605 3445 imperiali
1655 3376 1880 3432 decreto
1944 3391 2040 3432 sex
2090 3376 2147 3431 in

558 3473 838 3543 impietate
895 3477 1111 3525 tantum
1172 3468 1545 3539 perdurarunt
1573 3486 1586 3523 :
1617 3468 1740 3524 aliis
1788 3482 2047 3523 revocare
2086 3483 2148 3524 se

496 3620 499 3625 ,
564 3577 809 3618 errorem
848 3560 1252 3625 simulantibus,
1295 3566 1352 3614 et
1398 3575 1546 3614 sanae
1585 3560 1868 3626 doctrinae,
1929 3557 2146 3615 tametsi

561 3670 671 3709 non
722 3653 958 3718 sincere,
986 3652 1082 3707 sed
1114 3652 1243 3707 ﬁcte
1267 3667 1332 3708 ac
1359 3651 1601 3720 subdole,
1633 3651 2102 3707 consentientibus
2128 3669 2143 3706 :

559 3761 796 3817 quorum
824 3746 1078 3816 princeps
1119 3744 1407 3800 Eusebius.
1450 3743 1590 3800 Hinc
1645 3759 1839 3799 omnes
1891 3744 2148 3801 Ecclesiae

563 3851 596 3892 a
621 3836 809 3892 multis
835 3836 1163 3890 tumultibus
1190 3844 1244 3889 et
1278 3834 1611 3891 factionibus
1638 3834 1882 3890 liberata:
1908 3836 2147 3905 respira—

560 3936 710 3995 runt,
738 3935 794 3984 et
827 3925 1026 3983 Hosius
1074 3926 1294 3997 quidem
1345 3925 1616 3982 Cordubae
1668 3927 1960 3997 episcopus
2017 3942 2145 3981 cum

561 4020 756 4085 sociis,
801 4035 926 4090 quae
960 4019 1015 4075 in
1062 4019 1298 4075 concilio
1332 4029 1481 4088 gesta
1511 4027 1665 4074 erant
1727 4017 1935 4085 ferens,
1985 4016 2147 4074 Occi-

570 4114 884 4169 dentalibus
936 4129 1125 4183 pacem
1174 4128 1241 4168 ac
1280 4112 1516 4183 quietem
1560 4111 1782 4178 attulit;
1814 4111 2148 4166 Athanasius

562 4205 680 4261 zelo
715 4207 912 4261 ardens
960 4204 1234 4277 IEgyptiis
1284 4213 1340 4260 et
1390 4204 1580 4260 Afris:
1626 4205 1938 4259 Alexander
1988 4220 2142 4269 vero,

566 4314 886 4369 quanquam
916 4314 1079 4354 senex
1125 4297 1597 4369 (septuagenarius
1625 4297 1771 4351 enim
1798 4298 1938 4366 erat)
1971 4297 2146 4351 Thra-

562 4391 722 4445 cibus
786 4391 953 4446 simul
1015 4400 1071 4445 et
1126 4389 1353 4462 Illyricis
1421 4388 1828 4445 communionis
1885 4389 2145 4458 pacisque

2247 3198 2424 3269 Πατρὶ
2462 3198 2555 3252 τὸν
2592 3199 2719 3252 Υἱὸν
2747 3200 3114 3273 ἀνεκήρυξαν,
3144 3202 3465 3272 ὁμοφώνους
3487 3204 3588 3267 τὰς
3612 3205 3836 3276 ψήφους

2248 3290 2484 3361 θέμενοι.
2517 3292 2673 3355 Τινὲς
2700 3292 2767 3355 δ’,
2795 3295 2875 3357 εἰς
2903 3294 3277 3349 ἑπτακαίδεκα
3301 3296 3395 3349 τὸν
3423 3296 3658 3369 ἀριθμὸν
3691 3317 3834 3370 συμ-

2254 3383 2646 3454 πληρούμενοι,
2698 3387 2778 3448 είς
2827 3387 2927 3457 τὴν
2984 3385 3195 3458 ’Δρείου
3258 3386 3464 3443 λύσσαν
3516 3389 3834 3444 ἀποκλίνειν

2248 3475 2453 3541 ἔδοξαν.
2502 3476 2662 3530 Ἀλλά
2686 3475 2892 3530 τούτων
2918 3478 3218 3549 ὑπερορίας
3251 3478 3502 3550 βασιλικῇ
3530 3478 3698 3550 ψήφῳ
3726 3496 3831 3533 κυι-

2250 3570 2515 3640 ρωθείσης
2546 3569 2604 3637 ἓξ
2636 3570 2788 3636 μόνοι
2827 3573 2895 3641 τῇ
2930 3571 3223 3642 δυσσεϐεἰᾳ
3265 3572 3565 3643 διέμειναν,
3593 3572 3701 3624 τῶν
3731 3572 3835 3626 ἄλ-

2246 3661 2354 3715 λων
2388 3662 2717 3733 παλινῳδίαν
2756 3661 3152 3733 ἐνδειξαμένων
3179 3664 3275 3717 καὶ
3312 3662 3391 3733 τῷ
3413 3663 3517 3733 τῆς
3548 3664 3837 3728 εὐσεϐείας

2247 3755 2576 3825 φρονήματι,
2632 3756 2679 3808 εί
2734 3756 2828 3809 καὶ
2874 3756 2949 3827 μὴ
2996 3754 3057 3819 ἐξ
3098 3755 3470 3827 εἱλικρινείας,
3498 3756 3614 3810 ἀλλ’
3640 3757 3835 3828 ὐφάλῳ

2246 3845 2441 3918 γνώμῃ
2476 3846 3017 3916 συνδεδραμηκότων,
3060 3838 3136 3900 ὧν
3176 3842 3245 3918 ἦν
3279 3850 3575 3916 κορυφαῖος
3605 3847 3633 3899 ὁ
3662 3847 3838 3901 Νικο-

2250 3936 2478 4007 μηδείας
2502 3936 2784 3999 Εὐσέϐιος.
2834 3935 3118 3990 Ἐντεῦθεν
3152 3938 3206 3989 αί
3245 3936 3563 4006 ἁπανταχοῦ
3597 3937 3834 4008 Ἐκκλη-

2248 4028 2359 4081 σίαι
2386 4027 2497 4082 τῶν
2523 4028 2736 4083 πολλῶν
2769 4027 3017 4096 θορύϐων
3046 4028 3139 4081 καὶ
3163 4028 3407 4082 στάσεων
3440 4030 3577 4099 πρὸς
3606 4030 3835 4100 εἰρήνην

2245 4118 2603 4173 ἀνέπνευσαν.
2637 4119 2748 4172 Καὶ
2778 4119 2966 4182 ’Ὁσιος
2996 4117 3095 4188 μὲν
3124 4118 3153 4170 ὁ
3179 4118 3554 4190 Κουδρούϐης,
3575 4120 3691 4189 ἅμα
3718 4119 3833 4173 τῶν

2245 4210 2296 4262 οἱ
2321 4211 2723 4281 συνεπομένων,
2766 4210 2866 4273 τὰς
2901 4211 3188 4274 συνοδικάς
3230 4210 3417 4281 φέρων
3456 4210 3684 4282 πράξεις
3716 4213 3833 4276 τοῖς

2248 4300 2525 4371 ἑσπερίοις
2560 4300 2660 4372 τὴν
2700 4301 2923 4372 εἰρήνην
2952 4300 3244 4369 ἐϐράϐευε,
3275 4305 3388 4365 τοῖς
3417 4302 3472 4356 δὲ
3513 4303 3637 4357 κατ’
3663 4303 3834 4372 Λίγυ-

2247 4410 2383 4446 πτον
2415 4393 2510 4448 καὶ
2536 4392 2743 4463 Διϐύην
2788 4395 2817 4446 ὁ
2846 4392 3052 4464 θερμὸς
3090 4392 3432 4458 Ἀθανάσιος.
3482 4395 3835 4468 Ἀλέξανδρος

564 4482 933 4537 Ecclesiarum
970 4483 1243 4549 nuntium,
1280 4489 1339 4536 ut
1388 4482 1766 4552 praescriptum
1793 4488 1936 4546 erat,
1997 4480 2141 4544 tulit,

2250 4487 2306 4542 δὲ
2331 4486 2462 4559 [768
2482 4485 2602 4560 Η.],
2625 4486 2807 4541 καίτοι
2837 4486 2977 4557 πρὸς
3002 4486 3072 4556 γῆ
3083 4503 3178 4558 ρας
3204 4486 3445 4541 ἐλαύνων
3474 4488 3832 4560 (ἑϐδομηκον-

560 4575 774 4631 socium
814 4575 1027 4632 itineris
1068 4575 1276 4629 habens
1316 4574 1694 4630 beatissimum
1716 4572 1969 4637 Paulum,
2013 4581 2145 4630 tunc

562 4669 780 4725 lectoris
803 4677 859 4724 et
896 4668 1286 4738 subscriptoris
1305 4667 1926 4740 Constantinopolitauat
1954 4669 2144 4728 Eccle-

561 4760 657 4814 size
690 4758 1002 4830 fungentem
1051 4760 1273 4817 oﬂicio:
1319 4760 1413 4831 qui
1450 4770 1698 4830 tempore
1737 4761 1953 4816 concilii
2003 4761 2145 4817 duo-

564 4851 838 4904 decimum
899 4851 1077 4907 aetatis
1130 4866 1336 4906 annum
1391 4866 1592 4923 agens,
1647 4868 1772 4909 cum
1831 4854 2144 4910 Alexandro

559 4941 718 4996 vixit.
746 4941 852 4997 Sed
882 4941 951 4996 de
975 4942 1061 4997 his
1085 4944 1248 5011 paulo
1280 4953 1425 5012 post.
1455 4942 1702 5000 Primum
1735 4946 1886 5001 venit
1912 4945 1967 5001 in
2004 4961 2141 5001 con-

561 5039 809 5101 spectum
860 5031 1194 5087 sanctissimi
1237 5031 1628 5104 Metmphanis,
1659 5043 1713 5090 et
1763 5035 1886 5090 laeto
1929 5037 2140 5099 nuntio,

560 5120 961 5190 praesentiaque
1032 5136 1307 5187 recreans,
1367 5123 1461 5178 sed
1532 5138 1643 5178 non
1694 5139 1948 5181 recreans
1995 5127 2143 5195 quod

560 5206 909 5266 discessurus
981 5222 1151 5277 esset,
1216 5230 1339 5268 cum
1389 5212 1564 5269 fausta
1628 5215 2013 5285 apprecatione
2076 5217 2144 5272 ad

562 5301 920 5357 commissum
996 5303 1075 5358 illi
1143 5304 1377 5360 oﬂicium
1450 5305 1762 5373 dimittitur,
1847 5305 2143 5364 Venientes

564 5402 746 5447 autem
786 5397 836 5447 in
870 5396 1163 5452 Thraciam
1192 5408 1247 5452 et
1275 5397 1667 5467 Macedoniam,
1697 5409 1752 5455 et
1779 5399 2141 5465 Thessaliam,

563 5484 827 5540 Achaiam
853 5496 1047 5557 totam,
1069 5488 1312 5556 Hellada,
1351 5492 1803 5565 continentesque
1834 5502 2010 5549 terras
2029 5534 2044 5559 ,
2075 5509 2145 5550 ne

2249 4581 2450 4652 τούτης
2485 4580 2589 4651 γὰρ
2621 4576 2737 4652 ἦν),
2769 4582 2882 4644 τοῖς
2912 4579 3053 4633 κατά
3083 4578 3185 4650 τὴν
3209 4579 3433 4652 Θρᾴκην
3457 4581 3608 4651 ὅμως
3648 4580 3744 4635 καὶ
3769 4581 3835 4635 τὸ

2262 4670 2558 4743 Ἰλλυρικὸν
2585 4671 2646 4724 τὸ
2676 4674 2777 4742 τῆς
2804 4671 3061 4743 ὁμονοίας
3087 4672 3182 4727 καὶ
3207 4672 3575 4744 εἰρήνης-τῶν
3603 4674 3836 4745 Ἐκκλη-

2250 4761 2382 4814 σιῶν
2420 4761 2617 4824 πόνους
2644 4760 2911 4829 ὑφίστατο
2940 4761 3279 4832 διακομίζειν
3306 4762 3661 4832 Εὐαγγέλιον,
3700 4779 3833 4816 συν-

2249 4850 2488 4923 έκδημον
2537 4851 2679 4923 ἔχων
2721 4852 2815 4905 τὸν
2864 4851 3150 4906 πανόλϐιον
3198 4852 3430 4918 Παῦλον,
3467 4854 3835 4921 ἀναγνωστιῖω

2248 4941 2552 5013 τηνικαῦτα
2581 4943 2678 4996 καὶ
2707 4942 3073 5013 ὑπογραφέων
3103 4943 3205 5014 τῆς
3232 4944 3374 4998 κατά
3396 4945 3837 4999 Κωνσταντινού-

2252 5035 2408 5088 πολιν
2451 5033 2777 5105 Ἐκκλησίας
2809 5035 3125 5106 πληροῦντα
3169 5035 3410 5107 βαθμόν·
3443 5037 3502 5101 ὃς
3550 5037 3644 5091 καὶ
3687 5039 3835 5093 κατά

2247 5127 2350 5195 τὴν
2390 5127 2605 5179 σύνοδον
2644 5126 2942 5180 δωδέκατον
2995 5128 3115 5192 ἔτος
3157 5132 3221 5182 ἐκ
3260 5130 3529 5199 γενέσεως
3567 5131 3717 5200 ἄγων
3749 5132 3834 5204 τῷ

2263 5220 2599 5292 Ἀλεξάνδρῳ
2626 5220 3015 5288 συνδιέτριϐεν,
3058 5221 3222 5276 ’Δλλά
3263 5221 3434 5277 ταῦτα
3467 5225 3587 5296 μετ’
3617 5224 3829 5293 ὀλίγον·

2251 5312 2519 5384 πρότερον
2539 5313 2595 5366 δὲ
2616 5315 2694 5378 είς
2715 5312 2840 5368 θέαν
2867 5307 2972 5385 ἦκε
3001 5314 3096 5369 τοῦ
3127 5316 3387 5369 πανοσίου
3408 5318 3832 5388 Μητροφάνους,

2254 5404 2352 5457 καλ⁸
2380 5405 2489 5466 τοίς
2511 5404 2610 5472 μὲν
2636 5404 2974 5474 εὐαγγελίοις
2998 5407 3096 5458 καὶ
3129 5408 3196 5476 τῇ
3217 5407 3493 5480 παρουσίᾳ
3525 5409 3832 5480 εὐφράνας.

2253 5498 2355 5550 οὐκ
2408 5499 2685 5569 εὐφράνας
2715 5498 2760 5550 δ’
2788 5492 2872 5562 οἷς
2911 5497 3214 5570 ἀποδημεῖν
3252 5498 3467 5570 ἔμελλε,
3508 5502 3626 5572 μετ’
3655 5502 3837 5571 εὐχῶν

1810 5630 2040 5687 νΑΚΙᾸΞ
2101 5630 2399 5689 LECTION
2409 5632 2511 5689 ES.

639 5765 681 5797 ³⁷
713 5766 878 5837 συνῆν
897 5772 963 5821 Δ.
1036 5768 1080 5801 ³⁸
1106 5768 1577 5840 παρακαταθήκην
1616 5787 1677 5834 ς.
