4152 6422
274 424 382 489 113

1383 439 1911 509 BIBLIOTHECA.
1942 475 2013 485 -
2042 453 2209 516 COD.
2243 455 2476 516 CCLVI.

3476 454 3581 521 ιιι

272 538 419 607 1:93;
483 537 588 608 τὴν
644 544 1235 617 καταπεπιστευμένην
1273 547 1317 581 ³⁸
1375 549 1526 621 αὐτῷ
1585 551 1867 608 διακονίαν

1992 560 2181 615 nsulas
2212 562 2433 630 quidem
2464 560 2839 630 neglexerunt,
2870 561 2966 618 sed
3003 562 3312 633 navigando
3354 579 3575 620 omnem

271 629 588 684 ἐστέλλετο.
618 630 933 696 Διελθόντες
961 635 1017 689 δὲ
1043 636 1265 710 Θρᾴκην
1303 657 1364 694 τε
1406 644 1501 695 καὶ
1525 644 1870 701 Μακεδονίαν

273 722 370 774 καὶ
408 721 718 779 Θεσσαλίαν
750 726 847 778 καὶ
892 728 1111 799 Ἀχαΐαν
1151 734 1334 787 πᾶσαν
1374 734 1471 788 καὶ
1506 736 1739 791 Ἐλλάδα
1772 740 1871 793 καὶ

273 814 371 875 τὰς
391 814 685 884 ἠπείρους,
716 818 838 871 οὐδὲ
864 820 970 874 τῶν
999 823 1177 892 νήσων
1198 824 1583 899 ὠλιγώρησαν,
1614 830 1731 883 ἀλλ’
1754 834 1876 886 ἐπι-

1978 650 2250 706 zizaniam
2309 652 2573 708 radicitus
2595 653 2917 719 evellentcs,
2952 654 3155 710 bonum
3188 671 3374 711 semen
3412 672 3581 712 evan-

1978 742 2165 812 gelica:
2205 744 2473 800 doctrinae
2515 752 2569 801 et
2604 746 2948 816 synodalium
3010 747 3357 803 decretorum
3401 748 3579 805 disse-

1982 837 2289 892 minarunt.

275 904 618 1002 πλεύσαντες
650 909 800 962 ἅπαν
829 911 1081 967 ἀνέσπων
1104 916 1169 969 ὲκ
1196 917 1363 984 ῥιζῶν
1391 919 1573 975 αὐτῶν
1598 919 1867 989 ζιζάνιον,
1907 924 1999 979 τὸν
2064 927 2262 999 εὐγενῆ
2322 928 2380 982 δὲ
2404 928 2606 1001 σπόρον
2625 927 2734 981 τῶν
2762 928 3136 998 εὐαγγελικῶν
3169 931 3459 1002 δογμάτων
3484 932 3579 986 καὶ

274 998 580 1053 συνοδικῶν
609 1006 987 1075 κηρυγμάτων
1015 1009 1345 1082 διέσπειρον.

350 1093 479 1145 Ὀτι
509 1093 611 1163 τῆς
648 1096 870 1150 συνόδου
903 1098 1058 1165 τέλος
1084 1101 1177 1155 διὰ
1199 1104 1369 1173 τριῶν
1393 1106 1565 1177 ἥμισυ
1597 1108 1876 1181 λαϐούσης

2049 1108 2302 1166 Concilio
2336 1108 2576 1163 triennio
2632 1124 2840 1179 sexque
2872 1111 3160 1167 mensibus
3191 1110 3346 1165 ﬁnito
3366 1115 3581 1182 (cmpe-

273 1187 414 1238 ὲτῶν
439 1188 561 1253 (καὶ
588 1188 697 1258 γὰρ
716 1187 919 1259 ἤρξατο
941 1193 1110 1261 μηνὸς
1125 1194 1432 1267 Ἀπριλλίου
1461 1203 1881 1257 πεντεκαιδεκά-

1986 1212 2066 1258 rat
2095 1201 2242 1256 enim
2300 1215 2485 1255 mense
2531 1199 2701 1269 Aprili
2733 1200 2951 1255 decimo
2995 1201 3188 1270 quinto
3216 1201 3329 1267 die,
3378 1200 3581 1273 472a

271 1294 372 1347 την
402 1277 667 1341 ἀνύοντος
686 1278 1098 1355 δοκὲπερατώθη
1128 1286 1185 1338 δὲ
1208 1287 1309 1356 τῆς
1330 1292 1572 1358 τριετίας
1599 1293 1765 1346 πάλιν
1788 1294 1881 1347 τὸν

273 1368 597 1440 ’Λπρΰιλιον
623 1374 1041 1446 καταλαϐούσης
1062 1378 1154 1430 καί
1176 1378 1338 1448 μέχρι
1367 1381 1745 1454 Σεπτεμϐρίου
1773 1386 1885 1439 δια-

273 1463 631 1534 δραμούσης·
670 1464 815 1519 οὕτω
854 1467 964 1537 γὰρ
1010 1470 1039 1522 ό
1081 1470 1245 1538 σοφὸς
1271 1470 1623 1541 Ἀλέξανδρος
1663 1476 1733 1529 τὰ
1774 1493 1879 1528 πε-

278 1556 583 1625 πραγμένα
614 1557 841 1626 γράφων
881 1558 952 1626 τά
981 1560 1081 1629 τῆς
1119 1560 1164 1591 ⁸⁸
1197 1563 1420 1615 συνόδου
1447 1565 1879 1638 ἐπεσημήνατο),

278 1649 631 1720 τελεσθείσης
663 1645 757 1703 οὖν
783 1651 884 1722 τῆς
910 1652 1073 1720 ἁγίας
1115 1655 1356 1720 συνόδου,
1391 1656 1523 1720 στὰς
1561 1658 1590 1710 ό
1623 1658 1881 1728 βασιλεὺς

1986 1296 2200 1349 linitum
2229 1307 2362 1347 vero
2396 1301 2481 1347 est
2512 1293 2748 1347 triennio
2800 1293 2997 1347 iterum
3030 1294 3085 1347 in
3119 1295 3363 1363 Aprilem
3407 1295 3579 1349 devo-

1983 1382 2121 1445 luto,
2151 1389 2208 1436 et
2242 1395 2418 1450 usque
2478 1378 2857 1449 Septembrem
2881 1393 3249 1447 excurrente;
3302 1382 3387 1437 sic
3429 1382 3577 1437 enim

1987 1475 2181 1529 doctus
2212 1472 2526 1528 Alexander
2539 1480 2660 1527 acta
2690 1472 3010 1528 describens
3030 1473 3225 1545 synodi
3246 1475 3579 1541 aunotavitl,

1987 1569 2165 1631 ﬁnito,
2234 1568 2481 1639 inquam,
2558 1583 2716 1623 sacro
2770 1568 3028 1632 concilio,
3080 1569 3378 1638 imperator
3427 1578 3581 1625 stans

1987 1662 2044 1716 in
2097 1661 2277 1717 medio
2332 1670 2651 1716 sanctorum
2706 1659 2954 1725 Patrum,
3014 1661 3171 1731 petiit
3230 1660 3337 1716 sibi
3411 1677 3580 1717 unam

287 1743 446 1810 μέσο;
482 1740 569 1794 τοῦ
595 1742 757 1813 χοροῦ
782 1743 894 1797 τῶν
914 1746 1216 1816 ἀρχιερέων
1242 1748 1363 1819 ᾔτει
1390 1749 1550 1821 χάριν
1574 1725 1723 1821 αυτῷ
1750 1752 1881 1821 μίαν

1988 1769 2103 1807 rem
2146 1762 2354 1822 gratam
2396 1751 2515 1806 ﬁeri
2544 1768 2558 1805 :
2590 1751 2685 1821 qui
2736 1751 2976 1805 libentes
3025 1760 3445 1806 concesserunt.
3474 1751 3581 1806 Bc-

285 1833 414 1902 παρ’
446 1834 633 1888 αὐτῶν
666 1836 884 1906 δοθῆναι
910 1852 926 1866 ⁶
955 1839 1003 1891 οἱ
1028 1838 1083 1892 δὲ
1114 1839 1414 1910 προθύμοις
1455 1842 1770 1896 κατένευον.
1815 1844 1881 1896 Ἦ

285 1926 338 1979 δὲ
368 1925 536 1995 χάρις
586 1927 950 1981 συνεισελθεῖν
979 1930 1135 2001 αὐτῷ
1167 1932 1225 1984 ὲν
1253 1935 1319 2003 τῇ
1354 1934 1533 1998 πόλει,
1564 1935 1649 2003 ἐφ’
1684 1928 1728 2003 ᾧ
1759 1935 1883 1989 θεά-

289 2015 485 2069 σασθαί
505 2033 565 2069 τε
588 2017 678 2069 τὸν
700 2018 985 2089 ἀρχιερέα,
1013 2019 1071 2073 ὃν
1097 2022 1318 2093 Πατέρα
1348 2025 1376 2077 ὁ
1399 2023 1655 2094 βασιλεὺς
1683 2026 1880 2080 ἑαυτοῦ

292 2107 624 2176 ἁνωμολόγει
652 2108 721 2173 ⁸⁸,
752 2111 847 2163 καὶ
872 2111 1013 2164 ὥστε
1044 2115 1110 2184 τῇ
1135 2114 1311 2178 πόλει,
1346 2113 1516 2187 [1415
1550 2117 1645 2189 R.]
1684 2121 1752 2188 ἢν
1785 2120 1883 2173 αὺ-

296 2200 383 2262 τδς
414 2200 699 2271 ἀνέστησε,
726 2202 817 2257 διὰ
865 2203 968 2274 τῆς
1012 2207 1196 2261 αὐτῶν
1224 2210 1531 2279 παρουσίας
1575 2214 1673 2265 καὶ
1715 2214 1883 2284 εὐχῆς

305 2290 363 2342 τὴ
390 2290 479 2343 τοῦ
515 2293 795 2358 κτίσαντος
827 2295 997 2366 ὄνομα
1021 2299 1461 2371 ὲγκαιδισθῆναι.
1514 2305 1876 2360 Ἐπισκεπτο-

321 2382 487 2449 μένων
513 2385 567 2437 δὲ
591 2387 694 2440 τῶν
727 2389 921 2459 ίερέων
947 2390 994 2422 ⁵³
1026 2391 1120 2444 τὸν
1160 2392 1619 2466 διορατικώτατον
1658 2398 1882 2468 Μητρο-

321 2473 486 2542 φάνην
517 2476 718 2547 ἡμέρας
764 2480 1052 2551 Κυριακῆς
1091 2484 1455 2556 ἐνισταμένης
1484 2488 1579 2541 καὶ
1606 2487 1701 2542 τοῦ
1730 2490 1885 2559 βασι-

311 2562 439 2628 λέως
465 2568 857 2639 συμπαρόντος,
914 2573 1065 2627 ἄλλοι
1111 2577 1174 2629 τέ
1222 2592 1365 2640 τινες
1406 2578 1676 2649 προῆλθον
1710 2580 1879 2650 λόγοι,

304 2657 408 2718 καὶ,
449 2657 589 2725 Ὀρῶ
611 2676 707 2726 σε,
735 2664 921 2732 φησὶν,
966 2665 1252 2721 ὑπολαϐὼν
1278 2669 1303 2720 ὁ
1333 2669 1607 2738 βασιλεὺς,
1630 2671 1677 2724 ὦ
1699 2673 1883 2727 Πατέ-

290 2766 411 2815 ρων
435 2751 566 2819 ἐμοὶ
604 2753 932 2823 τιμιώτατε,
974 2757 1072 2811 καί
1105 2760 1261 2828 γήρᾳ
1297 2762 1394 2815 καί
1424 2765 1590 2831 νόσῳ
1618 2765 1880 2835 κάμνον-

294 2859 381 2909 τα,
414 2844 516 2897 καὶ
548 2844 811 2900 δυσωπῶ
841 2849 1113 2904 ἀνειπεῖν
1141 2870 1206 2906 τε
1249 2853 1348 2907 καὶ
1381 2855 1692 2922 ἀναδεῖξαι
1738 2859 1884 2928 ἡμῖν

292 2938 395 2989 τὸν
406 2937 562 3006 μετὰ
592 2938 671 2991 σὲ
692 2939 799 2992 τοῦ
825 2944 1108 3010 ποιμνίου
1132 2945 1539 3016 ἡγησόμενον.
1578 2949 1636 3003 Ὀ
1667 2949 1724 3002 δὲ
1746 2952 1884 3022 πρὸς

288 3029 623 3099 τὸνβασιλέα
644 3031 969 3102 εὖθυμοῦντι
987 3036 1285 3108 προσώπῳ,
1312 3041 1662 3110 Πέπεισμαι,
1691 3045 1878 3113 φησὶν,

284 3124 353 3175 ἐν
372 3127 574 3191 Κυρίῳ
601 3126 693 3179 ὅτι
717 3126 834 3179 νῦν
863 3127 930 3180 τό
956 3130 1257 3199 πανὰγιον
1284 3132 1529 3200 Πνεῦμα
1561 3134 1661 3189 διὰ
1685 3136 1884 3205 γλώσ-

283 3230 425 3281 σης,
466 3213 514 3266 ὦ
553 3215 789 3280 τέκνον,
836 3214 967 3271 εἷπε
1012 3218 1125 3290 τῆς
1161 3220 1304 3289 σῆς.
1355 3224 1729 3291 Φροντίζοντι
1771 3225 1885 3295 γάρ

276 3324 381 3374 μοι
429 3305 572 3374 περὶ
620 3308 839 3363 τούτου
870 3309 1254 3379 ἐφανέρωσεν
1290 3315 1324 3366 ὀ
1361 3315 1579 3383 Κύριος
1615 3314 1734 3383 πρὸ
1760 3312 1884 3368 τῶν

275 3399 437 3451 ἑπτὰ
464 3399 698 3452 τούτων
732 3400 991 3469 ἡμερῶν,
1025 3403 1125 3458 καί
1153 3403 1245 3458 ὅτι
1276 3406 1428 3475 μετὰ
1456 3405 1715 3476 δεκάτην
1738 3409 1884 3478 ἠμέ-

271 3506 398 3554 ίαν
424 3490 787 3558 μεταλλάξαι
820 3493 927 3545 τὸν
944 3494 1111 3558 βίον,
1134 3497 1232 3550 καί
1268 3496 1337 3562 ὃς
1361 3498 1427 3551 τὸ
1460 3498 1622 3564 ἱερὸν
1652 3500 1886 3567 ἀξίωμα

281 3580 669 3645 ἀναδέξοιτο,
709 3583 807 3636 καὶ
837 3585 1012 3639 ἐστιν
1040 3583 1222 3655 οὗτος
1268 3592 1301 3643 ό
1349 3593 1885 3661 συμπρεσϐύτερός

282 3691 401 3727 νου
446 3673 863 3744 Ἀλέξανδρος,
895 3676 1066 3745 ἄξιος
1095 3679 1176 3747 ὡς
1204 3681 1445 3749 ἀληθῶς
1484 3684 1598 3749 τῆς
1623 3682 1885 3752 ἐκλογῆς

280 3765 586 3834 ὑπάρχων
628 3764 730 3820 καὶ
776 3767 889 3835 τῆς
919 3768 1028 3822 τοῦ
1070 3771 1245 3841 ἁγίου
1277 3772 1667 3841 προρρήσεως
1697 3775 1886 3828 Πνεύ-

276 3874 478 3924 ματος
501 3875 515 3888 ·
540 3858 631 3911 ἐτι
660 3859 729 3912 δέ
763 3860 863 3913 καί
901 3863 1118 3917 τοῦτον
1147 3864 1229 3929 ὡς
1261 3865 1327 3918 τὸ
1358 3864 1602 3919 παιδίον
1641 3866 1885 3933 Παῦλος

277 3952 312 4001 ὀ
346 3948 750 4017 ἀναγνώστης
770 3950 1125 4016 διαδέξεται.
1175 3954 1513 4025 Ἀποϐλέψας
1541 3957 1598 4011 δὲ
1620 3959 1715 4011 καὶ
1745 3959 1884 4029 πρὸς

279 4042 378 4095 τὸν
417 4041 832 4111 Ἀλεξανδρείας
861 4044 1001 4098 θεῖον
1028 4045 1394 4117 Ἀλέξανδρον,
1420 4048 1531 4103 Καὶ
1559 4048 1663 4110 σὺ.
1692 4052 1882 4120 φησὶν,

277 4131 330 4188 ὦ
358 4133 614 4202 ἀδελφέ,
639 4136 833 4188 καλὸν
853 4137 1117 4191 σεαυτοῦ
1155 4136 1442 4208 διάδοχον
1468 4143 1878 4210 καταλείψεις.

282 4225 399 4277 Καὶ
422 4223 526 4292 τῆς
557 4225 739 4294 χειρὸς
769 4226 1095 4280 Ἀθανασίου
1125 4226 1219 4280 τοῦ
1243 4228 1623 4298 ἁρχιδιακόνου
1644 4231 1883 4303 λαϐόμε-

281 4330 400 4379 νος,
422 4312 571 4377 Ἴδε,
594 4318 627 4368 ό
652 4316 946 4383 γενναῖος,
978 4318 1103 4388 ἔφη,
1129 4318 1255 4391 [769
1271 4319 1362 4392 IL]
1380 4324 1746 4391 στρατιώτης
1772 4325 1883 4379 τοῦ

1988 1846 2243 1900 nelicium
2283 1854 2466 1901 autem
2490 1843 2623 1899 illud
2653 1852 2794 1908 erat,
2828 1852 2890 1898 ut
2932 1844 2982 1897 in
3018 1844 3206 1899 urbem
3230 1859 3416 1900 secum
3452 1860 3583 1915 pro-

1988 1934 2412 1997 ﬁciscerentur,
2466 1933 2519 1987 in
2584 1948 2693 2002 qua
2756 1931 3234 2002 archiepiscopum
3291 1932 3578 1998 viderent,

1988 2040 2151 2095 quem
2212 2024 2430 2081 Patrem
2482 2040 2643 2080 suum
2688 2035 2991 2094 imperator
3044 2023 3379 2093 appellabat,
3414 2033 3469 2078 et
3521 2033 3582 2079 ut

1992 2114 2113 2169 urbi
2146 2112 2432 2186 Byzantio,
2468 2130 2634 2184 quam
2664 2114 2780 2183 ipse
2810 2113 3122 2178 fundasset,
3157 2129 3256 2168 sua
3290 2115 3577 2183 praesentia

1986 2215 2041 2261 et
2092 2205 2346 2275 precibus
2402 2205 2707 2260 conditoris
2761 2220 2971 2260 novum
3040 2219 3239 2259 nomen
3303 2205 3575 2260 inderent.

1988 2297 2366 2353 lnvisentibus
2410 2306 2593 2351 autem
2639 2297 2915 2366 episcopis
2963 2297 3334 2352 clarissimum
3377 2297 3580 2352 Metro-

1988 2387 2238 2457 pbanem,
2269 2388 2359 2442 die
2395 2386 2699 2451 Dominica,
2735 2397 2789 2441 et
2824 2386 3124 2456 imperator
3154 2403 3393 2455 praesens
3437 2388 3580 2443 inter

1988 2480 2091 2533 alia
2122 2480 2267 2545 dixit
2300 2498 2314 2533 :
2355 2498 2373 2531 ι
2416 2478 2587 2533 Video
2621 2490 2692 2542 te,
2718 2478 2877 2533 Pater
2910 2480 3151 2533 maxime
3173 2479 3499 2544 venerande,
3527 2488 3583 2534 et.

1988 2580 2267 2626 senectute
2335 2580 2389 2625 et
2441 2571 2636 2625 morbo
2700 2568 3017 2633 defessum,
3068 2578 3124 2624 et
3181 2569 3357 2625 creari
3416 2579 3581 2639 atque

1988 2664 2267 2734 designari
2294 2664 2456 2719 nobis
2489 2673 2613 2733 post
2667 2673 2717 2718 te
2747 2663 2925 2731 gregis
2979 2670 3256 2732 pastorem
3284 2662 3523 2731 postulo.
3553 2680 3574 2716 ι

1988 2755 2085 2810 llle
2111 2755 2177 2810 ad
2198 2756 2584 2824 imperatorem
2606 2755 2775 2809 alacri
2791 2755 2942 2808 vultu
2963 2769 3293 2821 conversus,
3329 2755 3578 2821 «Annuo,

1989 2851 2187 2919 inquit,
2228 2849 2285 2905 in
2342 2849 2595 2915 Domino,
2636 2850 2767 2919 quia
2837 2862 2985 2901 nunc
3034 2847 3272 2917 Spiritus
3333 2859 3578 2914 sanctus,

1988 2959 2023 2997 ο
2045 2942 2142 3006 lili,
2175 2958 2273 3013 per
2302 2943 2542 3011 linguam
2575 2951 2723 2996 tuam
2754 2942 3019 3010 loquitur.
3051 2939 3183 2994 Mihi
3207 2941 3353 2994 enim
3385 2940 3486 2995 hac
3513 2941 3583 2996 de

1994 3037 2328 3100 reisollicito
2389 3036 2648 3091 imlicavit
2698 3035 2967 3089 Dominus
3030 3042 3158 3089 ante
3215 3044 3425 3103 septem
3481 3035 3583 3091 hos

1991 3132 2142 3202 ipsos
2183 3131 2326 3193 dies,
2361 3129 2685 3184 moriturum
2724 3143 2809 3182 me
2841 3128 2983 3182 intra
3022 3126 3211 3182 decem
3246 3127 3388 3192 dies,
3414 3135 3469 3181 et
3492 3128 3580 3180 di-

1985 3225 2242 3295 gnitatem
2274 3236 2487 3278 sacram
2516 3228 2901 3290 suscepturum
2965 3218 3257 3273 sacerdotii
3320 3218 3584 3287 dignitate

1988 3330 2173 3384 parem
2238 3312 2631 3377 Alexandrum,
2663 3319 2719 3365 et
2758 3311 3004 3381 dignum,
3061 3319 3122 3364 ut
3180 3324 3308 3363 vere
3362 3308 3579 3377 loquar,

1984 3406 2254 3462 electione
2290 3413 2345 3459 et
2378 3404 2551 3459 sancti
2585 3402 2824 3472 Spiritus
2878 3400 3319 3456 denuntiatione.
3350 3399 3434 3454 Ad
3466 3400 3582 3454 haec

1986 3514 2118 3553 vero
2154 3500 2299 3552 hunc
2322 3497 2486 3551 veluti
2520 3496 2665 3549 lilius
2703 3494 2906 3548 Paulus
2932 3494 3106 3548 lector
3134 3493 3393 3563 excipiet.
3419 3511 3437 3544 ›
3470 3490 3581 3548 Re-

1986 3590 2226 3662 spiciens
2263 3599 2445 3643 autem
2471 3588 2538 3642 ad
2575 3586 2945 3640 Alexandrum
2975 3585 3321 3641 Alexandria:
3361 3585 3579 3655 episco-

1987 3700 2115 3755 pum
2140 3698 2157 3737 :
2198 3703 2215 3733 ι
2244 3681 2313 3736 Et
2339 3690 2417 3746 tu,
2454 3679 2654 3748 inquit,
2682 3677 2873 3741 frater,
2896 3678 3178 3747 egregium
3200 3692 3581 3732 successorem

1987 3780 2063 3832 tui
2114 3776 2419 3844 relinques.
2452 3791 2473 3825 ι
2515 3772 2581 3825 Ει
2640 3785 2804 3825 manu
2858 3769 3143 3824 Athanasii
3206 3768 3583 3824 archidiaconi

1985 3869 2333 3940 apprehensa
2374 3883 2388 3919 :
2424 3884 2442 3914 ι
2474 3863 2577 3929 En,
2612 3864 2811 3932 inquit,
2840 3872 3101 3917 strenuus
3152 3860 3357 3915 Christi
3397 3860 3580 3925 miles,

1985 3958 2077 4013 hic
2107 3966 2160 4011 te
2196 3963 2481 4024 sequetur,
2516 3952 2609 4021 qui
2651 3966 2760 4005 non
2816 3951 2995 4005 solum
3047 3964 3177 4003 cum
3226 3948 3395 4003 fratre
3456 3965 3581 4005 meo

1984 4048 2294 4104 Alexandro
2332 4056 2521 4101 contra
2553 4045 2668 4097 Arii
2723 4043 2975 4097 haeresim
3020 4041 3343 4107 decertavit,
3392 4040 3487 4095 sed
3528 4050 3584 4096 et

1985 4158 2109 4198 cum
2142 4141 2236 4195 illo
2288 4153 2484 4208 magna
2524 4136 2825 4192 certamina
2867 4145 2922 4190 et
2975 4134 3146 4188 multa
3195 4134 3436 4189 subibit:
3473 4150 3578 4188 non

1984 4234 2164 4290 solum
2198 4240 2381 4287 autem
2412 4230 2649 4285 secunda
2702 4226 2979 4297 excipient
3030 4226 3354 4289 certamina,
3380 4226 3475 4281 sed
3528 4234 3584 4282 et

1985 4328 2201 4383 tertium
2227 4340 2352 4380 cum
2405 4332 2632 4379 strenuo
2660 4320 2831 4376 Paulo
2858 4320 3176 4376 sustinebit.
3212 4339 3231 4371 ι
3268 4318 3395 4377 Hzec
3421 4320 3582 4387 dixit,

281 4405 552 4473 Χριστοῦ
598 4402 777 4473 οὗτός
823 4423 897 4462 σε
938 4409 1294 4477 διαδέξεται,
1337 4411 1405 4478 ὃς
1431 4415 1505 4468 οὺ
1532 4416 1728 4482 μόνον
1760 4417 1879 4471 νῦν

1986 4430 2037 4476 et
2068 4428 2330 4488 tanquam
2362 4416 2502 4469 alios
2558 4412 2750 4482 spiritu
2806 4426 2909 4467 suo
2960 4426 3237 4475 recreans,
3271 4413 3422 4468 venit
3452 4430 3576 4470 cum

297 4496 685 4564 Ἀλεξάνδρῳ
706 4499 858 4552 κατὰ
886 4499 995 4568 τῆς
1022 4501 1386 4569 δυσσεϐείας
1408 4503 1639 4571 Ἀρείου
1662 4504 1743 4573 τῷ
1763 4507 1886 4576 ἐμῷ

283 4592 761 4658 συνηγωνίσατο
789 4591 1053 4661 ἀδελφῷ,
1084 4595 1222 4649 ἀλλ’
1255 4594 1344 4649 ἔτι
1372 4596 1498 4650 σὺν
1519 4597 1683 4663 αὺτῷ
1699 4599 1883 4669 μεγάρ

284 4686 445 4747 λους
483 4682 713 4747 ἄθλους
743 4683 841 4736 καί
879 4686 1153 4753 πολλοὺς
1182 4686 1535 4757 ἀγωνιεῖται.
1579 4692 1663 4743 Οὐ
1686 4691 1885 4758 μόνον

286 4776 358 4829 δὲ
386 4777 651 4846 δεύτεροι
677 4778 864 4834 αὑτὸν
894 4778 1245 4843 ὲκδέξονται
1291 4777 1545 4849 ἀγῶνες,
1580 4781 1744 4838 ἀλλὰ
1780 4784 1884 4840 καί

287 4871 532 4937 τρίτους
578 4872 702 4925 σὺν
748 4870 829 4937 τῷ
875 4875 1129 4943 γενναίῳ
1176 4874 1591 4943 ὑποστήσεται
1637 4878 1878 4944 Παύλῳ.

289 4964 483 5018 Ταῦτα
505 4962 685 5030 εἶπεν,
705 4968 794 5019 καὶ
818 4966 1006 5038 ὥσπερ
1028 4968 1474 5042 ἀναζωπυρήσας
1492 4972 1572 5043 τῷ
1599 4972 1881 5043 Πνεύματι

290 5055 509 5107 κάτεισι
545 5056 647 5107 σὺν
673 5059 784 5118 τοῖς
817 5057 1140 5121 ἐπισκόποις
1173 5061 1254 5122 είς
1292 5060 1393 5130 τὴν
1414 5062 1736 5133 ἐκκλησίαν,
1789 5062 1883 5115 καὶ

294 5148 435 5214 μετά
468 5148 573 5215 τὴν
599 5147 696 5200 τοῦ
726 5149 1059 5217 Εὐαγγελίου
1092 5151 1399 5219 ἀνάγνωσιν
1426 5153 1583 5222 ὀλίγα
1609 5171 1881 5224 προσομι-

292 5238 463 5306 λήσας
488 5237 570 5307 τῷ
597 5239 791 5310 πλήθει
818 5242 910 5295 καὶ
945 5242 1369 5314 συνταξάμενος,
1393 5245 1762 5316 ἀνακηρύττει
1786 5247 1882 5298 καὶ

299 5332 371 5401 μὴ
412 5333 663 5403 παρόντα
700 5334 791 5385 τὸν
820 5333 1193 5405 πρεσϐύτερον
1232 5334 1582 5409 Ἀλέξανδρον
1616 5338 1881 5408 ἀρχιερέα

298 5424 515 5477 καὶτοῦ
547 5424 741 5495 θρόνου
772 5425 1034 5496 διάδοχον.
1072 5426 1183 5479 Καὶ
1228 5428 1258 5480 ό
1285 5428 1412 5491 λαὸς
1452 5430 1549 5499 μιᾷ
1587 5432 1739 5499 φωνῇ
1784 5429 1882 5479 σὺν

299 5515 446 5587 αὐτῴ
474 5516 686 5586 βασιλεῖ
714 5517 807 5570 ἐπὶ
833 5518 1049 5582 πλείους
1077 5518 1227 5589 ὥρας
1258 5520 1387 5573 ἐϐόα
1404 5520 1465 5573 τὸ
1491 5520 1715 5585 Ἄξιος.
1750 5516 1883 5572 Εἶτα

1987 4507 2259 4579 episcopis
2290 4507 2342 4559 iu
2374 4496 2633 4571 templum
2668 4518 2681 4555 :
2715 4517 2779 4555 ac
2803 4509 2926 4570 post
2970 4501 3247 4571 Evangelii
3289 4502 3577 4558 lectionem

1987 4599 2251 4656 nonnulla
2277 4597 2342 4650 ad
2366 4594 2629 4665 populum
2662 4592 2902 4657 locutus,
2928 4603 2984 4647 et
3008 4593 3311 4657 disserens,
3342 4594 3579 4649 Alexan-

1985 4687 2146 4770 drum
2200 4682 2538 4737 sacerdotem
2568 4680 2855 4734 absentem
2888 4680 3374 4751 archiepiscnpalis
3432 4684 3579 4738 sedis

1983 4790 2363 4833 successorem
2404 4772 2707 4826 renuntiat.
2746 4770 2987 4841 Pupulus
3035 4788 3144 4827 uno
3177 4788 3274 4828 ore
3300 4788 3426 4827 cum
3458 4774 3577 4843 ipso

1986 4873 2315 4940 imperatore
2362 4866 2517 4921 horis
2566 4866 2775 4935 aliquot
2825 4863 3023 4936 4721)
3070 4865 3434 4920 exclamavit:
3483 4865 3580 4919 Di-

1988 4980 2126 5035 gnus
2189 4970 2290 5015 est.
2325 4958 2531 5014 Deinde
2584 4972 2754 5013 sacra:
2806 4973 3009 5012 mensa:
3052 4958 3242 5012 altaris
3295 4957 3577 5013 humera!e

1986 5056 2240 5124 imponit,
2272 5052 2592 5121 praecipiens
2622 5050 2727 5104 hoc
2758 5048 3065 5103 successori
3105 5049 3350 5102 servari:
3381 5057 3579 5102 ventu-

1987 5166 2107 5205 rum
2143 5156 2321 5202 autem
2357 5147 2508 5200 illum
2538 5154 2659 5216 post
2689 5159 2797 5197 non
2829 5142 2920 5196 diu
2952 5140 3222 5211 praedixit,
3251 5149 3375 5209 post
3407 5141 3577 5210 septi-

1988 5253 2139 5293 mum
2176 5235 2430 5290 videlicet
2469 5234 2610 5287 diem
2642 5230 2765 5299 eius
2811 5228 3040 5284 resoluti
3089 5227 3339 5298 corporis
3373 5228 3428 5282 in
3473 5227 3580 5281 Do-

1991 5332 2161 5385 mino.
2217 5328 2551 5382 Acciderunt
2606 5324 2795 5395 igitur,
2851 5330 2909 5375 ut
2957 5319 3309 5390 praedixerat,
3368 5318 3574 5373 omnia.

1989 5421 2219 5476 Moritur
2252 5417 2553 5472 centesimo
2591 5426 2646 5469 et
2677 5414 2893 5470 decimo
2922 5411 3157 5482 septimo
3204 5411 3381 5465 aetatis
3410 5422 3575 5476 anno,

1992 5522 2191 5585 quarto
2215 5508 2379 5564 Junii.

1548 5675 1783 5730 VARle
1838 5667 2250 5731 LECTIONES.

377 5812 420 5844 ³⁹
450 5812 897 5881 πεπιστευμένην
927 5832 987 5879 ς.
1088 5814 1132 5847 ⁸ο
1160 5817 1417 5879 ἀνύοντος
1468 5815 1507 5868 Β
1554 5824 1609 5870 ct
1646 5832 1769 5870 corr
1790 5854 1803 5871 .
1835 5818 1877 5870 Λ
1908 5835 1920 5871 :
1971 5813 2213 5875 ἀνιόντος
2276 5828 2335 5877 ς,
2388 5808 2524 5864 infra
2561 5817 2643 5862 est
2669 5806 2913 5873 ἄγοντος.
3012 5803 3054 5834 ⁵⁸
3084 5801 3151 5855 τά
3183 5796 3304 5870 τῆς]
3340 5798 3457 5851 τάτε
3482 5799 3580 5868 τῆς

307 5880 361 5934 Β.
461 5886 505 5915 δ’
541 5884 811 5954 ὡμολόγει
842 5880 901 5937 Β.
1004 5886 1048 5916 ⁸⁸
1074 5886 1266 5956 ἱερέων
1288 5889 1333 5940 A
1368 5902 1379 5942 ε
1419 5886 1724 5958 ἀρχιερέων
1754 5903 1812 5951 ς.
