4036 6318
565 386 665 451 115

1716 400 1975 460 PH‘JTII
2022 401 2527 469 PATRIARCH/E
2560 412 2668 472 (ΖΡ.

3720 412 3824 475 116

554 504 619 556 τὸ
645 502 956 599 ὠμοφόριον
985 506 1051 575 τῇ
1080 505 1214 579 ἀγίᾳ
1238 506 1589 578 ἐναποτίθησι
1647 510 1919 583 τραπέζῃ,
1984 515 2362 587 ἐντειλάμενος
2404 524 2535 577 αὐτὸ
2582 526 2947 593 φυλάττεσθαι
2976 526 3055 599 τῷ
3112 527 3341 599 διαδόχῳ
3363 544 3377 559 ·
3408 526 3559 599 ἥξειν
3587 526 3630 580 δ’
3664 527 3826 580 αὐτὸν

556 600 815 665 προεῖπεν
858 597 959 650 οὐκ
1001 598 1081 661 είς
1116 601 1355 671 μακρὰν,
1396 602 1535 670 μετὰ
1575 602 1619 655 δ’
1649 603 1882 673 ἑϐδόμην
1924 607 2136 676 ἡμέραν

2204 612 2304 679 τῆς
2348 616 2516 669 αὐτοῦ
2552 619 2686 687 πρὸς
2736 620 2967 689 Χριστὸν
2996 620 3326 683 ἀναλύσεως.
3357 622 3571 674 Γίνεται
3601 619 3693 675 οὖν
3750 619 3821 685 ⁸⁸,

557 691 631 750 ὡς
659 690 873 760 προέφη
901 690 995 743 καὶ
1022 690 1348 761 ἐνετείλατο,
1372 693 1618 747 ἅπαντα·
1644 695 1782 748 ὲτῶν
1817 696 1862 748 δ’
1895 699 2241 755 ἀνεπαύσατο
2293 705 2665 762 ἑπτακαίδεκα
2728 711 2825 764 καὶ
2883 711 3079 765 ἑκατὸν
3106 750 3124 776 ,
3170 712 3388 765 Ἰουνίου
3427 714 3595 783 μηνὸς
3621 712 3818 784 τετάρ-

557 805 657 855 την
689 788 937 855 ἄγοντος.

627 879 967 945 Constantia,
1002 895 1160 937 soror
1184 882 1531 951 imperatoris
1597 883 1941 941 Constantini
2024 887 2098 958 pii
2128 931 2143 955 ,
2176 896 2221 950 Α

560 987 700 1026 uxor
724 988 846 1040 qua:
879 980 999 1027 erat
1032 973 1181 1043 impii
1210 973 1429 1039 Licinii,
1464 976 1727 1030 moritura
1765 976 1916 1033 fratri
1964 980 2139 1035 dixit:

562 1063 767 1131 Unum,
816 1076 872 1121 et
920 1068 1175 1122 ultimum
1230 1083 1258 1122 a
1309 1076 1363 1121 te
1412 1077 1537 1138 peto
1582 1070 1957 1139 beneﬁcium;
1994 1075 2143 1129 utab

558 1159 753 1214 exsilio
793 1174 1020 1215 revoces
1050 1159 1239 1213 Arium
1271 1160 1412 1214 falso
1461 1172 1778 1217 accusatum
1815 1182 1827 1216 :
1867 1167 2144 1220 consentit

559 1254 705 1307 enim
743 1268 869 1308 cum
905 1254 1135 1325 synodo.
1173 1252 1300 1309 Erat
1332 1256 1478 1309 enim
1513 1257 1656 1324 apud
1695 1258 1841 1313 illam
1883 1260 2143 1314 sacerdos

558 1345 781 1415 quidam
835 1346 1076 1401 Arianus
1135 1347 1229 1416 qui
1292 1347 1534 1417 seipsum
1565 1350 1745 1419 primo
1807 1351 2142 1407 Constantia;

557 1436 828 1491 eunuchis
854 1436 1173 1501 insinuavit,
1203 1454 1298 1506 per
1331 1453 1471 1506 quos
1489 1448 1545 1494 et
1570 1440 1639 1495 ad
1680 1441 1825 1495 illam
1853 1457 2140 1497 accessum

559 1528 773 1594 habuit,
846 1528 1137 1598 verbisque
1193 1529 1407 1586 blandis
1465 1540 1629 1602 atque
1673 1534 2141 1589 assentationibus

557 1615 863 1686 persuasit,
915 1617 1104 1672 Arium
1156 1619 1359 1673 invidia
1418 1618 1654 1689 ejectum
1709 1636 1871 1677 esse:
1936 1632 2143 1678 rectam

556 1708 704 1762 enim
776 1708 1034 1764 Ecclesiae
1075 1709 1384 1765 doctrinam
1440 1711 1604 1765 tueri.
1656 1710 1868 1777 Quibus
1920 1714 2037 1783 ipsa
2072 1715 2139 1769 ad

557 1801 948 1869 imperatorem
1012 1802 1103 1855 illa
1156 1800 1420 1867 referens,
1480 1804 1789 1872 permovit,
1849 1805 2145 1875 statimque

556 1891 772 1957 scribit,
822 1901 879 1947 ut
930 1892 1095 1947 Arius
1142 1892 1209 1947 ab
1266 1892 1463 1947 exsilio
1513 1904 1827 1949 revocetur.
1860 1896 2143 1966 A-Ilegahat

554 1998 689 2040 vero
723 2000 833 2039 una
892 1983 960 2039 ad
996 1983 1221 2039 fratrem
1276 1987 1643 2053 sacerdotem,
1678 1988 1772 2058 qui
1817 1989 2144 2045 adulationis

561 2073 696 2127 vitio
730 2088 838 2127 non
867 2071 1051 2129 minus
1085 2090 1247 2144 quam
1294 2075 1570 2132 hazreseos
1601 2078 1886 2143 laboravit,
1923 2090 1978 2134 et
2007 2080 2145 2135 irre-

556 2175 719 2234 pente
771 2167 991 2236 ingenio
1036 2182 1103 2223 ac
1153 2168 1335 2224 verbis
1404 2169 1797 2241 blandiloquis,
1848 2182 1973 2243 post
2032 2188 2141 2226 non

2321 890 2444 943 Ὅτι
2475 889 2829 944 Κωνσταντία
2856 892 2888 959 ἡ
2920 888 3017 943 τοῦ
3047 888 3305 952 εὐσεϐοῦς
3331 887 3379 921 ⁸⁸
3415 889 3825 941 Κωνσταντίνου

2244 982 2468 1053 ἀδελφὴ,
2500 982 2639 1054 γυνὴ
2666 982 2724 1035 δὲ
2748 981 2843 1035 τοῦ
2874 981 3173 1044 δυσσεϐοῦς
3212 980 3604 1051 χρηματίσασα
3634 982 3823 1033 Λικιν-

2243 1073 2378 1141 νίου,
2409 1074 2675 1145 μέλλουσα
2702 1074 2960 1145 τελευτᾷν
2980 1074 3060 1144 τῷ
3081 1073 3318 1144 ἀδελφῷ,
3345 1073 3689 1141 Μίαν,φησὶ,
3724 1072 3823 1126 καὶ

2242 1166 2597 1219 τελευταίαν
2623 1165 2766 1219 αίτῶ
2792 1182 2866 1219 σε
2895 1164 3091 1234 χάριν,
3115 1166 3227 1233 τῆς
3254 1164 3574 1233 ὑπερορίας
3597 1167 3830 1232 Ἀρειον

2242 1256 2695 1326 ἀνακληθῆναι,
2768 1258 3089 1325 συσκευὴν
3156 1258 3369 1312 ἄδικον
3431 1258 3821 1312 ὺποστάντα’

2243 1349 2536 1417 σύμφρων
2564 1348 2677 1418 γάρ
2701 1350 2833 1403 ἐστι
2856 1348 2969 1418 τῆς
2996 1350 3288 1405 συνόδου.
3309 1346 3417 1404 Ἦν
3444 1350 3553 1421 γάρ
3583 1367 3667 1411 τις
3693 1352 3827 1419 παρ’

2244 1440 2382 1510 αὐτῇ
2413 1439 2520 1492 τῶν
2540 1441 2642 1509 τῆς
2674 1441 2884 1511 Ἀρείου
2918 1441 3268 1494 σπουδαστῶν
3298 1442 3561 1512 αἱρέσεως
3588 1440 3831 1511 πρεσϐύ-

2242 1547 2422 1600 τερος,
2454 1530 2515 1592 ὃς
2544 1530 2736 1583 ἑαυτὸν
2768 1531 3035 1602 πρότερον
3067 1534 3179 1593 τοῖς
3205 1534 3305 1602 τῆς
3330 1531 3711 1589 Κωνσταντίας
3739 1530 3831 1581 εὐ-

2244 1622 2456 1690 νούχοις
2497 1620 2806 1688 οἰκειώσας,
2848 1622 2916 1675 δι’
2945 1621 3124 1675 αὐτῶν
3149 1625 3243 1675 καὶ
3277 1626 3412 1691 πρὸς
3443 1622 3615 1690 αὐτὴν
3657 1621 3828 1683 διέδυ,

2244 1710 2341 1764 καὶ
2372 1710 2550 1778 λόγοις
2576 1710 2792 1765 ἔπειθεν
2818 1713 3127 1781 ἐπαγωγοῖς
3153 1714 3246 1765 καὶ
3267 1712 3435 1765 πολὺν
3462 1711 3830 1783 προφαίνουσι

2242 1801 2335 1854 τὸν
2371 1801 2529 1855 θῶπα
2555 1800 2629 1867 ὡς
2651 1805 2873 1875 Ἀρειος
2898 1804 3077 1874 φθόνῳ
3105 1803 3310 1874 ἐϐλήθη
3330 1804 3375 1837 ⁸⁸
3393 1820 3406 1834 ·
3437 1803 3501 1856 τὸ
3524 1804 3632 1875 γάρ
3665 1803 3831 1874 ὀρθὸν

2242 1893 2345 1963 τῆς
2387 1894 2710 1963 Ἐκκλησίας
2729 1896 2907 1966 δόγμα
2935 1895 3247 1967 πρεσϐεύει.
3278 1890 3374 1958 Οἷς
3399 1896 3651 1966 κάκείνη,
3691 1896 3832 1964 πρὸς

2244 1986 2335 2039 τὸν
2370 1986 2592 2057 βασιλέα
2627 1988 2853 2042 τοιαῦτα
2882 1989 3130 2052 εἰποῦσα,
3170 1988 3402 2042 διέσεισε
3429 2004 3441 2018 ·
3498 1989 3592 2040 καὶ
3626 1988 3833 2039 αὐτίκα

2242 2080 2445 2151 γράφει
2476 2081 2575 2149 τῆς
2600 2083 2897 2152 ὑπερορίας
2918 2083 3179 2143 ἀνεθῆναι
3198 2082 3290 2135 τὸν
3318 2084 3535 2153 Ἀρειον
3553 2081 3617 2135 δ”.
3645 2082 3833 2151 Παρα-

2242 2171 2450 2224 τίθεται
2482 2170 2539 2223 δὲ
2563 2171 2811 2242 τάδελφῷ
2836 2172 2882 2203 ⁸³
2908 2174 3003 2226 καὶ
3044 2172 3135 2225 τὸν
3162 2171 3316 2225 οὐδὲν
3343 2167 3507 2243 ¹ἧττον
3536 2170 3636 2238 τῆς
3667 2173 3832 2240 αἰρε-

556 2258 652 2312 diu
705 2258 873 2314 libere
903 2274 1030 2313 cum
1098 2260 1434 2330 imperatore
1492 2278 1655 2331 agere
1701 2264 1901 2332 cmpit:
1956 2280 2021 2319 ac
2077 2266 2144 2320 de

2248 2262 2386 2323 σέως
2420 2260 2454 2330 ἢ
2496 2260 2597 2330 τῆς
2644 2261 2935 2324 κολακείας
2966 2261 3372 2332 πρεσϐύτερον⁸
3410 2260 3507 2313 καὶ
3551 2261 3664 2321 τοῖς
3703 2260 3832 2310 ἐπι-

555 2350 690 2409 Ario
727 2365 1037 2406 sermonem
1070 2352 1275 2423 injecit,
1337 2354 1537 2424 quibus
1569 2356 1722 2409 illum
1755 2365 1903 2411 recte
1934 2359 2141 2413 sentire

555 2441 982 2498 demonstraret.
1012 2444 1138 2498 I‘ttm
1158 2445 1455 2514 imperator
1478 2463 1493 2501 :
1515 2448 1569 2501 Si
1589 2449 1774 2513 Arius,
1792 2449 1986 2520 inquit,
2013 2467 2138 2504 cum

553 2533 765 2603 synodo
793 2535 1087 2599 consentit,
1134 2536 1332 2591 videbo
1362 2535 1514 2591 illum
1547 2537 1798 2602 libenter,
1837 2553 2143 2609 magnoque

556 2620 765 2678 honore
794 2625 1001 2692 habito,
1040 2642 1166 2682 eum
1196 2628 1580 2684 Alexandrina:
1621 2630 1905 2684 restituam
1955 2630 2143 2685 Eccle-

551 2713 671 2769 siae.
693 2714 790 2771 His
812 2715 997 2782 dictis,
1024 2718 1177 2773 illum
1202 2736 1298 2789 per
1318 2721 1529 2776 litteras
1543 2722 1934 2775 accersendum
1964 2731 2141 2777 curat.

551 2806 718 2863 Arius
767 2824 891 2863 cum
940 2813 1282 2867 exsecrando
1326 2814 1563 2868 Eusebio
1612 2814 2140 2884 Constantinopolim

552 2900 724 2966 venit,
759 2912 813 2956 et
871 2904 1102 2973 suscipit
1134 2905 1256 2960 illos
1300 2906 1593 2974 imperator
1631 2907 1880 2978 benigne,
1925 2917 1979 2962 et
2012 2908 2141 2976 quid

555 2997 799 3052 sentiant
824 2997 1174 3068 interrogans
1198 3000 1350 3054 audit
1402 3000 1669 3061 dicentes,
1711 3015 1818 3053 non
1882 3000 2029 3053 aliud
2085 3016 2144 3056 se

555 3088 764 3144 sentire
830 3105 992 3161 quam
1035 3107 1159 3162 quae
1204 3092 1434 3147 trecenti
1484 3100 1540 3147 et
1602 3092 1904 3148 octodecim
1965 3094 2142 3148 sancti

552 3178 747 3237 Patres
798 3182 1181 3238 decreverint:
1222 3184 1354 3253 quin
1411 3191 1465 3239 et
1512 3184 1901 3253 jusjurandum
1956 3186 2143 3239 miseri

557 3272 715 3329 falsa:
740 3274 1077 3330 confessioni
1130 3276 1477 3331 addiderunt.
1530 3277 1829 3344 Imperator
1882 3278 2142 3347 scriptam

553 3366 625 3420 ab
665 3366 775 3422 illis
820 3366 979 3436 jubet
1028 3368 1147 3423 dari
1198 3368 1323 3424 ﬁdei
1370 3368 1794 3439 professionem.
1844 3371 1925 3425 Illi
1958 3378 2143 3425 autem

553 3472 806 3531 prompte
839 3462 1130 3518 mendacia
1190 3465 1549 3533 scripserunt.
1607 3464 1841 3519 Credere
1894 3465 2040 3518 enim
2088 3480 2146 3519 se

2244 2354 2466 2418 κλόποις
2500 2355 2543 2388 ⁸³
2583 2354 2737 2425 ἤθεσι
2769 2356 2863 2408 καὶ
2896 2353 3073 2423 λόγοις
3103 2356 3202 2406 οὐκ
3235 2355 3280 2387 ⁸⁰
3322 2354 3403 2415 εἰς
3436 2352 3654 2423 μακρὰν
3687 2352 3834 2421 παῤ-

2245 2444 2442 2515 ρησίαν
2495 2444 2591 2497 καὶ
2616 2446 2660 2477 δι
2708 2445 2845 2515 πρὸς
2885 2445 2977 2497 τὸν
3027 2446 3227 2515 εὐσεϐῆ
3263 2443 3533 2512 λαμϐάνει
3574 2442 3831 2513 βασιλέα,

2245 2540 2341 2590 καὶ
2384 2540 2525 2590 κινεί
2570 2540 2699 2608 περὶ
2740 2538 2950 2607 Ἀρείου
3000 2537 3192 2605 λόγους
3226 2536 3506 2608 ὀρθόδοξον
3536 2533 3834 2595 ποιοῦντας

2245 2630 2427 2685 αὐτόν.
2459 2630 2573 2684 Καὶ
2623 2633 2651 2685 6
2705 2630 2977 2700 βασιλεὺς,
3004 2632 3072 2685 El
3112 2632 3355 2697 Ἄρειος,
3411 2629 3565 2698 φησὶ,
3607 2626 3680 2679 τὰ
3717 2625 3836 2692 τῆς

2246 2724 2514 2779 συνόδου
2544 2724 2771 2793 φρονεῖ,
2813 2724 3038 2794 ὅψομαί
3078 2740 3142 2777 τε
3176 2723 3364 2777 αὑτὸν
3405 2718 3691 2791 εὐμενῶς,
3726 2717 3833 2771 καὶ

2246 2817 2369 2870 σὺν
2414 2816 2553 2885 τιμῇ
2614 2815 2688 2884 τῇ
2735 2815 2854 2869 τῶν
2900 2814 3345 2883 Ἀλεξανδρέων
3394 2809 3834 2882 ἐγκαταστήσω

2259 2908 2612 2973 Ἐκκλησίᾳ.
2636 2906 2821 2959 Ταῦτα
2850 2905 3023 2974 ἔλεγε,
3054 2907 3147 2959 καὶ
3169 2905 3306 2975 πρὸς
3331 2904 3523 2956 ἑαυτὸν
3554 2901 3838 2972 μετεπέμ-

2246 3017 2380 3054 πετο
2406 3000 2636 3071 γράφων
2684 2998 2847 3071 [Mlti
2867 2998 2961 3070 R.]
2996 3000 3105 3052 Καὶ
3132 3001 3160 3050 6
3188 2999 3407 3068 ’Ἀρειος
3436 2995 3553 3065 ἃμα
3591 2994 3671 3065 τῷ
3699 3007 3841 3059 συγ-

2247 3094 2619 3165 καθῃρημένῳ
2658 3092 2885 3160 Εὐζωίῳ
2919 3090 3056 3162 πρὸς
3092 3091 3192 3159 τὴν
3227 3090 3383 3142 πόλιν
3414 3085 3835 3140 Κωνσταντίνου

2246 3188 2641 3255 παραγίνεται·
2678 3185 2774 3237 καὶ
2827 3185 3042 3253 δέχεται
3093 3184 3290 3246 αὐτοὺς
3346 3178 3745 3251 φιλανθρώπως
3808 3180 3839 3230 6

2248 3280 2525 3350 βασιλεύς.
2562 3278 2672 3332 Καὶ
2698 3278 2760 3331 τὸ
2786 3278 3043 3347 φρόνημα.
3075 3276 3390 3348 ἐπερωτῶν.
3421 3274 3610 3327 ἀκούει
3651 3271 3844 3339 λεγόν·

2246 3388 2354 3423 των
2386 3370 2461 3440 μὴ
2486 3370 2614 3423 ἀλλο
2644 3386 2698 3422 τι
2739 3371 2957 3439 φρονεῖν
2989 3368 3143 3438 παρά
3170 3368 3269 3437 τὴν
3294 3366 3509 3419 ἔκθεσιν
3538 3364 3647 3416 τῶν
3679 3380 3843 3434 τρια.-

2248 3462 2446 3514 κοσίων
2491 3462 2623 3514 δέκα
2680 3461 2775 3514 καὶ
2815 3458 2961 3512 ὀκτὼ
3009 3454 3179 3527 άγίων
3213 3458 3492 3528 Πατέρων.
3529 3455 3691 3510 Ἀλλά
3738 3455 3843 3506 καὶ

555 3562 612 3607 et
640 3568 773 3609 suos
800 3557 1007 3625 scripto
1031 3564 1322 3621 testantur,
1340 3556 1522 3627 lingua
1548 3556 2013 3628 negant.Mutavit
2043 3572 2144 3610 au-

2249 3554 2410 3622 ὄρκον
2442 3553 2491 3605 οἱ
2525 3552 2750 3606 δείλαιοι
2790 3556 2856 3623 τῇ
2887 3551 3245 3624 πεπλασμένῃ
3282 3550 3605 3603 ἐπετίθεσαν
3644 3547 3841 3618 ὁμολο-

555 3652 666 3699 tem
694 3646 971 3699 decretum
996 3647 1201 3709 Caesar.
1220 3647 1365 3717 quod
1385 3648 1639 3717 pietatem
1666 3648 1905 3703 confessi
1935 3656 2140 3713 essent,

554 3746 611 3793 et
640 3737 825 3792 statim
860 3738 1249 3794 Alexandriam
1299 3740 1453 3794 illum
1506 3749 1562 3795 et
1603 3741 1697 3809 qui
1729 3756 1856 3795 cum
1889 3755 1956 3795 eo
1987 3753 2144 3795 erant

557 3830 863 3886 honorifice
922 3832 1109 3886 mittit.
1170 3832 1481 3887 Alexander
1564 3848 1694 3886 vero
1744 3832 2144 3886 Alexandrinus

557 3919 1031 3989 archiepiscopus,
1067 3920 1424 3990 conspirante
1454 3936 1579 3975 cum
1620 3918 1819 3990 473α
1854 3934 1920 3974 eo
1969 3918 2143 3973 Atha-

556 4011 743 4077 nasio,
791 4022 1101 4083 apostatam
1155 4029 1263 4067 non
1316 4013 1572 4077 admittit,
1605 4021 1661 4067 et
1711 4013 1912 4067 iterum
1976 4013 2144 4068 Arius

559 4108 812 4163 haeresim
837 4108 1059 4173 detexit,
1089 4105 1496 4179 Egyptumque
1536 4107 1795 4161 turbavit.
1845 4107 2147 4176 Imperator

557 4216 690 4256 vero
721 4201 789 4256 ad
824 4216 882 4255 se
905 4203 1091 4255 Arium
1122 4200 1371 4267 accersit,
1400 4209 1452 4255 et
1474 4201 1867 4271 interrogatatt
1903 4210 2149 4255 maneret

560 4296 617 4349 in
655 4295 949 4360 sententia,
999 4310 1165 4364 quam
1218 4308 1405 4349 coram
1466 4294 1559 4348 illo
1630 4294 1918 4351 confessus
1978 4304 2142 4351 esset.

557 4384 682 4456 Ipse
760 4402 890 4441 vero
945 4388 1141 4441 iterum
1181 4386 1432 4455 expedite
1490 4387 1683 4443 iisdem
1752 4403 1827 4442 se-
1878 4388 2147 4442 inhaerere

560 4487 791 4533 testatus
834 4487 938 4542 est,
997 4487 1053 4531 et
1108 4477 1472 4546 jurejurando
1523 4479 1889 4533 conﬁrmavit.
1950 4478 2145 4533 Omnia

560 4577 744 4623 autem
773 4570 896 4624 ficta
926 4578 1102 4634 erant,
1134 4570 1420 4639 magisque
1449 4571 1564 4639 ipsa
1625 4570 1821 4624 theatri
1872 4585 2037 4625 scena
2079 4586 2146 4624 ex

560 4663 867 4732 composito
889 4661 1053 4717 facta.
1088 4662 1259 4717 Aiunt
1287 4664 1431 4717 enim
1464 4664 1678 4718 occulte
1699 4678 1824 4717 eum
1862 4664 2149 4732 scripsisse

562 4755 785 4819 librum,
817 4763 871 4809 et
900 4756 1003 4810 sub
1042 4756 1207 4810 axilla
1238 4754 1497 4811 ferentem
1539 4756 1653 4825 (qui
1689 4756 1826 4810 liber
1862 4756 2148 4825 impuden-

558 4859 642 4902 ter
679 4848 1015 4917 impietatem
1048 4849 1167 4916 ejus
1199 4848 1535 4917 continebat)
1558 4848 1779 4917 jurasse
1816 4863 1875 4903 se
1923 4850 2003 4902 sic
2031 4862 2148 4901 cre-

2251 3644 2366 3715 γίᾳ.
2410 3642 2473 3698 Ὀ
2506 3644 2564 3697 δὲ
2594 3644 2845 3712 βασιλεὺς
2883 3643 3160 3713 ἔγγραφον
3212 3643 3409 3703 αὐτοὺς
3446 3639 3725 3693 ἐπιδοῦναι
3775 3638 3841 3689 τὸ

2252 3735 2511 3805 φρόνημα
2535 3735 2771 3789 κελεύει.
2808 3736 2872 3788 Οἱ
2902 3735 2959 3787 δὲ
2991 3733 3289 3805 προθύμως
3326 3733 3664 3802 ὲγγράφουσι
3687 3732 3732 3762 ⁸³
3769 3731 3842 3782 τά

2250 3828 2421 3899 ψευδῆ
2440 3844 2452 3858 ’
2486 3828 2764 3881 πιστεύειν
2790 3828 2897 3900 γὰρ
2932 3828 3128 3891 αὐτούς
3154 3844 3214 3879 τε
3238 3828 3333 3879 καὶ
3365 3828 3491 3889 τοὺς
3523 3826 3620 3877 σὺν
3650 3824 3843 3886 αὐτοῖς

2252 3923 2331 3992 τῷ
2356 3924 2644 3993 γράμματι
2675 3922 2879 3991 ἔλεγον,
2909 3922 3010 3975 ὅσα
3034 3923 3129 3974 καὶ
3154 3924 3218 3992 τῇ
3250 3919 3464 3990 γλώττῃ
3487 3918 3841 3972 ὲπλάττοντο.

2266 4018 2547 4084 Ἐξίστατο
2583 4017 2761 4069 τοίνυν
2788 4018 2816 4069 6
2847 4016 3099 4086 βασιλεὺς
3126 4009 3207 4078 οἷς
3230 4013 3595 4083 διωμολόγουν
3625 4012 3723 4080 τὴν
3750 4011 3851 4062 εὐ·-

2255 4111 2495 4177 σέϐειαν,
2548 4109 2644 4162 καὶ
2700 4111 3043 4180 παραχρῆμα
3086 4109 3223 4179 πρὸς
3271 4108 3370 4177 τὴν
3427 4104 3847 4174 Ἀλεξάνδρειαν

2254 4203 2415 4255 αὐτόν
2445 4218 2506 4254 τε
2535 4201 2631 4255 καὶ
2656 4198 2783 4271 [770
2803 4199 2847 4253 H
2877 4199 2895 4271 ]
2923 4201 3049 4262 τοὺς
3071 4200 3170 4252 σὺν
3193 4199 3342 4268 αὐτῷ
3381 4198 3518 4268 μετά
3546 4196 3715 4266 τιμῆς
3741 4196 3849 4249 ὲκ-

2256 4292 2485 4360 πέμπει.
2521 4292 2579 4343 '0
2606 4290 2662 4343 δὲ
2692 4290 2791 4358 τῆς
2826 4288 3230 4357 Ἀλεξανδρείας
3253 4289 3545 4359 ἀρχιερεὺς
3589 4286 3855 4353 Ἀλέξαν-

2254 4383 2398 4453 δρος,
2424 4385 2791 4453 συμπνέοντος
2826 4382 2974 4451 αὐτῷ
3021 4382 3364 4443 Ἀθανασίου,
3402 4381 3493 4433 τὸν
3521 4380 3854 4448 ἀποστάτην

2255 4477 2315 4529 οὐ
2345 4477 2557 4547 δέχεται
2576 4495 2589 4509 ⁸
2617 4480 2712 4531 καὶ
2745 4475 2902 4539 αὖθις
2939 4475 3158 4544 Ἀρειος
3201 4476 3300 4544 τὴν
3329 4476 3540 4544 αἵρεσιν
3573 4473 3858 4527 ἀνεκάλυ-

2256 4587 2380 4633 πτε,
2399 4570 2495 4622 καὶ
2511 4570 2582 4622 τά
2599 4570 2699 4640 τῆς
2719 4569 2999 4637 Αἰγύπτου
3025 4569 3369 4637 ἐταράττετο.
3396 4570 3507 4621 Καὶ
3532 4569 3559 4620 6
3585 4565 3858 4637 βασιλεὺς

2259 4663 2651 4732 μετάπεμπτον
2678 4664 2915 4715 ποιεῖται
2944 4662 3038 4714 τὸν
3076 4662 3312 4732 Ἀρειον,
3338 4661 3435 4713 καὶ
3462 4659 3859 4712 ἀναπυνθάνεο

2254 4772 2344 4808 ται
2407 4758 2456 4808 εἰ
2512 4755 2756 4823 διαμένοι
2812 4750 2897 4816 οἷς
2946 4755 3094 4825 αὐτῷ
3132 4757 3179 4787 ⁵³
3226 4752 3643 4823 συνωμολόγησε
3696 4752 3859 4805 κατὰ

2256 4846 2550 4917 πρόσωπον
2570 4864 2583 4879 ο
2617 4847 2645 4898 6
2670 4848 2727 4900 δὲ
2757 4847 2921 4900 πάλιν
2950 4848 3183 4915 ἑτοίμως
3216 4850 3330 4910 τοῖς
3359 4846 3543 4909 αὐτοῖς
3578 4844 3861 4913 ἐμμένειν

556 4936 725 4989 dere:
759 4936 1009 4990 chartam
1052 4952 1182 4990 vero
1219 4937 1320 5005 piae
1350 4936 1635 5000 doctrinae,
1662 4937 1749 4991 cui
1770 4936 1880 5007 jam
1903 4937 2144 4992 subscri-

2260 4939 2703 5007 συγκατετίθετο,
2744 4944 2837 4995 καὶ
2866 4942 3029 5012 ὂρκον
3056 4942 3103 4973 ⁸⁸
3149 4943 3256 5003 τοῖς
3294 4940 3475 5009 λόγοις
3516 4937 3857 4992 ἐπέϐαλλεν.

557 5036 729 5091 serat,
762 5028 1078 5096 protulisse.

2248 5026 2359 5083 Ἦν
2392 5032 2450 5084 δὲ
2480 5032 2651 5101 σκηνὴ
2689 5031 2863 5086 ταῦτα
2889 5035 3089 5097 πάντα,
3117 5034 3210 5086 καὶ
3251 5034 3459 5102 σκηνῆς
3484 5028 3863 5100 δραματικῶ-

559 5133 715 5186 τερα.
773 5118 913 5171 Φασὶ
967 5117 1011 5169 δ’
1054 5117 1130 5179 ὡς
1156 5118 1214 5170 ἐν
1241 5115 1525 5186 μυστηρίῳ
1545 5116 1765 5187 γράψας
1786 5117 2001 5185 ’Ἄρειος
2025 5118 2232 5189 βιϐλίον
2262 5123 2355 5173 καὶ
2388 5122 2493 5175 ὐπὸ
2519 5123 2696 5193 μάλης
2729 5124 2910 5194 φέρων
2943 5124 3024 5192 (τὸ
3059 5123 3116 5176 δὲ
3147 5122 3351 5193 βιϐλίον
3380 5119 3614 5183 ἀναιδῶς
3662 5118 3863 5173 ἐλάλει

560 5210 661 5279 τὴν
699 5209 1043 5278 δύσσέϐειαν)
1104 5207 1319 5280 ὤμνυεν
1352 5207 1495 5262 οὕτω
1557 5212 1796 5280 φρονεῖν,
1870 5211 1961 5264 τὸν
2006 5213 2107 5283 τῆς
2156 5215 2443 5280 εὐσεϐείας
2491 5217 2574 5279 είς
2620 5216 2681 5269 τὸ
2730 5218 2973 5288 ἐμφανὲς
3015 5217 3314 5288 προτείνων
3369 5218 3600 5288 χάρτην,
3631 5213 3706 5276 ὡς
3748 5213 3861 5267 καὶ

561 5302 848 5372 ὐπογράψε
857 5320 921 5357 ιε.

634 5396 806 5451 Paulo
853 5409 974 5470 post
1013 5401 1308 5471 imperator
1336 5401 1597 5458 caducam
1631 5401 1773 5456 hanc
1806 5402 1971 5455 vitam
2016 5416 2141 5455 cum

2328 5402 2483 5457 Μετά
2511 5402 2567 5454 δὲ
2608 5402 2812 5472 βραχὺν
2840 5403 3035 5473 χρόνον
3078 5405 3107 5455 6
3149 5402 3401 5471 βασιλεὺς
3439 5404 3532 5456 τὸν
3574 5403 3863 5474 ὲπίκηρεν

562 5489 865 5547 immortali
928 5495 1322 5559 commutavit,
1397 5510 1522 5549 cum
1574 5508 1747 5548 annos
1822 5493 2043 5561 triginta
2093 5500 2144 5547 et

2260 5496 2338 5558 είς
2362 5496 2452 5549 τὸν
2477 5495 2758 5566 ἀκήρατον
2793 5494 3145 5565 μεταλλάττει
3172 5494 3305 5563 βίον,
3334 5495 3433 5548 ἕνα.
3465 5496 3563 5564 μὲν
3594 5497 3863 5550 ἐνιαυτὸν

1817 5606 2051 5662 νΑΒιιΕ
2112 5605 2515 5663 LECTIONES.

1503 5701 1769 5771 βασιλέως
1818 5704 2033 5755 Κωνστ.
2064 5735 2123 5765 ς.
2161 5771 2166 5772 γ
2224 5701 2268 5772 δέ
2299 5702 2553 5772 διεϐλήθη
2589 5701 2646 5756 Β.
2724 5702 2761 5732 ⁸⁷
2793 5702 2881 5754 τὸν
2908 5703 3124 5772 Ἀρειον
3159 5700 3417 5768 ἀνεθῆναι
3451 5717 3508 5764 ς.

2006 5774 2048 5804 ⁵³
2088 5771 2181 5825 καὶ
2206 5771 2333 5827 add.
2364 5777 2403 5824 Α
2472 5771 2477 5772 ⁷
2516 5775 2558 5803 ⁵³
2600 5772 2869 5841 γράφουσι
2895 5771 2989 5825 Αρ
3066 5774 3110 5804 ³³
3146 5772 3310 5825 αὐτοῦ
3342 5775 3408 5824 Α.

3611 5698 3656 5729 ⁵⁸
3680 5698 3859 5751 ἀδελ-

3515 5772 3560 5802 "
3588 5768 3683 5822 καὶ
3755 5772 3868 5826 τὸν

638 5703 683 5733 ⁸⁸
708 5698 799 5755 οὖν
826 5717 935 5756 om.
974 5703 1030 5755 Ii.
1134 5702 1178 5733 "’
1212 5701 1469 5765 εὐσεϐοῦς

566 5773 654 5841 φῴ
676 5790 734 5837 ς.
813 5774 857 5806 ⁸9
897 5774 1214 5838 ἐπικόλποις
1244 5790 1304 5838 ς.
1383 5772 1430 5805 ⁵ο
1458 5776 1558 5825 οὐκ
1587 5772 1680 5825 καὶ
1704 5774 1805 5825 οὐκ
1839 5775 1897 5824 Δ.

567 5845 728 5913 ὅρκον
764 5862 825 5910 ς.
