4152 6422
285 432 396 498 ῙῙΊ

1316 426 1846 490 BIBLIOTIIECA.
1880 447 1947 459 -·
1984 421 2148 483 COD.
2209 420 2447 483 CCLVI.

3458 408 3563 473 118

284 546 389 601 καὶ
412 544 707 613 τριάκοντα
730 541 1080 613 βασιλεύσας,
1111 540 1272 593 πέντε
1298 540 1355 593 δὲ
1384 539 1480 593 καὶ
1503 538 1768 609 ἐξήκοντα
1784 533 1873 586 τὸν

1984 545 2150 584 unum
2183 531 2523 600 imperasset,
2545 525 2830 597 sexaginta
2860 522 3105 595 quinque
3134 520 3283 592 ipsos
3309 502 3554 576 vixisset.

283 639 411 692 ὅλον
442 636 919 706 διαπερανάμενος
948 635 1079 706 βίον.
1113 632 1392 686 Τελευτῶν
1411 632 1468 684 δὲ
1491 630 1571 701 τῷ
1596 630 1697 701 τῆς
1719 628 1875 699 αἱρέ-

288 748 435 791 σεως
462 728 828 799 πρεσϐυτέρῳ
862 728 959 798 τὴν
981 727 1244 798 διαθήκην
1277 723 1665 796 παρατίθησιν,
1702 723 1876 774 ἐντει-

285 821 526 889 λάμενος
561 818 868 887 ἐγχειρίσαι
917 816 1311 887 Κωνσταντίνῳ
1341 816 1549 886 ταύτην
1590 814 1668 884 τῷ
1700 813 1905 877 παιδὶρ

284 914 348 966 ὃν
392 912 496 967 καὶ
538 914 572 982 ὴ
614 911 849 981 διαθήκη
880 911 979 980 τῆς
1015 908 1275 980 πατρῴας
1324 909 1520 979 μοίρας
1564 907 1659 961 καὶ
1702 907 1875 977 ἀρχῆς

285 1005 536 1074 διάδοχον
573 1006 667 1057 καὶ
703 1003 925 1074 βασιλέα
958 1002 1218 1074 ἔγραφεν.
1252 1001 1313 1055 ’0
1339 1002 1397 1055 δὲ
1431 1001 1524 1054 καὶ
1563 999 1700 1070 πρὸς
1745 998 1879 1052 Θεὸν

286 1096 386 1149 καὶ
418 1096 563 1166 πρὸς
589 1094 915 1167 ἀνθρώπους
951 1096 1011 1149 τὸ
1035 1094 1224 1148 πιστὸν
1264 1094 1365 1147 οὐκ
1400 1092 1540 1163 ἔχων
1569 1089 1878 1162 πρεσϐύτε-

292 1206 384 1259 ρος
408 1187 725 1241 ἐπιδίδωσιν
762 1190 820 1240 ἐν
850 1187 1034 1255 κρυφῇ
1071 1186 1170 1256 τὴν
1198 1183 1463 1254 διαθήκην
1491 1182 1878 1250 Κωνσταντίῳ,

289 1280 567 1350 προδότης
598 1279 787 1347 φανεὶς
819 1277 936 1348 ἆμα
965 1278 1174 1349 πατρός
1193 1294 1253 1330 τε
1284 1276 1553 1347 διαθήκης
1575 1276 1621 1306 ⁸⁸
1648 1276 1740 1327 καὶ
1762 1291 1883 1326 παι-

287 1372 375 1434 δὸς
404 1371 800 1442 κληρονομίας.
824 1371 1152 1440 Συνὲτρεχον
1172 1370 1229 1423 δὲ
1248 1372 1314 1439 τῇ
1343 1367 1601 1440 προδοσίᾳ
1623 1364 1883 1428 Εὑσέϐιός

288 1481 349 1517 τε
389 1467 420 1517 ό
449 1463 723 1535 δυσσεϐὴς
753 1465 1138 1535 πραιπόσιτος,
1174 1462 1270 1516 καὶ
1297 1462 1447 1517 ἄλλοι
1477 1460 1621 1523 τινὲς
1658 1459 1755 1512 καὶ
1781 1458 1884 1528 τῆς

289 1556 620 1620 δυσσεϐείας
649 1558 745 1611 καὶ¹
768 1561 868 1629 τῆς
895 1556 1224 1627 ἀνδρογύνου
1258 1555 1472 1625 φύσεως
1496 1552 1878 1606 συνθιασῶταε.

301 1650 467 1703 ’Λλλά
494 1650 609 1721 γὰρ
634 1650 926 1720 προδίδωσι
956 1650 1054 1719 μὲν
1093 1649 1162 1701 τὰ
1201 1648 1558 1702 πιστευθέντα
1589 1648 1884 1699 Κώνσταν-

290 1744 410 1812 τίῳ,
425 1744 526 1813 τῆς
539 1743 600 1796 δὲ
619 1743 754 1813 πρὸς
772 1741 1095 1813 ἀνθρώπους
1108 1740 1274 1794 αὐτοῦ
1294 1740 1554 1801 ἀπιστίας
1567 1739 1710 1791 αἰτεῖ
1730 1737 1885 1808 μισθ-

292 1835 591 1888 αποδοσίαν
620 1834 1003 1888 Κωνστάντιον
1030 1834 1131 1903 τῆς
1158 1833 1204 1865 ⁸⁸
1242 1832 1409 1902 ὀρθῆς
1446 1831 1611 1885 αὐτοῦ
1645 1830 1885 1894 πίστεως

293 1927 607 1995 προδοσίαν.
638 1928 747 1981 Καὶ
780 1925 1212 1997 συνεταιρξξεται
1244 1925 1337 1977 τὸν
1364 1924 1739 1994 Νικομηδείας
1770 1923 1876 1976 Εὑ-

296 2019 493 2084 σέϐιον,
564 2021 662 2072 καὶ
724 2018 1172 2089 διαμηχανῶνται
1235 2017 1330 2069 τὸν
1396 2018 1616 2088 Ἀρειον
1684 2017 1761 2089 μὴ
1823 2020 1881 2072 ἐν

307 2110 706 2182 Ἀλεξανδρείᾳ,
761 2110 877 2164 ἀλλ’
912 2112 970 2164 ἐν
992 2112 1566 2166 Κωνσταντινουπόλει
1611 2112 1882 2183 ἀκουσθῆ-

300 2221 409 2266 ναι,
456 2206 627 2274 ῥᾷστα
679 2204 919 2273 οἰόμενοι
958 2203 1313 2273 περιέσεσθαι
1346 2205 1390 2237 ⁸⁷
1435 2203 1755 2259 Ἀθανασίου
1804 2205 1879 2277 μὴ

312 2296 585 2364 παρόντος,
608 2294 707 2347 καὶ
736 2294 855 2365 ἅμα
888 2294 987 2365 τὴν
1011 2295 1109 2349 τοῦ
1145 2295 1410 2365 βασιλέως
1432 2296 1720 2351 αύθεντίαν
1759 2297 1881 2367 μεθ’

320 2385 516 2437 ἑαυτῶν
542 2386 815 2457 φέροντες,
853 2386 1033 2440 Πολλὰ
1058 2385 1116 2438 δὲ
1142 2385 1221 2457 τῷ
1254 2388 1881 2452 Κωνσταντινουπόλεως

334 2475 639 2547 Ἀλεξάνδρῳ
660 2477 1037 2548 διαλεχθέντες
1066 2478 1194 2548 περὶ
1225 2496 1287 2531 συ
1295 2478 1549 2549 μϐἀσεως
1574 2479 1643 2532 τά
1670 2480 1769 2551 τῆς
1791 2480 1883 2532 εὐ-

312 2568 517 2632 σεϐείας
562 2571 984 2642 περικειρούσης
1027 2570 1298 2641 δόγματα,
1355 2572 1432 2633 ὡς
1485 2571 1585 2624 οὐκ
1639 2571 1875 2636 ἔπειθον,

302 2662 635 2732 προτείνουσι
676 2664 839 2733 δῆθεν
864 2665 910 2696 ⁵⁸
957 2663 1235 2734 βασιλικὸν
1284 2664 1619 2735 πρόσταγμα
1666 2664 1698 2735 ἢ
1739 2664 1881 2735 μετά

296 2754 386 2809 τοῦ
412 2758 760 2825 φρονήματο;
792 2757 1045 2828 δέχεσθαι
1072 2758 1295 2829 Ἀρειον
1331 2757 1364 2828 ἢ
1398 2756 1493 2810 τοῦ
1522 2758 1713 2828 θρόνου
1744 2758 1879 2811 ὑπο-

294 2850 491 2917 χωρεῖν
512 2865 527 2878 ·
566 2850 615 2901 εί
641 2848 700 2900 δὲ
736 2848 1030 2917 μηδέτερον
1063 2846 1260 2914 ἕλοιτο,
1288 2847 1581 2915 γινώσκειν
1606 2848 1769 2902 αὑτὸν
1799 2849 1880 2911 είς

293 2942 593 3011 ὑπερορίαν
628 2941 1038 3009 ἐκπέμπεσθαι.
1074 2941 1331 2994 Ἔπειθον
1360 2941 1417 2995 δὲ
1457 2942 1553 2995 καὶ
1588 2943 1878 2996 Κωνστάν-

287 3050 397 3085 τιον
441 3032 505 3085 τὸ
540 3033 899 3103 ἀνδράποδον,
929 3033 987 3084 ἐν
1019 3032 1065 3065 ⁸⁹
1094 3034 1207 3095 τοῖς
1235 3032 1444 3102 ὁμοίοις
1481 3032 1663 3100 λόγοις
1706 3051 1877 3102 μετα-

288 3124 653 3193 πεμψάμενον
691 3123 782 3175 τὸν
816 3124 959 3194 ἱερὸν
1003 3123 1348 3193 Ἀλέξανδρον
1380 3123 1631 3185 ἀπειλαῖς
1657 3141 1717 3176 τε
1747 3124 1880 3177 ὑπο-

284 3214 498 3277 ϐαλεῖν,
550 3214 649 3266 καὶ
704 3215 1093 3284 μνησικακίας,
1129 3213 1247 3267 ἀλλ’
1274 3214 1375 3267 οὐκ
1414 3214 1699 3277 εὐσεϐείας
1732 3212 1878 3284 λόγῳ

282 3311 379 3376 τὴν
412 3307 565 3374 πρὸς
592 3307 811 3377 Ἀρειον
844 3307 1093 3378 στέργειν
1132 3307 1452 3377 ἀπέχθειαν.
1494 3307 1552 3361 '0
1591 3306 1647 3360 δὲ
1688 3311 1753 3377 τῇ
1787 3306 1882 3359 τοῦ

282 3399 533 3471 Χριστοῦ
579 3400 804 3470 δυνάμει
837 3401 931 3454 καὶ
961 3400 1041 3469 τῷ
1073 3400 1430 3470 ἀνεπιλήπτῳ
1482 3400 1577 3452 καὶ
1620 3399 1712 3451 τοῦ
1767 3398 1883 3468 βίου

282 3493 510 3561 καὶτῆς
536 3491 895 3561 συνειδήσεως
923 3490 1140 3562 θαρρῶν
1171 3489 1335 3563 [1417
1365 3489 1458 3562 IL]
1488 3491 1777 3560 ἀμείϐεται
1807 3490 1885 3561 τῷ

285 3584 533 3652 βασιλεῖ’
570 3602 589 3634 ι
620 3582 743 3635 Τῶν
764 3583 862 3652 μὲν
882 3582 1233 3636 αἰτιαθέντων
1257 3581 1355 3651 τὴν
1387 3581 1648 3651 ἀλήθειαν
1679 3583 1712 3652 ἡ
1734 3583 1884 3635 ἐκεῖ-

282 3677 372 3729 θεν
411 3676 610 3746 ἡμέρα
647 3675 902 3746 δηλώσει,
933 3674 1044 3743 ἐγὼ
1074 3675 1130 3728 δὲ
1162 3675 1255 3729 τὸν
1299 3676 1394 3729 ἐπὶ
1422 3673 1660 3747 τοσαύτῃ
1695 3675 1887 3729 δυσσε-

282 3772 413 3843 ϐείᾳ
453 3771 659 3824 ἁλόντα
680 3770 776 3823 καὶ
801 3771 951 3840 παρὰ
978 3770 1252 3824 τοσούτων
1284 3770 1588 3841 ἀρχιερέων
1618 3788 1886 3843 κατακρι-

283 3862 457 3914 θέντα.
506 3863 607 3931 οὐχ
658 3857 772 3925 οἷός
818 3862 877 3914 τέ
938 3864 1055 3930 είμι
1115 3865 1226 3917 τῶν
1278 3864 1529 3935 φρικτῶν
1569 3864 1889 3935 μυστηρίων

282 3955 482 4007 λαϐεῖν
505 3954 818 4007 κοινωνόν.)
843 3954 899 4008 Ὀ
921 3955 978 4008 δὲ
1003 3954 1123 4027 [771
1158 3956 1252 4029 Η.]
1272 3959 1667 4021 Κωνστάντιος,
1692 3958 1888 4028 ιὈρα,

285 4048 463 4115 φησιν
491 4085 505 4105 ,
536 4039 583 4097 ὦ
650 4046 916 4099 ἐπίσκοπε
960 4048 1075 4118 (καὶ
1137 4049 1246 4118 γάρ
1306 4049 1525 4112 σύνοδος
1575 4050 1892 4103 ἐπισκόπων

285 4138 660 4207 ἀθροίζεται),
701 4138 777 4209 μὴ
838 4139 932 4192 καὶ
970 4139 1119 4193 ἀκων
1146 4140 1277 4213 δέξῃ
1320 4142 1501 4195 αὐτόν.
1534 4160 1553 4193 ι
1611 4141 1728 4211 Ἐφ’
1755 4136 1838 4205 οἷς
1865 4144 1893 4195 ό

287 4230 597 4298 ἀρχιερεὺς
630 4228 869 4291 ἀναστὰς
907 4228 1123 4298 ἐξῆλθε,
1160 4231 1251 4282 καὶ
1303 4228 1441 4301 πρὸς
1479 4230 1580 4299 τὴν
1621 4229 1719 4283 τοῦ
1756 4231 1893 4284 Θεοῦ

289 4318 700 4389 παραγεγονὼς
753 4318 1049 4390 ἐκκλησίαν
1113 4324 1442 4389 στεναγμοῖς
1492 4324 1589 4376 καὶ
1635 4322 1894 4391 δακρύοις

288 4413 424 4465 ἐϐόα
500 4412 641 4480 πρὸς
708 4412 798 4468 τδν
861 4414 1014 4480 Θεὸν,
1080 4415 1155 4485 μὴ
1219 4414 1309 4468 διὰ
1370 4414 1470 4486 τὴν
1530 4415 1891 4484 παρείσδυσιν

300 4504 527 4576 Ἀρείου
563 4504 609 4535 ⁸⁸
649 4505 979 4575 ἀνασχέσθαι
1028 4507 1482 4578 διασκεδασθῆναι
1515 4506 1615 4578 τὴν
1653 4509 1892 4579 ποίμνην

1976 623 2212 679 Moriens
2283 630 2467 677 autem
2516 620 2786 677 sacerdoti
2850 618 3104 672 hatretico
3168 622 3554 671 testamentum

1977 715 2290 781 committit,
2316 714 2583 769 mandans
2612 712 2664 766 id
2693 711 2832 766 tradi
2855 709 3216 766 Constantino
3243 709 3373 773 lilio,
3396 724 3556 777 quem

1979 809 2286 863 testamenti
2316 808 2516 863 tabulis
2534 816 2771 876 paterna:
2788 804 2948 860 sortis
2964 812 3017 858 et
3037 801 3248 872 imperii
3275 816 3559 856 successo-

1978 917 2092 956 rem
2148 902 2640 971 imperatoremque
2665 898 3008 968 designabat.
3045 894 3336 957 Sacerdos,
3374 906 3549 963 neque

1980 994 2090 1051 Deo
2124 1011 2225 1051 nec
2255 994 2569 1050 hominibus
2603 1008 2826 1049 servans
2867 990 3054 1055 iidem,
3101 989 3192 1042 dat
3230 987 3440 1042 occulte
3485 996 3564 1040 te-

1981 1097 2313 1144 stamentum
2341 1087 2683 1151 Constantio,
2714 1094 2770 1139 et
2797 1083 2961 1139 simul
2991 1081 3235 1152 proditor
3274 1080 3466 1150 patris,
3506 1088 3562 1133 et

1981 1180 2312 1243 testamenti,
2356 1186 2412 1233 et
2441 1176 2774 1232 haereditatis
2803 1175 2899 1228 lilii
2925 1173 3197 1243 apparuit.
3247 1168 3561 1239 Adjuvabat

1981 1273 2030 1325 ei
2071 1271 2124 1324 in
2167 1285 2231 1326 ea
2265 1268 2576 1340 proditione
2618 1276 2671 1321 et
2706 1265 2971 1319 Eusebius
3015 1261 3216 1331 impius
3244 1261 3558 1330 episcopus.

1981 1372 2037 1417 et
2065 1361 2157 1416 alii
2191 1360 2461 1426 nonnulli,
2484 1367 2538 1414 et
2576 1357 2891 1427 impietatis,
2941 1365 2995 1409 et
3029 1352 3271 1409 semiviri
3313 1350 3551 1406 sodales.

1982 1453 2169 1508 Tradit
2204 1453 2291 1505 ille
2320 1451 2576 1506 sacerdos
2614 1448 2937 1503 Constantio
2966 1443 3410 1502 commendatum
3445 1441 3549 1495 sibi

1984 1553 2394 1608 testamentum,
2457 1555 2511 1597 et
2567 1540 2903 1596 inlidelitatis
2967 1554 3077 1593 suae
3125 1551 3254 1605 erga
3304 1533 3560 1588 homines

1982 1635 2431 1707 petitmercedem
2462 1649 2490 1687 a
2518 1631 2859 1693 Constantio,
2895 1628 3262 1699 proditionem
3292 1624 3552 1679 nimirum

1984 1731 2209 1784 sincerae
2242 1729 2364 1783 ﬁdei
2395 1728 2619 1797 praemio
2647 1728 2953 1797 postulans,
2991 1732 3044 1777 et
3072 1721 3367 1777 Eusebium
3402 1719 3567 1773 Nico-

1984 1819 2177 1875 mediae
2206 1819 2521 1889 episcopum
2563 1818 2773 1872 socium
2805 1814 3075 1884 adjungit,
3118 1822 3172 1867 et
3228 1811 3333 1864 hoc
3377 1816 3565 1880 agunt,

1914 1897 1958 1957 Β
1988 1924 2045 1969 ιιι
2072 1914 2236 1969 Arius
2267 1927 2375 1967 non
2400 1910 2764 1975 Alexandriae,
2796 1909 2890 1964 sed
2931 1902 3401 1972 Constantinopoli
3434 1916 3569 1955 eau-

1984 2024 2101 2064 sam
2136 2008 2302 2071 dicat,
2332 2005 2496 2061 facile
2523 2003 2629 2058 rati
2667 2002 2785 2057 fore
2832 2001 3071 2064 vincere,
3125 1995 3427 2051 Athanasio
3457 2010 3567 2048 non

1986 2110 2272 2171 praesente,
2322 2107 2376 2152 et
2429 2095 2594 2153 simul
2644 2091 2995 2162 imperatoris
3040 2089 3422 2142 auctoritatem
3462 2083 3565 2138 sibi

1984 2197 2257 2249 unientes.
2280 2190 2442 2245 Multa
2468 2205 2596 2245 cum
2620 2185 2929 2243 Alexandro
2953 2178 3570 2249 Constantinopolitano

1980 2286 2289 2358 patriarcha
2318 2285 2648 2340 disserentes
2679 2282 2749 2335 de
2804 2278 3003 2350 pactis,
3031 2292 3153 2347 qua:
3200 2273 3417 2345 pietatis
3471 2271 3569 2325 do-

1982 2381 2214 2438 ctrinam
2264 2386 2588 2447 corruptura
2619 2383 2798 2438 erant,
2830 2389 2956 2429 cum
2988 2387 3097 2425 non
3151 2367 3567 2440 persuaderent,

1982 2474 2303 2529 mandatum
2357 2468 2706 2540 imperatoris
2759 2465 3065 2537 proferunt,
3119 2460 3207 2516 vel
3266 2458 3573 2527 susciperet

1980 2565 2169 2619 Arium
2198 2578 2323 2618 cum
2370 2577 2469 2615 sua
2518 2558 2737 2622 haeresi,
2777 2558 2861 2613 vel
2885 2557 3012 2612 sede
3040 2555 3448 2609 exlurbaretur.
3508 2548 3569 2603 Si

1984 2667 2277 2724 utrumque
2306 2654 2586 2717 detrectet,
2617 2651 2753 2707 sciat
2784 2666 2843 2705 se
2888 2651 2941 2702 iu
2989 2647 3244 2703 exsilium
3292 2643 3567 2714 depellen-

1983 2750 2136 2804 dum.
2169 2747 2567 2802 Persuaserunt
2614 2753 2798 2797 autem
2829 2740 3150 2796 Constantio
3176 2746 3257 2801 ut,
3299 2733 3570 2790 accersito

1983 2840 2313 2902 Alexandro,
2366 2836 2471 2891 nisi
2528 2837 2722 2891 iisdem
2774 2841 2991 2904 pareret
3046 2830 3345 2893 mandatis,
3404 2827 3569 2881 etiam

1984 2935 2299 2989 servitutem
2320 2931 2644 2993 minaretur,
2672 2936 2728 2982 et
2755 2925 2949 2998 4731)
2981 2923 3248 2978 maiorum
3279 2917 3569 2985 memoria,

1986 3040 2093 3078 non
2141 3023 2361 3092 pietatis
2405 3019 2606 3085 studio,
2652 3018 2780 3072 odio
2827 3017 3019 3070 Arium
3062 3013 3405 3068 habiturum.
3466 3007 3571 3076 Qui

1984 3119 2187 3175 Christi
2227 3116 2441 3181 virtuti,
2487 3124 2541 3170 et
2569 3114 2860 3183 inculpatae
2912 3110 3056 3177 vitae,
3097 3116 3150 3161 et
3210 3103 3564 3161 conscientia:

1906 3242 1951 3305 ρ
1984 3214 2282 3279 conlidens,
2308 3210 2625 3283 imperatori
2648 3205 2929 3277 respondit
2958 3223 2971 3259 :
3013 3222 3030 3255 ι
3059 3200 3355 3305 Veritatem
3380 3212 3571 3253 eorum

1986 3306 2074 3375 qui
2116 3312 2444 3358 accusantur
2475 3310 2690 3370 tempus
2715 3296 2976 3365 deinceps
3007 3291 3277 3347 ostendet.
3305 3286 3419 3359 Ego
3444 3300 3577 3341 vero

1987 3408 2149 3452 tanta;
2181 3395 2474 3465 impietatis
2509 3392 2841 3453 convictum,
2869 3397 2923 3442 et
2970 3402 3000 3440 a
3033 3395 3112 3441 tot
3135 3384 3404 3454 episcoiiis
3426 3380 3577 3451 judi-

1989 3496 2193 3549 catum,
2218 3499 2323 3537 non
2348 3496 2567 3550 possum
2585 3481 2638 3533 in
2661 3475 3107 3533 communionem
3135 3470 3573 3527 venerandorum

1989 3578 2369 3650 mysteriorum
2409 3571 2713 3627 admittere.
2752 3587 2771 3619 ι
2799 3566 3149 3622 Constantius
3164 3578 3293 3618 vero
3324 3578 3337 3613 :
3368 3581 3386 3612 ι
3415 3559 3572 3624 Vide,

1992 3672 2188 3740 inquit,
2229 3669 2483 3738 episcope
2512 3666 2868 3735 (convocatur
2919 3659 3066 3712 enim
3120 3654 3411 3710 concilium
3452 3654 3573 3720 epi-

1991 3758 2331 3831 scoporum),
2369 3772 2437 3811 ne
2458 3756 2541 3811 vel
2571 3754 2775 3808 invitus
2809 3751 2961 3805 illum
2988 3747 3275 3802 admittere
3297 3743 3567 3812 cogaris.»

1992 3854 2131 3909 Hinc
2152 3864 2448 3919 assurgens
2474 3844 2950 3915 archiepiscopus,
2985 3852 3242 3911 egressus
3270 3845 3374 3891 est.
3402 3842 3456 3887 et
3506 3831 3577 3886 ad

1996 3946 2088 4001 Dei
2112 3942 2402 4000 ecclesiam
2430 3956 2489 3995 se
2513 3937 2702 3995 confer
2723 3952 2845 3998 eus,
2867 3932 3163 4005 gemitibus
3207 3925 3577 3998 iacrymisque

1994 4037 2285 4092 invocabat
2315 4034 2485 4088 Deum
2523 4047 2590 4085 ne
2623 4035 2903 4099 pateretur
2932 4026 3179 4096 ingressu
3217 4021 3329 4074 Arii
3357 4033 3575 4090 gregem

1993 4145 2157 4185 suum
2200 4128 2405 4183 vastari
2450 4142 2463 4177 :
2516 4133 2571 4179 et
2622 4137 2812 4192 preces
2852 4117 3093 4188 episcopi
3150 4110 3409 4184 prostrati
3454 4120 3581 4163 ante

1994 4223 2166 4277 altare
2193 4230 2306 4275 tota
2342 4226 2499 4273 nocte
2524 4223 2777 4286 peractae.
2816 4210 3108 4269 Eusebius,
3165 4214 3223 4258 ut
3253 4213 3369 4258 erat
3414 4201 3581 4256 fervi-

1994 4314 2098 4367 dus
2127 4311 2421 4382 impietatis
2454 4314 2717 4364 sectatur.
2750 4301 2957 4358 accedit
2979 4314 3104 4355 cum
3158 4296 3320 4351 turba
3360 4294 3582 4348 haereti-

1995 4416 2185 4457 corum
2214 4399 2281 4453 ad
2300 4399 2512 4462 Arium,
2539 4405 2594 4450 et
2621 4395 2774 4463 jubet
2808 4393 2862 4446 iu
2887 4390 3180 4446 concilium
3211 4386 3451 4457 prodire,
3471 4400 3582 4454 quo

1997 4495 2146 4559 sibi,
2192 4493 2361 4546 invito
2422 4491 2586 4544 etiam
2649 4485 2982 4547 Alexandro,
3046 4481 3301 4537 redderet
3348 4480 3581 4534 ablatam

289 4573 468 4649 αὑτοῦ
492 4612 506 4623 ·
546 4596 640 4649 καὶ
674 4598 707 4667 η
740 4573 874 4667 εύχὴ
915 4573 1210 4668 παννύχιος
1256 4573 1456 4652 ὑπὸ-τὸ
1498 4573 1884 4671 θυσιαστήριον

2000 4589 2199 4658 injuste
2229 4582 2515 4640 sacerdotii
2545 4580 2885 4650 dignitatem.
2920 4577 3094 4647 igitur
3117 4575 3385 4629 tumultus
3408 4573 3585 4626 oritur

288 4687 558 4756 κειμένου
591 4687 687 4739 τοῦ
721 4687 1022 4758 ἀρχιερέως
1052 4689 1380 4742 ἐπετελεῖτο.
1426 4689 1485 4741 '0
1513 4689 1569 4742 δὲ
1599 4690 1888 4754 Εὐσέϐιος,

290 4777 381 4833 οἷα
406 4780 514 4848 τῆς
560 4779 820 4844 ἀσεϐείας
845 4780 1044 4851 θερμὸς
1074 4781 1330 4852 ἐραστὴς,
1354 4780 1721 4852 παραγίνεται
1750 4784 1889 4852 μετά

288 4872 395 4939 τῆς·
427 4871 716 4941 αἰρετικῆς
755 4872 1035 4942 φάλαγγος
1068 4873 1203 4942 πρὸς
1238 4874 1330 4925 τὸν
1362 4875 1600 4945 Ἄρειον,
1627 4874 1722 4927 καὶ
1760 4892 1901 4946 προ.

289 4965 441 5017 ῖέναι
499 4962 716 5016 κελεύει
765 4966 903 5034 πρὸς
931 4963 1029 5034 τὴν
1084 4963 1322 5028 σύνοδον,
1362 4965 1483 5034 ἥτις
1524 4968 1677 5038 αὑτῷ
1704 4972 1747 5003 ⁸⁸
1797 4975 1895 5029 καὶ

288 5056 531 5116 ἄκοντος
573 5054 925 5124 Ἀλεξάνδρου
966 5055 1237 5108 ἀποδώσει
1286 5055 1349 5109 τὸ
1394 5057 1546 5128 παρὰ
1585 5059 1744 5131 δίκην
1786 5064 1892 5132 ἀφ-

290 5148 585 5223 ῃρημένον
620 5146 720 5217 τῆς
759 5148 1058 5218 ἱερωσύνης
1088 5147 1328 5217 ἀξίωμα.
1371 5149 1620 5220 Ἐπεῖχεν
1664 5152 1760 5207 οὖν
1798 5154 1890 5208 θό-

296 5243 467 5312 ρυϐος
518 5242 616 5295 καὶ
668 5241 885 5312 ταραχὴ
917 5242 1009 5294 ἐπὶ
1042 5248 1153 5306 τοῖς
1188 5243 1529 5313 κινουμένοις
1578 5245 1760 5298 πᾶσαν
1791 5246 1891 5317 τὴν

292 5336 477 5399 πόλιν,
503 5334 613 5387 τῶν
645 5333 746 5402 μὲν
770 5334 913 5404 ὑπὲρ
955 5334 1163 5402 ’Δρείου
1207 5333 1643 5398 σπουδαζόντων,
1686 5336 1795 5388 τῶν
1832 5336 1890 5390 δὲ

293 5427 398 5494 τῆς
460 5426 746 5487 εὐσεϐείας
812 5424 911 5495 τὴν
980 5425 1270 5495 προδοσίαν
1326 5426 1427 5480 οὐκ
1511 5427 1885 5497 ἀνεχομένων.

301 5518 601 5588 Ἤθροιστο
629 5518 675 5570 δ’
703 5512 797 5571 οὖν
823 5520 881 5571 ἐν
903 5520 970 5589 τῇ
999 5517 1263 5589 ἐκκλησίᾳ
1281 5520 1308 5572 ὁ
1334 5518 1611 5588 σύλλογος.
1639 5520 1752 5572 Καὶ
1777 5520 1891 5583 τοῖς

2000 4691 2055 4736 et
2086 4679 2282 4735 seditio
2324 4677 2408 4730 his
2450 4675 2691 4728 motibus
2724 4687 2817 4741 per
2850 4680 3016 4725 totam
3048 4669 3239 4723 urbem
3277 4685 3290 4720 :
3324 4666 3412 4719 his
3456 4665 3583 4735 qui-

1998 4774 2121 4828 dem
2179 4771 2247 4825 ab
2301 4768 2428 4822 Ario
2481 4767 2777 4829 stantibus,
2808 4763 2915 4817 illis
2960 4770 3142 4815 autem
3177 4758 3422 4813 veritatis
3460 4772 3587 4826 pro-

1999 4864 2258 4919 ditionem
2292 4875 2401 4915 non
2438 4858 2761 4921 ferentibus,
2790 4855 2848 4909 lit
2880 4864 3181 4909 conventus
3224 4851 3279 4905 in
3329 4848 3583 4912 ecclesia,

1996 4966 2199 5011 etcum
2227 4954 2342 5010 suis
2381 4952 2610 5007 asseclis
2639 4948 2952 5018 praecedens
3004 4946 3189 5008 Arius,
3245 4950 3299 4997 et
3354 4942 3585 4995 descen-

1997 5049 2129 5102 dens
2161 5062 2229 5101 ex
2278 5060 2444 5115 equo,
2479 5057 2755 5098 secessum
2806 5039 3087 5110 publicum
3145 5032 3448 5106 ingreditur
3488 5030 3583 5099 qui

1995 5148 2113 5195 erat
2134 5138 2201 5193 ad
2234 5136 2415 5192 forum
2449 5132 2811 5195 Constantini,
2842 5141 2896 5186 et
2926 5128 3292 5197 (exonerando
3339 5131 3582 5178 ventrem

1997 5248 2121 5287 cum
2148 5228 2514 5285 excrementis
2553 5226 2836 5289 intestina,
2871 5238 2997 5278 cum
3050 5216 3327 5273 intestinis
3376 5224 3431 5270 et
3461 5216 3585 5268 aui-

1999 5341 2145 5379 mam
2210 5323 2379 5378 miser
2413 5319 2708 5375 exhalavit.
2766 5317 2885 5383 Quo
2941 5327 3153 5368 moram
3208 5310 3483 5370 trahente.
3529 5315 3586 5361 et

1999 5419 2131 5490 quid
2166 5419 2370 5473 factum
2412 5425 2559 5472 esset
2592 5428 2717 5469 eum
2770 5411 3139 5481 ignoraretur,
3192 5406 3349 5459 aiunt
3397 5415 3584 5457 acces-

2000 5514 2139 5569 sisse
2188 5511 2590 5576 Eusebium,et
2608 5502 3030 5577 reprehendisse
3084 5506 3291 5553 tantam
3348 5507 3579 5556 moram,

1602 5681 1836 5738 VARUE
1894 5675 2301 5737 LECTIONES.

401 5826 444 5897 θ’
474 5842 534 5877 τε
560 5826 655 5877 καὶ
682 5824 823 5879 διαθ.
856 5842 917 5888 ς.
996 5825 1042 5856 ⁵⁸
1066 5824 1188 5897 τῆς]
1215 5829 1414 5881 rectius
1451 5830 1547 5895 τὴν
1570 5827 1689 5896 τῆς.
1751 5825 1824 5879 cf.
1856 5840 1905 5892 p.
1933 5820 2173 5897 R1536,
2204 5819 2290 5897 ii.
2368 5816 2411 5847 ⁸⁷
2440 5813 2763 5897 ’ἀθαναρίου
2793 5804 3146 5897 περιέσεσθαι
3315 5802 3362 5836 ⁸⁸
3396 5796 3584 5869 δῆθενΙ

310 5896 495 5965 μηδὲν,
558 5897 721 5966 idque
754 5897 1011 5961 deletum,
1051 5900 1095 5951 A
1122 5896 1140 5951 ':
1171 5896 1296 5952 70m.
1339 5897 1398 5950 Β.
1498 5899 1543 5929 ⁵⁸
1577 5900 1634 5949 ἐν
1666 5897 1791 5951 add.
1822 5898 1883 5948 Α,

1993 5892 2040 5923 ⁶⁰
2090 5880 2300 5961 Ἀρείου
2331 5902 2440 5943 om.
2470 5891 2537 5940 A.
2612 5886 2655 5917 ⁶¹
2692 5880 2842 5952 αὐτῷ

2938 5899 2950 5934 :
2994 5879 3157 5931 αὐτόν
3191 5891 3254 5939 ς.
