4036 6318
534 285 635 347 119

1686 287 1950 349 ΡΗΟΤΙῙ
1989 286 2500 349 PATRIARCH/E
2529 287 2635 349 (ΣΡ.

3697 281 3795 345 12)

530 402 585 446 et
618 391 955 463 increpuisse
997 392 1140 448 hanc
1188 391 1243 446 in
1295 406 1423 447 suos
1482 391 1760 463 injuriam,
1821 395 2113 465 servilique

2249 394 2492 465 μοδόξοις
2533 398 2853 466 συμπροῖων
2885 410 2914 448 a
2941 394 3185 464 Ἄρειος,
3226 393 3435 459 ἀποϐὰς
3474 393 3570 447 τοῦ
3601 393 3794 448 ἵππου.

531 485 831 541 conditioni
898 487 1041 541 hanc
1090 500 1298 540 moram
1370 485 1707 540 attribu‘isse.
1778 485 1874 541 Ille
1924 496 2107 541 autem

534 580 751 635 silentio
769 578 943 648 magis
965 593 1060 632 eos
1090 576 1336 643 offendit,
1363 592 1529 647 quam
1560 576 1816 631 tarditate
1844 577 2107 647 quamdiu

2216 487 2275 540 ἐν
2301 505 2407 540 τινι
2436 488 2709 559 ἀφεδρῶνι
2740 488 3005 559 δημοσίῳ,
3041 488 3099 552 ὂς
3129 488 3351 542 ὄπισθεν
3376 486 3789 542 κατεσκεύαστο

2215 579 2309 632 τοῦ
2337 579 2748 633 Κωνσταντίνου
2781 580 2973 649 φόρου,
3007 580 3221 646 είσεισι,
3254 579 3348 633 καὶ
3378 581 3436 631 ἐν
3468 577 3547 648 τῷ
3575 580 3801 632 ἀποπα-

535 668 915 738 ignorabatur.
950 667 1059 722 Sed
1081 666 1349 721 Eusebius
1386 665 1673 731 accedens,
1709 681 1936 738 surgere
1963 666 2107 721 bono

2249 672 2326 724 εῖν
2370 672 2487 733 τοῖς
2518 669 2810 733 σκυϐἀλοις
2843 670 2943 741 μὲν
2967 672 3033 724 τά
3057 669 3276 738 ἔντερα,
3319 672 3431 733 τοῖς
3471 669 3711 738 ἐντέροις
3743 669 3802 721 δὲ

533 760 718 812 animo
742 758 939 829 jubet:
973 759 1280 829 exspectari
1313 756 1459 811 enim
1499 772 1531 810 a
1598 765 1711 811 tota
1770 758 2002 829 synodo,
2049 766 2107 812 ut

2250 761 2315 832 ὴν
2370 761 2548 832 ψυχὴν
2612 763 2641 814 6
2693 762 2925 823 δείλαιος
2981 760 3377 815 συναποϐάλλει
3411 761 3455 791 ⁸⁸

534 853 868 908 absolvatur.
897 853 1004 908 Sed
1045 854 1134 907 ille
1163 854 1217 907 in
1268 861 1530 906 attentum
1583 851 1726 905 silet.
1780 849 1846 904 Et
1895 852 2109 905 tandem

536 943 725 998 infelix
765 944 857 999 ille
894 943 1164 999 Eusebius
1208 950 1487 997 mortuum
1529 957 1653 998 esse
1695 941 1959 997 intellexit
1991 959 2005 995 :
2034 940 2117 995 sic

538 1037 782 1109 synodus
838 1036 1197 1091 dissolvitur:
1238 1044 1293 1090 et
1345 1034 1441 1105 qui
1497 1034 1868 1090 Alexandrum
1921 1032 2117 1088 exsilio

537 1129 950 1183 condemnaturi
1023 1136 1201 1192 erant,
1271 1127 1624 1197 abrogantes,
1667 1125 1894 1196 abiectis
1935 1124 2117 1195 impiis

537 1215 832 1287 sullragiis,
864 1216 1247 1271 haereticorum
1307 1217 1501 1270 ducem
1553 1215 1741 1271 vivum
1792 1215 1859 1270 ad
1916 1215 2120 1271 inferos

536 1306 750 1360 detrudi
802 1305 1070 1368 videntes,
1100 1321 1361 1376 magnum
1407 1305 1534 1361 inde
1581 1306 1806 1373 capiunt
1849 1305 2117 1360 dolorem.

536 1397 667 1453 Post
690 1397 949 1453 divinitus
977 1397 1223 1452 immissa
1254 1397 1409 1467 plaga
1440 1396 1650 1466 pudore
1675 1395 2120 1469 confusi,47ﬂ.a

537 1492 632 1546 sed
663 1505 770 1545 non
809 1490 927 1555 diu,
961 1506 1183 1546 rursum
1223 1489 1654 1545 conciliabulum
1690 1490 1960 1556 indicunt,
1995 1489 2122 1542 Dei-

537 1597 645 1652 que
678 1582 815 1636 iram
848 1582 901 1636 in
933 1582 1121 1637 Arium
1157 1582 1227 1637 ad
1275 1597 1623 1638 communem
1672 1580 1955 1635 hominum
2006 1596 2127 1635 sor-

540 1686 646 1730 tem
679 1676 886 1732 referre
910 1686 1202 1732 conantur.
1247 1676 1317 1731 At
1367 1676 1414 1731 si
1472 1686 1687 1745 tempus
1747 1682 1961 1745 Species
2018 1688 2128 1743 quo

3462 798 3477 814 .
3540 760 3691 813 Ἐπεὶ
3743 760 3805 813 δέ

2219 853 2484 924 ἐϐράδυνε
2519 854 2611 907 καὶ
2645 853 2707 907 τὸ
2749 852 2993 925 πραχθὲν
3025 852 3327 929 ἐκάλυπτεν
3364 851 3576 919 ἄγνοια,
3619 853 3809 904 ἐπεισ-

2218 944 2460 1015 πηδῆσαι
2489 944 2748 1015 λόγοςτὸν
2772 945 3031 998 Εὐσέϐιον
3064 946 3158 998 καὶ
3196 943 3539 1010 ἐξονειδίζειν
3564 942 3667 1013 μὲν
3703 942 3806 1011 τῆς

2220 1035 2574 1109 βραδυτῆτος,
2599 1038 2939 1103 ἐξονειδίζειν
2958 1037 3017 1090 δὲ
3046 1039 3146 1108 τῆς
3175 1038 3254 1100 είς
3272 1037 3319 1067 ⁸⁸
3348 1036 3544 1099 αὐτοὺς
3567 1034 3807 1105 ὕϐρεωςο

2220 1130 2278 1185 ἐν
2312 1130 2661 1201 ἀνδραπόδων
2686 1131 2796 1202 γὰρ
2824 1130 2989 1201 μοίρᾳ
3026 1129 3088 1184 τὸ
3123 1129 3317 1197 ἄλογον
3349 1128 3550 1190 αὐτοὺς
3593 1125 3729 1179 ἐκπέ
3741 1142 3812 1196 μ-

2221 1239 2343 1276 πειν
2364 1222 2577 1293 βράδος.
2597 1222 2655 1274 Ὀ
2672 1222 2727 1274 δὲ
2750 1222 2826 1291 τῷ
2850 1220 3055 1292 ἀφώνῳ
3074 1221 3275 1290 μᾶλλον
3295 1220 3494 1285 αὐτοὺς
3516 1218 3550 1289 ἦ
3572 1217 3647 1287 τῷ
3670 1217 3815 1288 βρα-

2223 1317 2306 1371 δεῖ
2334 1316 2712 1387 καταισχύνων
2742 1316 2880 1380 τέως
2911 1315 3276 1371 διελάνθανεν.
3321 1314 3463 1368 Ἀλλ’
3484 1314 3513 1367 6
3539 1310 3813 1371 Εὐσέϐιος

2228 1407 2664 1485 μεταϐαλόμενος
2710 1409 2755 1440 ⁸⁵
2814 1408 3113 1477 ἀναστῆναι
3173 1406 3474 1477 παρεκάλει
3540 1400 3816 1475 θαρροῦν-

2224 1519 2296 1556 τα
2311 1502 2357 1533 ⁸³
2379 1518 2391 1530 ’
2422 1500 2789 1571 προσδόκιμον
2822 1499 2932 1571 γὰρ
2960 1498 3103 1552 εἶναι
3146 1499 3241 1552 ἐπὶ
3268 1495 3518 1551 ἀθωώσει
3550 1494 3704 1564 πάσῃ
3736 1493 3809 1562 τῇ

2229 1594 2453 1663 συνόδῳ.
2497 1593 2555 1647 '0
2588 1592 2645 1645 δὲ
2666 1593 2765 1664 τὴν
2796 1592 3031 1663 ἐσχάτην
3060 1590 3221 1660 ἐσίγα
3250 1589 3431 1657 σιγήν.
3463 1585 3575 1640 Καὶ
3610 1582 3763 1654 μολις
3785 1584 3816 1635 6

2229 1684 2579 1756 κακοδαίμων
2610 1684 2871 1747 Εὐσέϐιος
2903 1682 3135 1753 συνῆκεν
3188 1684 3271 1735 ὅτι
3295 1680 3556 1750 τέθνηκεν
3584 1678 3614 1730 6
3643 1691 3819 1727 σπου-

541 1767 840 1824 Ecclesiam
890 1768 984 1825 Dei
1019 1770 1274 1824 invadere
1327 1769 1588 1835 teutabat,
1649 1784 1755 1823 non
1812 1778 1920 1821 tam
1975 1765 2123 1821 fatali

2249 1779 2544 1847 ῖαζόμενος.
2593 1777 2881 1831 Διαλύεται
2925 1775 3105 1829 τοίνυν
3142 1776 3181 1844 νὴ
3230 1771 3468 1835 σύνοδος,
3514 1769 3606 1822 καὶ
3640 1769 3689 1822 οἱ
3719 1766 3821 1819 τὸν

542 1871 741 1927 morte,
784 1876 951 1932 quam
1015 1861 1111 1917 Dei
1158 1863 1367 1918 ultione
1414 1863 1747 1918 exstinctum
1803 1860 2129 1928 interpreta-

544 1952 706 2008 heris.
748 1951 830 2007 llli
866 1966 1045 2009 tamen
1073 1953 1393 2009 Constantio
1448 1950 1989 2024 persuadeutArium
2026 1966 2129 2005 na-

544 2058 680 2101 turae
727 2046 970 2103 debitum
1023 2047 1384 2118 persolvisse,
1428 2060 1608 2117 neque
1655 2044 1854 2101 divinae
1905 2044 2133 2099 ultionis

543 2157 762 2210 pinnam
825 2141 1084 2197 subiisse.
1160 2140 1250 2196 Sic
1302 2143 1466 2196 miser
1515 2137 1816 2195 Alexandri
1879 2137 2133 2208 precibus

547 2243 655 2286 tam
679 2232 822 2287 finde
849 2232 1015 2287 vitam
1049 2232 1208 2300 ﬁniit,
1233 2224 1422 2289 beatus
1458 2241 1649 2288 contra
1690 2231 2002 2286 Alexander
2045 2230 2136 2300 pie

543 2335 595 2380 et
635 2334 822 2381 sancte
862 2327 1026 2394 paulo
1056 2336 1175 2395 post
1206 2340 1303 2396 pro
1334 2326 1599 2392 terrestri,
1636 2325 1859 2380 caeleste
1901 2321 2131 2378 domici-

545 2418 677 2472 lium
708 2418 934 2488 adeptus
972 2428 1073 2472 est.
1108 2416 1242 2473 Tres
1276 2417 1497 2488 quidem
1542 2426 1598 2472 et
1649 2417 1838 2487 viginti
1889 2416 1945 2470 in
2004 2415 2124 2485 epi-

546 2516 772 2575 scopatu
804 2507 983 2575 exegit
1005 2520 1200 2570 annos,
1230 2506 1408 2559 aetatis
1434 2520 1565 2559 vero
1594 2506 1890 2575 nonaginta
1919 2514 2066 2560 octo.

2241 1869 2590 1941 Ἀλέξανδρον
2620 1866 2889 1940 ὑπερορίᾳ
2919 1866 3399 1929 καταδικάζοντες,
3438 1861 3693 1932 ῥίψαντες
3715 1856 3825 1920 τὰς

2228 1961 2476 2023 ἀνοσίους
2498 1960 2542 1991 ⁸⁸
2565 1958 2802 2028 ψήφους,
2848 1958 2941 2009 τὸν
2989 1955 3091 2026 τῆς
3135 1953 3402 2023 αἱρέσεως
3444 1949 3623 2004 αὐτῶν
3662 1948 3831 2017 ἀρχισ-

2233 2052 2545 2124 στράτηγον
2567 2050 2748 2114 ζῶντα
2786 2051 2866 2112 είς
2900 2048 3033 2119 ᾅδην
3074 2045 3363 2116 βλέποντες
3403 2037 3834 2108 καταϐεϐηκότα.

2232 2143 2422 2196 πένθει
2449 2140 2671 2211 μεγάλῳ
2704 2139 3042 2209 συνέχονται.
3081 2135 3200 2189 Ἐπ’
3235 2135 3416 2203 ὀλίγον
3447 2132 3504 2185 δὲ
3533 2134 3599 2201 τῇ
3626 2128 3835 2198 θεηλὰ-

2232 2249 2311 2302 τῳ
2354 2231 2539 2302 πληγῇ
2582 2227 2969 2299 αἰσχυνθέντες
3001 2225 3166 2279 πάλιν
3192 2225 3274 2287 είς
3299 2221 3531 2294 φατρίας
3565 2215 3838 2272 συνετάτ-

2233 2338 2410 2382 τοντο.
2432 2322 2529 2374 καὶ⁹
2551 2322 2650 2391 τὴν
2676 2319 2821 2372 κατά
2850 2318 3062 2389 Ἀρείου
3094 2302 3480 2386 θεομηνίανείς
3520 2309 3611 2365 τὸν
3647 2306 3839 2360 κοινὸν

2235 2412 2604 2482 ἐφιλονείκουν
2631 2410 2923 2481 ἀναφέρειν
2950 2409 3179 2462 θάνατον
3202 2424 3216 2438 ο
3250 2406 3427 2459 καίτοι
3461 2403 3558 2457 καὶ
3587 2403 3615 2454 6
3645 2398 3840 2459 κοινὶις

2240 2506 2424 2568 αὐτοῖς
2446 2505 2566 2559 κατ’
2590 2505 2771 2559 ἐκεῖνο
2820 2500 3016 2574 καιροῦ
3044 2497 3403 2570 συνενεχθεὶς,
3447 2498 3537 2550 ὅτε
3566 2492 3667 2563 τῆς
3704 2490 3843 2542 Ἐκ-

547 2599 779 2670 κλησίας
820 2599 1128 2653 ἐπιϐαίνειν
1194 2600 1357 2654 αὐτὸν
1420 2600 1795 2668 διεπούδαζον,
1825 2602 1905 2666 είς
1938 2602 2031 2656 τὸν
2061 2600 2251 2656 καινὸν
2294 2601 2339 2634 ⁸⁷
2399 2602 2495 2655 καὶ
2555 2600 2819 2673 θεήλατον
2884 2596 3283 2669 μεταϐάλλεται
3344 2594 3597 2648 θάνατον.
3639 2589 3845 2657 Ὅμως

551 2692 932 2746 Κωνστάντιον
992 2692 1055 2744 τὸ
1123 2692 1460 2763 ἀνδράποδον
1521 2693 1741 2747 ἔπειθον
1796 2695 1872 2759 ὡς
1911 2695 1971 2748 τὸ
2000 2695 2045 2727 ⁸⁸
2070 2696 2169 2768 τῆς
2210 2695 2426 2764 φύσεως
2461 2695 2621 2767 χρέος
2669 2693 2973 2759 ἀπέδωκεν,
3022 2689 3139 2745 ἀλλ’
3173 2690 3234 2743 οὐ
3260 2688 3409 2750 θείας
3442 2685 3616 2757 ὀργῆς
3679 2680 3845 2749 δίκην

548 2784 809 2838 ἀπέτισεν
854 2786 1098 2855 ’Δρειος.
1134 2785 1274 2839 Ἀλλ’
1319 2788 1348 2840 6
1392 2786 1490 2857 μὲν
1528 2787 1712 2852 ἄθλιος
1755 2789 1963 2852 ἐκεῖνος
1999 2791 2122 2853 ταῖς
2164 2790 2516 2861 Ἀλεξάνδρου
2557 2791 2889 2860 προσευχαῖς
2928 2786 3178 2857 ἐλεεινῶς
3211 2784 3355 2839 οὕτω
3387 2781 3481 2836 τὸν
3511 2778 3621 2849 βίον
3674 2771 3852 2829 κατέ⁹

552 2877 784 2949 στρεύεν
803 2894 818 2909 ο
851 2878 878 2930 6
903 2877 1129 2944 δέ·θεῖος
1170 2878 1520 2951 Ἀλέξανδρος
1541 2882 1886 2951 ὀσιοπρεπῶς
1918 2899 1977 2935 τε
1994 2882 2090 2936 καὶ
2108 2883 2278 2951 ἁγίως
2308 2886 2424 2953 μετ’
2445 2882 2625 2952 ὀλίγον
2646 2883 2766 2936 ἀντὶ
2787 2884 2888 2951 τῆς
2913 2880 3161 2947 ἐπιγείου
3184 2878 3283 2941 τὰς
3313 2872 3601 2946 οὐρανίους
3631 2867 3851 2938 σκηνὰς

550 2973 923 3045 ἐκληρώσατο,
989 2974 1120 3045 τρία.
1179 2974 1279 3045 μὲν
1330 2975 1425 3028 καὶ
1473 2976 1646 3028 εῐκοσι
1700 2975 1760 3028 ἐν
1803 2977 1870 3045 τῇ
1917 2978 2189 3046 ἐπισκοπῇ
2226 2976 2539 3038 διατελέσας
2565 2974 2685 3043 ἐτη,
2722 2972 2871 3043 βιοὺς
2899 2972 2957 3025 δὲ
2981 2969 3126 3024 ὀκτὼ
3153 2970 3247 3023 καὶ
3274 2967 3623 3037 ἐνενήκοντα.

625 3065 749 3121 llzec
774 3065 1024 3130 historia,
1046 3066 1195 3120 unde
1223 3066 1328 3121 ista
1358 3068 1759 3136 excerpsimus,
1783 3082 1891 3121 non
1917 3067 2145 3121 omnino
2172 3092 2216 3149 ο

551 3158 853 3223 elaborata,
890 3173 953 3212 ac
999 3159 1157 3212 docta
1192 3157 1501 3212 elocutione
1531 3173 1595 3213 ac
1626 3158 1939 3224 sententiis,
1968 3173 2148 3228 neque

554 3263 781 3320 prorsus
843 3249 968 3304 vilis
1016 3258 1113 3303 aut
1173 3250 1443 3319 neglecta.
1477 3247 1535 3302 Si
1586 3263 1710 3318 quae
1766 3258 1957 3304 contra
1985 3258 2150 3318 atque

557 3341 649 3394 alii
687 3350 891 3407 narret,
928 3340 1035 3395 hoc
1078 3340 1306 3397 alterius
1332 3341 1568 3398 instituti
1607 3351 1661 3398 et
1684 3341 1876 3412 judicii
1909 3350 2012 3408 est,
2039 3356 2148 3397 non

557 3434 906 3504 excerpcntis
934 3442 989 3490 et
1014 3433 1413 3490 contrahentis.

568 3834 696 3890 Vita
726 3832 889 3889 Pauli
917 3832 1164 3904 Episcopi
1186 3741 1776 3903 Εὲιῗειίέιξίίηοροιίιαηί
1804 3830 2146 3900 confessoris.

635 3995 768 4066 Legi
798 3995 1001 4052 librum
1031 3993 1126 4064 qui
1148 3992 1469 4049 inscribitur
1510 4010 1526 4048 :
1574 3990 1701 4046 Vita
1757 4007 1851 4045 seu
1891 3999 2153 4045 certamen

566 4090 740 4151 sancti
765 4087 946 4144 Patris
975 4087 1144 4142 Pauli
1164 4088 1395 4156 episcopi
1422 4084 2003 4156 Constantinopolitani
2024 4100 2153 4138 cou-

569 4184 807 4255 fessoris,
836 4181 907 4237 ad
940 4181 1194 4238 eumdem
1229 4178 1458 4235 modum
1489 4186 1835 4248 excerptum.

641 4361 999 4418 Constantius
1028 4359 1261 4416 Romani
1291 4360 1502 4432 imperii
1536 4360 1603 4416 ad
1630 4357 1908 4415 Orientem
1936 4359 2160 4430 regebat

571 4464 807 4525 sceptra,
840 4454 1151 4525 proditione
1174 4454 1412 4510 haeretici
1439 4454 1767 4520 sacerdotis,
1798 4462 1848 4507 et
1886 4467 2158 4507 consensu

573 4549 955 4605 cunuchorum
1017 4548 1289 4619 irrepens.
1342 4547 1534 4611 Ariani
1583 4555 1765 4602 autem
1806 4546 2003 4600 iterum
2040 4545 2160 4614 pios

574 4653 1005 4711 persequuntur,
1034 4650 1089 4696 et
1120 4640 1485 4695 Athanasium
1515 4639 1700 4693 statim
1730 4637 1999 4692 Occidens
2037 4652 2163 4691 sus-

573 4735 724 4805 cipit.
761 4734 986 4790 Divinus
1028 4749 1161 4789 vero
1214 4731 1545 4798 Alexander,
1568 4730 1730 4785 morti
1775 4730 2010 4795 vicinus,
2041 4731 2164 4785 nul-

2320 3067 2449 3121 Ὀτι
2484 3069 2517 3134 ἡ
2562 3064 2879 3137 συγγραφὴ,
2912 3062 2971 3127 ἐξ
3000 3057 3068 3133 ἦς
3097 3063 3130 3131 ἡ
3166 3057 3420 3130 παροῦσα
3451 3051 3721 3125 προῆλθεν
3750 3050 3855 3104 ἐκ⁹

2255 3159 2410 3229 λογὴ,
2455 3156 2579 3210 οὐτε
2619 3155 2900 3219 παντελῶς
2926 3157 3006 3218 εἰς
3031 3156 3090 3208 τὸ
3119 3148 3559 3223 διηκριϐωμένον
3588 3143 3717 3217 [772
3742 3143 3851 3213 11.]

2255 3251 2354 3306 καὶ
2385 3249 2548 3319 σοφὸν
2573 3248 2673 3318 τῆς
2709 3249 2966 3319 φράσεως
3015 3247 3109 3299 καὶ
3155 3245 3254 3315 τῆς
3283 3239 3522 3302 διανοίας
3564 3234 3858 3306 ἐκμεμόρ-

2255 3361 2456 3412 φωται,
2487 3340 2614 3396 οὐτε
2649 3340 2786 3411 πρὸς
2833 3338 2893 3392 τδ
2926 3340 3143 3410 χυδαῖον
3196 3336 3292 3390 καὶ
3335 3332 3685 3405 ἠμελημένον
3728 3327 3860 3381 διοι-

2253 3438 2570 3492 πέπτωκεν,
2626 3434 2692 3487 Et
2743 3433 2801 3486 δέ
2823 3449 2950 3487 τινα
3005 3430 3158 3503 παρά
3210 3428 3337 3493 τοὺς
3380 3424 3574 3488 ἄλλους
3617 3421 3857 3492 ἱστορεῖ,

2253 3528 2412 3582 τοῦτο
2440 3526 2653 3598 διαίτης
2698 3524 2795 3579 καὶ
2832 3523 3072 3594 κρίσεως
3109 3518 3298 3589 ἀλλης,
3331 3516 3445 3571 ἀλλ’
3474 3515 3577 3569 οὐκ
3608 3510 3858 3580 ἐκλογῆς

2254 3620 2376 3674 οὐδέ
2405 3618 2700 3688 συντομίας
2722 3618 2790 3671 θθ.

2970 3725 3140 3780 ΣΝΖ⁹.

2256 3825 2393 3892 Βιὸς
2430 3825 2683 3879 Παύλου
2718 3821 2825 3877 τοῦ
2863 3815 3566 3892 Κωνσταντινουίεόλεως
3602 3813 3863 3868 ἐπισκό-

2698 3906 2838 3959 που,
2864 3889 2968 3944 τοῦ
2995 3885 3388 3959 ὀμολογητοῦ.

2330 4006 2493 4081 [1426
2522 4005 2590 4079 Β]
2624 4003 2968 4074 Ἀνεγνώσθη
2986 4003 3051 4056 ἐκ
3072 3999 3171 4055 τοῦ
3196 3997 3640 4072 ἐπιγραφομένου
3666 3995 3863 4063 λόγου,

2262 4102 2406 4168 Βιος
2436 4099 2474 4168 ἢ
2506 4099 2765 4166 ἄθλησις
2786 4095 2896 4151 τοῦ
2928 4096 3106 4150 ὁσίου
3134 4094 3368 4162 Πατρὸς
3391 4089 3562 4161 ἡμῶν
3585 4090 3862 4152 Παύλου,

2132 4199 2143 4209 '
2258 4191 2366 4246 τοῦ
2402 4188 3099 4254 Κωνσταγτινουπόλεως
3115 4188 3159 4220 "°
3181 4183 3521 4239 ἐπισκόπου
3545 4223 3558 4244 ,
3590 4181 3696 4236 τοῦ
3726 4183 3869 4249 ὀμο-

2259 4284 2544 4353 λογητοῦ,
2580 4285 2668 4354 ἐφ’
2699 4282 2866 4354 ὁμοίᾳ
2888 4280 3313 4349 συστελλόμενος
3338 4278 3571 4332 ἐκδόσει.

2334 4373 2714 4436 Κωνστάντιος
2757 4373 2857 4441 τὴν
2915 4369 3232 4441 Ῥωμαϊκὴν
3274 4368 3474 4441 ἀρχὴν,
3505 4367 3540 4438 ἢ
3568 4366 3613 4399 τι
3647 4364 3718 4419 τὰ
3754 4364 3865 4433 τῆς

2265 4460 2556 4532 ’Δνατολῆς
2587 4462 2888 4532 ἐχειρίζετο
2912 4462 3193 4531 σκῆπτρα,
3220 4459 3484 4531 προδοσίᾳ
3522 4456 3615 4511 τοῦ
3647 4457 3745 4526 τῆς
3770 4456 3864 4507 αίσ

2267 4555 2470 4623 ρέσεως
2526 4552 2901 4624 πρεσϐυτέρου
2949 4554 3044 4606 καὶ
3101 4550 3378 4621 συνδρομῇ
3432 4548 3541 4602 τῶν
3584 4547 3864 4617 εὐνούχων

2267 4645 2577 4715 ὑποτρέχει,
2600 4645 2696 4697 καὶ
2721 4646 2771 4697 οἱ
2797 4644 2854 4709 ἐξ
2888 4644 3097 4714 Ἀρείου
3125 4643 3366 4713 διωγμὸν
3397 4642 3541 4695 κατά
3568 4640 3678 4693 τῶν
3700 4640 3867 4691 εὐσε-

2268 4736 2507 4791 ϐούντων
2540 4736 2703 4789 πάλιν
2731 4736 2963 4799 κινοῦσι,
2996 4737 3091 4788 καὶ
3128 4735 3450 4788 Ἀθανάσιον
3496 4730 3655 4794 αὖθις
3702 4730 3869 4799 δέχε-

575 4828 686 4882 Ιιιηι
708 4825 1329 4895 Constantinopolitanae
1360 4822 1616 4881 Ecclesiae
1646 4823 1750 4878 sibi
1780 4837 2138 4878 successoren

2268 4846 2355 4882 ται
2386 4830 2419 4898 ἡ
2461 4827 2746 4898 Ἑσπερία.
2790 4824 2847 4879 Ὀ
2894 4826 2951 4878 δέ
2995 4825 3133 4889 θεῖος
3189 4823 3543 4894 Ἀλέξανδρος
3574 4820 3654 4890 τῷ
3674 4822 3721 4852 ⁷⁸
3765 4820 3868 4871 τοῦ

575 4921 850 4990 designat.
876 4917 1027 4974 Duos
1054 4918 1196 4972 inter
1228 4916 1364 4971 alios
1385 4916 1605 4987 delegit,
1640 4931 1796 4971 suam
1829 4925 2020 4971 contra
2048 4915 2157 4970 hee-

576 5011 744 5066 resim
780 5008 985 5080 populo
1013 5009 1155 5064 hanc
1177 5009 1506 5065 sententiam
1558 5023 1860 5077 exponens,
1902 5017 1959 5062 ut
1989 5007 2159 5078 elige-

578 5113 723 5170 rent,
768 5104 816 5159 si
870 5103 1093 5168 vellent,
1130 5103 1348 5157 doctum
1409 5110 1464 5156 et
1520 5101 1671 5171 pium
1715 5099 1971 5166 Paulum,
1997 5114 2161 5170 quem

580 5198 698 5267 ipse
728 5197 1069 5252 sacerdotem
1102 5196 1451 5252 ordinaverat
1481 5213 1494 5249 :
1522 5194 1569 5249 si
1623 5209 1753 5248 vero
1785 5192 1972 5248 forma:
1993 5204 2046 5248 et
2069 5210 2167 5247 εκ»

581 5289 797 5344 terioris
847 5287 1157 5343 ornamenti
1202 5285 1387 5340 habita
1422 5285 1633 5340 ratione
1677 5294 1962 5355 cuperent,
1989 5284 2167 5341 Μειεεο

2270 4920 2386 4991 βίου
2419 4919 2726 4990 πλησιάσας
2758 4918 2923 4981 τέλει,
2956 4917 3148 4970 οὐδένα
3168 4916 3266 4986 μὲν
3295 4916 3397 4985 τῆς
3422 4916 3869 4967 Κωνσταντινου-

2274 5011 2485 5072 πόλεως
2528 5009 2773 5079 διάδοχον
2828 5008 2993 5061 αὐτοῦ
3032 5010 3347 5079 χειροτονεῖ,
3387 5005 3619 5074 λογάδας
3663 5003 3720 5055 δέ
3753 5003 3869 5053 τῶν

2273 5103 2452 5157 ἀλλων
2476 5100 2569 5154 δύο
2598 5103 2852 5165 ποιεῖται,
2882 5099 3110 5169 γνώμην
3141 5098 3396 5168 τοιαύτην
3437 5100 3517 5160 είς
3548 5096 3759 5167 αἵρεσιν
3788 5094 3869 5161 τῷ

2278 5196 2477 5267 πλήθει
2524 5194 2722 5257 διδοὺς,
2749 5195 2824 5258 ὡς
2863 5196 2911 5246 εἰ
2947 5194 3046 5263 μὲν
3075 5191 3351 5263 βούλοιντο
3390 5187 3773 5244 διδασκαλικόν
3807 5204 3871 5238 τε

2277 5286 2395 5356 ἅμα
2420 5287 2514 5340 καὶ
2543 5289 2661 5348 ταῖς
2688 5287 2911 5355 ἀρεταῖς
2935 5286 3340 5355 ἀστράπτοντα,
3366 5280 3582 5336 Παῦλον
3606 5280 3871 5349 αἱρήσον-

1881 5446 2122 5502 ΥΑΒΙᾸΞ
2175 5445 2582 5501 LECTlONES.

676 5588 722 5621 “
754 5584 1147 5641 συναποϐάλλει
1191 5586 1222 5640 6
1264 5584 1494 5648 δείλαιος
1531 5585 1593 5642 Β.
1688 5586 1733 5618 ⁸³
1763 5585 1865 5657 εἰς]
1898 5587 2033 5657 πρός
2061 5585 2123 5642 Β.
2202 5587 2249 5619 ⁸⁵

624 5661 827 5722 ούντως
859 5658 916 5711 Β.
1020 5658 1065 5689 ⁶⁶
1094 5657 1310 5711 ἀνοσίου
1335 5674 1395 5720 ς.
1474 5657 1519 5687 ⁸⁷
1556 5657 1742 5710 καινόν
1776 5656 1815 5709 Β
1843 5656 1861 5710 Ξ
1909 5656 2085 5710 κοινόν
2117 5675 2177 5721 ς.

641 5746 804 5785 ωνστ.
835 5731 1018 5784 ἐπισκ.
1050 5743 1159 5783 om.
1190 5729 1255 5783 A.

2286 5586 2723 5655 μεταϐαλόμενος
2756 5601 2898 5639 corr.
2934 5584 3000 5639 B:
3025 5584 3493 5652 μεταϐαλλόμενος
3522 5600 3589 5655 ἦ
3660 5582 3711 5655 οξ
3728 5580 3873 5655 Bap:

2277 5650 2321 5688 ‘8
2342 5654 2426 5727 τὸ]
2450 5657 2544 5709 τόν
2565 5650 2641 5710 Ἀ.
2722 5657 2766 5690 θ’
2796 5650 3093 5727 συντομίας
3127 5655 3247 5709 οὐδέ
3280 5650 3507 5723 ἐκλογῆς
3556 5652 3615 5705 Β.
3695 5653 3740 5683 ⁷⁸
3769 5650 3869 5703 τοῦ

1351 5728 1393 5760 ⁷¹
1426 5724 1487 5800 ἢ]
1518 5728 1553 5798 ἡ
1574 5727 1636 5791 Β,
1675 5728 1861 5783 addito
1898 5744 2024 5783 mox
2059 5727 2095 5781 ἀ
2126 5738 2252 5785 ante
2281 5724 2558 5799 προδοσίᾳ.
2636 5729 2680 5760 ⁷³
2712 5726 2813 5799 τῷ]
2841 5730 2895 5779 εν
2924 5726 3001 5797 τῲ
3032 5728 3096 5777 Α.
