4152 6422
276 396 376 460 121

1373 398 1899 461 BIBLIOTHECA-
1931 425 2004 438 -
2030 401 2198 465 COD.
2238 402 2507 465 CCLVII.

3448 402 3552 467 1°29.

268 528 386 578 ται,
426 512 487 565 ὃν
513 512 676 576 αὐτὸς
710 512 1087 588 ἐχειροτόνησε
1116 518 1510 593 πρεσϐύτερον,
1535 521 1585 573 εἰ
1618 520 1666 572 δ’
1689 521 1748 572 ἐν
1776 517 1857 589 τῷ

1981 521 2212 586 Ionium,
2257 521 2387 575 olim
2424 519 2734 576 ordinatum
2790 520 3106 585 diaconum,
3143 527 3197 574 et
3233 519 3345 588 jam
3389 537 3550 576 sene-

272 609 524 677 σχήματι
576 608 774 679 σεμνὸν
827 611 923 664 καὶ⁵
961 613 1183 679 κόσμιον
1224 613 1291 682 τῇ
1335 611 1537 678 ἔξωθεν
1571 610 1863 681 περιϐολῇ,

271 699 637 766 Μακεδόνων,
670 701 838 756 πάλαι
863 703 1309 774 χειροτονηθέντα
1332 705 1582 759 διάκονον
1609 705 1703 757 καὶ
1727 704 1865 773 πρὸς

274 792 456 861 γῆρας
486 792 856 849 ἀποκλίνοντα
874 795 940 849 ⁷³.
969 794 1153 848 Ταῦτα
1186 795 1629 866 εἰσηγησάμενος
1660 795 1743 856 εἰς
1768 792 1867 861 τὴν

276 885 492 953 ἀμείνω
538 885 693 956 λῆξιν
750 887 1089 956 μεταϐαίνει,
1118 886 1552 960 ἀρχιερατεύσας
1597 886 1693 956 μὲν
1738 883 1869 955 τρία

276 978 373 1030 καὶ
423 978 603 1031 εῐκοσι
657 978 777 1048 ἔτη,
831 980 978 1051 βιούς
1012 980 1069 1032 δὲ
1110 980 1201 1033 τὸν
1230 980 1409 1034 πάντα
1445 978 1559 1049 βίον
1590 974 1734 1031 ὀκτὼ
1766 982 1861 1037 καὶ

274 1069 632 1139 ἐνενήκοντα.
669 1070 880 1125 Γίνεται
908 1071 964 1124 δὲ
999 1072 1302 1138 φιλονεικία
1343 1072 1474 1139 περὶ
1519 1071 1619 1139 τὴν
1652 1072 1867 1141 αἳρεσιν

273 1159 386 1213 τῶν
425 1162 853 1232 προειρημένων
898 1163 1141 1234 ἀνδρῶν·
1177 1164 1227 1215 οἰ
1262 1164 1361 1233 μὲν
1387 1162 1495 1234 γὰρ
1548 1161 1608 1227 ἐξ
1648 1164 1863 1234 Ἀρείου

274 1254 416 1325 πρὸς
448 1254 789 1307 Μακεδόνιον
816 1254 1066 1319 ἔϐλεπον,
1101 1255 1164 1308 τὸ
1195 1255 1253 1308 δὲ
1279 1255 1561 1326 όρθόδοξον
1593 1257 1686 1309 τὸν
1717 1256 1866 1309 Παῦ-

274 1350 367 1401 λον
393 1347 783 1418 προύτίθεσαν.
810 1348 1017 1419 Κρατεῐ
1039 1347 1085 1399 δ’
1118 1342 1212 1401 οὖν
1240 1349 1275 1418 η
1299 1348 1408 1400 τῶν
1438 1346 1730 1418 όρθόδοξων
1756 1348 1865 1418 ψῆ-

277 1457 397 1508 φος,
440 1441 541 1492 καὶ
590 1440 980 1509 χειροτονεῖται
1023 1441 1054 1493 6
1091 1440 1303 1505 Παῦλος
1341 1439 1638 1505 ἐπίσκοπος
1685 1442 1745 1493 ἐν
1796 1443 1866 1511 τῇ

278 1533 376 1603 τῆς
405 1533 577 1601 ἁγίας
608 1533 845 1603 Εἰρήνης
878 1531 1152 1602 ἐπωνύμῳ
1177 1532 1465 1603 ἐκκλησία,
1503 1532 1572 1604 ἣν
1620 1533 1649 1586 6
1677 1531 1867 1602 χρόνος

280 1626 736 1680 ἀντιδιαστέλλων
778 1624 881 1693 τῆς
910 1626 1039 1688 νέας
1072 1624 1241 1678 ἔδωκε
1281 1625 1566 1679 καλεῖσθαι
1604 1624 1863 1678 παλαιάν.

281 1718 665 1780 Κωνστάντιος
694 1716 753 1770 δὲ
778 1718 839 1770 ού
876 1718 1012 1788 μετά
1036 1716 1171 1770 πολὺ
1204 1719 1267 1770 ἐκ
1288 1718 1387 1788 τῆς
1424 1717 1740 1787 Ἀντιοχέων
1763 1714 1864 1771 πό-

285 1812 418 1874 λεως
451 1813 509 1863 ἐν
536 1812 608 1880 τῇ
639 1810 1049 1864 Κωνσταντίνου
1086 1811 1133 1842 ⁷⁸
1166 1790 1425 1878 γεγοῶς,
1456 1811 1525 1864 δι’
1553 1811 1723 1881 όργῆς
1751 1808 1864 1880 εἶχε

1973 622 2215 668 scentem
2239 612 2566 681 acciperent.
2587 610 2711 665 Haec
2741 611 2981 665 referens
3006 621 3128 680 post
3156 613 3408 675 moritur,
3432 613 3551 683 epi-

1974 715 2257 774 scopatum
2289 714 2400 759 tres
2434 712 2490 758 et
2513 704 2700 772 viginti
2722 718 2896 757 annos
2922 719 3045 757 cum
3069 705 3345 773 gessisset,
3375 719 3550 757 annos

1974 805 2137 851 natus
2166 797 2461 864 nonaginta
2492 807 2639 851 octo.
2674 796 2805 850 Orta
2852 808 3034 849 autent
3076 798 3358 850 contentio
3388 807 3471 849 est
3494 796 3549 849 in

1972 886 2185 941 duobus
2215 886 2409 963 4741)
2438 888 2544 943 illis
2562 888 2847 957 eligendis.
2869 886 3054 940 Ariani
3084 886 3151 940 ad
3172 887 3548 941 Maeedonium

1973 977 2335 1042 inclinabant,
2354 986 2411 1031 at
2437 976 2622 1032 ﬁdeles
2648 977 2873 1031 Paulum
2921 977 3211 1031 malebant.
3248 976 3389 1031 Vicit
3427 994 3549 1047 pto-

1974 1085 2096 1124 rum
2132 1070 2429 1133 sententia,
2458 1078 2512 1125 et
2558 1070 2847 1125 ordinatur
2895 1070 3096 1125 Paulus
3148 1086 3439 1139 episcopus
3492 1073 3547 1124 in

1973 1162 2204 1217 ecclesia
2268 1170 2472 1217 sancta;
2519 1161 2702 1217 lrenes
2757 1164 3057 1225 nominata,
3088 1179 3252 1233 quam
3288 1164 3553 1232 temporis

1974 1269 2255 1321 successu,
2283 1264 2341 1309 ut
2378 1270 2409 1309 a
2460 1270 2599 1309 nova
2626 1254 3075 1325 distingueretur,
3103 1267 3335 1310 veterem
3368 1258 3555 1325 appel-

1974 1346 2088 1400 la're
2120 1346 2342 1414 placuit.
2375 1345 2738 1401 Constantius
2767 1362 2898 1401 vero
2928 1364 3037 1403 non
3072 1350 3247 1405 multo
3287 1358 3411 1420 post
3440 1351 3554 1404 An-

1975 1439 2175 1493 tiochia
2208 1440 2739 1510 Constantinopolim
2768 1440 3016 1504 veniens,
3051 1441 3189 1495 iram
3235 1442 3290 1495 in
3321 1441 3550 1496 Paulum

1973 1530 2245 1599 concepit,
2285 1530 2429 1598 quod
2477 1546 2585 1583 non
2613 1530 2759 1584 illius
2788 1529 3049 1600 suﬂragio
3071 1532 3276 1585 electus
3304 1541 3469 1594 esset,
3500 1541 3555 1586 et

1973 1622 2303 1677 Arianorum
2330 1622 2535 1677 indicto
2556 1624 2815 1689 concilio,
2840 1623 3067 1678 Paulum
3087 1624 3339 1679 abdicare
3355 1626 3549 1693 coegit.

1978 1714 2295 1781 Eusebium,
2321 1715 2434 1785 jam
2466 1716 2628 1771 tertio
2672 1716 2858 1771 sedem
2912 1726 3238 1782 mutantem,
3268 1732 3333 1771 ex
3393 1716 3557 1771 Nico-

1976 1808 2184 1873 media,
2214 1810 2722 1879 Constantinopolis
2774 1819 2928 1865 creat
2972 1810 3311 1879 episcopum.
3343 1809 3555 1877 Quibus

286 1901 371 1953 τὸν
421 1899 916 1971 χειροτονηθέντα,
963 1902 1045 1955 ὃτι
1088 1900 1162 1971 μὴ
1205 1903 1304 1955 σὺν
1338 1901 1533 1973 γνώμῃ
1582 1904 1649 1973 τῇ
1700 1901 1867 1954 αὑτοῦ

1981 1902 2137 1971 impie
2180 1904 2425 1970 patratis,
2460 1901 2805 1957 Antiochiam
2843 1903 3093 1957 revertit.
3131 1901 3404 1957 Eusebius
3457 1917 3557 1957 au-

287 1992 558 2061 προῆλθεν
613 1993 648 2062 ή
707 1991 1033 2063 χειροτονία.
1102 1994 1214 2046 Καὶ
1275 1993 1570 2063 Ἀρειανῶν
1636 1992 1871 2055 καθίσας

294 2084 565 2154 συνέδριον
604 2084 698 2136 τὸν
736 2084 835 2153 μὲν
877 2083 1086 2137 Παῦλον
1121 2084 1403 2155 σχολάζειν
1435 2085 1868 2156 κατεψηφίσατο,

297 2174 549 2229 Εὑσέϐιον
579 2175 634 2228 δέ
666 2174 850 2244 τρίτον
876 2174 1066 2246 θρόνον
1095 2174 1389 2245 ἀμείϐοντα
1414 2179 1478 2229 ἐκ
1498 2175 1872 2246 Νικομηδείας

305 2264 401 2332 τῆς
445 2264 709 2334 βασιλίδος
749 2265 1048 2318 ἐπίσκοπον
1082 2265 1482 2320 ἀναδείκνυσιν.
1526 2267 1665 2320 Ἀλλ’
1698 2268 1728 2320 6
1772 2266 1872 2337 μὲν

316 2354 571 2417 δυσσεϐῶς
597 2355 772 2409 ταῦτα
804 2355 1016 2426 πράξας
1041 2355 1374 2428 ὑποστρέφει
1404 2359 1448 2391 ⁷⁸
1479 2360 1616 2426 πρὸς
1670 2359 1873 2411 Ἀντιό-

321 2463 483 2515 χειαν,
511 2448 757 2512 Εὐσέϐιος
795 2449 852 2502 δὲ
895 2448 1075 2502 πάντα
1105 2448 1253 2502 λίθον
1294 2450 1465 2503 ἐκίνει
1497 2451 1573 2514 ὡς
1616 2451 1685 2505 ἂν
1718 2469 1874 2524 περι-

314 2542 416 2595 έλοι
455 2542 542 2595 τοῦ
586 2542 733 2614 ίεροῦ
770 2544 1043 2614 συμϐόλου
1079 2543 1142 2597 τὸ
1174 2545 1518 2613 ὀμοούσιον.
1550 2546 1777 2613 ’Δγεται
1808 2547 1872 2619 δὴ

303 2633 367 2685 τά
401 2634 650 2701 ἐγκαίνια
686 2636 789 2704 τῆς
826 2635 886 2687 ἐν
928 2633 1226 2705 Ἀντιοχείᾳ
1254 2634 1572 2703 ἐκκλησίας,
1606 2637 1673 2707 ἢν
1712 2639 1873 2690 Κων-

299 2726 571 2788 σταντῑνος
621 2725 724 2795 μὲν
772 2726 801 2778 6
840 2726 1072 2796 εὐσεϐὴς
1113 2728 1179 2779 ἐκ
1224 2725 1441 2798 βάθρων
1467 2728 1727 2798 ῆγειρενο
1758 2730 1787 2782 6
1815 2729 1873 2783 δὲ

297 2821 673 2882 Κωνστάντιος
722 2818 1128 2891 καθιερωθῆναι
1174 2819 1403 2891 γνώμην
1449 2820 1635 2875 ἔθετοο
1672 2824 1767 2877 καὶ
1806 2827 1873 2895 τῇ

292 2914 396 2965 τῶν
466 2912 763 2981 ἐγκαινίων
834 2912 1107 2983 προφάσει
1168 2913 1462 2968 ἐπίσκοποι
1525 2914 1875 2984 συλλέγονται

289 3007 629 3075 ἐνενήκοντα.
667 3004 921 3074 Μάξιμος
956 3004 999 3057 δ’
1023 3005 1053 3058 6
1083 3005 1193 3059 τῶν
1225 3006 1617 3076 Ἱεροσολύμων
1657 3008 1871 3077 ἔφορος,

286 3097 425 3167 ἀνὴρ
474 3094 730 3165 εὖσεδὴς.
768 3095 830 3147 ού
878 3096 1083 3166 παρῆν,
1115 3095 1230 3149 ἀλλ’
1261 3096 1371 3149 οὐδ’
1398 3099 1426 3150 6
1466 3096 1686 3169 Ῥώμης
1742 3098 1876 3151 Ἰού-

1973 2004 2080 2048 tem
2114 2010 2331 2048 omnem
2373 1994 2625 2049 movebat
2672 1994 2928 2063 lapidem.
2962 2005 3020 2048 ut
3053 1995 3303 2065 symbolo
3349 1995 3558 2050 exime-

1972 2097 2124 2142 retur
2171 2087 2300 2142 illttd
2335 2088 2623 2157 όμοούσιον
2648 2126 2667 2154 ,
2710 2086 3181 2142 consubstantiale.
3247 2088 3380 2142 Erat
3422 2098 3551 2141 tunc

1970 2181 2298 2235 Antiocheni
2369 2180 2555 2250 templi
2621 2181 2925 2245 dedicatio,
2974 2180 3121 2249 quod
3160 2179 3558 2234 Constantinus

1971 2273 2093 2343 pius
2123 2272 2488 2327 exediﬁcarat
2520 2289 2534 2325 :
2566 2272 2923 2326 Constantius
2960 2286 3087 2325 vero
3122 2272 3555 2325 consecrandum

1973 2364 2203 2430 curavit,
2228 2372 2282 2418 et
2332 2370 2589 2432 praetextu
2624 2362 2983 2417 dedicationis
3029 2362 3325 2429 nonaginta
3356 2377 3558 2416 convo-

1973 2465 2168 2511 cantur
2239 2454 2506 2525 episcopi.
2566 2452 2857 2515 Maximus,
2934 2454 3555 2521 Hierosolymitanornm

1974 2546 2192 2617 praesul,
2216 2546 2299 2599 vir
2336 2544 2458 2614 pius
2507 2557 2616 2597 non
2664 2542 2853 2597 aderat
2896 2559 2909 2596 :
2939 2543 3032 2597 sed
3066 2558 3241 2612 neque
3277 2543 3559 2599 Romanus

1974 2636 2218 2708 pontifex
2252 2635 2457 2700 Julius,
2489 2650 2591 2690 nec
2618 2650 2713 2706 per
2742 2651 2824 2699 se,
2850 2649 2951 2691 nec
2982 2650 3077 2705 per
3106 2634 3269 2689 alium
3298 2635 3557 2704 legatum.

1974 2731 2351 2801 Congregatur
2418 2727 2663 2799 synodus
2725 2736 2991 2796 praesente
3039 2726 3559 2782 Constantio.Con-

1976 2823 2207 2878 tendunt
2242 2820 2537 2876 Eusebiani
2564 2828 2624 2874 ut
2649 2819 2826 2889 primo
2853 2820 3189 2887 Athanasius
3230 2819 3557 2888 deponatur.

1975 2914 2136 2969 Initio
2170 2921 2432 2968 accusant
2454 2914 2611 2982 quasi
2645 2921 2836 2966 contra
2880 2925 3143 2965 canonem
3175 2914 3366 2979 egerit,
3398 2927 3560 2981 quem

1977 3005 2082 3076 ipsi
2100 3016 2229 3059 tunc
2252 3004 2553 3059 ediderant.
2579 3002 2817 3058 Rediens
2840 3001 3012 3065 enim,
3036 3002 3209 3066 aiunt,
3242 3003 3311 3057 ab
3342 3002 3562 3069 exsilio,

1978 3113 2089 3152 non
2132 3096 2378 3151 omnium
2419 3095 2654 3164 judicio,
2707 3096 2803 3151 sed
2843 3110 2946 3149 suo
2978 3096 3246 3149 arbitratu
3278 3094 3566 3164 episc0pa-

285 3184 420 3249 λιος,
474 3184 590 3238 οὔτ’
636 3184 1081 3257 αὐτοπροσώπως
1100 3186 1147 3217 ⁷⁸
1192 3184 1318 3239 οὔτε
1339 3187 1385 3219 ⁷⁷
1432 3187 1523 3242 διά
1564 3205 1712 3253 τινος
1766 3188 1876 3242 τῶν

1982 3195 2095 3241 tum
2139 3186 2454 3255 assumpsit.
2487 3184 2742 3239 Secundo
2774 3184 2920 3253 quod
2956 3185 3076 3250 ejus
3112 3185 3384 3251 ingressu,
3418 3185 3565 3238 sedi-

285 3276 597 3332 ύποτελῶν.
626 3277 1019 3348 Συγκροτετται
1046 3278 1148 3348 μὲν
1177 3280 1210 3349 ἠ
1244 3279 1460 3343 σύνοδος
1486 3281 1757 3351 παρόντος
1781 3283 1876 3335 καὶ

1984 3278 2129 3332 tione
2161 3277 2455 3339 etntcitata,
2490 3276 2644 3329 multi
2688 3276 3005 3344 periissem.
3035 3273 3221 3328 Tertio
3251 3276 3323 3328 ob
3355 3290 3416 3328 ea
3444 3290 3566 3345 qum

282 3369 699 3433 Κωνσ-ταντίου,
733 3371 783 3423 οἰ
834 3369 893 3422 δὲ
921 3370 1054 3442 περὶ
1108 3371 1369 3425 Εὐσέϐιον
1412 3374 1650 3444 σπουδὴν
1682 3373 1879 3441 ἄγουσι

282 3463 387 3533 πρὸ
443 3461 560 3515 τῶν
604 3461 783 3516 ἄλλων
835 3461 1319 3530 ἀποσκευάσασθαι
1366 3461 1494 3535 [775
1519 3464 1612 3537 11.]
1654 3465 1882 3521 Ἀθανά-

283 3571 424 3608 σιον.
480 3553 814 3621 Ἐπάγουσιν
841 3550 933 3607 οὖν
961 3552 1189 3625 πρώτηην
1240 3554 1393 3626 αύτῷ
1423 3556 1604 3609 αἰτίαν
1638 3555 1699 3609 τὸ
1729 3558 1880 3628 παρά

282 3646 503 3699 κανόνα
543 3644 772 3714 πρᾶξαι,
802 3646 1004 3699 κανόνα
1038 3645 1287 3714 λέγοντες
1308 3645 1368 3699 ὃν
1398 3648 1553 3701 αὐτοὶ
1575 3648 1881 3719 τηνικαῦτα

280 3737 556 3803 ἐξέθεσαν
586 3736 955 3808 (ἐπανελθὼν
983 3736 1112 3807 γὰρ,
1145 3737 1402 3806 ἔφασκον,
1425 3738 1536 3808 τῆς
1560 3740 1883 3808 ὑπερορίας

280 3828 429 3897 οὐχι
468 3826 549 3894 τῇ
576 3827 685 3881 τοῦ
704 3827 910 3881 κοινοῦ
933 3828 1155 3897 γνώμῃ,
1186 3828 1325 3883 ἀλλ’
1353 3829 1538 3896 αὐτὸς
1556 3828 1750 3895 ἐαυτῷ
1769 3830 1884 3897 τὴν

281 3922 758 3991 ἀρχιερωσύνην
799 3920 1140 3993 ἐπέτρεψε),
1172 3922 1438 3993 δευτέραν
1473 3923 1555 3975 ὅτι
1600 3923 1744 3976 κατὰ
1782 3925 1884 3992 τὴν

284 4011 504 4066 εζσοδον
538 4009 691 4080 αύτῷ
712 4010 953 4074 στάσεως
985 4011 1353 4082 συρῤαγείσης
1380 4011 1564 4065 πολλοὶ
1585 4012 1881 4075 ἀπέθανον,

285 4104 384 4159 καὶ
408 4103 611 4174 τρίτην
634 4102 705 4156 τά
733 4104 791 4155 ἐν
807 4101 970 4173 Τύρῳ
991 4104 1355 4173 πεπραγμένα
1370 4119 1385 4134 ο
1420 4104 1480 4170 ἐξ
1500 4096 1575 4159 ὧν
1602 4104 1699 4157 καὶ
1720 4120 1887 4158 κατα-

285 4196 676 4269 ψηφισάμενοι
700 4194 796 4248 τθῧ
813 4196 857 4228 ⁷⁸
884 4196 985 4266 τῆς
1016 4196 1297 4260 εὐσεϐείας
1326 4195 1561 4267 ἀθλητοῦ
1589 4197 1634 4229 ⁷⁸
1668 4197 1707 4248 Γ
1712 4197 1883 4266 ρηγό-

292 4307 415 4360 ριον
446 4287 870 4343 άντικαθιστῶσι
898 4288 990 4341 τὸν
1018 4289 1317 4360 ὁμόφρονα.
1362 4290 1475 4343 Καὶ
1512 4288 1886 4360 τολμήσαντες

288 4381 480 4435 ταῦτα
511 4378 849 4447 ἐπιτολμῶσι
902 4380 998 4432 καὶ
1046 4380 1137 4432 τὸν
1192 4379 1585 4449 μεταπλασμὸν
1627 4380 1730 4450 τῆς
1785 4382 1883 4433 πί-

293 4490 499 4537 στεως,
534 4471 689 4525 οὐδὲν
724 4471 823 4541 μὲν
862 4470 1004 4524 κατά
1041 4471 1225 4542 φωνην
1268 4470 1378 4525 τῶν
1410 4471 1469 4526 ὲν
1499 4471 1709 4542 Νικαίᾳ
1746 4488 1888 4542 μεμ-

1982 3368 2110 3440 Tyri
2137 3378 2259 3423 acta
2307 3376 2511 3422 essent.
2550 3365 2703 3422 Unde
2730 3375 2783 3420 et
2816 3366 3245 3420 condemnantes
3277 3376 3564 3419 strenuum

1981 3459 2361 3518 athletam.il|i
2383 3458 2730 3528 Gregorium,
2763 3456 3011 3525 ejusdem
3040 3468 3222 3521 sectae,
3254 3457 3563 3512 snlﬁciunt.

1982 3552 2049 3607 Et.
2099 3553 2214 3607 haec
2267 3551 2412 3611 ausi.
2439 3551 2559 3605 ausi
2595 3560 2724 3604 sunt
2764 3558 2818 3604 et
2865 3550 3025 3603 (idem
3058 3562 3391 3618 permutare,
3428 3550 3567 3602 nihil

1980 3660 2169 3701 eorum
2189 3644 2641 3713 reprehendentes
2663 3644 2746 3697 vel
2773 3642 2957 3707 verbo,
2976 3658 3099 3711 qua:
3126 3643 3177 3694 in
3204 3638 3421 3695 Nica-na
3438 3656 3571 3712 syn-

1998 3739 2106 3792 odo
2165 3745 2393 3790 tractata
2422 3745 2627 3799 essent,
2648 3734 2897 3804 improbo
2925 3743 2978 3787 et
3006 3733 3351 3787 fraudulento
3384 3731 3570 3786 animo

1987 3829 2197 3885 semina
2220 3827 2512 3898 iacientes,
2546 3835 2602 3881 ut
2629 3826 2913 3896 ὀμοούσιον
2960 3825 3200 3879 tollatur.
3233 3824 3569 3878 Antiochena

1990 3921 2240 3993 synodus
2297 3920 2413 3974 inec
2439 3930 2494 3974 et
2517 3920 2623 3974 alia
2672 3918 2867 3975 similia
2908 3933 3064 3983 ausa,
3097 3926 3152 3971 ct
3182 3916 3442 3971 nonnulla
3475 3918 3572 3969 de-

1985 4030 2237 4079 cernens,
2271 4013 2611 4068 dissolvitur.
2646 4011 2919 4067 Eusebius
2970 4012 3037 4065 ad
3091 4008 3401 4064 Romanum
3436 4024 3570 4077 pon~

1987 4107 2186 4163 tilicem
2242 4104 2444 4161 Julium
2474 4105 2681 4175 legatos
2724 4104 2910 4168 mittit,
2960 4103 3065 4157 hoc
3093 4102 3339 4166 moliens,
3370 4110 3429 4154 ut
3451 4115 3575 4170 quae

1988 4202 2251 4257 adversus
2282 4199 2640 4254 Athanasium
2673 4197 2891 4252 decreta
2938 4203 3143 4259 essent,
3171 4202 3291 4248 rata
3326 4193 3572 4255 haberet,

1989 4294 2085 4348 sed
2124 4308 2220 4361 spe
2269 4307 2368 4345 sua
2426 4290 2721 4345 frustratus
2782 4296 2883 4342 est.
2908 4286 3111 4340 Paulus
3132 4300 3261 4339 vero
3300 4283 3575 4353 archiepi-

1990 4399 2191 4454 scopus
2239 4382 2471 4438 Romam
2532 4382 2839 4453 profectus,
2874 4388 2928 4434 et
2966 4378 3056 4432 alii
3082 4377 3286 4450 4750
3328 4374 3575 4432 nonnulli

1990 4475 2255 4545 episcopi,
2286 4490 2393 4529 una
2422 4490 2547 4529 cum
2574 4472 2876 4528 Athanasio
2930 4471 3149 4527 Eusebii
3188 4471 3313 4525 dolo
3337 4469 3573 4535 expulsi,

290 4566 560 4636 φάμενοι,
582 4562 664 4633 τῷ
685 4563 743 4616 δὲ
772 4562 962 4632 ὑφάλῳ
986 4563 1083 4615 καὶ
1112 4564 1483 4632 κακομηχάνῳ
1513 4562 1613 4632 τῆς
1643 4562 1876 4626 διανοίας

1989 4566 2153 4621 simul
2212 4567 2400 4620 Romae
2450 4565 2702 4633 agebant.
2750 4562 2931 4618 Julius
2983 4578 3112 4617 vero
3149 4562 3336 4615 audito
3394 4561 3578 4615 omnia

293 4658 602 4727 σπέρματα
644 4655 1181 4727 προκαταϐάλλοντες
1217 4653 1373 4727 [Mil
1400 4653 1493 4726 R.]
1523 4655 1661 4726 πρὸς
1676 4654 1772 4726 τὴν
1792 4654 1887 4709 τοῦ

292 4748 594 4818 δμοουσίου
644 4746 985 4817 καθαίρεσιν.
1034 4750 1206 4819 Καλή
1254 4749 1353 4818 μὲν
1383 4749 1526 4803 κατά
1560 4749 1890 4818 Ἀντιόχειαν

295 4840 524 4903 σύνοδος
544 4838 718 4893 ταῦτα
743 4840 838 4893 καὶ
866 4839 1070 4894 τοιαῦθ’
1094 4840 1255 4910 ἕτερα
1284 4841 1621 4911 τολμήσασα,
1646 4841 1739 4895 καί
1767 4859 1890 4894 τινα

294 4932 662 4993 κανονίσασα,
694 4932 1021 4987 διαλέλυται.
1064 4934 1324 4996 Εὐσέϐιος
1359 4934 1415 4987 δὲ
1446 4936 1587 5005 πρὸς
1617 4936 1708 4989 τὸν
1753 4934 1887 4987 Ῥώ-

299 5042 414 5095 μης
458 5024 681 5078 Ἰούλιον
730 5024 1203 5096 διαπρεσϐεύεται,
1241 5026 1342 5097 τὴν
1377 5027 1520 5080 κατά
1564 5027 1888 5083 Ἀθανασίου

295 5118 484 5188 ψῆφον
513 5117 828 5187 κυρωθῆναι
851 5117 1267 5187 τεχναζὸμενος·
1299 5118 1413 5170 ἀλλ’
1439 5119 1592 5173 οὐδὲν
1618 5113 1692 5173 ὧν
1724 5120 1888 5190 ἤλπι-

298 5210 394 5271 ζεν
419 5210 613 5279 ῆνυσε.
643 5206 852 5270 Παῦλος
880 5208 923 5262 δ’
954 5210 983 5261 6
1007 5209 1300 5280 ἀρχιερεὺς
1325 5209 1422 5281 τὴν
1459 5210 1683 5281 Ῥώμην
1718 5228 1889 5265 κατα-

299 5301 513 5365 λαϐὼν,
547 5302 643 5355 καὶ
695 5301 875 5371 ἕτεροι
926 5301 981 5354 δὲ
1030 5302 1131 5354 οὐκ
1188 5301 1358 5369 ὀλίγοι
1403 5303 1693 5357 ἐπίσκοποι
1746 5304 1891 5358 κατὰ

303 5390 586 5461 συσκευὴν
631 5391 1017 5461 ἐκδιωχθέντες
1048 5392 1335 5458 Εὑσεϐίου,
1365 5393 1502 5448 ἀλλά
1536 5396 1629 5448 καὶ
1667 5395 1889 5449 Ἀθανά-

1997 4674 2119 4728 quae
2148 4658 2215 4712 de
2246 4656 2519 4727 episcopis
2560 4666 2680 4711 acta
2709 4664 2927 4721 essent,
2957 4654 3263 4709 calumnias
3293 4669 3437 4717 esse,
3465 4653 3581 4721 epi-

1996 4750 2153 4807 stolis
2189 4749 2314 4803 illos
2347 4749 2681 4803 conﬁrmans
2729 4749 2783 4801 in
2831 4744 3110 4801 Orientem
3160 4744 3408 4807 remittit,
3454 4759 3580 4813 pro-

1997 4843 2171 4913 priam
2248 4842 2546 4907 unicuique
2628 4840 2851 4895 tradens
2930 4840 3154 4899 sedem,
3207 4851 3412 4908 eosque
3483 4835 3579 4905 qtti

1996 4934 2370 4998 damnassent,
2420 4934 2616 4988 merito
2667 4947 2957 4987 accusans.
2986 4932 3191 4985 Omnes
3232 4929 3361 4984 hinc
3394 4928 3580 4982 Eccle-

1996 5024 2108 5079 sias
2153 5039 2285 5078 suas
2318 5024 2608 5092 recipiunt,
2632 5023 2726 5077 sed
2750 5031 2804 5076 et
2836 5020 3079 5091 epistolae
3102 5020 3169 5074 iis
3193 5018 3396 5088 quibus
3441 5015 3585 5070 scri-

1996 5125 2103 5185 pta:
2151 5124 2329 5177 erant.
2377 5114 2746 5169 destinantur.
2789 5111 3026 5165 Eusebio
3073 5118 3311 5173 mortuo,
3374 5106 3578 5160 Paulus

1997 5222 2111 5260 sua:
2136 5204 2251 5260 sedi
2283 5204 2607 5259 restituitur.
2640 5202 2829 5257 Ariani
2881 5216 2982 5270 pro
3032 5200 3135 5255 hac
3188 5197 3429 5252 Ecclesia
3480 5211 3581 5266 pro

1997 5298 2167 5353 Paulo
2192 5296 2574 5352 Macedonium
2609 5304 2818 5356 creant,
2840 5294 2933 5363 qui
2966 5291 3163 5345 Filium
3206 5290 3373 5345 Patre
3400 5290 3583 5343 mino-

1997 5407 2112 5445 rem
2138 5405 2260 5447 esse
2282 5389 2718 5461 blasphemabat,
2744 5387 3015 5441 damnans
3043 5393 3098 5440 et
3125 5383 3431 5455 ὁμοούσιον,
3453 5398 3584 5436 con»-

1554 5572 1787 5626 VAIHJ‘J
1848 5570 2143 5628 LECTION
2152 5570 2256 5625 ES.

388 5769 431 5799 ’³
459 5767 828 5823 ἀποκλίναντα
852 5768 919 5822 Α.

316 5837 442 5891 add.
475 5840 539 5893 Α.
619 5838 665 5870 ⁷⁸
700 5837 791 5891 τοῦ
828 5872 896 5884 -
917 5837 1171 5910 ἀθλητοῦ]
1196 5839 1288 5891 τὸν
1320 5866 1387 5881 -υ
1464 5838 1531 5871 ⁷⁸⁸
1563 5838 1800 5909 ἀθλητήν
1826 5840 1889 5890 Δ.

1028 5768 1073 5800 ⁷⁸
1103 5766 1514 5821 Κωνσταντίνου
1562 5768 1714 5820 πόλει
1760 5784 1878 5834 γεγ.
1919 5783 1977 5830 ς.

2077 5766 2121 5798 ⁷⁸
2155 5764 2471 5834 ὑπεστρέφη
2511 5779 2570 5825 ς.
2689 5762 2732 5791 7”
2767 5760 3188 5830 αὐτοπρόσωπος
3214 5774 3275 5821 ς.
3382 5756 3426 5789 ’⁷
3455 5753 3580 5807 οῦτε
