  <div class='ocr_page' id='page_1' title='image "/cluster/home/n/w/nwhite01/storage/ocr_20150623/104/hvd.32044018872853/069.png"; bbox 0 0 4036 6318; ppageno 0'>
   <div class='ocr_carea' id='block_1_1' title="bbox 604 341 704 409">
    <p class='ocr_par' dir='ltr' id='par_1_1' title="bbox 604 341 704 409">
     <span class='ocr_line' id='line_1_1' title="bbox 604 341 704 409; baseline 0.03 -3"><span class='ocrx_word' id='word_1_1' title='bbox 604 341 704 409; x_wconf 76' lang='grc'><strong>123</strong></span> 
     </span>
    </p>
   </div>
   <div class='ocr_carea' id='block_1_2' title="bbox 1718 360 2715 426">
    <p class='ocr_par' dir='ltr' id='par_1_2' title="bbox 1718 360 2715 426">
     <span class='ocr_line' id='line_1_2' title="bbox 1718 360 2715 426; baseline 0.009 -9"><span class='ocrx_word' id='word_1_2' title='bbox 1718 414 1719 417; x_wconf 44' lang='grc' dir='ltr'><strong>η</strong></span> <span class='ocrx_word' id='word_1_3' title='bbox 1756 360 2022 422; x_wconf 86' lang='lat' dir='ltr'><strong>PHOTII</strong></span> <span class='ocrx_word' id='word_1_4' title='bbox 2060 360 2565 424; x_wconf 63' lang='lat' dir='ltr'><strong>PATRIARCHA‘]</strong></span> <span class='ocrx_word' id='word_1_5' title='bbox 2606 364 2715 426; x_wconf 72' lang='grc' dir='ltr'><strong>(ΖΡ.</strong></span> 
     </span>
    </p>
   </div>
   <div class='ocr_carea' id='block_1_3' title="bbox 3757 370 3865 434">
    <p class='ocr_par' dir='ltr' id='par_1_3' title="bbox 3757 370 3865 434">
     <span class='ocr_line' id='line_1_3' title="bbox 3757 370 3865 434; baseline 0.009 -1"><span class='ocrx_word' id='word_1_6' title='bbox 3757 370 3865 434; x_wconf 71' lang='grc'><strong>124</strong></span> 
     </span>
    </p>
   </div>
   <div class='ocr_carea' id='block_1_4' title="bbox 597 458 2152 556">
    <p class='ocr_par' dir='ltr' id='par_1_4' title="bbox 597 458 2149 535">
     <span class='ocr_line' id='line_1_4' title="bbox 597 458 2149 535; baseline 0.009 -25"><span class='ocrx_word' id='word_1_7' title='bbox 597 458 967 525; x_wconf 75' lang='lat' dir='ltr'><strong>substantiale,</strong></span> <span class='ocrx_word' id='word_1_8' title='bbox 998 472 1053 517; x_wconf 92' lang='lat' dir='ltr'><strong>et</strong></span> <span class='ocrx_word' id='word_1_9' title='bbox 1085 462 1349 535; x_wconf 89' lang='lat' dir='ltr'><strong>Spiritum</strong></span> <span class='ocrx_word' id='word_1_10' title='bbox 1379 480 1627 526; x_wconf 88' lang='lat' dir='ltr'><strong>sanctum</strong></span> <span class='ocrx_word' id='word_1_11' title='bbox 1668 473 1893 526; x_wconf 86' lang='lat' dir='ltr'><strong>omnino</strong></span> <span class='ocrx_word' id='word_1_12' title='bbox 1920 489 1950 526; x_wconf 91' lang='lat' dir='ltr'><strong>a</strong></span> <span class='ocrx_word' id='word_1_13' title='bbox 1980 471 2149 527; x_wconf 86' lang='lat' dir='ltr'><strong>divini</strong></span> 
     </span>
    </p>
   </div>
   <div class='ocr_carea' id='block_1_5' title="bbox 2257 458 3866 556">
    <p class='ocr_par' dir='ltr' id='par_1_5' title="bbox 2283 470 3866 556">
     <span class='ocr_line' id='line_1_5' title="bbox 2283 470 3866 556; baseline 0.009 -34"><span class='ocrx_word' id='word_1_14' title='bbox 2283 487 2418 535; x_wconf 90' lang='grc' dir='ltr'>σιος,</span> <span class='ocrx_word' id='word_1_15' title='bbox 2445 470 2581 542; x_wconf 71' lang='grc' dir='ltr'>ὁμοῦ</span> <span class='ocrx_word' id='word_1_16' title='bbox 2606 474 2792 545; x_wconf 83' lang='grc' dir='ltr'>διῆγον</span> <span class='ocrx_word' id='word_1_17' title='bbox 2822 476 2880 530; x_wconf 86' lang='grc' dir='ltr'><strong>ὲν</strong></span> <span class='ocrx_word' id='word_1_18' title='bbox 2902 480 2967 548; x_wconf 78' lang='grc' dir='ltr'>τῇ</span> <span class='ocrx_word' id='word_1_19' title='bbox 3012 479 3221 555; x_wconf 81' lang='grc' dir='ltr'>Ῥώμῃ.</span> <span class='ocrx_word' id='word_1_20' title='bbox 3268 483 3326 536; x_wconf 88' lang='lat'><strong>&#39;0</strong></span> <span class='ocrx_word' id='word_1_21' title='bbox 3360 483 3417 537; x_wconf 79' lang='grc' dir='ltr'>δὲ</span> <span class='ocrx_word' id='word_1_22' title='bbox 3461 483 3605 556; x_wconf 78' lang='grc' dir='ltr'>ίερδς</span> <span class='ocrx_word' id='word_1_23' title='bbox 3643 483 3866 548; x_wconf 75' lang='grc' dir='ltr'><strong>Ἰούλιος</strong></span> 
     </span>
    </p>
   </div>
   <div class='ocr_carea' id='block_1_6' title="bbox 601 554 2176 633">
    <p class='ocr_par' dir='ltr' id='par_1_6' title="bbox 601 554 2176 633">
     <span class='ocr_line' id='line_1_6' title="bbox 601 554 2176 633; baseline 0.016 -36"><span class='ocrx_word' id='word_1_24' title='bbox 601 556 712 598; x_wconf 77' lang='lat' dir='ltr'><strong>tata</strong></span> <span class='ocrx_word' id='word_1_25' title='bbox 753 554 1090 608; x_wconf 71' lang='lat' dir='ltr'><strong>removebat.</strong></span> <span class='ocrx_word' id='word_1_26' title='bbox 1119 558 1423 615; x_wconf 76' lang='lat' dir='ltr'><strong>Athanasio</strong></span> <span class='ocrx_word' id='word_1_27' title='bbox 1451 577 1666 631; x_wconf 87' lang='lat' dir='ltr'><strong>quoque</strong></span> <span class='ocrx_word' id='word_1_28' title='bbox 1694 578 1848 617; x_wconf 84' lang='lat' dir='ltr'><strong>suam</strong></span> <span class='ocrx_word' id='word_1_29' title='bbox 1880 565 2176 633; x_wconf 87' lang='lat' dir='ltr'><strong>recipiente</strong></span> 
     </span>
    </p>
   </div>
   <div class='ocr_carea' id='block_1_7' title="bbox 600 636 2178 727">
    <p class='ocr_par' dir='ltr' id='par_1_7' title="bbox 600 636 2178 727">
     <span class='ocr_line' id='line_1_7' title="bbox 600 636 2178 727; baseline 0.016 -38"><span class='ocrx_word' id='word_1_30' title='bbox 600 636 925 709; x_wconf 81' lang='lat' dir='ltr'><strong>Ecclesiarn,</strong></span> <span class='ocrx_word' id='word_1_31' title='bbox 959 646 1263 703; x_wconf 71' lang='lat' dir='ltr'><strong>Antiochia:</strong></span> <span class='ocrx_word' id='word_1_32' title='bbox 1295 653 1486 706; x_wconf 89' lang='lat' dir='ltr'><strong>iterum</strong></span> <span class='ocrx_word' id='word_1_33' title='bbox 1526 656 1916 713; x_wconf 88' lang='lat' dir='ltr'><strong>convenientes</strong></span> <span class='ocrx_word' id='word_1_34' title='bbox 1956 658 2178 727; x_wconf 86' lang='lat' dir='ltr'><strong>(conve-</strong></span> 
     </span>
    </p>
   </div>
   <div class='ocr_carea' id='block_1_8' title="bbox 598 735 2174 806">
    <p class='ocr_par' dir='ltr' id='par_1_8' title="bbox 598 735 2174 806">
     <span class='ocr_line' id='line_1_8' title="bbox 598 735 2174 806; baseline 0.018 -28"><span class='ocrx_word' id='word_1_35' title='bbox 598 742 793 785; x_wconf 86' lang='lat' dir='ltr'><strong>nerant</strong></span> <span class='ocrx_word' id='word_1_36' title='bbox 838 735 981 789; x_wconf 83' lang='lat' dir='ltr'><strong>enitn</strong></span> <span class='ocrx_word' id='word_1_37' title='bbox 1013 736 1220 794; x_wconf 87' lang='lat' dir='ltr'><strong>Julium</strong></span> <span class='ocrx_word' id='word_1_38' title='bbox 1262 741 1571 799; x_wconf 77' lang='lat' dir='ltr'><strong>Romanum</strong></span> <span class='ocrx_word' id='word_1_39' title='bbox 1612 747 1850 802; x_wconf 86' lang='lat' dir='ltr'><strong>vicissim</strong></span> <span class='ocrx_word' id='word_1_40' title='bbox 1894 751 2174 806; x_wconf 90' lang='lat' dir='ltr'><strong>criminari</strong></span> 
     </span>
    </p>
   </div>
   <div class='ocr_carea' id='block_1_9' title="bbox 594 821 2173 916">
    <p class='ocr_par' dir='ltr' id='par_1_9' title="bbox 594 821 2173 916">
     <span class='ocr_line' id='line_1_9' title="bbox 594 821 2173 916; baseline 0.017 -43"><span class='ocrx_word' id='word_1_41' title='bbox 594 821 863 895; x_wconf 79' lang='lat' dir='ltr'><strong>volentes)</strong></span> <span class='ocrx_word' id='word_1_42' title='bbox 923 829 1150 899; x_wconf 91' lang='lat' dir='ltr'><strong>impium</strong></span> <span class='ocrx_word' id='word_1_43' title='bbox 1201 835 1520 906; x_wconf 82' lang='lat' dir='ltr'><strong>Gregorium</strong></span> <span class='ocrx_word' id='word_1_44' title='bbox 1582 843 1795 905; x_wconf 80' lang='lat' dir='ltr'><strong>statim,</strong></span> <span class='ocrx_word' id='word_1_45' title='bbox 1849 858 2009 912; x_wconf 88' lang='lat' dir='ltr'><strong>quem</strong></span> <span class='ocrx_word' id='word_1_46' title='bbox 2073 846 2173 916; x_wconf 86' lang='lat' dir='ltr'><strong>ipsi</strong></span> 
     </span>
    </p>
   </div>
   <div class='ocr_carea' id='block_1_10' title="bbox 596 920 2174 997">
    <p class='ocr_par' dir='ltr' id='par_1_10' title="bbox 596 920 2174 997">
     <span class='ocr_line' id='line_1_10' title="bbox 596 920 2174 997; baseline 0.016 -31"><span class='ocrx_word' id='word_1_47' title='bbox 596 925 791 980; x_wconf 74' lang='lat' dir='ltr'><strong>praeter</strong></span> <span class='ocrx_word' id='word_1_48' title='bbox 812 920 892 973; x_wconf 86' lang='lat' dir='ltr'><strong>las</strong></span> <span class='ocrx_word' id='word_1_49' title='bbox 916 930 969 974; x_wconf 87' lang='lat' dir='ltr'><strong>et</strong></span> <span class='ocrx_word' id='word_1_50' title='bbox 994 938 1203 986; x_wconf 69' lang='lat' dir='ltr'><strong>aequum</strong></span> <span class='ocrx_word' id='word_1_51' title='bbox 1238 929 1640 997; x_wconf 74' lang='lat' dir='ltr'><strong>ordinaverunt,</strong></span> <span class='ocrx_word' id='word_1_52' title='bbox 1668 933 2017 989; x_wconf 83' lang='lat' dir='ltr'><strong>Antiochiam</strong></span> <span class='ocrx_word' id='word_1_53' title='bbox 2050 938 2174 993; x_wconf 84' lang='lat' dir='ltr'><strong>ruit—</strong></span> 
     </span>
    </p>
   </div>
   <div class='ocr_carea' id='block_1_11' title="bbox 595 1010 2173 1097">
    <p class='ocr_par' dir='ltr' id='par_1_11' title="bbox 595 1010 2173 1097">
     <span class='ocr_line' id='line_1_11' title="bbox 595 1010 2173 1097; baseline 0.02 -42"><span class='ocrx_word' id='word_1_54' title='bbox 595 1016 738 1070; x_wconf 91' lang='lat' dir='ltr'><strong>tunt,</strong></span> <span class='ocrx_word' id='word_1_55' title='bbox 763 1019 816 1061; x_wconf 81' lang='lat' dir='ltr'><strong>et</strong></span> <span class='ocrx_word' id='word_1_56' title='bbox 840 1010 1177 1069; x_wconf 67' lang='lat' dir='ltr'><strong>Alexandriae</strong></span> <span class='ocrx_word' id='word_1_57' title='bbox 1191 1018 1477 1086; x_wconf 73' lang='lat' dir='ltr'><strong>praefectus</strong></span> <span class='ocrx_word' id='word_1_58' title='bbox 1511 1023 1660 1078; x_wconf 90' lang='lat' dir='ltr'><strong>illum</strong></span> <span class='ocrx_word' id='word_1_59' title='bbox 1694 1038 1903 1097; x_wconf 81' lang='lat' dir='ltr'><strong>septem</strong></span> <span class='ocrx_word' id='word_1_60' title='bbox 1932 1030 2173 1088; x_wconf 88' lang='lat' dir='ltr'><strong>millibus</strong></span> 
     </span>
    </p>
   </div>
   <div class='ocr_carea' id='block_1_12' title="bbox 596 1098 2171 1181">
    <p class='ocr_par' dir='ltr' id='par_1_12' title="bbox 596 1098 2171 1181">
     <span class='ocr_line' id='line_1_12' title="bbox 596 1098 2171 1181; baseline 0.02 -33"><span class='ocrx_word' id='word_1_61' title='bbox 596 1098 827 1154; x_wconf 86' lang='lat' dir='ltr'><strong>militum</strong></span> <span class='ocrx_word' id='word_1_62' title='bbox 862 1106 1108 1161; x_wconf 85' lang='lat' dir='ltr'><strong>adduxit.</strong></span> <span class='ocrx_word' id='word_1_63' title='bbox 1141 1109 1258 1174; x_wconf 81' lang='lat' dir='ltr'><strong>Quo</strong></span> <span class='ocrx_word' id='word_1_64' title='bbox 1308 1113 1546 1181; x_wconf 78' lang='lat' dir='ltr'><strong>cognito,</strong></span> <span class='ocrx_word' id='word_1_65' title='bbox 1582 1116 1912 1177; x_wconf 78' lang='lat' dir='ltr'><strong>Athanasius</strong></span> <span class='ocrx_word' id='word_1_66' title='bbox 1941 1120 2171 1179; x_wconf 84' lang='lat' dir='ltr'><strong>Romam</strong></span> 
     </span>
    </p>
   </div>
   <div class='ocr_carea' id='block_1_13' title="bbox 593 1188 2173 1274">
    <p class='ocr_par' dir='ltr' id='par_1_13' title="bbox 593 1188 2173 1274">
     <span class='ocr_line' id='line_1_13' title="bbox 593 1188 2173 1274; baseline 0.021 -33"><span class='ocrx_word' id='word_1_67' title='bbox 593 1188 792 1245; x_wconf 87' lang='lat' dir='ltr'><strong>iterum</strong></span> <span class='ocrx_word' id='word_1_68' title='bbox 853 1197 1218 1264; x_wconf 72' lang='lat' dir='ltr'><strong>adnavigavit.</strong></span> <span class='ocrx_word' id='word_1_69' title='bbox 1246 1200 1600 1260; x_wconf 85' lang='lat' dir='ltr'><strong>Alexandrini</strong></span> <span class='ocrx_word' id='word_1_70' title='bbox 1636 1226 1742 1265; x_wconf 89' lang='lat' dir='ltr'><strong>non</strong></span> <span class='ocrx_word' id='word_1_71' title='bbox 1773 1211 2009 1270; x_wconf 84' lang='lat' dir='ltr'><strong>ferentes</strong></span> <span class='ocrx_word' id='word_1_72' title='bbox 2030 1216 2173 1274; x_wconf 89' lang='lat' dir='ltr'><strong>hanc</strong></span> 
     </span>
    </p>
   </div>
   <div class='ocr_carea' id='block_1_14' title="bbox 593 1282 2173 1370">
    <p class='ocr_par' dir='ltr' id='par_1_14' title="bbox 593 1282 2173 1370">
     <span class='ocr_line' id='line_1_14' title="bbox 593 1282 2173 1370; baseline 0.02 -36"><span class='ocrx_word' id='word_1_73' title='bbox 593 1282 850 1351; x_wconf 87' lang='lat' dir='ltr'><strong>injuriam</strong></span> <span class='ocrx_word' id='word_1_74' title='bbox 887 1326 901 1351; x_wconf 93' lang='lat'><strong>,</strong></span> <span class='ocrx_word' id='word_1_75' title='bbox 957 1290 1097 1345; x_wconf 83' lang='lat' dir='ltr'><strong>beati</strong></span> <span class='ocrx_word' id='word_1_76' title='bbox 1167 1293 1407 1367; x_wconf 85' lang='lat' dir='ltr'><strong>Dionysii</strong></span> <span class='ocrx_word' id='word_1_77' title='bbox 1477 1302 1780 1370; x_wconf 84' lang='lat' dir='ltr'><strong>templum,</strong></span> <span class='ocrx_word' id='word_1_78' title='bbox 1834 1320 1943 1361; x_wconf 91' lang='lat' dir='ltr'><strong>non</strong></span> <span class='ocrx_word' id='word_1_79' title='bbox 2025 1320 2173 1365; x_wconf 86' lang='lat' dir='ltr'><strong>recte</strong></span> 
     </span>
    </p>
   </div>
   <div class='ocr_carea' id='block_1_15' title="bbox 591 1375 2170 1465">
    <p class='ocr_par' dir='ltr' id='par_1_15' title="bbox 591 1375 2170 1465">
     <span class='ocr_line' id='line_1_15' title="bbox 591 1375 2170 1465; baseline 0.021 -41"><span class='ocrx_word' id='word_1_80' title='bbox 591 1382 772 1427; x_wconf 86' lang='lat' dir='ltr'><strong>tamen</strong></span> <span class='ocrx_word' id='word_1_81' title='bbox 832 1375 984 1445; x_wconf 88' lang='lat' dir='ltr'><strong>(quid</strong></span> <span class='ocrx_word' id='word_1_82' title='bbox 1030 1382 1199 1447; x_wconf 87' lang='lat' dir='ltr'><strong>enim,</strong></span> <span class='ocrx_word' id='word_1_83' title='bbox 1238 1386 1284 1438; x_wconf 89' lang='lat' dir='ltr'><strong>si</strong></span> <span class='ocrx_word' id='word_1_84' title='bbox 1337 1387 1614 1447; x_wconf 88' lang='lat' dir='ltr'><strong>insaniant</strong></span> <span class='ocrx_word' id='word_1_85' title='bbox 1664 1395 1936 1465; x_wconf 85' lang='lat' dir='ltr'><strong>homines,</strong></span> <span class='ocrx_word' id='word_1_86' title='bbox 1980 1412 2170 1457; x_wconf 90' lang='lat' dir='ltr'><strong>contra</strong></span> 
     </span>
    </p>
   </div>
   <div class='ocr_carea' id='block_1_16' title="bbox 592 1465 2166 1559">
    <p class='ocr_par' dir='ltr' id='par_1_16' title="bbox 592 1465 2166 1559">
     <span class='ocr_line' id='line_1_16' title="bbox 592 1465 2166 1559; baseline 0.02 -44"><span class='ocrx_word' id='word_1_87' title='bbox 592 1465 764 1533; x_wconf 51' lang='lat' dir='ltr'><strong>culpat</strong></span> <span class='ocrx_word' id='word_1_88' title='bbox 792 1482 1064 1536; x_wconf 79' lang='lat' dir='ltr'><strong>expertem</strong></span> <span class='ocrx_word' id='word_1_89' title='bbox 1112 1482 1374 1532; x_wconf 86' lang='lat' dir='ltr'><strong>sumenda</strong></span> <span class='ocrx_word' id='word_1_90' title='bbox 1416 1497 1576 1551; x_wconf 71' lang='lat' dir='ltr'><strong>pmna</strong></span> <span class='ocrx_word' id='word_1_91' title='bbox 1618 1488 1759 1559; x_wconf 84' lang='lat' dir='ltr'><strong>est?)</strong></span> <span class='ocrx_word' id='word_1_92' title='bbox 1795 1489 2166 1548; x_wconf 88' lang='lat' dir='ltr'><strong>incenderunt.</strong></span> 
     </span>
    </p>
   </div>
   <div class='ocr_carea' id='block_1_17' title="bbox 589 1556 2171 1644">
    <p class='ocr_par' dir='ltr' id='par_1_17' title="bbox 589 1556 2171 1644">
     <span class='ocr_line' id='line_1_17' title="bbox 589 1556 2171 1644; baseline 0.021 -35"><span class='ocrx_word' id='word_1_93' title='bbox 589 1556 944 1616; x_wconf 83' lang='lat' dir='ltr'><strong>Constantius</strong></span> <span class='ocrx_word' id='word_1_94' title='bbox 972 1565 1275 1625; x_wconf 66' lang='lat' dir='ltr'><strong>Antiochia:</strong></span> <span class='ocrx_word' id='word_1_95' title='bbox 1297 1573 1498 1644; x_wconf 83' lang='lat' dir='ltr'><strong>degens</strong></span> <span class='ocrx_word' id='word_1_96' title='bbox 1526 1578 1800 1635; x_wconf 89' lang='lat' dir='ltr'><strong>intellecto</strong></span> <span class='ocrx_word' id='word_1_97' title='bbox 1824 1580 2048 1639; x_wconf 80' lang='lat' dir='ltr'><strong>Paulum</strong></span> <span class='ocrx_word' id='word_1_98' title='bbox 2078 1602 2171 1642; x_wconf 90' lang='lat' dir='ltr'><strong>ve-</strong></span> 
     </span>
    </p>
   </div>
   <div class='ocr_carea' id='block_1_18' title="bbox 587 1650 2171 1745">
    <p class='ocr_par' dir='ltr' id='par_1_18' title="bbox 587 1650 2171 1745">
     <span class='ocr_line' id='line_1_18' title="bbox 587 1650 2171 1745; baseline 0.021 -42"><span class='ocrx_word' id='word_1_99' title='bbox 587 1650 765 1705; x_wconf 84' lang='lat' dir='ltr'><strong>ritatis</strong></span> <span class='ocrx_word' id='word_1_100' title='bbox 793 1670 1099 1722; x_wconf 77' lang='lat' dir='ltr'><strong>praeconem</strong></span> <span class='ocrx_word' id='word_1_101' title='bbox 1130 1667 1359 1733; x_wconf 65' lang='lat' dir='ltr'><strong>propriae</strong></span> <span class='ocrx_word' id='word_1_102' title='bbox 1398 1669 1512 1723; x_wconf 88' lang='lat' dir='ltr'><strong>sedi</strong></span> <span class='ocrx_word' id='word_1_103' title='bbox 1540 1673 1847 1731; x_wconf 82' lang='lat' dir='ltr'><strong>restitutum</strong></span> <span class='ocrx_word' id='word_1_104' title='bbox 1871 1692 2011 1745; x_wconf 87' lang='lat' dir='ltr'><strong>esse,</strong></span> <span class='ocrx_word' id='word_1_105' title='bbox 2038 1680 2171 1736; x_wconf 81' lang='lat' dir='ltr'><strong>Her-</strong></span> 
     </span>
    </p>
   </div>
   <div class='ocr_carea' id='block_1_19' title="bbox 588 1746 2167 1832">
    <p class='ocr_par' dir='ltr' id='par_1_19' title="bbox 588 1746 2167 1832">
     <span class='ocr_line' id='line_1_19' title="bbox 588 1746 2167 1832; baseline 0.022 -39"><span class='ocrx_word' id='word_1_106' title='bbox 588 1746 802 1813; x_wconf 80' lang='lat' dir='ltr'><strong>mogeni</strong></span> <span class='ocrx_word' id='word_1_107' title='bbox 827 1747 950 1803; x_wconf 91' lang='lat' dir='ltr'><strong>duci</strong></span> <span class='ocrx_word' id='word_1_108' title='bbox 977 1752 1027 1804; x_wconf 88' lang='lat' dir='ltr'><strong>in</strong></span> <span class='ocrx_word' id='word_1_109' title='bbox 1055 1751 1341 1812; x_wconf 87' lang='lat' dir='ltr'><strong>Thraciam</strong></span> <span class='ocrx_word' id='word_1_110' title='bbox 1374 1762 1545 1817; x_wconf 90' lang='lat' dir='ltr'><strong>misso</strong></span> <span class='ocrx_word' id='word_1_111' title='bbox 1579 1769 1823 1832; x_wconf 84' lang='lat' dir='ltr'><strong>mandat,</strong></span> <span class='ocrx_word' id='word_1_112' title='bbox 1844 1779 1900 1823; x_wconf 94' lang='lat' dir='ltr'><strong>ut</strong></span> <span class='ocrx_word' id='word_1_113' title='bbox 1928 1771 2167 1827; x_wconf 89' lang='lat' dir='ltr'><strong>Ecclesia</strong></span> 
     </span>
    </p>
   </div>
   <div class='ocr_carea' id='block_1_20' title="bbox 2281 564 3865 649">
    <p class='ocr_par' dir='ltr' id='par_1_20' title="bbox 2281 564 3865 649">
     <span class='ocr_line' id='line_1_20' title="bbox 2281 564 3865 649; baseline 0.009 -34"><span class='ocrx_word' id='word_1_114' title='bbox 2281 568 2650 632; x_wconf 74' lang='grc' dir='ltr'>συκοφαντίαν</span> <span class='ocrx_word' id='word_1_115' title='bbox 2699 564 2837 624; x_wconf 87' lang='grc' dir='ltr'>εἶναι</span> <span class='ocrx_word' id='word_1_116' title='bbox 2884 572 3074 642; x_wconf 85' lang='grc' dir='ltr'>μαθὼν</span> <span class='ocrx_word' id='word_1_117' title='bbox 3121 575 3191 628; x_wconf 80' lang='grc' dir='ltr'>τὰ</span> <span class='ocrx_word' id='word_1_118' title='bbox 3239 579 3367 648; x_wconf 81' lang='grc' dir='ltr'>περὶ</span> <span class='ocrx_word' id='word_1_119' title='bbox 3408 578 3519 631; x_wconf 85' lang='grc' dir='ltr'><strong>τῶν</strong></span> <span class='ocrx_word' id='word_1_120' title='bbox 3553 578 3865 649; x_wconf 85' lang='grc' dir='ltr'>ἀρχιερέων</span> 
     </span>
    </p>
   </div>
   <div class='ocr_carea' id='block_1_21' title="bbox 2279 660 3863 740">
    <p class='ocr_par' dir='ltr' id='par_1_21' title="bbox 2279 660 3863 740">
     <span class='ocr_line' id='line_1_21' title="bbox 2279 660 3863 740; baseline 0.009 -31"><span class='ocrx_word' id='word_1_121' title='bbox 2279 660 2668 728; x_wconf 81' lang='grc' dir='ltr'>πεπραγμένα,</span> <span class='ocrx_word' id='word_1_122' title='bbox 2708 662 3033 733; x_wconf 83' lang='grc' dir='ltr'>γράμμασιν</span> <span class='ocrx_word' id='word_1_123' title='bbox 3074 668 3271 731; x_wconf 78' lang='grc' dir='ltr'>αὐτοὺς</span> <span class='ocrx_word' id='word_1_124' title='bbox 3298 669 3587 740; x_wconf 82' lang='grc' dir='ltr'><strong>ὀχυρώσας</strong></span> <span class='ocrx_word' id='word_1_125' title='bbox 3630 672 3725 723; x_wconf 77' lang='grc' dir='ltr'><strong>ἐπὶ</strong></span> <span class='ocrx_word' id='word_1_126' title='bbox 3759 669 3863 739; x_wconf 81' lang='grc' dir='ltr'><strong>τὴν</strong></span> 
     </span>
    </p>
   </div>
   <div class='ocr_carea' id='block_1_22' title="bbox 2291 748 3863 832">
    <p class='ocr_par' dir='ltr' id='par_1_22' title="bbox 2291 748 3863 832">
     <span class='ocr_line' id='line_1_22' title="bbox 2291 748 3863 832; baseline 0.01 -32"><span class='ocrx_word' id='word_1_127' title='bbox 2291 748 2579 820; x_wconf 84' lang='grc' dir='ltr'>Ἀνατολὴν</span> <span class='ocrx_word' id='word_1_128' title='bbox 2591 752 2929 818; x_wconf 83' lang='grc' dir='ltr'>ἀποστέλλει,</span> <span class='ocrx_word' id='word_1_129' title='bbox 2945 757 3035 809; x_wconf 78' lang='grc' dir='ltr'><strong>τὸν</strong></span> <span class='ocrx_word' id='word_1_130' title='bbox 3060 760 3257 812; x_wconf 90' lang='grc' dir='ltr'>οίκεῖον</span> <span class='ocrx_word' id='word_1_131' title='bbox 3279 761 3497 830; x_wconf 87' lang='grc' dir='ltr'>ἐκάστῳ</span> <span class='ocrx_word' id='word_1_132' title='bbox 3513 761 3702 832; x_wconf 83' lang='grc' dir='ltr'>θρόνον</span> <span class='ocrx_word' id='word_1_133' title='bbox 3724 763 3863 816; x_wconf 85' lang='grc' dir='ltr'>ἀπο-</span> 
     </span>
    </p>
   </div>
   <div class='ocr_carea' id='block_1_23' title="bbox 2275 840 3860 921">
    <p class='ocr_par' dir='ltr' id='par_1_23' title="bbox 2275 840 3860 921">
     <span class='ocr_line' id='line_1_23' title="bbox 2275 840 3860 921; baseline 0.009 -29"><span class='ocrx_word' id='word_1_134' title='bbox 2275 840 2449 905; x_wconf 86' lang='grc' dir='ltr'>διδοὺς</span> <span class='ocrx_word' id='word_1_135' title='bbox 2507 843 2602 897; x_wconf 76' lang='grc' dir='ltr'><strong>καὶ</strong></span> <span class='ocrx_word' id='word_1_136' title='bbox 2650 846 2748 899; x_wconf 85' lang='grc' dir='ltr'>σὺν</span> <span class='ocrx_word' id='word_1_137' title='bbox 2787 846 2909 918; x_wconf 82' lang='grc' dir='ltr'>δίκῃ</span> <span class='ocrx_word' id='word_1_138' title='bbox 2954 849 3280 921; x_wconf 85' lang='grc' dir='ltr'>αἰτιώμενος</span> <span class='ocrx_word' id='word_1_139' title='bbox 3327 853 3456 917; x_wconf 83' lang='grc' dir='ltr'>τοὺς</span> <span class='ocrx_word' id='word_1_140' title='bbox 3504 853 3860 917; x_wconf 75' lang='grc' dir='ltr'><strong>καθελόντας.</strong></span> 
     </span>
    </p>
   </div>
   <div class='ocr_carea' id='block_1_24' title="bbox 2276 932 3859 1019">
    <p class='ocr_par' dir='ltr' id='par_1_24' title="bbox 2276 932 3859 1019">
     <span class='ocr_line' id='line_1_24' title="bbox 2276 932 3859 1019; baseline 0.009 -35"><span class='ocrx_word' id='word_1_141' title='bbox 2276 932 2387 985; x_wconf 74' lang='grc' dir='ltr'><strong>Καὶ</strong></span> <span class='ocrx_word' id='word_1_142' title='bbox 2436 934 2537 996; x_wconf 79' lang='grc' dir='ltr'>τὰς</span> <span class='ocrx_word' id='word_1_143' title='bbox 2585 936 2683 1006; x_wconf 92' lang='grc' dir='ltr'>μέν</span> <span class='ocrx_word' id='word_1_144' title='bbox 2736 940 2943 1004; x_wconf 85' lang='grc' dir='ltr'><strong>οἰκείας</strong></span> <span class='ocrx_word' id='word_1_145' title='bbox 2994 942 3292 1013; x_wconf 73' lang='grc' dir='ltr'><strong>ἐκκλησίας</strong></span> <span class='ocrx_word' id='word_1_146' title='bbox 3350 944 3859 1019; x_wconf 84' lang='grc' dir='ltr'>ἀναλαμϐάνουσιν,</span> 
     </span>
    </p>
   </div>
   <div class='ocr_carea' id='block_1_25' title="bbox 2274 1022 3863 1106">
    <p class='ocr_par' dir='ltr' id='par_1_25' title="bbox 2274 1022 3863 1106">
     <span class='ocr_line' id='line_1_25' title="bbox 2274 1022 3863 1106; baseline 0.008 -30"><span class='ocrx_word' id='word_1_147' title='bbox 2274 1022 2410 1076; x_wconf 78' lang='grc' dir='ltr'>ἀλλὰ</span> <span class='ocrx_word' id='word_1_148' title='bbox 2460 1027 2550 1079; x_wconf 76' lang='grc' dir='ltr'><strong>καὶ</strong></span> <span class='ocrx_word' id='word_1_149' title='bbox 2595 1026 2695 1090; x_wconf 82' lang='grc' dir='ltr'><strong>τὰς</strong></span> <span class='ocrx_word' id='word_1_150' title='bbox 2740 1029 3026 1095; x_wconf 81' lang='grc' dir='ltr'>ἐπιστολὰς</span> <span class='ocrx_word' id='word_1_151' title='bbox 3059 1026 3140 1096; x_wconf 72' lang='grc' dir='ltr'>οἷς</span> <span class='ocrx_word' id='word_1_152' title='bbox 3167 1033 3492 1105; x_wconf 81' lang='grc' dir='ltr'><strong>ἐγράφησαν</strong></span> <span class='ocrx_word' id='word_1_153' title='bbox 3516 1035 3863 1106; x_wconf 85' lang='grc' dir='ltr'>διαπέμπον-</span> 
     </span>
    </p>
   </div>
   <div class='ocr_carea' id='block_1_26' title="bbox 2273 1118 3864 1197">
    <p class='ocr_par' dir='ltr' id='par_1_26' title="bbox 2273 1118 3864 1197">
     <span class='ocr_line' id='line_1_26' title="bbox 2273 1118 3864 1197; baseline 0.009 -30"><span class='ocrx_word' id='word_1_154' title='bbox 2273 1132 2384 1170; x_wconf 86' lang='grc' dir='ltr'>ται.</span> <span class='ocrx_word' id='word_1_155' title='bbox 2411 1118 2520 1171; x_wconf 73' lang='grc' dir='ltr'>Καὶ</span> <span class='ocrx_word' id='word_1_156' title='bbox 2548 1120 2809 1173; x_wconf 82' lang='grc' dir='ltr'>Εὐσεϐίου</span> <span class='ocrx_word' id='word_1_157' title='bbox 2839 1123 2938 1192; x_wconf 86' lang='grc' dir='ltr'>μὲν</span> <span class='ocrx_word' id='word_1_158' title='bbox 2964 1124 3398 1197; x_wconf 76' lang='grc' dir='ltr'>ἁποφθαρέντος,</span> <span class='ocrx_word' id='word_1_159' title='bbox 3418 1128 3628 1191; x_wconf 83' lang='grc' dir='ltr'><strong>Παῦλος</strong></span> <span class='ocrx_word' id='word_1_160' title='bbox 3657 1130 3738 1192; x_wconf 84' lang='grc' dir='ltr'><strong>είς</strong></span> <span class='ocrx_word' id='word_1_161' title='bbox 3764 1129 3864 1183; x_wconf 77' lang='grc' dir='ltr'>τὸν</span> 
     </span>
    </p>
   </div>
   <div class='ocr_carea' id='block_1_27' title="bbox 2273 1208 3861 1288">
    <p class='ocr_par' dir='ltr' id='par_1_27' title="bbox 2273 1208 3861 1288">
     <span class='ocr_line' id='line_1_27' title="bbox 2273 1208 3861 1288; baseline 0.009 -29"><span class='ocrx_word' id='word_1_162' title='bbox 2273 1208 2471 1261; x_wconf 78' lang='grc' dir='ltr'>οἰκεῖον</span> <span class='ocrx_word' id='word_1_163' title='bbox 2505 1208 2693 1279; x_wconf 86' lang='grc' dir='ltr'>θρόνον</span> <span class='ocrx_word' id='word_1_164' title='bbox 2725 1212 3184 1279; x_wconf 79' lang='grc' dir='ltr'>ἀποκαθίσταται,</span> <span class='ocrx_word' id='word_1_165' title='bbox 3210 1218 3260 1270; x_wconf 83' lang='grc' dir='ltr'>οἱ</span> <span class='ocrx_word' id='word_1_166' title='bbox 3289 1218 3333 1270; x_wconf 83' lang='grc' dir='ltr'>δ’</span> <span class='ocrx_word' id='word_1_167' title='bbox 3363 1218 3767 1288; x_wconf 69' lang='grc' dir='ltr'>ἀρειανίζοντες</span> <span class='ocrx_word' id='word_1_168' title='bbox 3795 1221 3861 1273; x_wconf 83' lang='grc' dir='ltr'><strong>ἐν</strong></span> 
     </span>
    </p>
   </div>
   <div class='ocr_carea' id='block_1_28' title="bbox 2272 1298 3861 1381">
    <p class='ocr_par' dir='ltr' id='par_1_28' title="bbox 2272 1298 3861 1381">
     <span class='ocr_line' id='line_1_28' title="bbox 2272 1298 3861 1381; baseline 0.009 -32"><span class='ocrx_word' id='word_1_169' title='bbox 2272 1300 2339 1368; x_wconf 80' lang='grc' dir='ltr'>τῇ</span> <span class='ocrx_word' id='word_1_170' title='bbox 2370 1298 2463 1351; x_wconf 90' lang='grc' dir='ltr'><strong>νῦν</strong></span> <span class='ocrx_word' id='word_1_171' title='bbox 2486 1298 2754 1373; x_wconf 80' lang='grc' dir='ltr'>λεγομένῃ</span> <span class='ocrx_word' id='word_1_172' title='bbox 2805 1303 2897 1356; x_wconf 76' lang='grc' dir='ltr'><strong>ἐπὶ</strong></span> <span class='ocrx_word' id='word_1_173' title='bbox 2935 1304 3146 1359; x_wconf 84' lang='grc' dir='ltr'>Παῦλον</span> <span class='ocrx_word' id='word_1_174' title='bbox 3177 1307 3449 1377; x_wconf 76' lang='grc' dir='ltr'>ἐκκλησίᾳ</span> <span class='ocrx_word' id='word_1_175' title='bbox 3486 1310 3861 1381; x_wconf 79' lang='grc' dir='ltr'>χειροτονοῦσι</span> 
     </span>
    </p>
   </div>
   <div class='ocr_carea' id='block_1_29' title="bbox 2271 1392 3860 1473">
    <p class='ocr_par' dir='ltr' id='par_1_29' title="bbox 2271 1392 3860 1473">
     <span class='ocr_line' id='line_1_29' title="bbox 2271 1392 3860 1473; baseline 0.008 -31"><span class='ocrx_word' id='word_1_176' title='bbox 2271 1392 2364 1443; x_wconf 84' lang='grc' dir='ltr'>τὸν</span> <span class='ocrx_word' id='word_1_177' title='bbox 2396 1392 2746 1461; x_wconf 90' lang='grc' dir='ltr'>Μακεδόνιον,</span> <span class='ocrx_word' id='word_1_178' title='bbox 2776 1395 2835 1459; x_wconf 84' lang='grc' dir='ltr'>ὃς</span> <span class='ocrx_word' id='word_1_179' title='bbox 2880 1397 2972 1449; x_wconf 83' lang='grc' dir='ltr'>τὸν</span> <span class='ocrx_word' id='word_1_180' title='bbox 3004 1397 3133 1451; x_wconf 78' lang='grc' dir='ltr'>Υίδν</span> <span class='ocrx_word' id='word_1_181' title='bbox 3161 1399 3261 1469; x_wconf 77' lang='grc' dir='ltr'>μὲν</span> <span class='ocrx_word' id='word_1_182' title='bbox 3288 1399 3365 1471; x_wconf 82' lang='grc' dir='ltr'><strong>τῷ</strong></span> <span class='ocrx_word' id='word_1_183' title='bbox 3390 1401 3567 1473; x_wconf 77' lang='grc' dir='ltr'>Πατρὶ</span> <span class='ocrx_word' id='word_1_184' title='bbox 3600 1402 3860 1472; x_wconf 90' lang='grc' dir='ltr'>ἀνόμοιον</span> 
     </span>
    </p>
   </div>
   <div class='ocr_carea' id='block_1_30' title="bbox 2272 1485 3862 1565">
    <p class='ocr_par' dir='ltr' id='par_1_30' title="bbox 2272 1485 3862 1565">
     <span class='ocr_line' id='line_1_30' title="bbox 2272 1485 3862 1565; baseline 0.008 -28"><span class='ocrx_word' id='word_1_185' title='bbox 2272 1485 2639 1558; x_wconf 79' lang='grc' dir='ltr'>ἐϐλασφήμει,</span> <span class='ocrx_word' id='word_1_186' title='bbox 2690 1492 3186 1563; x_wconf 83' lang='grc' dir='ltr'>παραγραφόμενος</span> <span class='ocrx_word' id='word_1_187' title='bbox 3219 1495 3281 1548; x_wconf 83' lang='grc' dir='ltr'>τὸ</span> <span class='ocrx_word' id='word_1_188' title='bbox 3320 1497 3668 1565; x_wconf 75' lang='grc' dir='ltr'>ὀμοούσιον,</span> <span class='ocrx_word' id='word_1_189' title='bbox 3708 1498 3769 1550; x_wconf 77' lang='grc' dir='ltr'>τὸ</span> <span class='ocrx_word' id='word_1_190' title='bbox 3796 1498 3862 1552; x_wconf 83' lang='grc' dir='ltr'>δὲ</span> 
     </span>
    </p>
   </div>
   <div class='ocr_carea' id='block_1_31' title="bbox 2273 1578 3857 1659">
    <p class='ocr_par' dir='ltr' id='par_1_31' title="bbox 2273 1578 3857 1659">
     <span class='ocr_line' id='line_1_31' title="bbox 2273 1578 3857 1659; baseline 0.008 -30"><span class='ocrx_word' id='word_1_191' title='bbox 2273 1578 2539 1646; x_wconf 86' lang='grc' dir='ltr'>πανάγιον</span> <span class='ocrx_word' id='word_1_192' title='bbox 2572 1579 2797 1651; x_wconf 84' lang='grc' dir='ltr'>Πνεῦμα</span> <span class='ocrx_word' id='word_1_193' title='bbox 2826 1584 3104 1647; x_wconf 82' lang='grc' dir='ltr'>παντελῶς</span> <span class='ocrx_word' id='word_1_194' title='bbox 3135 1585 3414 1657; x_wconf 83' lang='grc' dir='ltr'>ἀλλότριον</span> <span class='ocrx_word' id='word_1_195' title='bbox 3444 1587 3541 1656; x_wconf 86' lang='grc' dir='ltr'>τῆς</span> <span class='ocrx_word' id='word_1_196' title='bbox 3581 1588 3857 1659; x_wconf 87' lang='grc' dir='ltr'>θεότητος.</span> 
     </span>
    </p>
   </div>
   <div class='ocr_carea' id='block_1_32' title="bbox 2285 1669 3860 1746">
    <p class='ocr_par' dir='ltr' id='par_1_32' title="bbox 2285 1669 3860 1746">
     <span class='ocr_line' id='line_1_32' title="bbox 2285 1669 3860 1746; baseline 0.008 -24"><span class='ocrx_word' id='word_1_197' title='bbox 2285 1669 2603 1725; x_wconf 87' lang='grc' dir='ltr'>Ἀθανασίου</span> <span class='ocrx_word' id='word_1_198' title='bbox 2629 1672 2687 1725; x_wconf 84' lang='grc' dir='ltr'>δὲ</span> <span class='ocrx_word' id='word_1_199' title='bbox 2708 1672 2806 1744; x_wconf 83' lang='grc' dir='ltr'>τὴν</span> <span class='ocrx_word' id='word_1_200' title='bbox 2834 1673 2971 1728; x_wconf 89' lang='grc' dir='ltr'>ίδίαν</span> <span class='ocrx_word' id='word_1_201' title='bbox 2992 1677 3353 1742; x_wconf 82' lang='grc' dir='ltr'>ἀναλαϐόντος</span> <span class='ocrx_word' id='word_1_202' title='bbox 3385 1680 3701 1746; x_wconf 79' lang='grc' dir='ltr'>ἐκκλησίαν,</span> <span class='ocrx_word' id='word_1_203' title='bbox 3728 1682 3778 1734; x_wconf 81' lang='lat' dir='ltr'><strong>oi</strong></span> <span class='ocrx_word' id='word_1_204' title='bbox 3796 1682 3860 1735; x_wconf 87' lang='grc' dir='ltr'>ἐν</span> 
     </span>
    </p>
   </div>
   <div class='ocr_carea' id='block_1_33' title="bbox 2285 1761 3861 1845">
    <p class='ocr_par' dir='ltr' id='par_1_33' title="bbox 2285 1761 3861 1845">
     <span class='ocr_line' id='line_1_33' title="bbox 2285 1761 3861 1845; baseline 0.008 -31"><span class='ocrx_word' id='word_1_205' title='bbox 2285 1761 2591 1836; x_wconf 77' lang='grc' dir='ltr'>Ἀντιοχείᾳ</span> <span class='ocrx_word' id='word_1_206' title='bbox 2634 1766 2795 1820; x_wconf 87' lang='grc' dir='ltr'>πάλιν</span> <span class='ocrx_word' id='word_1_207' title='bbox 2835 1769 3249 1840; x_wconf 81' lang='grc' dir='ltr'>συνεδρεύοντες</span> <span class='ocrx_word' id='word_1_208' title='bbox 3282 1771 3399 1840; x_wconf 78' lang='grc' dir='ltr'>(καὶ</span> <span class='ocrx_word' id='word_1_209' title='bbox 3431 1772 3540 1842; x_wconf 85' lang='grc' dir='ltr'>γὰρ</span> <span class='ocrx_word' id='word_1_210' title='bbox 3587 1774 3861 1845; x_wconf 75' lang='grc' dir='ltr'>συνῄεσαν</span> 
     </span>
    </p>
   </div>
   <div class='ocr_carea' id='block_1_34' title="bbox 588 1823 2152 1937">
    <p class='ocr_par' dir='ltr' id='par_1_34' title="bbox 588 1844 2152 1929">
     <span class='ocr_line' id='line_1_34' title="bbox 588 1844 2152 1929; baseline 0.02 -39"><span class='ocrx_word' id='word_1_211' title='bbox 588 1850 836 1893; x_wconf 82' lang='lat' dir='ltr'><strong>sanctum</strong></span> <span class='ocrx_word' id='word_1_212' title='bbox 874 1844 1052 1899; x_wconf 89' lang='lat' dir='ltr'><strong>virum</strong></span> <span class='ocrx_word' id='word_1_213' title='bbox 1085 1852 1415 1918; x_wconf 87' lang='lat' dir='ltr'><strong>expelleret:</strong></span> <span class='ocrx_word' id='word_1_214' title='bbox 1450 1866 1502 1910; x_wconf 90' lang='lat' dir='ltr'><strong>et</strong></span> <span class='ocrx_word' id='word_1_215' title='bbox 1534 1857 1623 1913; x_wconf 89' lang='lat' dir='ltr'><strong>ille</strong></span> <span class='ocrx_word' id='word_1_216' title='bbox 1652 1861 1871 1929; x_wconf 89' lang='lat' dir='ltr'><strong>quidem</strong></span> <span class='ocrx_word' id='word_1_217' title='bbox 1902 1864 2152 1922; x_wconf 87' lang='lat' dir='ltr'><strong>Constan-</strong></span> 
     </span>
    </p>
   </div>
   <div class='ocr_carea' id='block_1_35' title="bbox 2257 1823 3860 1937">
    <p class='ocr_par' dir='ltr' id='par_1_35' title="bbox 2270 1823 3860 1937">
     <span class='ocr_line' id='line_1_35' title="bbox 2270 1823 3860 1937; baseline 0.009 -31"><span class='ocrx_word' id='word_1_218' title='bbox 2270 1823 2624 1923; x_wconf 66' lang='grc' dir='ltr'>ἀντεγκαλεῖν</span> <span class='ocrx_word' id='word_1_219' title='bbox 2670 1823 3081 1932; x_wconf 68' lang='grc' dir='ltr'>ἐπιχειροῦντες</span> <span class='ocrx_word' id='word_1_220' title='bbox 3123 1823 3328 1934; x_wconf 66' lang='grc' dir='ltr'>Ἰουλίίρ</span> <span class='ocrx_word' id='word_1_221' title='bbox 3366 1823 3454 1935; x_wconf 50' lang='grc' dir='ltr'><strong>τῷ.</strong></span> <span class='ocrx_word' id='word_1_222' title='bbox 3478 1823 3719 1937; x_wconf 54' lang='grc' dir='ltr'><strong>’ῥώμηςῖ</strong></span> <span class='ocrx_word' id='word_1_223' title='bbox 3756 1869 3860 1921; x_wconf 74' lang='grc' dir='ltr'><strong>τὸν</strong></span> 
     </span>
    </p>
   </div>
   <div class='ocr_carea' id='block_1_36' title="bbox 591 1932 2167 2021">
    <p class='ocr_par' dir='ltr' id='par_1_36' title="bbox 591 1932 2167 2021">
     <span class='ocr_line' id='line_1_36' title="bbox 591 1932 2167 2021; baseline 0.024 -43"><span class='ocrx_word' id='word_1_224' title='bbox 591 1932 871 1999; x_wconf 85' lang='lat' dir='ltr'><strong>tinopnlim</strong></span> <span class='ocrx_word' id='word_1_225' title='bbox 938 1939 1160 1994; x_wconf 85' lang='lat' dir='ltr'><strong>veniens</strong></span> <span class='ocrx_word' id='word_1_226' title='bbox 1223 1954 1453 2001; x_wconf 76' lang='lat' dir='ltr'><strong>conatus</strong></span> <span class='ocrx_word' id='word_1_227' title='bbox 1507 1960 1610 2012; x_wconf 86' lang='lat' dir='ltr'><strong>est,</strong></span> <span class='ocrx_word' id='word_1_228' title='bbox 1655 1954 1802 2021; x_wconf 90' lang='lat' dir='ltr'><strong>quod</strong></span> <span class='ocrx_word' id='word_1_229' title='bbox 1853 1959 2167 2015; x_wconf 88' lang='lat' dir='ltr'><strong>mandatum</strong></span> 
     </span>
    </p>
   </div>
   <div class='ocr_carea' id='block_1_37' title="bbox 585 2021 2166 2113">
    <p class='ocr_par' dir='ltr' id='par_1_37' title="bbox 585 2021 2166 2113">
     <span class='ocr_line' id='line_1_37' title="bbox 585 2021 2166 2113; baseline 0.023 -42"><span class='ocrx_word' id='word_1_230' title='bbox 585 2028 725 2086; x_wconf 89' lang='lat' dir='ltr'><strong>erat,</strong></span> <span class='ocrx_word' id='word_1_231' title='bbox 751 2021 1044 2081; x_wconf 77' lang='lat' dir='ltr'><strong>nefandum</strong></span> <span class='ocrx_word' id='word_1_232' title='bbox 1069 2030 1359 2099; x_wconf 89' lang='lat' dir='ltr'><strong>imperium</strong></span> <span class='ocrx_word' id='word_1_233' title='bbox 1380 2041 1627 2105; x_wconf 75' lang='lat' dir='ltr'><strong>exsequi.</strong></span> <span class='ocrx_word' id='word_1_234' title='bbox 1651 2041 1890 2113; x_wconf 80' lang='lat' dir='ltr'><strong>Populus</strong></span> <span class='ocrx_word' id='word_1_235' title='bbox 1907 2064 2035 2103; x_wconf 90' lang='lat' dir='ltr'><strong>vero</strong></span> <span class='ocrx_word' id='word_1_236' title='bbox 2059 2066 2166 2106; x_wconf 92' lang='lat' dir='ltr'><strong>non</strong></span> 
     </span>
    </p>
   </div>
   <div class='ocr_carea' id='block_1_38' title="bbox 584 2109 2167 2207">
    <p class='ocr_par' dir='ltr' id='par_1_38' title="bbox 584 2109 2167 2207">
     <span class='ocr_line' id='line_1_38' title="bbox 584 2109 2167 2207; baseline 0.025 -48"><span class='ocrx_word' id='word_1_237' title='bbox 584 2109 913 2178; x_wconf 82' lang='lat' dir='ltr'><strong>patiebatur,</strong></span> <span class='ocrx_word' id='word_1_238' title='bbox 934 2118 1062 2185; x_wconf 90' lang='lat' dir='ltr'><strong>quin</strong></span> <span class='ocrx_word' id='word_1_239' title='bbox 1084 2130 1137 2173; x_wconf 91' lang='lat' dir='ltr'><strong>et</strong></span> <span class='ocrx_word' id='word_1_240' title='bbox 1157 2122 1381 2179; x_wconf 91' lang='lat' dir='ltr'><strong>domum</strong></span> <span class='ocrx_word' id='word_1_241' title='bbox 1414 2128 1560 2185; x_wconf 90' lang='lat' dir='ltr'><strong>illius</strong></span> <span class='ocrx_word' id='word_1_242' title='bbox 1586 2109 1849 2202; x_wconf 77' lang='lat' dir='ltr'><strong>incendit,</strong></span> <span class='ocrx_word' id='word_1_243' title='bbox 1868 2148 1921 2192; x_wconf 91' lang='lat' dir='ltr'><strong>et</strong></span> <span class='ocrx_word' id='word_1_244' title='bbox 1939 2142 2167 2207; x_wconf 82' lang='lat' dir='ltr'><strong>pedibus</strong></span> 
     </span>
    </p>
   </div>
   <div class='ocr_carea' id='block_1_39' title="bbox 588 2205 2164 2289">
    <p class='ocr_par' dir='ltr' id='par_1_39' title="bbox 588 2205 2164 2289">
     <span class='ocr_line' id='line_1_39' title="bbox 588 2205 2164 2289; baseline 0.024 -37"><span class='ocrx_word' id='word_1_245' title='bbox 588 2211 821 2258; x_wconf 88' lang='lat' dir='ltr'><strong>tractum</strong></span> <span class='ocrx_word' id='word_1_246' title='bbox 853 2205 1130 2265; x_wconf 71' lang='lat' dir='ltr'><strong>interficit.</strong></span> <span class='ocrx_word' id='word_1_247' title='bbox 1167 2212 1288 2279; x_wconf 85' lang='lat' dir='ltr'><strong>Quo</strong></span> <span class='ocrx_word' id='word_1_248' title='bbox 1310 2223 1552 2289; x_wconf 84' lang='lat' dir='ltr'><strong>cognito,</strong></span> <span class='ocrx_word' id='word_1_249' title='bbox 1590 2205 1954 2286; x_wconf 74' lang='lat' dir='ltr'><strong>Constantius</strong></span> <span class='ocrx_word' id='word_1_250' title='bbox 1976 2235 2164 2289; x_wconf 86' lang='lat' dir='ltr'><strong>urbem</strong></span> 
     </span>
    </p>
   </div>
   <div class='ocr_carea' id='block_1_40' title="bbox 582 2288 2165 2385">
    <p class='ocr_par' dir='ltr' id='par_1_40' title="bbox 582 2288 2165 2385">
     <span class='ocr_line' id='line_1_40' title="bbox 582 2288 2165 2385; baseline 0.024 -43"><span class='ocrx_word' id='word_1_251' title='bbox 582 2288 903 2360; x_wconf 89' lang='lat' dir='ltr'><strong>ingreditur,</strong></span> <span class='ocrx_word' id='word_1_252' title='bbox 952 2312 1315 2374; x_wconf 88' lang='lat' dir='ltr'><strong>sanctumque</strong></span> <span class='ocrx_word' id='word_1_253' title='bbox 1370 2288 1595 2365; x_wconf 62' lang='lat' dir='ltr'><strong>Paulum</strong></span> <span class='ocrx_word' id='word_1_254' title='bbox 1656 2320 1895 2385; x_wconf 83' lang='lat' dir='ltr'><strong>expellit.</strong></span> <span class='ocrx_word' id='word_1_255' title='bbox 1977 2288 2165 2380; x_wconf 81' lang='lat' dir='ltr'><strong>Multat</strong></span> 
     </span>
    </p>
   </div>
   <div class='ocr_carea' id='block_1_41' title="bbox 583 2384 2163 2484">
    <p class='ocr_par' dir='ltr' id='par_1_41' title="bbox 583 2384 2163 2484">
     <span class='ocr_line' id='line_1_41' title="bbox 583 2384 2163 2484; baseline 0.025 -52"><span class='ocrx_word' id='word_1_256' title='bbox 583 2384 770 2438; x_wconf 86' lang='lat' dir='ltr'><strong>urbem</strong></span> <span class='ocrx_word' id='word_1_257' title='bbox 802 2386 1099 2455; x_wconf 79' lang='lat' dir='ltr'><strong>frumento,</strong></span> <span class='ocrx_word' id='word_1_258' title='bbox 1123 2397 1378 2454; x_wconf 78' lang='lat' dir='ltr'><strong>auferens</strong></span> <span class='ocrx_word' id='word_1_259' title='bbox 1403 2402 1510 2458; x_wconf 89' lang='lat' dir='ltr'><strong>illis</strong></span> <span class='ocrx_word' id='word_1_260' title='bbox 1536 2405 1663 2460; x_wconf 90' lang='lat' dir='ltr'><strong>doni</strong></span> <span class='ocrx_word' id='word_1_261' title='bbox 1687 2384 2000 2478; x_wconf 86' lang='lat' dir='ltr'><strong>dimidium,</strong></span> <span class='ocrx_word' id='word_1_262' title='bbox 2020 2422 2163 2484; x_wconf 89' lang='lat' dir='ltr'><strong>quod</strong></span> 
     </span>
    </p>
   </div>
   <div class='ocr_carea' id='block_1_42' title="bbox 579 2473 2162 2565">
    <p class='ocr_par' dir='ltr' id='par_1_42' title="bbox 579 2473 2162 2565">
     <span class='ocr_line' id='line_1_42' title="bbox 579 2473 2162 2565; baseline 0.025 -40"><span class='ocrx_word' id='word_1_263' title='bbox 579 2473 977 2535; x_wconf 79' lang='lat' dir='ltr'><strong>Constantinus</strong></span> <span class='ocrx_word' id='word_1_264' title='bbox 999 2484 1239 2543; x_wconf 85' lang='lat' dir='ltr'><strong>clemens</strong></span> <span class='ocrx_word' id='word_1_265' title='bbox 1260 2491 1365 2548; x_wconf 91' lang='lat' dir='ltr'><strong>illis</strong></span> <span class='ocrx_word' id='word_1_266' title='bbox 1381 2493 1623 2554; x_wconf 77' lang='lat' dir='ltr'><strong>dederat.</strong></span> <span class='ocrx_word' id='word_1_267' title='bbox 1648 2499 1777 2554; x_wconf 89' lang='lat' dir='ltr'><strong>Erat</strong></span> <span class='ocrx_word' id='word_1_268' title='bbox 1801 2519 1927 2558; x_wconf 91' lang='lat' dir='ltr'><strong>vero</strong></span> <span class='ocrx_word' id='word_1_269' title='bbox 1948 2524 2162 2565; x_wconf 89' lang='lat' dir='ltr'><strong>summa</strong></span> 
     </span>
    </p>
   </div>
   <div class='ocr_carea' id='block_1_43' title="bbox 579 2570 2163 2656">
    <p class='ocr_par' dir='ltr' id='par_1_43' title="bbox 579 2570 2163 2656">
     <span class='ocr_line' id='line_1_43' title="bbox 579 2570 2163 2656; baseline 0.024 -38"><span class='ocrx_word' id='word_1_270' title='bbox 579 2570 846 2638; x_wconf 89' lang='lat' dir='ltr'><strong>muneris,</strong></span> <span class='ocrx_word' id='word_1_271' title='bbox 888 2588 1055 2641; x_wconf 88' lang='lat' dir='ltr'><strong>panes</strong></span> <span class='ocrx_word' id='word_1_272' title='bbox 1097 2579 1255 2635; x_wconf 90' lang='lat' dir='ltr'><strong>diarii</strong></span> <span class='ocrx_word' id='word_1_273' title='bbox 1315 2589 1557 2655; x_wconf 75' lang='lat' dir='ltr'><strong>octogies</strong></span> <span class='ocrx_word' id='word_1_274' title='bbox 1584 2592 1750 2647; x_wconf 89' lang='lat' dir='ltr'><strong>mille.</strong></span> <span class='ocrx_word' id='word_1_275' title='bbox 1788 2595 1967 2653; x_wconf 87' lang='lat' dir='ltr'><strong>Iratus</strong></span> <span class='ocrx_word' id='word_1_276' title='bbox 1995 2610 2077 2654; x_wconf 91' lang='lat' dir='ltr'><strong>est</strong></span> <span class='ocrx_word' id='word_1_277' title='bbox 2109 2611 2163 2656; x_wconf 87' lang='lat' dir='ltr'><strong>et</strong></span> 
     </span>
    </p>
   </div>
   <div class='ocr_carea' id='block_1_44' title="bbox 578 2657 2161 2749">
    <p class='ocr_par' dir='ltr' id='par_1_44' title="bbox 578 2657 2161 2749">
     <span class='ocr_line' id='line_1_44' title="bbox 578 2657 2161 2749; baseline 0.023 -38"><span class='ocrx_word' id='word_1_278' title='bbox 578 2657 918 2730; x_wconf 84' lang='lat' dir='ltr'><strong>Macedonio,</strong></span> <span class='ocrx_word' id='word_1_279' title='bbox 964 2682 1074 2723; x_wconf 91' lang='lat' dir='ltr'><strong>non</strong></span> <span class='ocrx_word' id='word_1_280' title='bbox 1118 2674 1297 2729; x_wconf 79' lang='lat' dir='ltr'><strong>Solum</strong></span> <span class='ocrx_word' id='word_1_281' title='bbox 1349 2681 1497 2747; x_wconf 89' lang='lat' dir='ltr'><strong>quod</strong></span> <span class='ocrx_word' id='word_1_282' title='bbox 1547 2698 1606 2737; x_wconf 88' lang='lat' dir='ltr'><strong>se</strong></span> <span class='ocrx_word' id='word_1_283' title='bbox 1663 2686 1833 2743; x_wconf 89' lang='lat' dir='ltr'><strong>invito</strong></span> <span class='ocrx_word' id='word_1_284' title='bbox 1875 2692 2161 2749; x_wconf 89' lang='lat' dir='ltr'><strong>ordinatus</strong></span> 
     </span>
    </p>
   </div>
   <div class='ocr_carea' id='block_1_45' title="bbox 577 2853 2159 2938">
    <p class='ocr_par' dir='ltr' id='par_1_45' title="bbox 577 2853 2159 2938">
     <span class='ocr_line' id='line_1_45' title="bbox 577 2853 2159 2938; baseline 0.025 -41"><span class='ocrx_word' id='word_1_285' title='bbox 577 2859 772 2901; x_wconf 88' lang='lat' dir='ltr'><strong>auctor</strong></span> <span class='ocrx_word' id='word_1_286' title='bbox 825 2853 1127 2911; x_wconf 82' lang='lat' dir='ltr'><strong>exstiterat.</strong></span> <span class='ocrx_word' id='word_1_287' title='bbox 1176 2858 1380 2917; x_wconf 89' lang='lat' dir='ltr'><strong>Tamen</strong></span> <span class='ocrx_word' id='word_1_288' title='bbox 1436 2866 1756 2938; x_wconf 89' lang='lat' dir='ltr'><strong>relinquens</strong></span> <span class='ocrx_word' id='word_1_289' title='bbox 1784 2874 1940 2930; x_wconf 89' lang='lat' dir='ltr'><strong>illtnn</strong></span> <span class='ocrx_word' id='word_1_290' title='bbox 1975 2880 2028 2933; x_wconf 92' lang='lat' dir='ltr'><strong>in</strong></span> <span class='ocrx_word' id='word_1_291' title='bbox 2058 2882 2159 2936; x_wconf 85' lang='lat' dir='ltr'><strong>Ec-</strong></span> 
     </span>
    </p>
   </div>
   <div class='ocr_carea' id='block_1_46' title="bbox 576 2938 2155 3035">
    <p class='ocr_par' dir='ltr' id='par_1_46' title="bbox 576 2938 2155 3035">
     <span class='ocr_line' id='line_1_46' title="bbox 576 2938 2155 3035; baseline 0.025 -45"><span class='ocrx_word' id='word_1_292' title='bbox 576 2938 763 3004; x_wconf 83' lang='lat' dir='ltr'><strong>clesia,</strong></span> <span class='ocrx_word' id='word_1_293' title='bbox 816 2942 871 2997; x_wconf 91' lang='lat' dir='ltr'><strong>in</strong></span> <span class='ocrx_word' id='word_1_294' title='bbox 925 2962 1031 3012; x_wconf 81' lang='lat' dir='ltr'><strong>qua</strong></span> <span class='ocrx_word' id='word_1_295' title='bbox 1086 2951 1371 3011; x_wconf 90' lang='lat' dir='ltr'><strong>ordinatus</strong></span> <span class='ocrx_word' id='word_1_296' title='bbox 1412 2970 1549 3023; x_wconf 87' lang='lat' dir='ltr'><strong>erat,</strong></span> <span class='ocrx_word' id='word_1_297' title='bbox 1580 2962 1777 3035; x_wconf 65' lang='grc'><strong>4751)</strong></span> <span class='ocrx_word' id='word_1_298' title='bbox 1805 2967 2155 3030; x_wconf 86' lang='lat' dir='ltr'><strong>Antiochiam</strong></span> 
     </span>
    </p>
   </div>
   <div class='ocr_carea' id='block_1_47' title="bbox 575 3033 2154 3122">
    <p class='ocr_par' dir='ltr' id='par_1_47' title="bbox 575 3033 2154 3122">
     <span class='ocr_line' id='line_1_47' title="bbox 575 3033 2154 3122; baseline 0.027 -41"><span class='ocrx_word' id='word_1_299' title='bbox 575 3033 819 3087; x_wconf 88' lang='lat' dir='ltr'><strong>revertit.</strong></span> <span class='ocrx_word' id='word_1_300' title='bbox 875 3037 1097 3094; x_wconf 86' lang='lat' dir='ltr'><strong>Divinus</strong></span> <span class='ocrx_word' id='word_1_301' title='bbox 1140 3042 1344 3102; x_wconf 89' lang='lat' dir='ltr'><strong>Paulus</strong></span> <span class='ocrx_word' id='word_1_302' title='bbox 1399 3033 1863 3120; x_wconf 75' lang='lat' dir='ltr'><strong>quidemiterum</strong></span> <span class='ocrx_word' id='word_1_303' title='bbox 1923 3062 2154 3122; x_wconf 81' lang='lat' dir='ltr'><strong>Romam</strong></span> 
     </span>
    </p>
   </div>
   <div class='ocr_carea' id='block_1_48' title="bbox 570 3307 2152 3408">
    <p class='ocr_par' dir='ltr' id='par_1_48' title="bbox 570 3307 2152 3408">
     <span class='ocr_line' id='line_1_48' title="bbox 570 3307 2152 3408; baseline 0.025 -50"><span class='ocrx_word' id='word_1_304' title='bbox 570 3307 693 3374; x_wconf 89' lang='lat' dir='ltr'><strong>ejus</strong></span> <span class='ocrx_word' id='word_1_305' title='bbox 751 3319 804 3364; x_wconf 89' lang='lat' dir='ltr'><strong>et</strong></span> <span class='ocrx_word' id='word_1_306' title='bbox 852 3311 1170 3374; x_wconf 85' lang='lat' dir='ltr'><strong>Constantis</strong></span> <span class='ocrx_word' id='word_1_307' title='bbox 1236 3322 1580 3393; x_wconf 85' lang='lat' dir='ltr'><strong>imperatoris</strong></span> <span class='ocrx_word' id='word_1_308' title='bbox 1637 3336 1883 3391; x_wconf 90' lang='lat' dir='ltr'><strong>munitus</strong></span> <span class='ocrx_word' id='word_1_309' title='bbox 1936 3339 2152 3408; x_wconf 86' lang='lat' dir='ltr'><strong>litteris,</strong></span> 
     </span>
    </p>
   </div>
   <div class='ocr_carea' id='block_1_49' title="bbox 570 3400 2151 3496">
    <p class='ocr_par' dir='ltr' id='par_1_49' title="bbox 570 3400 2151 3496">
     <span class='ocr_line' id='line_1_49' title="bbox 570 3400 2151 3496; baseline 0.024 -43"><span class='ocrx_word' id='word_1_310' title='bbox 570 3400 755 3455; x_wconf 89' lang='lat' dir='ltr'><strong>statim</strong></span> <span class='ocrx_word' id='word_1_311' title='bbox 800 3409 1044 3475; x_wconf 85' lang='lat' dir='ltr'><strong>revertit,</strong></span> <span class='ocrx_word' id='word_1_312' title='bbox 1073 3420 1127 3465; x_wconf 91' lang='lat' dir='ltr'><strong>et</strong></span> <span class='ocrx_word' id='word_1_313' title='bbox 1159 3415 1270 3469; x_wconf 88' lang='lat' dir='ltr'><strong>sedi</strong></span> <span class='ocrx_word' id='word_1_314' title='bbox 1308 3434 1424 3474; x_wconf 66' lang='lat' dir='ltr'><strong>sua}</strong></span> <span class='ocrx_word' id='word_1_315' title='bbox 1448 3438 1573 3477; x_wconf 92' lang='lat' dir='ltr'><strong>cum</strong></span> <span class='ocrx_word' id='word_1_316' title='bbox 1607 3441 1799 3496; x_wconf 85' lang='lat' dir='ltr'><strong>magna</strong></span> <span class='ocrx_word' id='word_1_317' title='bbox 1836 3432 1987 3489; x_wconf 90' lang='lat' dir='ltr'><strong>urbis</strong></span> <span class='ocrx_word' id='word_1_318' title='bbox 2026 3450 2151 3490; x_wconf 93' lang='lat' dir='ltr'><strong>eum</strong></span> 
     </span>
    </p>
   </div>
   <div class='ocr_carea' id='block_1_50' title="bbox 572 3491 2148 3579">
    <p class='ocr_par' dir='ltr' id='par_1_50' title="bbox 572 3491 2148 3579">
     <span class='ocr_line' id='line_1_50' title="bbox 572 3491 2148 3579; baseline 0.025 -40"><span class='ocrx_word' id='word_1_319' title='bbox 572 3491 888 3559; x_wconf 82' lang='lat' dir='ltr'><strong>recipientis</strong></span> <span class='ocrx_word' id='word_1_320' title='bbox 908 3497 1181 3567; x_wconf 89' lang='lat' dir='ltr'><strong>voluptate</strong></span> <span class='ocrx_word' id='word_1_321' title='bbox 1206 3491 1905 3575; x_wconf 71' lang='lat' dir='ltr'><strong>restituitur.Constantius</strong></span> <span class='ocrx_word' id='word_1_322' title='bbox 1930 3538 2148 3579; x_wconf 89' lang='lat' dir='ltr'><strong>rursum</strong></span> 
     </span>
    </p>
   </div>
   <div class='ocr_carea' id='block_1_51' title="bbox 574 3584 2147 3680">
    <p class='ocr_par' dir='ltr' id='par_1_51' title="bbox 574 3584 2147 3680">
     <span class='ocr_line' id='line_1_51' title="bbox 574 3584 2147 3680; baseline 0.025 -46"><span class='ocrx_word' id='word_1_323' title='bbox 574 3584 1124 3653; x_wconf 85' lang='lat' dir='ltr'><strong>indignatus,iterum</strong></span> <span class='ocrx_word' id='word_1_324' title='bbox 1158 3599 1411 3656; x_wconf 82' lang='lat' dir='ltr'><strong>exsulare</strong></span> <span class='ocrx_word' id='word_1_325' title='bbox 1442 3619 1703 3675; x_wconf 89' lang='lat' dir='ltr'><strong>perpetuo</strong></span> <span class='ocrx_word' id='word_1_326' title='bbox 1727 3611 1900 3680; x_wconf 90' lang='lat' dir='ltr'><strong>jubet.</strong></span> <span class='ocrx_word' id='word_1_327' title='bbox 1938 3616 2147 3673; x_wconf 79' lang='lat' dir='ltr'><strong>Etenim</strong></span> 
     </span>
    </p>
   </div>
   <div class='ocr_carea' id='block_1_52' title="bbox 572 3672 2147 3765">
    <p class='ocr_par' dir='ltr' id='par_1_52' title="bbox 572 3672 2147 3765">
     <span class='ocr_line' id='line_1_52' title="bbox 572 3672 2147 3765; baseline 0.025 -39"><span class='ocrx_word' id='word_1_328' title='bbox 572 3672 857 3746; x_wconf 85' lang='lat' dir='ltr'><strong>Philippus</strong></span> <span class='ocrx_word' id='word_1_329' title='bbox 900 3683 1184 3747; x_wconf 81' lang='lat' dir='ltr'><strong>praefectus</strong></span> <span class='ocrx_word' id='word_1_330' title='bbox 1212 3690 1318 3745; x_wconf 91' lang='lat' dir='ltr'><strong>hoc</strong></span> <span class='ocrx_word' id='word_1_331' title='bbox 1343 3672 1657 3763; x_wconf 80' lang='lat' dir='ltr'><strong>admittens,</strong></span> <span class='ocrx_word' id='word_1_332' title='bbox 1692 3716 1942 3760; x_wconf 91' lang='lat' dir='ltr'><strong>sanctum</strong></span> <span class='ocrx_word' id='word_1_333' title='bbox 1972 3711 2147 3765; x_wconf 87' lang='lat' dir='ltr'><strong>virum</strong></span> 
     </span>
    </p>
   </div>
   <div class='ocr_carea' id='block_1_53' title="bbox 569 3766 2148 3870">
    <p class='ocr_par' dir='ltr' id='par_1_53' title="bbox 569 3766 2148 3870">
     <span class='ocr_line' id='line_1_53' title="bbox 569 3766 2148 3870; baseline 0.023 -51"><span class='ocrx_word' id='word_1_334' title='bbox 569 3766 624 3819; x_wconf 91' lang='lat' dir='ltr'><strong>in</strong></span> <span class='ocrx_word' id='word_1_335' title='bbox 666 3771 916 3826; x_wconf 88' lang='lat' dir='ltr'><strong>exsilium</strong></span> <span class='ocrx_word' id='word_1_336' title='bbox 987 3776 1276 3849; x_wconf 78' lang='lat' dir='ltr'><strong>ablegavit,</strong></span> <span class='ocrx_word' id='word_1_337' title='bbox 1310 3795 1363 3839; x_wconf 92' lang='lat' dir='ltr'><strong>et</strong></span> <span class='ocrx_word' id='word_1_338' title='bbox 1397 3786 1775 3849; x_wconf 80' lang='lat' dir='ltr'><strong>Macedonium</strong></span> <span class='ocrx_word' id='word_1_339' title='bbox 1812 3801 1984 3853; x_wconf 82' lang='lat' dir='ltr'><strong>sancti</strong></span> <span class='ocrx_word' id='word_1_340' title='bbox 2022 3799 2148 3870; x_wconf 90' lang='lat' dir='ltr'><strong>Spi-</strong></span> 
     </span>
    </p>
   </div>
   <div class='ocr_carea' id='block_1_54' title="bbox 562 3861 2147 3954">
    <p class='ocr_par' dir='ltr' id='par_1_54' title="bbox 562 3861 2147 3954">
     <span class='ocr_line' id='line_1_54' title="bbox 562 3861 2147 3954; baseline 0.025 -42"><span class='ocrx_word' id='word_1_341' title='bbox 562 3861 703 3917; x_wconf 85' lang='lat' dir='ltr'><strong>ritus</strong></span> <span class='ocrx_word' id='word_1_342' title='bbox 734 3863 1167 3937; x_wconf 77' lang='lat' dir='ltr'><strong>impugnatorem</strong></span> <span class='ocrx_word' id='word_1_343' title='bbox 1202 3875 1254 3930; x_wconf 93' lang='lat' dir='ltr'><strong>in</strong></span> <span class='ocrx_word' id='word_1_344' title='bbox 1288 3878 1531 3936; x_wconf 84' lang='lat' dir='ltr'><strong>Ecclesia</strong></span> <span class='ocrx_word' id='word_1_345' title='bbox 1558 3889 1790 3954; x_wconf 87' lang='lat' dir='ltr'><strong>reponit.</strong></span> <span class='ocrx_word' id='word_1_346' title='bbox 1812 3889 2020 3948; x_wconf 82' lang='lat' dir='ltr'><strong>Exsilio</strong></span> <span class='ocrx_word' id='word_1_347' title='bbox 2048 3911 2147 3950; x_wconf 92' lang='lat' dir='ltr'><strong>au-</strong></span> 
     </span>
    </p>
   </div>
   <div class='ocr_carea' id='block_1_55' title="bbox 562 3959 2143 4042">
    <p class='ocr_par' dir='ltr' id='par_1_55' title="bbox 562 3959 2143 4042">
     <span class='ocr_line' id='line_1_55' title="bbox 562 3959 2143 4042; baseline 0.024 -37"><span class='ocrx_word' id='word_1_348' title='bbox 562 3963 669 4007; x_wconf 88' lang='lat' dir='ltr'><strong>tem</strong></span> <span class='ocrx_word' id='word_1_349' title='bbox 721 3959 911 4023; x_wconf 83' lang='lat' dir='ltr'><strong>pulsus</strong></span> <span class='ocrx_word' id='word_1_350' title='bbox 935 3973 1150 4019; x_wconf 88' lang='lat' dir='ltr'><strong>estnon</strong></span> <span class='ocrx_word' id='word_1_351' title='bbox 1191 3981 1395 4038; x_wconf 88' lang='lat' dir='ltr'><strong>aperte,</strong></span> <span class='ocrx_word' id='word_1_352' title='bbox 1421 3978 1515 4030; x_wconf 91' lang='lat' dir='ltr'><strong>sed</strong></span> <span class='ocrx_word' id='word_1_353' title='bbox 1564 3981 1799 4037; x_wconf 90' lang='lat' dir='ltr'><strong>occulte.</strong></span> <span class='ocrx_word' id='word_1_354' title='bbox 1834 3982 1970 4038; x_wconf 87' lang='lat' dir='ltr'><strong>Nam</strong></span> <span class='ocrx_word' id='word_1_355' title='bbox 2006 3985 2143 4042; x_wconf 86' lang='lat' dir='ltr'><strong>Her-</strong></span> 
     </span>
    </p>
   </div>
   <div class='ocr_carea' id='block_1_56' title="bbox 560 4049 2142 4148">
    <p class='ocr_par' dir='ltr' id='par_1_56' title="bbox 560 4049 2142 4148">
     <span class='ocr_line' id='line_1_56' title="bbox 560 4049 2142 4148; baseline 0.025 -52"><span class='ocrx_word' id='word_1_356' title='bbox 560 4049 807 4115; x_wconf 79' lang='lat' dir='ltr'><strong>mogenis</strong></span> <span class='ocrx_word' id='word_1_357' title='bbox 837 4050 1089 4110; x_wconf 89' lang='lat' dir='ltr'><strong>interitus</strong></span> <span class='ocrx_word' id='word_1_358' title='bbox 1121 4064 1439 4127; x_wconf 83' lang='lat' dir='ltr'><strong>prudentius</strong></span> <span class='ocrx_word' id='word_1_359' title='bbox 1471 4083 1585 4123; x_wconf 89' lang='lat' dir='ltr'><strong>rem</strong></span> <span class='ocrx_word' id='word_1_360' title='bbox 1623 4088 1812 4141; x_wconf 79' lang='lat' dir='ltr'><strong>gerere</strong></span> <span class='ocrx_word' id='word_1_361' title='bbox 1832 4072 2142 4148; x_wconf 78' lang='lat' dir='ltr'><strong>Philippum</strong></span> 
     </span>
    </p>
   </div>
   <div class='ocr_carea' id='block_1_57' title="bbox 559 4138 2139 4234">
    <p class='ocr_par' dir='ltr' id='par_1_57' title="bbox 559 4138 2139 4234">
     <span class='ocr_line' id='line_1_57' title="bbox 559 4138 2139 4234; baseline 0.023 -45"><span class='ocrx_word' id='word_1_362' title='bbox 559 4138 841 4197; x_wconf 88' lang='lat' dir='ltr'><strong>docuerat.</strong></span> <span class='ocrx_word' id='word_1_363' title='bbox 888 4144 1200 4206; x_wconf 82' lang='lat' dir='ltr'><strong>Honoritice</strong></span> <span class='ocrx_word' id='word_1_364' title='bbox 1248 4157 1392 4210; x_wconf 91' lang='lat' dir='ltr'><strong>enim</strong></span> <span class='ocrx_word' id='word_1_365' title='bbox 1446 4158 1541 4214; x_wconf 92' lang='lat' dir='ltr'><strong>Dei</strong></span> <span class='ocrx_word' id='word_1_366' title='bbox 1571 4164 1886 4234; x_wconf 87' lang='lat' dir='ltr'><strong>episcopum</strong></span> <span class='ocrx_word' id='word_1_367' title='bbox 1916 4169 2139 4226; x_wconf 84' lang='lat' dir='ltr'><strong>Paulum</strong></span> 
     </span>
    </p>
   </div>
   <div class='ocr_carea' id='block_1_58' title="bbox 558 4228 2143 4326">
    <p class='ocr_par' dir='ltr' id='par_1_58' title="bbox 558 4228 2143 4326">
     <span class='ocr_line' id='line_1_58' title="bbox 558 4228 2143 4326; baseline 0.023 -46"><span class='ocrx_word' id='word_1_368' title='bbox 558 4228 629 4281; x_wconf 89' lang='lat' dir='ltr'><strong>ad</strong></span> <span class='ocrx_word' id='word_1_369' title='bbox 684 4231 937 4289; x_wconf 88' lang='lat' dir='ltr'><strong>balneum</strong></span> <span class='ocrx_word' id='word_1_370' title='bbox 989 4250 1168 4305; x_wconf 87' lang='lat' dir='ltr'><strong>vocat,</strong></span> <span class='ocrx_word' id='word_1_371' title='bbox 1196 4246 1340 4313; x_wconf 92' lang='lat' dir='ltr'><strong>quod</strong></span> <span class='ocrx_word' id='word_1_372' title='bbox 1376 4228 1638 4321; x_wconf 77' lang='lat' dir='ltr'><strong>Zeuxippi</strong></span> <span class='ocrx_word' id='word_1_373' title='bbox 1670 4228 1997 4326; x_wconf 77' lang='lat' dir='ltr'><strong>appellatur,</strong></span> <span class='ocrx_word' id='word_1_374' title='bbox 2029 4271 2143 4315; x_wconf 89' lang='lat' dir='ltr'><strong>tan-</strong></span> 
     </span>
    </p>
   </div>
   <div class='ocr_carea' id='block_1_59' title="bbox 557 4323 2139 4407">
    <p class='ocr_par' dir='ltr' id='par_1_59' title="bbox 557 4323 2139 4407">
     <span class='ocr_line' id='line_1_59' title="bbox 557 4323 2139 4407; baseline 0.024 -36"><span class='ocrx_word' id='word_1_375' title='bbox 557 4335 723 4387; x_wconf 87' lang='lat' dir='ltr'><strong>quam</strong></span> <span class='ocrx_word' id='word_1_376' title='bbox 758 4323 826 4378; x_wconf 90' lang='lat' dir='ltr'><strong>de</strong></span> <span class='ocrx_word' id='word_1_377' title='bbox 872 4329 1034 4383; x_wconf 90' lang='lat' dir='ltr'><strong>rebus</strong></span> <span class='ocrx_word' id='word_1_378' title='bbox 1076 4335 1289 4399; x_wconf 90' lang='lat' dir='ltr'><strong>publice</strong></span> <span class='ocrx_word' id='word_1_379' title='bbox 1319 4339 1619 4405; x_wconf 80' lang='lat' dir='ltr'><strong>profuturis</strong></span> <span class='ocrx_word' id='word_1_380' title='bbox 1657 4357 1711 4400; x_wconf 93' lang='lat' dir='ltr'><strong>et</strong></span> <span class='ocrx_word' id='word_1_381' title='bbox 1754 4351 1975 4405; x_wconf 88' lang='lat' dir='ltr'><strong>arcanis</strong></span> <span class='ocrx_word' id='word_1_382' title='bbox 2005 4368 2139 4407; x_wconf 90' lang='lat' dir='ltr'><strong>con-</strong></span> 
     </span>
    </p>
   </div>
   <div class='ocr_carea' id='block_1_60' title="bbox 555 4412 2135 4512">
    <p class='ocr_par' dir='ltr' id='par_1_60' title="bbox 555 4412 2135 4512">
     <span class='ocr_line' id='line_1_60' title="bbox 555 4412 2135 4512; baseline 0.024 -49"><span class='ocrx_word' id='word_1_383' title='bbox 555 4412 751 4468; x_wconf 90' lang='lat' dir='ltr'><strong>sulturi</strong></span> <span class='ocrx_word' id='word_1_384' title='bbox 778 4430 980 4474; x_wconf 91' lang='lat' dir='ltr'><strong>essent.</strong></span> <span class='ocrx_word' id='word_1_385' title='bbox 1014 4423 1141 4477; x_wconf 91' lang='lat' dir='ltr'><strong>Inde</strong></span> <span class='ocrx_word' id='word_1_386' title='bbox 1170 4427 1237 4481; x_wconf 91' lang='lat' dir='ltr'><strong>ad</strong></span> <span class='ocrx_word' id='word_1_387' title='bbox 1278 4429 1626 4498; x_wconf 84' lang='lat' dir='ltr'><strong>imperatoris</strong></span> <span class='ocrx_word' id='word_1_388' title='bbox 1662 4439 1923 4506; x_wconf 89' lang='lat' dir='ltr'><strong>palatium</strong></span> <span class='ocrx_word' id='word_1_389' title='bbox 1948 4445 2135 4512; x_wconf 90' lang='lat' dir='ltr'><strong>mittit,</strong></span> 
     </span>
    </p>
   </div>
   <div class='ocr_carea' id='block_1_61' title="bbox 2268 1945 3859 2029">
    <p class='ocr_par' dir='ltr' id='par_1_61' title="bbox 2268 1945 3859 2029">
     <span class='ocr_line' id='line_1_61' title="bbox 2268 1945 3859 2029; baseline 0.01 -32"><span class='ocrx_word' id='word_1_390' title='bbox 2268 1945 2503 2016; x_wconf 86' lang='grc' dir='ltr'>δυσσεϐῆ</span> <span class='ocrx_word' id='word_1_391' title='bbox 2536 1949 2839 2022; x_wconf 90' lang='grc' dir='ltr'>Γρηγόριον</span> <span class='ocrx_word' id='word_1_392' title='bbox 2875 1951 2964 2006; x_wconf 76' lang='grc' dir='ltr'><strong>διὰ</strong></span> <span class='ocrx_word' id='word_1_393' title='bbox 2993 1954 3209 2024; x_wconf 80' lang='grc' dir='ltr'>τάχους,</span> <span class='ocrx_word' id='word_1_394' title='bbox 3240 1955 3300 2009; x_wconf 84' lang='grc' dir='ltr'><strong>ὃν</strong></span> <span class='ocrx_word' id='word_1_395' title='bbox 3335 1957 3490 2010; x_wconf 80' lang='grc' dir='ltr'>αὐτοὶ</span> <span class='ocrx_word' id='word_1_396' title='bbox 3520 1960 3859 2029; x_wconf 80' lang='grc' dir='ltr'>παρανόμως</span> 
     </span>
    </p>
   </div>
   <div class='ocr_carea' id='block_1_62' title="bbox 2268 2040 3855 2119">
    <p class='ocr_par' dir='ltr' id='par_1_62' title="bbox 2268 2040 3855 2119">
     <span class='ocr_line' id='line_1_62' title="bbox 2268 2040 3855 2119; baseline 0.009 -27"><span class='ocrx_word' id='word_1_397' title='bbox 2268 2040 2706 2112; x_wconf 84' lang='grc' dir='ltr'>ἐχειροτόνησαν,</span> <span class='ocrx_word' id='word_1_398' title='bbox 2749 2046 2831 2108; x_wconf 85' lang='grc' dir='ltr'><strong>είς</strong></span> <span class='ocrx_word' id='word_1_399' title='bbox 2868 2047 2967 2116; x_wconf 76' lang='grc' dir='ltr'>τὴν</span> <span class='ocrx_word' id='word_1_400' title='bbox 3010 2048 3288 2119; x_wconf 81' lang='grc' dir='ltr'>Ἀντιόχου</span> <span class='ocrx_word' id='word_1_401' title='bbox 3324 2052 3368 2083; x_wconf 78' lang='grc'><strong>⁷⁹</strong></span> <span class='ocrx_word' id='word_1_402' title='bbox 3412 2052 3807 2106; x_wconf 70' lang='grc' dir='ltr'>ἀποστέλλουσι</span> <span class='ocrx_word' id='word_1_403' title='bbox 3840 2069 3855 2081; x_wconf 78' lang='grc'><strong><em>⁸</em></strong></span> 
     </span>
    </p>
   </div>
   <div class='ocr_carea' id='block_1_63' title="bbox 2267 2133 3856 2215">
    <p class='ocr_par' dir='ltr' id='par_1_63' title="bbox 2267 2133 3856 2215">
     <span class='ocr_line' id='line_1_63' title="bbox 2267 2133 3856 2215; baseline 0.008 -30"><span class='ocrx_word' id='word_1_404' title='bbox 2267 2133 2363 2187; x_wconf 76' lang='grc' dir='ltr'><strong>καὶ</strong></span> <span class='ocrx_word' id='word_1_405' title='bbox 2388 2138 2630 2206; x_wconf 85' lang='grc' dir='ltr'>κατῆγεν</span> <span class='ocrx_word' id='word_1_406' title='bbox 2674 2138 2836 2191; x_wconf 80' lang='grc' dir='ltr'>αὑτὸν</span> <span class='ocrx_word' id='word_1_407' title='bbox 2877 2141 2905 2192; x_wconf 98' lang='lat'><strong>6</strong></span> <span class='ocrx_word' id='word_1_408' title='bbox 2932 2141 3032 2211; x_wconf 88' lang='grc' dir='ltr'>τῆς</span> <span class='ocrx_word' id='word_1_409' title='bbox 3073 2142 3482 2214; x_wconf 76' lang='grc' dir='ltr'>Ἀλεξανδρείας</span> <span class='ocrx_word' id='word_1_410' title='bbox 3520 2145 3856 2215; x_wconf 81' lang='grc' dir='ltr'>στρατηγὸς,</span> 
     </span>
    </p>
   </div>
   <div class='ocr_carea' id='block_1_64' title="bbox 2266 2226 3859 2306">
    <p class='ocr_par' dir='ltr' id='par_1_64' title="bbox 2266 2226 3859 2306">
     <span class='ocr_line' id='line_1_64' title="bbox 2266 2226 3859 2306; baseline 0.008 -28"><span class='ocrx_word' id='word_1_411' title='bbox 2266 2226 2709 2297; x_wconf 81' lang='grc' dir='ltr'>ἑπτακισχιλίους</span> <span class='ocrx_word' id='word_1_412' title='bbox 2737 2230 2967 2300; x_wconf 81' lang='grc' dir='ltr'>στρατὸν</span> <span class='ocrx_word' id='word_1_413' title='bbox 2992 2233 3354 2303; x_wconf 86' lang='grc' dir='ltr'>ἐπαγόμενος.</span> <span class='ocrx_word' id='word_1_414' title='bbox 3393 2237 3458 2288; x_wconf 85' lang='lat'><strong>&#39;0</strong></span> <span class='ocrx_word' id='word_1_415' title='bbox 3488 2234 3674 2306; x_wconf 89' lang='grc' dir='ltr'>μαθὼν</span> <span class='ocrx_word' id='word_1_416' title='bbox 3690 2237 3859 2290; x_wconf 83' lang='grc' dir='ltr'>Ἀθα-</span> 
     </span>
    </p>
   </div>
   <div class='ocr_carea' id='block_1_65' title="bbox 2263 2318 3859 2393">
    <p class='ocr_par' dir='ltr' id='par_1_65' title="bbox 2263 2318 3859 2393">
     <span class='ocr_line' id='line_1_65' title="bbox 2263 2318 3859 2393; baseline 0.008 -24"><span class='ocrx_word' id='word_1_417' title='bbox 2263 2318 2450 2380; x_wconf 88' lang='grc' dir='ltr'>νάσιος</span> <span class='ocrx_word' id='word_1_418' title='bbox 2475 2320 2556 2380; x_wconf 87' lang='grc' dir='ltr'><strong>είς</strong></span> <span class='ocrx_word' id='word_1_419' title='bbox 2587 2321 2687 2390; x_wconf 82' lang='grc' dir='ltr'><strong>τὴν</strong></span> <span class='ocrx_word' id='word_1_420' title='bbox 2722 2320 2942 2393; x_wconf 80' lang='grc' dir='ltr'>Ῥώμην</span> <span class='ocrx_word' id='word_1_421' title='bbox 2976 2324 3140 2378; x_wconf 87' lang='grc' dir='ltr'>πάλιν</span> <span class='ocrx_word' id='word_1_422' title='bbox 3166 2325 3530 2381; x_wconf 82' lang='grc' dir='ltr'>ἀπέπλευσεν.</span> <span class='ocrx_word' id='word_1_423' title='bbox 3572 2328 3631 2381; x_wconf 78' lang='grc'><strong>’0</strong></span> <span class='ocrx_word' id='word_1_424' title='bbox 3661 2328 3715 2380; x_wconf 87' lang='grc' dir='ltr'>δὲ</span> <span class='ocrx_word' id='word_1_425' title='bbox 3742 2330 3859 2381; x_wconf 85' lang='grc' dir='ltr'>τῶν</span> 
     </span>
    </p>
   </div>
   <div class='ocr_carea' id='block_1_66' title="bbox 2278 2410 3859 2491">
    <p class='ocr_par' dir='ltr' id='par_1_66' title="bbox 2278 2410 3859 2491">
     <span class='ocr_line' id='line_1_66' title="bbox 2278 2410 3859 2491; baseline 0.007 -29"><span class='ocrx_word' id='word_1_426' title='bbox 2278 2410 2674 2482; x_wconf 81' lang='grc' dir='ltr'>Ἀλεξανδρέων</span> <span class='ocrx_word' id='word_1_427' title='bbox 2726 2413 2854 2479; x_wconf 81' lang='grc' dir='ltr'>λαὸς</span> <span class='ocrx_word' id='word_1_428' title='bbox 2907 2416 3008 2470; x_wconf 80' lang='grc' dir='ltr'><strong>οὐκ</strong></span> <span class='ocrx_word' id='word_1_429' title='bbox 3048 2418 3297 2488; x_wconf 83' lang='grc' dir='ltr'>ἐνεγκὼν</span> <span class='ocrx_word' id='word_1_430' title='bbox 3338 2419 3400 2473; x_wconf 74' lang='grc' dir='ltr'>τὸ</span> <span class='ocrx_word' id='word_1_431' title='bbox 3424 2420 3718 2491; x_wconf 79' lang='grc' dir='ltr'>ἔκθεσμον,</span> <span class='ocrx_word' id='word_1_432' title='bbox 3747 2421 3859 2491; x_wconf 82' lang='grc' dir='ltr'><strong>τὴν</strong></span> 
     </span>
    </p>
   </div>
   <div class='ocr_carea' id='block_1_67' title="bbox 2262 2504 3856 2585">
    <p class='ocr_par' dir='ltr' id='par_1_67' title="bbox 2262 2504 3856 2585">
     <span class='ocr_line' id='line_1_67' title="bbox 2262 2504 3856 2585; baseline 0.008 -31"><span class='ocrx_word' id='word_1_433' title='bbox 2262 2504 2607 2576; x_wconf 80' lang='grc' dir='ltr'>καλουμένην</span> <span class='ocrx_word' id='word_1_434' title='bbox 2637 2507 2912 2561; x_wconf 83' lang='grc' dir='ltr'>Διονυσίου</span> <span class='ocrx_word' id='word_1_435' title='bbox 2942 2509 3262 2580; x_wconf 78' lang='grc' dir='ltr'>ἐκκλησίαν,</span> <span class='ocrx_word' id='word_1_436' title='bbox 3291 2513 3392 2565; x_wconf 84' lang='grc' dir='ltr'><strong>οὐκ</strong></span> <span class='ocrx_word' id='word_1_437' title='bbox 3415 2513 3594 2585; x_wconf 80' lang='grc' dir='ltr'>ὀρθῶς</span> <span class='ocrx_word' id='word_1_438' title='bbox 3628 2514 3856 2568; x_wconf 60' lang='grc' dir='ltr'>ποιοῦν-</span> 
     </span>
    </p>
   </div>
   <div class='ocr_carea' id='block_1_68' title="bbox 2260 2595 3857 2677">
    <p class='ocr_par' dir='ltr' id='par_1_68' title="bbox 2260 2595 3857 2677">
     <span class='ocr_line' id='line_1_68' title="bbox 2260 2595 3857 2677; baseline 0.008 -29"><span class='ocrx_word' id='word_1_439' title='bbox 2260 2612 2351 2660; x_wconf 85' lang='grc' dir='ltr'><strong>τες</strong></span> <span class='ocrx_word' id='word_1_440' title='bbox 2378 2595 2450 2668; x_wconf 90' lang='grc' dir='ltr'>(τί</span> <span class='ocrx_word' id='word_1_441' title='bbox 2473 2598 2671 2668; x_wconf 81' lang='grc' dir='ltr'>γάρ,εί</span> <span class='ocrx_word' id='word_1_442' title='bbox 2706 2601 3016 2671; x_wconf 85' lang='grc' dir='ltr'>μεμήνασιν</span> <span class='ocrx_word' id='word_1_443' title='bbox 3047 2601 3344 2674; x_wconf 75' lang='grc' dir='ltr'>ἀνθρωττοι,</span> <span class='ocrx_word' id='word_1_444' title='bbox 3376 2604 3518 2658; x_wconf 83' lang='grc' dir='ltr'>κατὰ</span> <span class='ocrx_word' id='word_1_445' title='bbox 3550 2605 3645 2659; x_wconf 90' lang='grc' dir='ltr'><strong>τοῦ</strong></span> <span class='ocrx_word' id='word_1_446' title='bbox 3680 2606 3857 2677; x_wconf 79' lang='grc' dir='ltr'>μηδὲν</span> 
     </span>
    </p>
   </div>
   <div class='ocr_carea' id='block_1_69' title="bbox 2259 2686 3852 2770">
    <p class='ocr_par' dir='ltr' id='par_1_69' title="bbox 2259 2686 3852 2770">
     <span class='ocr_line' id='line_1_69' title="bbox 2259 2686 3852 2770; baseline 0.009 -32"><span class='ocrx_word' id='word_1_447' title='bbox 2259 2686 2580 2757; x_wconf 79' lang='grc' dir='ltr'>ἠδικηκότος</span> <span class='ocrx_word' id='word_1_448' title='bbox 2607 2690 2653 2721; x_wconf 81' lang='grc' dir='ltr'><strong>⁸ο</strong></span> <span class='ocrx_word' id='word_1_449' title='bbox 2698 2691 2777 2745; x_wconf 88' lang='grc' dir='ltr'><strong>δεῖ</strong></span> <span class='ocrx_word' id='word_1_450' title='bbox 2808 2693 2909 2763; x_wconf 84' lang='grc' dir='ltr'>τὴν</span> <span class='ocrx_word' id='word_1_451' title='bbox 2942 2694 3158 2763; x_wconf 81' lang='grc' dir='ltr'>ἄμυναν</span> <span class='ocrx_word' id='word_1_452' title='bbox 3200 2696 3463 2767; x_wconf 84' lang='grc' dir='ltr'>φέρειν;)</span> <span class='ocrx_word' id='word_1_453' title='bbox 3515 2697 3852 2770; x_wconf 87' lang='grc' dir='ltr'>ἐνέπρησαν.</span> 
     </span>
    </p>
   </div>
   <div class='ocr_carea' id='block_1_70' title="bbox 2259 2780 3848 2862">
    <p class='ocr_par' dir='ltr' id='par_1_70' title="bbox 2259 2780 3848 2862">
     <span class='ocr_line' id='line_1_70' title="bbox 2259 2780 3848 2862; baseline 0.009 -30"><span class='ocrx_word' id='word_1_454' title='bbox 2259 2780 2537 2835; x_wconf 88' lang='grc' dir='ltr'>Μανθάνει</span> <span class='ocrx_word' id='word_1_455' title='bbox 2567 2783 2614 2835; x_wconf 78' lang='grc' dir='ltr'>δ’</span> <span class='ocrx_word' id='word_1_456' title='bbox 2646 2786 2675 2837; x_wconf 91' lang='lat'><strong>6</strong></span> <span class='ocrx_word' id='word_1_457' title='bbox 2699 2786 3081 2850; x_wconf 84' lang='grc' dir='ltr'>Κωνστάντιος</span> <span class='ocrx_word' id='word_1_458' title='bbox 3110 2790 3169 2840; x_wconf 86' lang='grc' dir='ltr'>ἐν</span> <span class='ocrx_word' id='word_1_459' title='bbox 3212 2789 3517 2862; x_wconf 79' lang='grc' dir='ltr'>Ἀντιοχείᾳ</span> <span class='ocrx_word' id='word_1_460' title='bbox 3540 2790 3744 2859; x_wconf 87' lang='grc' dir='ltr'>διάγων</span> <span class='ocrx_word' id='word_1_461' title='bbox 3767 2791 3848 2855; x_wconf 82' lang='grc' dir='ltr'>ὡς</span> 
     </span>
    </p>
   </div>
   <div class='ocr_carea' id='block_1_71' title="bbox 2258 2872 3853 2949">
    <p class='ocr_par' dir='ltr' id='par_1_71' title="bbox 2258 2872 3853 2949">
     <span class='ocr_line' id='line_1_71' title="bbox 2258 2872 3853 2949; baseline 0.009 -26"><span class='ocrx_word' id='word_1_462' title='bbox 2258 2872 2472 2936; x_wconf 86' lang='grc' dir='ltr'>Παῦλος</span> <span class='ocrx_word' id='word_1_463' title='bbox 2494 2876 2522 2927; x_wconf 92' lang='lat'><strong>6</strong></span> <span class='ocrx_word' id='word_1_464' title='bbox 2553 2874 2654 2944; x_wconf 88' lang='grc' dir='ltr'>τῆς</span> <span class='ocrx_word' id='word_1_465' title='bbox 2684 2876 2942 2946; x_wconf 85' lang='grc' dir='ltr'>ἀληθείας</span> <span class='ocrx_word' id='word_1_466' title='bbox 2972 2879 3147 2949; x_wconf 81' lang='grc' dir='ltr'>κῆρυξ</span> <span class='ocrx_word' id='word_1_467' title='bbox 3184 2882 3264 2942; x_wconf 90' lang='grc' dir='ltr'><strong>είς</strong></span> <span class='ocrx_word' id='word_1_468' title='bbox 3286 2880 3377 2933; x_wconf 88' lang='grc' dir='ltr'>τὸν</span> <span class='ocrx_word' id='word_1_469' title='bbox 3438 2881 3570 2936; x_wconf 77' lang='grc' dir='ltr'>ἴδιον</span> <span class='ocrx_word' id='word_1_470' title='bbox 3599 2882 3853 2936; x_wconf 80' lang='grc' dir='ltr'>ἀπεκατ-</span> 
     </span>
    </p>
   </div>
   <div class='ocr_carea' id='block_1_72' title="bbox 2260 2965 3853 3046">
    <p class='ocr_par' dir='ltr' id='par_1_72' title="bbox 2260 2965 3853 3046">
     <span class='ocr_line' id='line_1_72' title="bbox 2260 2965 3853 3046; baseline 0.006 -29"><span class='ocrx_word' id='word_1_471' title='bbox 2260 2965 2391 3035; x_wconf 88' lang='grc' dir='ltr'>έστη</span> <span class='ocrx_word' id='word_1_472' title='bbox 2407 2966 2448 2998; x_wconf 81' lang='grc'><strong>⁸⁸</strong></span> <span class='ocrx_word' id='word_1_473' title='bbox 2466 2967 2674 3038; x_wconf 83' lang='grc' dir='ltr'>θρόνον,</span> <span class='ocrx_word' id='word_1_474' title='bbox 2709 2970 2804 3023; x_wconf 80' lang='grc' dir='ltr'>καὶ</span> <span class='ocrx_word' id='word_1_475' title='bbox 2828 2968 3152 3043; x_wconf 81' lang='grc' dir='ltr'>Ἑρμογένει</span> <span class='ocrx_word' id='word_1_476' title='bbox 3182 2973 3260 3043; x_wconf 84' lang='grc' dir='ltr'>τῷ</span> <span class='ocrx_word' id='word_1_477' title='bbox 3288 2974 3637 3046; x_wconf 79' lang='grc' dir='ltr'>στρατηλάτῃ</span> <span class='ocrx_word' id='word_1_478' title='bbox 3665 2975 3853 3029; x_wconf 83' lang='grc' dir='ltr'>ἐντέλ-</span> 
     </span>
    </p>
   </div>
   <div class='ocr_carea' id='block_1_73' title="bbox 2256 3056 3847 3137">
    <p class='ocr_par' dir='ltr' id='par_1_73' title="bbox 2256 3056 3847 3137">
     <span class='ocr_line' id='line_1_73' title="bbox 2256 3056 3847 3137; baseline 0.005 -28"><span class='ocrx_word' id='word_1_479' title='bbox 2256 3056 2430 3122; x_wconf 90' lang='grc' dir='ltr'>λεται,</span> <span class='ocrx_word' id='word_1_480' title='bbox 2476 3060 2569 3113; x_wconf 73' lang='grc' dir='ltr'><strong>ἐπὶ</strong></span> <span class='ocrx_word' id='word_1_481' title='bbox 2629 3063 2700 3114; x_wconf 88' lang='grc' dir='ltr'><strong>τά</strong></span> <span class='ocrx_word' id='word_1_482' title='bbox 2765 3063 2864 3133; x_wconf 80' lang='grc' dir='ltr'>τῆς</span> <span class='ocrx_word' id='word_1_483' title='bbox 2921 3065 3145 3136; x_wconf 83' lang='grc' dir='ltr'>Θρᾴκης</span> <span class='ocrx_word' id='word_1_484' title='bbox 3208 3066 3619 3136; x_wconf 83' lang='grc' dir='ltr'>ἐκπεμπομένῳ</span> <span class='ocrx_word' id='word_1_485' title='bbox 3678 3068 3847 3137; x_wconf 80' lang='grc' dir='ltr'>μέρη,</span> 
     </span>
    </p>
   </div>
   <div class='ocr_carea' id='block_1_74' title="bbox 2258 3149 3853 3227">
    <p class='ocr_par' dir='ltr' id='par_1_74' title="bbox 2258 3149 3853 3227">
     <span class='ocr_line' id='line_1_74' title="bbox 2258 3149 3853 3227; baseline 0.006 -25"><span class='ocrx_word' id='word_1_486' title='bbox 2258 3149 2529 3220; x_wconf 82' lang='grc' dir='ltr'>ἐξωθῆσαι</span> <span class='ocrx_word' id='word_1_487' title='bbox 2560 3152 2651 3206; x_wconf 82' lang='grc' dir='ltr'>τὸν</span> <span class='ocrx_word' id='word_1_488' title='bbox 2682 3153 2839 3207; x_wconf 83' lang='grc' dir='ltr'>ὅσιον</span> <span class='ocrx_word' id='word_1_489' title='bbox 2880 3155 2979 3224; x_wconf 86' lang='grc' dir='ltr'>τῆς</span> <span class='ocrx_word' id='word_1_490' title='bbox 3030 3156 3349 3227; x_wconf 82' lang='grc' dir='ltr'>ἐκκλησίας.</span> <span class='ocrx_word' id='word_1_491' title='bbox 3384 3157 3495 3210; x_wconf 81' lang='grc' dir='ltr'><strong>Καὶ</strong></span> <span class='ocrx_word' id='word_1_492' title='bbox 3531 3159 3560 3210; x_wconf 98' lang='lat'><strong>6</strong></span> <span class='ocrx_word' id='word_1_493' title='bbox 3610 3158 3707 3227; x_wconf 84' lang='grc' dir='ltr'>μὲν</span> <span class='ocrx_word' id='word_1_494' title='bbox 3744 3159 3853 3226; x_wconf 86' lang='grc' dir='ltr'>τὴν</span> 
     </span>
    </p>
   </div>
   <div class='ocr_carea' id='block_1_75' title="bbox 2136 3244 3852 3324">
    <p class='ocr_par' dir='ltr' id='par_1_75' title="bbox 2136 3244 3852 3324">
     <span class='ocr_line' id='line_1_75' title="bbox 2136 3244 3852 3324; baseline 0.003 -27"><span class='ocrx_word' id='word_1_495' title='bbox 2136 3293 2151 3317; x_wconf 75' lang='grc'>,</span> <span class='ocrx_word' id='word_1_496' title='bbox 2259 3245 2670 3300; x_wconf 85' lang='grc' dir='ltr'>Κωνσταντίνου</span> <span class='ocrx_word' id='word_1_497' title='bbox 2710 3247 2924 3315; x_wconf 86' lang='grc' dir='ltr'>φθάσας</span> <span class='ocrx_word' id='word_1_498' title='bbox 2968 3248 3125 3301; x_wconf 87' lang='grc' dir='ltr'>πόλιν</span> <span class='ocrx_word' id='word_1_499' title='bbox 3183 3249 3537 3313; x_wconf 82' lang='grc' dir='ltr'>ἐσπούδαζεν,</span> <span class='ocrx_word' id='word_1_500' title='bbox 3675 3267 3852 3321; x_wconf 87' lang='grc' dir='ltr'>προσ-</span> 
     </span>
    </p>
   </div>
   <div class='ocr_carea' id='block_1_76' title="bbox 2256 3338 3852 3411">
    <p class='ocr_par' dir='ltr' id='par_1_76' title="bbox 2256 3338 3852 3411">
     <span class='ocr_line' id='line_1_76' title="bbox 2256 3338 3852 3411; baseline 0.003 -21"><span class='ocrx_word' id='word_1_501' title='bbox 2256 3338 2517 3392; x_wconf 88' lang='grc' dir='ltr'>ετέτακτο</span> <span class='ocrx_word' id='word_1_502' title='bbox 2556 3340 2817 3411; x_wconf 86' lang='grc' dir='ltr'>πράττειν</span> <span class='ocrx_word' id='word_1_503' title='bbox 2858 3340 2918 3392; x_wconf 79' lang='grc' dir='ltr'><strong>τὸ</strong></span> <span class='ocrx_word' id='word_1_504' title='bbox 2966 3339 3233 3410; x_wconf 78' lang='grc' dir='ltr'>ἔκθεσμον</span> <span class='ocrx_word' id='word_1_505' title='bbox 3257 3356 3272 3372; x_wconf 78' lang='grc' dir='ltr'><strong>ο</strong></span> <span class='ocrx_word' id='word_1_506' title='bbox 3315 3341 3377 3394; x_wconf 82' lang='grc' dir='ltr'>τὸ</span> <span class='ocrx_word' id='word_1_507' title='bbox 3416 3342 3473 3395; x_wconf 84' lang='grc' dir='ltr'>δὲ</span> <span class='ocrx_word' id='word_1_508' title='bbox 3511 3341 3714 3411; x_wconf 85' lang='grc' dir='ltr'>πλῆθος</span> <span class='ocrx_word' id='word_1_509' title='bbox 3740 3342 3852 3395; x_wconf 75' lang='grc' dir='ltr'><strong>οὐκ</strong></span> 
     </span>
    </p>
   </div>
   <div class='ocr_carea' id='block_1_77' title="bbox 2255 3429 3847 3504">
    <p class='ocr_par' dir='ltr' id='par_1_77' title="bbox 2255 3429 3847 3504">
     <span class='ocr_line' id='line_1_77' title="bbox 2255 3429 3847 3504; baseline 0.003 -22"><span class='ocrx_word' id='word_1_510' title='bbox 2255 3429 2524 3499; x_wconf 83' lang='grc' dir='ltr'>ἠνείχετο,</span> <span class='ocrx_word' id='word_1_511' title='bbox 2555 3430 2691 3484; x_wconf 83' lang='grc' dir='ltr'>ἀλλὰ</span> <span class='ocrx_word' id='word_1_512' title='bbox 2723 3431 2819 3484; x_wconf 76' lang='grc' dir='ltr'><strong>καὶ</strong></span> <span class='ocrx_word' id='word_1_513' title='bbox 2841 3433 2939 3500; x_wconf 84' lang='grc' dir='ltr'>τὴν</span> <span class='ocrx_word' id='word_1_514' title='bbox 2963 3430 3091 3503; x_wconf 74' lang='grc'><strong>[774</strong></span> <span class='ocrx_word' id='word_1_515' title='bbox 3125 3432 3218 3504; x_wconf 83' lang='grc' dir='ltr'><strong>Η.]</strong></span> <span class='ocrx_word' id='word_1_516' title='bbox 3255 3433 3433 3487; x_wconf 89' lang='grc' dir='ltr'>οίκίαν</span> <span class='ocrx_word' id='word_1_517' title='bbox 3468 3433 3632 3488; x_wconf 83' lang='grc' dir='ltr'>αὑτοῦ</span> <span class='ocrx_word' id='word_1_518' title='bbox 3667 3452 3847 3487; x_wconf 80' lang='grc' dir='ltr'>κατα-</span> 
     </span>
    </p>
   </div>
   <div class='ocr_carea' id='block_1_78' title="bbox 2256 3522 3847 3599">
    <p class='ocr_par' dir='ltr' id='par_1_78' title="bbox 2256 3522 3847 3599">
     <span class='ocr_line' id='line_1_78' title="bbox 2256 3522 3847 3599; baseline 0.005 -25"><span class='ocrx_word' id='word_1_519' title='bbox 2256 3522 2473 3576; x_wconf 86' lang='grc' dir='ltr'>καίουσι</span> <span class='ocrx_word' id='word_1_520' title='bbox 2500 3524 2595 3576; x_wconf 77' lang='grc' dir='ltr'>καὶ</span> <span class='ocrx_word' id='word_1_521' title='bbox 2622 3523 2785 3578; x_wconf 82' lang='grc' dir='ltr'>αὑτὸν</span> <span class='ocrx_word' id='word_1_522' title='bbox 2822 3524 3081 3594; x_wconf 83' lang='grc' dir='ltr'>σύροντες</span> <span class='ocrx_word' id='word_1_523' title='bbox 3116 3526 3508 3599; x_wconf 83' lang='grc' dir='ltr'>διαφθείρουσι.</span> <span class='ocrx_word' id='word_1_524' title='bbox 3550 3526 3756 3580; x_wconf 86' lang='grc' dir='ltr'>Μαθὼν</span> <span class='ocrx_word' id='word_1_525' title='bbox 3787 3530 3847 3582; x_wconf 87' lang='grc' dir='ltr'>δὲ</span> 
     </span>
    </p>
   </div>
   <div class='ocr_carea' id='block_1_79' title="bbox 2252 3613 3844 3688">
    <p class='ocr_par' dir='ltr' id='par_1_79' title="bbox 2252 3613 3844 3688">
     <span class='ocr_line' id='line_1_79' title="bbox 2252 3613 3844 3688; baseline 0.004 -22"><span class='ocrx_word' id='word_1_526' title='bbox 2252 3613 2410 3667; x_wconf 91' lang='grc' dir='ltr'>τοῦτο</span> <span class='ocrx_word' id='word_1_527' title='bbox 2459 3615 2841 3677; x_wconf 85' lang='grc' dir='ltr'>Κωνστάντιος</span> <span class='ocrx_word' id='word_1_528' title='bbox 2883 3616 3046 3680; x_wconf 80' lang='grc' dir='ltr'>αὐτὸς</span> <span class='ocrx_word' id='word_1_529' title='bbox 3080 3618 3497 3688; x_wconf 86' lang='grc' dir='ltr'>καταλαμϐάνει</span> <span class='ocrx_word' id='word_1_530' title='bbox 3535 3618 3632 3687; x_wconf 79' lang='grc' dir='ltr'><strong>τὴν</strong></span> <span class='ocrx_word' id='word_1_531' title='bbox 3660 3619 3844 3687; x_wconf 88' lang='grc' dir='ltr'>πόλιν,</span> 
     </span>
    </p>
   </div>
   <div class='ocr_carea' id='block_1_80' title="bbox 2251 3710 3846 3786">
    <p class='ocr_par' dir='ltr' id='par_1_80' title="bbox 2251 3710 3846 3786">
     <span class='ocr_line' id='line_1_80' title="bbox 2251 3710 3846 3786; baseline 0.003 -23"><span class='ocrx_word' id='word_1_532' title='bbox 2251 3710 2348 3763; x_wconf 76' lang='grc' dir='ltr'>καὶ</span> <span class='ocrx_word' id='word_1_533' title='bbox 2378 3710 2470 3763; x_wconf 74' lang='grc' dir='ltr'><strong>τὸν</strong></span> <span class='ocrx_word' id='word_1_534' title='bbox 2502 3710 2600 3780; x_wconf 84' lang='grc' dir='ltr'>μὲν</span> <span class='ocrx_word' id='word_1_535' title='bbox 2638 3712 2787 3764; x_wconf 86' lang='grc' dir='ltr'>ὅσιον</span> <span class='ocrx_word' id='word_1_536' title='bbox 2828 3710 3042 3765; x_wconf 87' lang='grc' dir='ltr'>Παῦλον</span> <span class='ocrx_word' id='word_1_537' title='bbox 3075 3713 3279 3784; x_wconf 82' lang='grc' dir='ltr'>ταύτης</span> <span class='ocrx_word' id='word_1_538' title='bbox 3306 3713 3353 3745; x_wconf 80' lang='grc'><strong>’⁵³</strong></span> <span class='ocrx_word' id='word_1_539' title='bbox 3383 3714 3700 3777; x_wconf 83' lang='grc' dir='ltr'>ἀπελαύνει,</span> <span class='ocrx_word' id='word_1_540' title='bbox 3741 3716 3846 3786; x_wconf 80' lang='grc' dir='ltr'><strong>ζη-</strong></span> 
     </span>
    </p>
   </div>
   <div class='ocr_carea' id='block_1_81' title="bbox 2254 3800 3844 3879">
    <p class='ocr_par' dir='ltr' id='par_1_81' title="bbox 2254 3800 3844 3879">
     <span class='ocr_line' id='line_1_81' title="bbox 2254 3800 3844 3879; baseline 0.005 -25"><span class='ocrx_word' id='word_1_541' title='bbox 2254 3806 2370 3872; x_wconf 86' lang='grc' dir='ltr'>μιοῖ</span> <span class='ocrx_word' id='word_1_542' title='bbox 2406 3803 2463 3855; x_wconf 82' lang='grc' dir='ltr'>δὲ</span> <span class='ocrx_word' id='word_1_543' title='bbox 2502 3802 2595 3856; x_wconf 72' lang='grc' dir='ltr'><strong>καὶ</strong></span> <span class='ocrx_word' id='word_1_544' title='bbox 2626 3804 2727 3871; x_wconf 86' lang='grc' dir='ltr'>τὴν</span> <span class='ocrx_word' id='word_1_545' title='bbox 2754 3804 2936 3869; x_wconf 87' lang='grc' dir='ltr'>πόλιν,</span> <span class='ocrx_word' id='word_1_546' title='bbox 2976 3804 3037 3858; x_wconf 85' lang='grc' dir='ltr'>τὸ</span> <span class='ocrx_word' id='word_1_547' title='bbox 3068 3806 3377 3875; x_wconf 79' lang='grc' dir='ltr'>σιτηρέσιον</span> <span class='ocrx_word' id='word_1_548' title='bbox 3410 3800 3626 3876; x_wconf 81' lang='grc' dir='ltr'>ἀφελὼν</span> <span class='ocrx_word' id='word_1_549' title='bbox 3666 3808 3844 3879; x_wconf 80' lang='grc' dir='ltr'>αὐτῆς</span> 
     </span>
    </p>
   </div>
   <div class='ocr_carea' id='block_1_82' title="bbox 2247 3894 3840 3968">
    <p class='ocr_par' dir='ltr' id='par_1_82' title="bbox 2247 3894 3840 3968">
     <span class='ocr_line' id='line_1_82' title="bbox 2247 3894 3840 3968; baseline 0.004 -23"><span class='ocrx_word' id='word_1_550' title='bbox 2247 3894 2310 3945; x_wconf 82' lang='grc' dir='ltr'><strong>τὸ</strong></span> <span class='ocrx_word' id='word_1_551' title='bbox 2338 3894 2510 3963; x_wconf 78' lang='grc' dir='ltr'>ἥμισυ</span> <span class='ocrx_word' id='word_1_552' title='bbox 2539 3895 2641 3963; x_wconf 85' lang='grc' dir='ltr'><strong>τῆς</strong></span> <span class='ocrx_word' id='word_1_553' title='bbox 2674 3896 2906 3966; x_wconf 83' lang='grc' dir='ltr'>δωρεᾶς,</span> <span class='ocrx_word' id='word_1_554' title='bbox 2940 3896 3008 3966; x_wconf 77' lang='grc' dir='ltr'><strong>ἢν</strong></span> <span class='ocrx_word' id='word_1_555' title='bbox 3049 3898 3079 3951; x_wconf 94' lang='lat'><strong>6</strong></span> <span class='ocrx_word' id='word_1_556' title='bbox 3127 3897 3511 3968; x_wconf 87' lang='grc' dir='ltr'>φιλάνθρωπος</span> <span class='ocrx_word' id='word_1_557' title='bbox 3541 3901 3840 3952; x_wconf 83' lang='grc' dir='ltr'>Κωνσταν-</span> 
     </span>
    </p>
   </div>
   <div class='ocr_carea' id='block_1_83' title="bbox 2246 3980 3838 4058">
    <p class='ocr_par' dir='ltr' id='par_1_83' title="bbox 2246 3980 3838 4058">
     <span class='ocr_line' id='line_1_83' title="bbox 2246 3980 3838 4058; baseline 0.005 -23"><span class='ocrx_word' id='word_1_558' title='bbox 2246 3988 2390 4046; x_wconf 81' lang='grc' dir='ltr'>τίνος</span> <span class='ocrx_word' id='word_1_559' title='bbox 2430 3985 2569 4057; x_wconf 82' lang='grc' dir='ltr'>αὐτῇ</span> <span class='ocrx_word' id='word_1_560' title='bbox 2612 3985 2957 4058; x_wconf 77' lang='grc' dir='ltr'>ἐδωρήσατο·</span> <span class='ocrx_word' id='word_1_561' title='bbox 3015 3980 3084 4057; x_wconf 79' lang='grc' dir='ltr'><strong>ἦν</strong></span> <span class='ocrx_word' id='word_1_562' title='bbox 3122 3986 3181 4041; x_wconf 87' lang='grc' dir='ltr'>δὲ</span> <span class='ocrx_word' id='word_1_563' title='bbox 3219 3987 3281 4040; x_wconf 76' lang='grc' dir='ltr'><strong>τὸ</strong></span> <span class='ocrx_word' id='word_1_564' title='bbox 3322 3987 3444 4041; x_wconf 84' lang='grc' dir='ltr'>ὅλον</span> <span class='ocrx_word' id='word_1_565' title='bbox 3481 3989 3580 4056; x_wconf 82' lang='grc' dir='ltr'>τῆς</span> <span class='ocrx_word' id='word_1_566' title='bbox 3621 3989 3838 4058; x_wconf 66' lang='grc' dir='ltr'>δωρεᾶς</span> 
     </span>
    </p>
   </div>
   <div class='ocr_carea' id='block_1_84' title="bbox 2247 4077 3841 4151">
    <p class='ocr_par' dir='ltr' id='par_1_84' title="bbox 2247 4077 3841 4151">
     <span class='ocr_line' id='line_1_84' title="bbox 2247 4077 3841 4151; baseline 0.004 -23"><span class='ocrx_word' id='word_1_567' title='bbox 2247 4077 2539 4147; x_wconf 82' lang='grc' dir='ltr'>ήμερήσιοι</span> <span class='ocrx_word' id='word_1_568' title='bbox 2597 4079 2754 4148; x_wconf 85' lang='grc' dir='ltr'>ἄρτοι</span> <span class='ocrx_word' id='word_1_569' title='bbox 2804 4079 3066 4150; x_wconf 87' lang='grc' dir='ltr'>μυριάδες</span> <span class='ocrx_word' id='word_1_570' title='bbox 3117 4078 3285 4132; x_wconf 81' lang='grc' dir='ltr'>ὀκτώ.</span> <span class='ocrx_word' id='word_1_571' title='bbox 3331 4079 3613 4151; x_wconf 76' lang='grc' dir='ltr'>Ὠργίζετο</span> <span class='ocrx_word' id='word_1_572' title='bbox 3647 4081 3703 4134; x_wconf 84' lang='grc' dir='ltr'>δὲ</span> <span class='ocrx_word' id='word_1_573' title='bbox 3737 4084 3841 4135; x_wconf 70' lang='grc' dir='ltr'><strong>καὶ</strong></span> 
     </span>
    </p>
   </div>
   <div class='ocr_carea' id='block_1_85' title="bbox 2245 4169 3842 4243">
    <p class='ocr_par' dir='ltr' id='par_1_85' title="bbox 2245 4169 3842 4243">
     <span class='ocr_line' id='line_1_85' title="bbox 2245 4169 3842 4243; baseline 0.003 -20"><span class='ocrx_word' id='word_1_574' title='bbox 2245 4170 2387 4223; x_wconf 89' lang='grc' dir='ltr'><strong>κατά</strong></span> <span class='ocrx_word' id='word_1_575' title='bbox 2417 4169 2775 4236; x_wconf 83' lang='grc' dir='ltr'>Μακεδονίου,</span> <span class='ocrx_word' id='word_1_576' title='bbox 2802 4171 2863 4224; x_wconf 80' lang='grc' dir='ltr'><strong>οὐ</strong></span> <span class='ocrx_word' id='word_1_577' title='bbox 2898 4171 3060 4241; x_wconf 90' lang='grc' dir='ltr'>μόνον</span> <span class='ocrx_word' id='word_1_578' title='bbox 3099 4172 3182 4224; x_wconf 85' lang='grc' dir='ltr'>ὅτι</span> <span class='ocrx_word' id='word_1_579' title='bbox 3217 4171 3370 4243; x_wconf 89' lang='grc' dir='ltr'><strong>παρά</strong></span> <span class='ocrx_word' id='word_1_580' title='bbox 3394 4172 3635 4243; x_wconf 61' lang='grc' dir='ltr'>ξγνώμην</span> <span class='ocrx_word' id='word_1_581' title='bbox 3665 4173 3842 4228; x_wconf 82' lang='grc' dir='ltr'>αὑτοῦ</span> 
     </span>
    </p>
   </div>
   <div class='ocr_carea' id='block_1_86' title="bbox 2244 4259 3844 4335">
    <p class='ocr_par' dir='ltr' id='par_1_86' title="bbox 2244 4259 3844 4335">
     <span class='ocr_line' id='line_1_86' title="bbox 2244 4259 3844 4335; baseline 0.003 -20"><span class='ocrx_word' id='word_1_582' title='bbox 2244 4263 2675 4335; x_wconf 87' lang='grc' dir='ltr'>κεχειροτόνητο,</span> <span class='ocrx_word' id='word_1_583' title='bbox 2706 4263 2843 4317; x_wconf 88' lang='grc' dir='ltr'><strong>άλλά</strong></span> <span class='ocrx_word' id='word_1_584' title='bbox 2880 4264 2977 4316; x_wconf 81' lang='grc' dir='ltr'>καὶ</span> <span class='ocrx_word' id='word_1_585' title='bbox 3009 4264 3097 4318; x_wconf 76' lang='grc' dir='ltr'>διὰ</span> <span class='ocrx_word' id='word_1_586' title='bbox 3143 4266 3271 4329; x_wconf 82' lang='grc' dir='ltr'>τοὺς</span> <span class='ocrx_word' id='word_1_587' title='bbox 3302 4265 3531 4333; x_wconf 85' lang='grc' dir='ltr'>φόνους,</span> <span class='ocrx_word' id='word_1_588' title='bbox 3564 4259 3639 4318; x_wconf 82' lang='grc' dir='ltr'><strong>ὧν</strong></span> <span class='ocrx_word' id='word_1_589' title='bbox 3668 4266 3844 4331; x_wconf 69' lang='grc' dir='ltr'>αὐτὸς</span> 
     </span>
    </p>
   </div>
   <div class='ocr_carea' id='block_1_87' title="bbox 2243 4356 3841 4428">
    <p class='ocr_par' dir='ltr' id='par_1_87' title="bbox 2243 4356 3841 4428">
     <span class='ocr_line' id='line_1_87' title="bbox 2243 4356 3841 4428; baseline 0.002 -21"><span class='ocrx_word' id='word_1_590' title='bbox 2243 4356 2550 4421; x_wconf 80' lang='grc' dir='ltr'>στασιάζων</span> <span class='ocrx_word' id='word_1_591' title='bbox 2585 4358 2812 4425; x_wconf 87' lang='grc' dir='ltr'>γέγονεν</span> <span class='ocrx_word' id='word_1_592' title='bbox 2852 4358 3020 4421; x_wconf 79' lang='grc' dir='ltr'>αἴτιος</span> <span class='ocrx_word' id='word_1_593' title='bbox 3044 4375 3057 4388; x_wconf 77' lang='grc'><strong><em>⁸</em></strong></span> <span class='ocrx_word' id='word_1_594' title='bbox 3088 4359 3239 4428; x_wconf 84' lang='grc' dir='ltr'>ὅμως</span> <span class='ocrx_word' id='word_1_595' title='bbox 3264 4358 3357 4411; x_wconf 85' lang='grc' dir='ltr'><strong>οῦν</strong></span> <span class='ocrx_word' id='word_1_596' title='bbox 3381 4360 3549 4421; x_wconf 88' lang='grc' dir='ltr'>ἐάσας</span> <span class='ocrx_word' id='word_1_597' title='bbox 3580 4359 3745 4412; x_wconf 80' lang='grc' dir='ltr'>αὑτὸν</span> <span class='ocrx_word' id='word_1_598' title='bbox 3776 4364 3841 4413; x_wconf 83' lang='grc' dir='ltr'><strong>ἐν</strong></span> 
     </span>
    </p>
   </div>
   <div class='ocr_carea' id='block_1_88' title="bbox 2240 4442 3837 4521">
    <p class='ocr_par' dir='ltr' id='par_1_88' title="bbox 2240 4442 3837 4521">
     <span class='ocr_line' id='line_1_88' title="bbox 2240 4442 3837 4521; baseline 0.002 -22"><span class='ocrx_word' id='word_1_599' title='bbox 2240 4442 2274 4521; x_wconf 86' lang='grc' dir='ltr'>ᾖ</span> <span class='ocrx_word' id='word_1_600' title='bbox 2303 4447 2571 4518; x_wconf 83' lang='grc' dir='ltr'>ἐκκλησίᾳ</span> <span class='ocrx_word' id='word_1_601' title='bbox 2598 4447 2699 4518; x_wconf 86' lang='grc' dir='ltr'>τὴν</span> <span class='ocrx_word' id='word_1_602' title='bbox 2727 4450 3068 4517; x_wconf 87' lang='grc' dir='ltr'>χειροτονίαν</span> <span class='ocrx_word' id='word_1_603' title='bbox 3103 4449 3294 4507; x_wconf 86' lang='grc' dir='ltr'>ὑπέδυ.</span> <span class='ocrx_word' id='word_1_604' title='bbox 3322 4450 3401 4511; x_wconf 82' lang='grc' dir='ltr'>εἰς</span> <span class='ocrx_word' id='word_1_605' title='bbox 3419 4451 3518 4518; x_wconf 80' lang='grc' dir='ltr'><strong>τὴν</strong></span> <span class='ocrx_word' id='word_1_606' title='bbox 3554 4448 3837 4518; x_wconf 79' lang='grc' dir='ltr'>Ἀντιόχου</span> 
     </span>
    </p>
   </div>
   <div class='ocr_carea' id='block_1_89' title="bbox 551 4507 2152 4610">
    <p class='ocr_par' dir='ltr' id='par_1_89' title="bbox 551 4507 2137 4607">
     <span class='ocr_line' id='line_1_89' title="bbox 551 4507 2137 4607; baseline 0.024 -51"><span class='ocrx_word' id='word_1_607' title='bbox 551 4514 605 4558; x_wconf 89' lang='lat' dir='ltr'><strong>et</strong></span> <span class='ocrx_word' id='word_1_608' title='bbox 633 4507 831 4563; x_wconf 86' lang='lat' dir='ltr'><strong>exinde</strong></span> <span class='ocrx_word' id='word_1_609' title='bbox 860 4509 1308 4573; x_wconf 86' lang='lat' dir='ltr'><strong>Thessalonicam</strong></span> <span class='ocrx_word' id='word_1_610' title='bbox 1366 4522 1419 4576; x_wconf 93' lang='lat' dir='ltr'><strong>in</strong></span> <span class='ocrx_word' id='word_1_611' title='bbox 1468 4525 1587 4589; x_wconf 82' lang='lat' dir='ltr'><strong>eius</strong></span> <span class='ocrx_word' id='word_1_612' title='bbox 1615 4530 1996 4605; x_wconf 89' lang='lat' dir='ltr'><strong>majorumque</strong></span> <span class='ocrx_word' id='word_1_613' title='bbox 2039 4554 2137 4607; x_wconf 87' lang='lat' dir='ltr'><strong>pa-</strong></span> 
     </span>
    </p>
   </div>
   <div class='ocr_carea' id='block_1_90' title="bbox 2257 4507 3838 4610">
    <p class='ocr_par' dir='ltr' id='par_1_90' title="bbox 2257 4507 3838 4610">
     <span class='ocr_line' id='line_1_90' title="bbox 2257 4507 3838 4610; baseline 0.004 -21"><span class='ocrx_word' id='word_1_614' title='bbox 2257 4507 2580 4610; x_wconf 57' lang='grc' dir='ltr'>ίξώρμησεν.</span> <span class='ocrx_word' id='word_1_615' title='bbox 2725 4507 2910 4609; x_wconf 68' lang='grc' dir='ltr'>μέντοι</span> <span class='ocrx_word' id='word_1_616' title='bbox 2954 4541 3243 4603; x_wconf 82' lang='grc' dir='ltr'>θεσπέσιος</span> <span class='ocrx_word' id='word_1_617' title='bbox 3291 4507 3503 4604; x_wconf 72' lang='grc' dir='ltr'>Παῦλος</span> <span class='ocrx_word' id='word_1_618' title='bbox 3551 4541 3714 4594; x_wconf 86' lang='grc' dir='ltr'>πάλιν</span> <span class='ocrx_word' id='word_1_619' title='bbox 3768 4542 3838 4595; x_wconf 81' lang='grc' dir='ltr'>τὸ</span> 
     </span>
    </p>
   </div>
   <div class='ocr_carea' id='block_1_91' title="bbox 552 4598 2131 4695">
    <p class='ocr_par' dir='ltr' id='par_1_91' title="bbox 552 4598 2131 4695">
     <span class='ocr_line' id='line_1_91' title="bbox 552 4598 2131 4695; baseline 0.023 -47"><span class='ocrx_word' id='word_1_620' title='bbox 552 4598 736 4653; x_wconf 80' lang='lat' dir='ltr'><strong>triani.</strong></span> <span class='ocrx_word' id='word_1_621' title='bbox 755 4601 888 4657; x_wconf 84' lang='lat' dir='ltr'><strong>Hinc</strong></span> <span class='ocrx_word' id='word_1_622' title='bbox 909 4606 975 4659; x_wconf 86' lang='lat' dir='ltr'><strong>ad</strong></span> <span class='ocrx_word' id='word_1_623' title='bbox 1000 4606 1241 4665; x_wconf 86' lang='lat' dir='ltr'><strong>Orientis</strong></span> <span class='ocrx_word' id='word_1_624' title='bbox 1268 4626 1451 4681; x_wconf 89' lang='lat' dir='ltr'><strong>partes</strong></span> <span class='ocrx_word' id='word_1_625' title='bbox 1473 4618 1649 4674; x_wconf 90' lang='lat' dir='ltr'><strong>redire</strong></span> <span class='ocrx_word' id='word_1_626' title='bbox 1671 4637 1912 4693; x_wconf 88' lang='lat' dir='ltr'><strong>unquam</strong></span> <span class='ocrx_word' id='word_1_627' title='bbox 1940 4632 2131 4695; x_wconf 89' lang='lat' dir='ltr'><strong>vetuit,</strong></span> 
     </span>
    </p>
   </div>
   <div class='ocr_carea' id='block_1_92' title="bbox 552 4695 2132 4784">
    <p class='ocr_par' dir='ltr' id='par_1_92' title="bbox 552 4695 2132 4784">
     <span class='ocr_line' id='line_1_92' title="bbox 552 4695 2132 4784; baseline 0.023 -42"><span class='ocrx_word' id='word_1_628' title='bbox 552 4705 655 4746; x_wconf 89' lang='lat' dir='ltr'><strong>nec</strong></span> <span class='ocrx_word' id='word_1_629' title='bbox 704 4695 770 4748; x_wconf 91' lang='lat' dir='ltr'><strong>ad</strong></span> <span class='ocrx_word' id='word_1_630' title='bbox 819 4698 1028 4756; x_wconf 87' lang='lat' dir='ltr'><strong>vicinas</strong></span> <span class='ocrx_word' id='word_1_631' title='bbox 1068 4704 1252 4759; x_wconf 89' lang='lat' dir='ltr'><strong>urbes.</strong></span> <span class='ocrx_word' id='word_1_632' title='bbox 1283 4706 1486 4776; x_wconf 86' lang='lat' dir='ltr'><strong>Impius</strong></span> <span class='ocrx_word' id='word_1_633' title='bbox 1520 4711 1893 4784; x_wconf 87' lang='lat' dir='ltr'><strong>Macedonius,</strong></span> <span class='ocrx_word' id='word_1_634' title='bbox 1923 4734 2132 4779; x_wconf 88' lang='lat' dir='ltr'><strong>armata</strong></span> 
     </span>
    </p>
   </div>
   <div class='ocr_carea' id='block_1_93' title="bbox 555 4785 2133 4872">
    <p class='ocr_par' dir='ltr' id='par_1_93' title="bbox 555 4785 2133 4872">
     <span class='ocr_line' id='line_1_93' title="bbox 555 4785 2133 4872; baseline 0.024 -37"><span class='ocrx_word' id='word_1_635' title='bbox 555 4785 605 4836; x_wconf 89' lang='lat' dir='ltr'><strong>vi</strong></span> <span class='ocrx_word' id='word_1_636' title='bbox 640 4788 883 4856; x_wconf 82' lang='lat' dir='ltr'><strong>adjutus,</strong></span> <span class='ocrx_word' id='word_1_637' title='bbox 914 4802 967 4847; x_wconf 88' lang='lat' dir='ltr'><strong>et</strong></span> <span class='ocrx_word' id='word_1_638' title='bbox 1003 4811 1108 4849; x_wconf 90' lang='lat' dir='ltr'><strong>una</strong></span> <span class='ocrx_word' id='word_1_639' title='bbox 1140 4813 1261 4852; x_wconf 87' lang='lat' dir='ltr'><strong>Cum</strong></span> <span class='ocrx_word' id='word_1_640' title='bbox 1298 4802 1554 4869; x_wconf 69' lang='lat' dir='ltr'><strong>prmfecto</strong></span> <span class='ocrx_word' id='word_1_641' title='bbox 1579 4819 1768 4864; x_wconf 90' lang='lat' dir='ltr'><strong>vectus</strong></span> <span class='ocrx_word' id='word_1_642' title='bbox 1788 4850 1802 4872; x_wconf 92' lang='lat'><strong>,</strong></span> <span class='ocrx_word' id='word_1_643' title='bbox 1832 4812 1921 4866; x_wconf 88' lang='lat' dir='ltr'><strong>Dei</strong></span> <span class='ocrx_word' id='word_1_644' title='bbox 1947 4813 2133 4872; x_wconf 81' lang='lat' dir='ltr'><strong>Eccle-</strong></span> 
     </span>
    </p>
   </div>
   <div class='ocr_carea' id='block_1_94' title="bbox 553 4872 2130 4963">
    <p class='ocr_par' dir='ltr' id='par_1_94' title="bbox 553 4872 2130 4963">
     <span class='ocr_line' id='line_1_94' title="bbox 553 4872 2130 4963; baseline 0.022 -39"><span class='ocrx_word' id='word_1_645' title='bbox 553 4872 691 4927; x_wconf 82' lang='lat' dir='ltr'><strong>siam</strong></span> <span class='ocrx_word' id='word_1_646' title='bbox 720 4876 946 4934; x_wconf 88' lang='lat' dir='ltr'><strong>invadit.</strong></span> <span class='ocrx_word' id='word_1_647' title='bbox 975 4882 1137 4939; x_wconf 86' lang='lat' dir='ltr'><strong>Multa</strong></span> <span class='ocrx_word' id='word_1_648' title='bbox 1168 4889 1348 4943; x_wconf 86' lang='lat' dir='ltr'><strong>editur</strong></span> <span class='ocrx_word' id='word_1_649' title='bbox 1380 4903 1611 4963; x_wconf 81' lang='lat' dir='ltr'><strong>strages,</strong></span> <span class='ocrx_word' id='word_1_650' title='bbox 1650 4907 1704 4952; x_wconf 89' lang='lat' dir='ltr'><strong>et</strong></span> <span class='ocrx_word' id='word_1_651' title='bbox 1734 4900 1833 4952; x_wconf 87' lang='lat' dir='ltr'><strong>tria</strong></span> <span class='ocrx_word' id='word_1_652' title='bbox 1871 4902 2041 4957; x_wconf 87' lang='lat' dir='ltr'><strong>millia</strong></span> <span class='ocrx_word' id='word_1_653' title='bbox 2066 4919 2130 4959; x_wconf 87' lang='lat' dir='ltr'><strong>ac</strong></span> 
     </span>
    </p>
   </div>
   <div class='ocr_carea' id='block_1_95' title="bbox 550 4966 2094 5051">
    <p class='ocr_par' dir='ltr' id='par_1_95' title="bbox 550 4966 2094 5051">
     <span class='ocr_line' id='line_1_95' title="bbox 550 4966 2094 5051; baseline 0.023 -38"><span class='ocrx_word' id='word_1_654' title='bbox 550 4966 948 5039; x_wconf 73' lang='lat' dir='ltr'><strong>utrinquaginta</strong></span> <span class='ocrx_word' id='word_1_655' title='bbox 999 4979 1348 5045; x_wconf 87' lang='lat' dir='ltr'><strong>occiduntur,</strong></span> <span class='ocrx_word' id='word_1_656' title='bbox 1380 4995 1434 5038; x_wconf 90' lang='lat' dir='ltr'><strong>et</strong></span> <span class='ocrx_word' id='word_1_657' title='bbox 1489 4989 1886 5047; x_wconf 88' lang='lat' dir='ltr'><strong>catholicorum</strong></span> <span class='ocrx_word' id='word_1_658' title='bbox 1961 4996 2094 5051; x_wconf 71' lang='lat' dir='ltr'><strong>cmdi</strong></span> 
     </span>
    </p>
   </div>
   <div class='ocr_carea' id='block_1_96' title="bbox 545 5054 2127 5156">
    <p class='ocr_par' dir='ltr' id='par_1_96' title="bbox 545 5054 2127 5156">
     <span class='ocr_line' id='line_1_96' title="bbox 545 5054 2127 5156; baseline 0.022 -48"><span class='ocrx_word' id='word_1_659' title='bbox 545 5054 650 5111; x_wconf 86' lang='lat' dir='ltr'><strong>bus</strong></span> <span class='ocrx_word' id='word_1_660' title='bbox 695 5069 774 5112; x_wconf 85' lang='lat' dir='ltr'><strong>ter</strong></span> <span class='ocrx_word' id='word_1_661' title='bbox 819 5070 1186 5125; x_wconf 84' lang='lat' dir='ltr'><strong>exsecrandus</strong></span> <span class='ocrx_word' id='word_1_662' title='bbox 1221 5074 1604 5146; x_wconf 80' lang='lat' dir='ltr'><strong>inauguratur.</strong></span> <span class='ocrx_word' id='word_1_663' title='bbox 1633 5081 1836 5137; x_wconf 83' lang='lat' dir='ltr'><strong>Eodem</strong></span> <span class='ocrx_word' id='word_1_664' title='bbox 1885 5094 2127 5156; x_wconf 89' lang='lat' dir='ltr'><strong>tempore</strong></span> 
     </span>
    </p>
   </div>
   <div class='ocr_carea' id='block_1_97' title="bbox 547 5153 2128 5239">
    <p class='ocr_par' dir='ltr' id='par_1_97' title="bbox 547 5153 2128 5239">
     <span class='ocr_line' id='line_1_97' title="bbox 547 5153 2128 5239; baseline 0.018 -33"><span class='ocrx_word' id='word_1_665' title='bbox 547 5153 905 5214; x_wconf 83' lang='lat' dir='ltr'><strong>Constantius</strong></span> <span class='ocrx_word' id='word_1_666' title='bbox 940 5178 1196 5231; x_wconf 77' lang='lat' dir='ltr'><strong>magnum</strong></span> <span class='ocrx_word' id='word_1_667' title='bbox 1235 5172 1519 5239; x_wconf 82' lang='lat' dir='ltr'><strong>templum,</strong></span> <span class='ocrx_word' id='word_1_668' title='bbox 1550 5175 1635 5228; x_wconf 89' lang='lat' dir='ltr'><strong>cui</strong></span> <span class='ocrx_word' id='word_1_669' title='bbox 1665 5192 1864 5231; x_wconf 87' lang='lat' dir='ltr'><strong>nomen</strong></span> <span class='ocrx_word' id='word_1_670' title='bbox 1893 5179 1993 5232; x_wconf 78' lang='lat' dir='ltr'><strong>Dei</strong></span> <span class='ocrx_word' id='word_1_671' title='bbox 2028 5179 2128 5234; x_wconf 90' lang='lat' dir='ltr'><strong>So-</strong></span> 
     </span>
    </p>
   </div>
   <div class='ocr_carea' id='block_1_98' title="bbox 539 5252 2122 5343">
    <p class='ocr_par' dir='ltr' id='par_1_98' title="bbox 539 5252 2122 5343">
     <span class='ocr_line' id='line_1_98' title="bbox 539 5252 2122 5343; baseline 0.016 -42"><span class='ocrx_word' id='word_1_672' title='bbox 539 5252 687 5318; x_wconf 77' lang='lat' dir='ltr'><strong>phia,</strong></span> <span class='ocrx_word' id='word_1_673' title='bbox 721 5255 1108 5313; x_wconf 65' lang='lat' dir='ltr'><strong>exaadiﬁcarat.</strong></span> <span class='ocrx_word' id='word_1_674' title='bbox 1142 5261 1205 5314; x_wconf 81' lang='lat' dir='ltr'><strong>Et</strong></span> <span class='ocrx_word' id='word_1_675' title='bbox 1235 5264 1455 5321; x_wconf 89' lang='lat' dir='ltr'><strong>divinus</strong></span> <span class='ocrx_word' id='word_1_676' title='bbox 1489 5266 1690 5325; x_wconf 88' lang='lat' dir='ltr'><strong>Paulus</strong></span> <span class='ocrx_word' id='word_1_677' title='bbox 1721 5273 1886 5340; x_wconf 89' lang='lat' dir='ltr'><strong>paulo</strong></span> <span class='ocrx_word' id='word_1_678' title='bbox 1912 5283 2039 5343; x_wconf 88' lang='lat' dir='ltr'><strong>post</strong></span> <span class='ocrx_word' id='word_1_679' title='bbox 2069 5274 2122 5327; x_wconf 93' lang='lat' dir='ltr'><strong>in</strong></span> 
     </span>
    </p>
   </div>
   <div class='ocr_carea' id='block_1_99' title="bbox 537 5337 2124 5416">
    <p class='ocr_par' dir='ltr' id='par_1_99' title="bbox 537 5337 2124 5416">
     <span class='ocr_line' id='line_1_99' title="bbox 537 5337 2124 5416; baseline 0.016 -27"><span class='ocrx_word' id='word_1_680' title='bbox 537 5337 745 5393; x_wconf 84' lang='lat' dir='ltr'><strong>italiam</strong></span> <span class='ocrx_word' id='word_1_681' title='bbox 794 5345 1012 5399; x_wconf 87' lang='lat' dir='ltr'><strong>tertium</strong></span> <span class='ocrx_word' id='word_1_682' title='bbox 1046 5351 1347 5416; x_wconf 88' lang='lat' dir='ltr'><strong>contendit,</strong></span> <span class='ocrx_word' id='word_1_683' title='bbox 1386 5363 1440 5408; x_wconf 90' lang='lat' dir='ltr'><strong>et</strong></span> <span class='ocrx_word' id='word_1_684' title='bbox 1488 5337 1848 5416; x_wconf 78' lang='lat' dir='ltr'><strong>Athanasium</strong></span> <span class='ocrx_word' id='word_1_685' title='bbox 1889 5362 2124 5414; x_wconf 87' lang='lat' dir='ltr'><strong>commi-</strong></span> 
     </span>
    </p>
   </div>
   <div class='ocr_carea' id='block_1_100' title="bbox 536 5431 2121 5522">
    <p class='ocr_par' dir='ltr' id='par_1_100' title="bbox 536 5431 2121 5522">
     <span class='ocr_line' id='line_1_100' title="bbox 536 5431 2121 5522; baseline 0.016 -38"><span class='ocrx_word' id='word_1_686' title='bbox 536 5431 759 5488; x_wconf 86' lang='lat' dir='ltr'><strong>litonem</strong></span> <span class='ocrx_word' id='word_1_687' title='bbox 802 5437 906 5492; x_wconf 87' lang='lat' dir='ltr'><strong>sibi</strong></span> <span class='ocrx_word' id='word_1_688' title='bbox 928 5442 1251 5514; x_wconf 77' lang='lat' dir='ltr'><strong>adjungens,</strong></span> <span class='ocrx_word' id='word_1_689' title='bbox 1280 5446 1563 5504; x_wconf 90' lang='lat' dir='ltr'><strong>Constanti</strong></span> <span class='ocrx_word' id='word_1_690' title='bbox 1608 5450 1926 5522; x_wconf 88' lang='lat' dir='ltr'><strong>imperatori</strong></span> <span class='ocrx_word' id='word_1_691' title='bbox 1964 5454 2121 5509; x_wconf 88' lang='lat' dir='ltr'><strong>Occi-</strong></span> 
     </span>
    </p>
   </div>
   <div class='ocr_carea' id='block_1_101' title="bbox 2236 4631 3836 4705">
    <p class='ocr_par' dir='ltr' id='par_1_101' title="bbox 2236 4631 3836 4705">
     <span class='ocr_line' id='line_1_101' title="bbox 2236 4631 3836 4705; baseline 0.001 -21"><span class='ocrx_word' id='word_1_692' title='bbox 2236 4631 2490 4702; x_wconf 89' lang='grc' dir='ltr'>δεύτερον</span> <span class='ocrx_word' id='word_1_693' title='bbox 2519 4632 2930 4703; x_wconf 86' lang='grc' dir='ltr'>καταλαμϐάνει</span> <span class='ocrx_word' id='word_1_694' title='bbox 2960 4635 3060 4703; x_wconf 83' lang='grc' dir='ltr'>τὴν</span> <span class='ocrx_word' id='word_1_695' title='bbox 3099 4632 3341 4703; x_wconf 85' lang='grc' dir='ltr'>Ῥώμην,</span> <span class='ocrx_word' id='word_1_696' title='bbox 3384 4634 3478 4686; x_wconf 73' lang='grc' dir='ltr'>καὶ</span> <span class='ocrx_word' id='word_1_697' title='bbox 3519 4634 3836 4705; x_wconf 85' lang='grc' dir='ltr'>Ἀθανασίῳ</span> 
     </span>
    </p>
   </div>
   <div class='ocr_carea' id='block_1_102' title="bbox 2238 4725 3835 4795">
    <p class='ocr_par' dir='ltr' id='par_1_102' title="bbox 2238 4725 3835 4795">
     <span class='ocr_line' id='line_1_102' title="bbox 2238 4725 3835 4795; baseline 0.002 -19"><span class='ocrx_word' id='word_1_698' title='bbox 2238 4725 2423 4795; x_wconf 79' lang='grc' dir='ltr'>συνῆν.</span> <span class='ocrx_word' id='word_1_699' title='bbox 2465 4725 2756 4795; x_wconf 81' lang='grc' dir='ltr'>Ἀναφέρει</span> <span class='ocrx_word' id='word_1_700' title='bbox 2804 4725 2935 4793; x_wconf 85' lang='grc' dir='ltr'>γοῦν</span> <span class='ocrx_word' id='word_1_701' title='bbox 2966 4725 3002 4780; x_wconf 79' lang='grc' dir='ltr'><strong>ἃ</strong></span> <span class='ocrx_word' id='word_1_702' title='bbox 3037 4726 3295 4779; x_wconf 88' lang='grc' dir='ltr'>πέπονθοι</span> <span class='ocrx_word' id='word_1_703' title='bbox 3336 4726 3414 4795; x_wconf 79' lang='grc' dir='ltr'>τῷ</span> <span class='ocrx_word' id='word_1_704' title='bbox 3452 4725 3692 4795; x_wconf 84' lang='grc' dir='ltr'>Ῥώμης,</span> <span class='ocrx_word' id='word_1_705' title='bbox 3729 4729 3835 4781; x_wconf 74' lang='grc' dir='ltr'><strong>καὶ</strong></span> 
     </span>
    </p>
   </div>
   <div class='ocr_carea' id='block_1_103' title="bbox 2234 4813 3833 4888">
    <p class='ocr_par' dir='ltr' id='par_1_103' title="bbox 2234 4813 3833 4888">
     <span class='ocr_line' id='line_1_103' title="bbox 2234 4813 3833 4888; baseline 0.003 -19"><span class='ocrx_word' id='word_1_706' title='bbox 2234 4813 2391 4880; x_wconf 83' lang='grc' dir='ltr'>αὖθις</span> <span class='ocrx_word' id='word_1_707' title='bbox 2421 4820 2538 4881; x_wconf 86' lang='grc' dir='ltr'>τοῖς</span> <span class='ocrx_word' id='word_1_708' title='bbox 2562 4818 2694 4888; x_wconf 85' lang='grc' dir='ltr'>παρ’</span> <span class='ocrx_word' id='word_1_709' title='bbox 2714 4819 2903 4884; x_wconf 85' lang='grc' dir='ltr'>αὐτοῦ,</span> <span class='ocrx_word' id='word_1_710' title='bbox 2928 4818 3009 4871; x_wconf 78' lang='grc' dir='ltr'>ἔτι</span> <span class='ocrx_word' id='word_1_711' title='bbox 3040 4819 3097 4872; x_wconf 84' lang='grc' dir='ltr'>δὲ</span> <span class='ocrx_word' id='word_1_712' title='bbox 3138 4819 3234 4872; x_wconf 74' lang='grc' dir='ltr'><strong>καὶ</strong></span> <span class='ocrx_word' id='word_1_713' title='bbox 3267 4821 3380 4882; x_wconf 86' lang='grc' dir='ltr'>τοῖς</span> <span class='ocrx_word' id='word_1_714' title='bbox 3405 4819 3765 4883; x_wconf 82' lang='grc' dir='ltr'>Κώνσταντος</span> <span class='ocrx_word' id='word_1_715' title='bbox 3781 4822 3833 4853; x_wconf 77' lang='grc'><strong><em>⁸³</em></strong></span> 
     </span>
    </p>
   </div>
   <div class='ocr_carea' id='block_1_104' title="bbox 2233 4909 3831 4983">
    <p class='ocr_par' dir='ltr' id='par_1_104' title="bbox 2233 4909 3831 4983">
     <span class='ocr_line' id='line_1_104' title="bbox 2233 4909 3831 4983; baseline 0.004 -22"><span class='ocrx_word' id='word_1_716' title='bbox 2233 4909 2326 4962; x_wconf 88' lang='grc' dir='ltr'><strong>τοῦ</strong></span> <span class='ocrx_word' id='word_1_717' title='bbox 2381 4909 2644 4979; x_wconf 84' lang='grc' dir='ltr'>βασιλέως</span> <span class='ocrx_word' id='word_1_718' title='bbox 2695 4912 3101 4982; x_wconf 75' lang='grc' dir='ltr'>κατοχυρωθεὶς</span> <span class='ocrx_word' id='word_1_719' title='bbox 3146 4913 3456 4981; x_wconf 83' lang='grc' dir='ltr'>γράμμασι,</span> <span class='ocrx_word' id='word_1_720' title='bbox 3503 4913 3831 4983; x_wconf 76' lang='grc' dir='ltr'>παραυτίκα</span> 
     </span>
    </p>
   </div>
   <div class='ocr_carea' id='block_1_105' title="bbox 2230 5001 3829 5075">
    <p class='ocr_par' dir='ltr' id='par_1_105' title="bbox 2230 5001 3829 5075">
     <span class='ocr_line' id='line_1_105' title="bbox 2230 5001 3829 5075; baseline 0.002 -21"><span class='ocrx_word' id='word_1_721' title='bbox 2230 5019 2290 5054; x_wconf 89' lang='grc' dir='ltr'><strong>τε</strong></span> <span class='ocrx_word' id='word_1_722' title='bbox 2311 5001 2359 5033; x_wconf 69' lang='grc'><strong>⁸⁵</strong></span> <span class='ocrx_word' id='word_1_723' title='bbox 2388 5002 2635 5055; x_wconf 84' lang='grc' dir='ltr'>ἐπάνεισι</span> <span class='ocrx_word' id='word_1_724' title='bbox 2656 5006 2751 5057; x_wconf 76' lang='grc' dir='ltr'><strong>καί</strong></span> <span class='ocrx_word' id='word_1_725' title='bbox 2783 5004 2859 5073; x_wconf 84' lang='grc' dir='ltr'>τῷ</span> <span class='ocrx_word' id='word_1_726' title='bbox 2887 5005 3073 5075; x_wconf 84' lang='grc' dir='ltr'>οἰκείῳ</span> <span class='ocrx_word' id='word_1_727' title='bbox 3097 5005 3291 5074; x_wconf 84' lang='grc' dir='ltr'>θρόνῳ,</span> <span class='ocrx_word' id='word_1_728' title='bbox 3332 5003 3469 5074; x_wconf 90' lang='grc' dir='ltr'><strong>μετά</strong></span> <span class='ocrx_word' id='word_1_729' title='bbox 3493 5004 3694 5073; x_wconf 78' lang='grc' dir='ltr'>πολλῆς</span> <span class='ocrx_word' id='word_1_730' title='bbox 3718 5006 3829 5057; x_wconf 70' lang='grc' dir='ltr'>αὐ-</span> 
     </span>
    </p>
   </div>
   <div class='ocr_carea' id='block_1_106' title="bbox 2231 5092 3827 5167">
    <p class='ocr_par' dir='ltr' id='par_1_106' title="bbox 2231 5092 3827 5167">
     <span class='ocr_line' id='line_1_106' title="bbox 2231 5092 3827 5167; baseline 0.004 -24"><span class='ocrx_word' id='word_1_731' title='bbox 2231 5092 2325 5144; x_wconf 83' lang='grc' dir='ltr'><strong>τὸν</strong></span> <span class='ocrx_word' id='word_1_732' title='bbox 2354 5092 2623 5161; x_wconf 86' lang='grc' dir='ltr'>θυμηδίας</span> <span class='ocrx_word' id='word_1_733' title='bbox 2650 5094 2750 5163; x_wconf 83' lang='grc' dir='ltr'><strong>τῆς</strong></span> <span class='ocrx_word' id='word_1_734' title='bbox 2778 5094 2986 5159; x_wconf 82' lang='grc' dir='ltr'>πόλεως</span> <span class='ocrx_word' id='word_1_735' title='bbox 3007 5095 3436 5167; x_wconf 78' lang='grc' dir='ltr'>ὑποδεξαμένης,</span> <span class='ocrx_word' id='word_1_736' title='bbox 3466 5096 3827 5166; x_wconf 86' lang='grc' dir='ltr'>ἐγκαθιδρύε-</span> 
     </span>
    </p>
   </div>
   <div class='ocr_carea' id='block_1_107' title="bbox 2229 5184 3827 5257">
    <p class='ocr_par' dir='ltr' id='par_1_107' title="bbox 2229 5184 3827 5257">
     <span class='ocr_line' id='line_1_107' title="bbox 2229 5184 3827 5257; baseline 0.004 -22"><span class='ocrx_word' id='word_1_737' title='bbox 2229 5200 2340 5238; x_wconf 88' lang='grc' dir='ltr'>ται.</span> <span class='ocrx_word' id='word_1_738' title='bbox 2368 5185 2477 5236; x_wconf 71' lang='grc' dir='ltr'>Καὶ</span> <span class='ocrx_word' id='word_1_739' title='bbox 2508 5184 2671 5237; x_wconf 86' lang='grc' dir='ltr'>πάλιν</span> <span class='ocrx_word' id='word_1_740' title='bbox 2702 5186 3002 5257; x_wconf 81' lang='grc' dir='ltr'>περιοργὴς</span> <span class='ocrx_word' id='word_1_741' title='bbox 3033 5188 3062 5239; x_wconf 89' lang='lat'><strong>6</strong></span> <span class='ocrx_word' id='word_1_742' title='bbox 3087 5188 3486 5252; x_wconf 81' lang='grc' dir='ltr'>Κωνστάντιος,</span> <span class='ocrx_word' id='word_1_743' title='bbox 3524 5188 3619 5240; x_wconf 73' lang='grc' dir='ltr'><strong>καὶ</strong></span> <span class='ocrx_word' id='word_1_744' title='bbox 3652 5188 3827 5243; x_wconf 83' lang='grc' dir='ltr'>πάλιν</span> 
     </span>
    </p>
   </div>
   <div class='ocr_carea' id='block_1_108' title="bbox 2230 5275 3827 5351">
    <p class='ocr_par' dir='ltr' id='par_1_108' title="bbox 2230 5275 3827 5351">
     <span class='ocr_line' id='line_1_108' title="bbox 2230 5275 3827 5351; baseline 0.003 -25"><span class='ocrx_word' id='word_1_745' title='bbox 2230 5275 2561 5345; x_wconf 84' lang='grc' dir='ltr'>πρόσταγμα</span> <span class='ocrx_word' id='word_1_746' title='bbox 2592 5279 2671 5339; x_wconf 87' lang='grc' dir='ltr'>εἰς</span> <span class='ocrx_word' id='word_1_747' title='bbox 2694 5277 2994 5347; x_wconf 89' lang='grc' dir='ltr'>ὑπερορίαν</span> <span class='ocrx_word' id='word_1_748' title='bbox 3020 5276 3152 5345; x_wconf 81' lang='grc' dir='ltr'>ἄγον</span> <span class='ocrx_word' id='word_1_749' title='bbox 3181 5277 3272 5330; x_wconf 79' lang='grc' dir='ltr'>τὸν</span> <span class='ocrx_word' id='word_1_750' title='bbox 3298 5277 3677 5347; x_wconf 78' lang='grc' dir='ltr'>ἁοίδιμον.Καὶ</span> <span class='ocrx_word' id='word_1_751' title='bbox 3704 5281 3827 5351; x_wconf 76' lang='grc' dir='ltr'>γὰρ</span> 
     </span>
    </p>
   </div>
   <div class='ocr_carea' id='block_1_109' title="bbox 2225 5366 3825 5439">
    <p class='ocr_par' dir='ltr' id='par_1_109' title="bbox 2225 5366 3825 5439">
     <span class='ocr_line' id='line_1_109' title="bbox 2225 5366 3825 5439; baseline 0.002 -19"><span class='ocrx_word' id='word_1_752' title='bbox 2225 5366 2389 5421; x_wconf 88' lang='grc' dir='ltr'>τοῦτο</span> <span class='ocrx_word' id='word_1_753' title='bbox 2432 5367 2727 5437; x_wconf 83' lang='grc' dir='ltr'>δεξάμενος</span> <span class='ocrx_word' id='word_1_754' title='bbox 2771 5370 2800 5421; x_wconf 90' lang='lat'><strong>6</strong></span> <span class='ocrx_word' id='word_1_755' title='bbox 2848 5368 3094 5439; x_wconf 68' lang='grc' dir='ltr'>ὕπαρχος</span> <span class='ocrx_word' id='word_1_756' title='bbox 3126 5368 3394 5431; x_wconf 84' lang='grc' dir='ltr'>Φίλιππος</span> <span class='ocrx_word' id='word_1_757' title='bbox 3434 5368 3671 5439; x_wconf 68' lang='grc' dir='ltr'>ἐξορίζει</span> <span class='ocrx_word' id='word_1_758' title='bbox 3712 5370 3825 5438; x_wconf 85' lang='grc' dir='ltr'>μὲν</span> 
     </span>
    </p>
   </div>
   <div class='ocr_carea' id='block_1_110' title="bbox 2225 5459 3825 5535">
    <p class='ocr_par' dir='ltr' id='par_1_110' title="bbox 2225 5459 3825 5535">
     <span class='ocr_line' id='line_1_110' title="bbox 2225 5459 3825 5535; baseline 0.002 -23"><span class='ocrx_word' id='word_1_759' title='bbox 2225 5459 2318 5513; x_wconf 82' lang='grc' dir='ltr'>τὸν</span> <span class='ocrx_word' id='word_1_760' title='bbox 2352 5461 2517 5528; x_wconf 78' lang='grc' dir='ltr'>ὅσιον,</span> <span class='ocrx_word' id='word_1_761' title='bbox 2547 5461 2970 5532; x_wconf 87' lang='grc' dir='ltr'>ἀντικαθίστησι</span> <span class='ocrx_word' id='word_1_762' title='bbox 3001 5460 3059 5513; x_wconf 86' lang='grc' dir='ltr'>δὲ</span> <span class='ocrx_word' id='word_1_763' title='bbox 3086 5464 3154 5534; x_wconf 74' lang='grc' dir='ltr'>τῇ</span> <span class='ocrx_word' id='word_1_764' title='bbox 3198 5460 3294 5514; x_wconf 85' lang='grc' dir='ltr'><strong>τοῦ</strong></span> <span class='ocrx_word' id='word_1_765' title='bbox 3336 5460 3472 5515; x_wconf 83' lang='grc' dir='ltr'>Θεοῦ</span> <span class='ocrx_word' id='word_1_766' title='bbox 3513 5462 3825 5535; x_wconf 63' lang='grc' dir='ltr'>Ἐκκλησία</span> 
     </span>
    </p>
   </div>
   <div class='ocr_carea' id='block_1_111' title="bbox 1785 5658 2488 5717">
    <p class='ocr_par' dir='ltr' id='par_1_111' title="bbox 1785 5658 2488 5717">
     <span class='ocr_line' id='line_1_111' title="bbox 1785 5658 2488 5717; baseline 0.009 -6"><span class='ocrx_word' id='word_1_767' title='bbox 1785 5658 2025 5714; x_wconf 62' lang='lat' dir='ltr'><strong>VARI/1&quot;.</strong></span> <span class='ocrx_word' id='word_1_768' title='bbox 2082 5659 2488 5717; x_wconf 74' lang='lat' dir='ltr'><strong>DECTIONES.</strong></span> 
     </span>
    </p>
   </div>
   <div class='ocr_carea' id='block_1_112' title="bbox 607 5738 1531 5822">
    <p class='ocr_par' dir='ltr' id='par_1_112' title="bbox 607 5738 1531 5822">
     <span class='ocr_line' id='line_1_112' title="bbox 607 5738 1531 5822; baseline 0.021 -34"><span class='ocrx_word' id='word_1_769' title='bbox 607 5738 651 5767; x_wconf 83' lang='lat'><strong>”</strong></span> <span class='ocrx_word' id='word_1_770' title='bbox 689 5740 981 5814; x_wconf 77' lang='grc' dir='ltr'>Ἀντιόχουῖ</span> <span class='ocrx_word' id='word_1_771' title='bbox 1012 5746 1121 5799; x_wconf 88' lang='lat' dir='ltr'><strong>imo</strong></span> <span class='ocrx_word' id='word_1_772' title='bbox 1159 5748 1531 5822; x_wconf 74' lang='grc' dir='ltr'>’Λ&gt;.εξάνδρου.</span> 
     </span>
    </p>
   </div>
   <div class='ocr_carea' id='block_1_113' title="bbox 540 5816 1582 5891">
    <p class='ocr_par' dir='ltr' id='par_1_113' title="bbox 540 5816 1582 5891">
     <span class='ocr_line' id='line_1_113' title="bbox 540 5816 1582 5891; baseline 0.017 -30"><span class='ocrx_word' id='word_1_773' title='bbox 540 5817 786 5865; x_wconf 77' lang='grc' dir='ltr'>σταντιου</span> <span class='ocrx_word' id='word_1_774' title='bbox 820 5830 879 5877; x_wconf 76' lang='grc' dir='ltr'>ς’,</span> <span class='ocrx_word' id='word_1_775' title='bbox 970 5816 1015 5849; x_wconf 70' lang='grc'><strong>⁸³</strong></span> <span class='ocrx_word' id='word_1_776' title='bbox 1051 5819 1133 5891; x_wconf 80' lang='grc' dir='ltr'>τε]</span> <span class='ocrx_word' id='word_1_777' title='bbox 1166 5820 1223 5874; x_wconf 84' lang='grc' dir='ltr'><strong>δέ</strong></span> <span class='ocrx_word' id='word_1_778' title='bbox 1256 5823 1320 5879; x_wconf 81' lang='grc' dir='ltr'><strong>Α.</strong></span> <span class='ocrx_word' id='word_1_779' title='bbox 1369 5816 1478 5878; x_wconf 71' lang='lat' dir='ltr'><strong>oin.</strong></span> <span class='ocrx_word' id='word_1_780' title='bbox 1524 5824 1582 5879; x_wconf 83' lang='grc' dir='ltr'><strong>Β.</strong></span> 
     </span>
    </p>
   </div>
   <div class='ocr_carea' id='block_1_114' title="bbox 1643 5755 3450 5835">
    <p class='ocr_par' dir='ltr' id='par_1_114' title="bbox 1643 5755 3450 5835">
     <span class='ocr_line' id='line_1_114' title="bbox 1643 5755 3450 5835; baseline 0.007 -27"><span class='ocrx_word' id='word_1_781' title='bbox 1643 5755 1688 5785; x_wconf 67' lang='grc' dir='ltr'>δ”</span> <span class='ocrx_word' id='word_1_782' title='bbox 1720 5755 2066 5829; x_wconf 71' lang='grc' dir='ltr'>ἠδικηκότος]</span> <span class='ocrx_word' id='word_1_783' title='bbox 2101 5758 2235 5814; x_wconf 86' lang='lat' dir='ltr'><strong>addc</strong></span> <span class='ocrx_word' id='word_1_784' title='bbox 2260 5759 2408 5813; x_wconf 86' lang='grc' dir='ltr'>ναοῦ.</span> <span class='ocrx_word' id='word_1_785' title='bbox 2492 5762 2533 5793; x_wconf 83' lang='grc'><strong>⁸¹</strong></span> <span class='ocrx_word' id='word_1_786' title='bbox 2566 5761 2915 5833; x_wconf 79' lang='grc' dir='ltr'>ἀποκατέστη</span> <span class='ocrx_word' id='word_1_787' title='bbox 2968 5781 3026 5828; x_wconf 75' lang='grc' dir='ltr'>ς.</span> <span class='ocrx_word' id='word_1_788' title='bbox 3106 5766 3151 5797; x_wconf 62' lang='grc' dir='ltr'><strong>’δ’</strong></span> <span class='ocrx_word' id='word_1_789' title='bbox 3182 5764 3350 5835; x_wconf 70' lang='grc' dir='ltr'><strong>αῦτῆι³</strong></span> <span class='ocrx_word' id='word_1_790' title='bbox 3385 5766 3450 5820; x_wconf 89' lang='grc' dir='ltr'><strong>Α.</strong></span> 
     </span>
    </p>
   </div>
   <div class='ocr_carea' id='block_1_115' title="bbox 3556 5766 3805 5819">
    <p class='ocr_par' dir='ltr' id='par_1_115' title="bbox 3556 5766 3805 5819">
     <span class='ocr_line' id='line_1_115' title="bbox 3556 5766 3805 5819; baseline 0.008 -1"><span class='ocrx_word' id='word_1_791' title='bbox 3556 5766 3601 5797; x_wconf 81' lang='grc'><strong>⁸³</strong></span> <span class='ocrx_word' id='word_1_792' title='bbox 3638 5767 3805 5819; x_wconf 77' lang='grc' dir='ltr'>Κων-</span> 
     </span>
    </p>
   </div>
  </div>
