4152 6458
284 417 401 481 12-5

1323 430 1849 492 BIBLIOTHECA.
1891 458 1955 469 —
1993 430 2157 491 COD.
2183 430 2454 493 CCLVII.

3476 433 3580 497 176

277 529 385 578 τὴν
415 528 884 603 πνευματομάχον
917 536 1267 592 Μακεδόνιον.
1302 538 1465 611 [1424
1481 539 1576 611 R.]
1608 539 1682 593 Τὸ
1708 541 1765 593 δὲ
1792 540 1889 609 τῆς

1999 539 2174 595 dentis
2197 540 2403 603 omnia,
2436 554 2561 610 quae
2599 539 2749 609 passi
2780 550 2986 607 essent,
3025 553 3271 600 narrant.
3306 544 3405 602 llic
3432 558 3580 603 atro-

284 616 597 687 ὑπερορίας
616 621 720 673 οὐκ
747 624 813 675 ἐκ
838 624 934 677 τοῦ
962 626 1236 695 ἐμφανοῦς
1266 628 1380 681 ἀλλ’
1408 628 1469 693 ἐξ
1495 629 1717 700 ἐνέδρας
1746 646 1880 699 προ-

279 707 487 777 ῆλθεν·
540 713 570 763 6
618 712 728 783 γὰρ
770 715 865 768 τοῦ
895 717 1146 787 Ὀρέστου
1172 724 1217 755 ⁸⁸
1252 725 1451 796 φθόρος
1479 726 1525 759 ⁸⁸
1571 727 1880 798 σοφώτερον

282 802 684 874 κακουργῆσαι
720 806 813 861 τὸν
856 810 1120 866 Φίλιππον
1151 816 1547 889 ἀπειργάσατο.
1583 820 1695 873 Kal
1726 820 1884 874 καλεῖ

286 895 394 982 μὲν
423 898 526 949 σὺν
554 901 689 969 τιμῇ
716 900 810 953 τὸν
834 902 929 955 τοῦ
957 904 1089 957 Θεοῦ
1119 908 1380 979 ἀρχιερέα
1409 911 1489 974 εἰς
1520 911 1581 964 τὸ
1632 911 1878 982 λουτρὸν,

282 979 331 1052 ᾧ
352 987 655 1057 ἐπώνυμον
692 992 721 1043 6
755 992 1077 1062 Ζεύξιππος,
1101 997 1177 1061 ώς
1209 1001 1302 1052 ἐπὶ
1332 1002 1685 1071 κοινωφελέσι
1725 979 1883 1075 δῆθεν

281 1081 386 1129 καὶ
423 1084 714 1148 μυστικοῖς
750 1083 1120 1157 βουλεύμασι·
1167 1092 1420 1145 κάκεῖθεν
1468 1095 1549 1158 είς
1592 1098 1691 1160 τὰς
1725 1096 1883 1166 βασι-

281 1166 472 1231 λείους
507 1171 784 1238 ἐκπέμπει
814 1174 1002 1239 αὐλὰς,
1031 1179 1126 1232 καὶ
1163 1180 1230 1233 δι’
1256 1184 1436 1236 αὐτῶν
1477 1187 1534 1238 ἐν
1566 1190 1649 1256 τῇ’
1672 1187 1885 1241 Θεσσα-

282 1256 511 1329 λονικῇ,
536 1261 607 1331 ἥν
628 1264 723 1315 καὶ
750 1266 799 1318 oi
822 1266 986 1321 αὑτοῦ
1026 1272 1279 1340 πρόγονοι
1309 1277 1546 1346 πατρίδα
1577 1274 1743 1349 εἶχον.
1776 1279 1887 1332 Καὶ

282 1352 404 1412 τοῖς
433 1352 540 1419 μὲν
558 1354 655 1422 τῆς
684 1356 952 1426 ἀνατολῆς
978 1361 1276 1417 ἐπιϐαίνειν
1307 1367 1528 1436 μέρεσιν
1554 1371 1884 1436 ἐκεκώλυτο,

283 1445 413 1506 ταῖς
446 1444 511 1497 δέ
542 1446 976 1517 πλησιαζούσαις
1008 1455 1228 1508 πόλεσιν
1262 1458 1467 1512 οὐκέτι.
1500 1461 1608 1513 Καὶ
1641 1464 1668 1514 6
1697 1462 1888 1514 δυσσε-

289 1535 394 1605 ϐῆς
439 1539 785 1605 Μακεδόνιος
830 1549 1229 1616 στρατιωτικῆς
1261 1551 1443 1620 χειρὸς
1484 1553 1885 1624 ὑπηρετούσης,

292 1628 388 1680 καὶ
422 1632 901 1702 συνεποχούμενος
957 1636 1034 1706 τῷ
1076 1639 1326 1711 ὑπάρχῳ,
1375 1644 1455 1706 είς
1495 1644 1595 1711 τὴν
1627 1643 1719 1697 τοῦ
1750 1644 1886 1698 Θεοῦ

294 1721 601 1791 ἐκκλησίαν
655 1729 1041 1797 παρεισδύεται
1065 1747 1079 1761 ·
1120 1733 1215 1786 καὶ
1262 1735 1422 1804 φόνος
1458 1736 1667 1805 γίνεται
1698 1737 1885 1803 πολὺς,

292 1815 393 1883 τῆς
411 1814 721 1886 διαφθορᾶς
746 1820 827 1882 είς
858 1823 1195 1894 πεντήκοντα
1224 1826 1319 1879 καὶ
1346 1827 1677 1898 τρισχιλίους
1704 1846 1887 1900 παρα-

1988 632 2071 684 cia
2108 646 2233 701 quae
2259 632 2651 687 SUStinuissent
2675 634 2941 689 attentius
2977 650 3101 688 cum
3132 638 3397 704 audisset,
3425 640 3578 696 fratri

1988 724 2200 789 scribit,
2227 732 2339 780 tres
2370 735 2425 779 ut
2449 724 2513 779 ad
2547 740 2606 781 se
2636 725 2875 781 Orientis
2904 728 3148 798 episcopi
3180 732 3453 795 venirent,
3481 734 3578 803 qui

1988 815 2254 869 rationem
2301 815 2589 869 redderent
2630 828 2818 867 eorum
2851 828 2974 882 quae
3008 816 3271 871 adversus
3331 819 3579 874 Athana-

1988 902 2130 957 sium
2187 910 2243 955 et
2302 900 2529 956 Paulum
2590 901 2714 956 ausi
2777 900 3035 963 fuissent.
3066 915 3119 957 et
3163 907 3422 976 scriptam
3457 906 3581 963 fidei

1988 994 2390 1065 professionem
2462 1012 2567 1050 una
2624 997 2901 1051 atTerrent.
2951 999 3237 1052 Mittuntur
3285 1015 3418 1054 vero
3461 1001 3580 1070 epi-

1990 1082 2142 1152 scopi
2164 1090 2422 1151 quatuor,
2462 1082 2753 1140 Narcissus
2794 1084 2973 1150 Cilix,
2998 1083 3319 1141 Theodorus
3372 1086 3578 1153 Thrax,

1990 1174 2156 1230 Maris
2215 1174 2655 1240 Chalcedonius,
2704 1176 2883 1232 Maras
2944 1176 3135 1248 Syrus.
3188 1176 3252 1231 Hi
3308 1194 3414 1232 non
3463 1177 3582 1234 ausi

1992 1272 2215 1325 fuerunt
2235 1267 2489 1323 conferre
2515 1251 2805 1323 sermones
2830 1285 2955 1323 cum
2979 1269 3283 1323 Athanasio
3304 1278 3358 1323 et
3384 1268 3577 1332 Paulo,

1992 1362 2153 1417 ﬁdem
2180 1377 2310 1417 vero
2344 1377 2510 1432 quam
2557 1371 2714 1415 erant
2758 1361 3064 1416 Antiochiae
3100 1361 3336 1431 professi
3395 1362 3583 1416 occul-

1992 1465 2197 1520 tantes,
2223 1455 2499 1523 aliamque
2522 1464 2933 1523 componentes,
2967 1470 3089 1522 qum
3123 1462 3363 1522 apertam
3398 1468 3582 1521 repre-

1996 1546 2317 1600 hensionem
2357 1544 2637 1614 effugeret,
2688 1543 2781 1598 sed
2825 1553 3003 1596 tamen
3033 1542 3093 1595 τὸ
3125 1542 3431 1611 ὁμοούσιον,
3466 1557 3585 1594 εοη·

1994 1636 2346 1691 substantiale
2368 1652 2473 1690 non
2498 1636 2908 1701 conﬁterentur,
2924 1635 3035 1705 regi
3066 1636 3288 1689 tradunt
3311 1634 3512 1706 476a
3528 1641 3585 1687 ct

1996 1731 2132 1786 nihil
2172 1730 2406 1799 amplius
2454 1743 2629 1798 neque
2659 1738 2902 1799 agentes,
2935 1743 3112 1797 neque
3144 1728 3313 1797 passi,
3347 1740 3585 1781 recesse.

1998 1831 2145 1878 runt.
2198 1821 2459 1877 Triennio
2505 1822 2745 1885 evoluto,
2794 1836 3011 1875 rursum
3057 1819 3301 1875 Orientis
3342 1816 3583 1888 episcopi

295 1902 583 1976 ταθείσης,
612 1911 708 1962 καὶ
740 1914 861 1973 ταῖς
882 1913 993 1967 τῶν
1018 1916 1364 1985 Χριστιανῶν
1399 1923 1634 1989 σφαγαῖς
1677 1922 1705 1974 6
1733 1938 1887 1991 τρισ-

1999 1916 2326 1971 conveniunt
2360 1957 2375 1982 ,
2417 1915 2691 1982 aliamque
2732 1913 2893 1967 ﬁdem
2942 1915 3267 1977 decernunt,
3306 1922 3361 1965 et
3387 1913 3585 1967 Italicis

298 1998 585 2069 αλιτήριος
632 2002 1034 2073 ὲνθρονίζεται·
1087 2008 1209 2061 καθ’
1246 2009 1307 2063 ὃν
1363 2011 1428 2082 δὴ
1473 2014 1664 2082 καιρὸν
1715 2015 1809 2067 καὶ
1859 2016 1888 2067 6

301 2090 683 2156 Κωνστάντιος
718 2095 816 2166 τὴν
859 2099 1103 2170 μεγάλην
1153 2103 1451 2172 ἐκκλησίαν
1487 2104 1799 2175 (ἐπώνυμον
1847 2107 1890 2160 δ’

306 2181 445 2251 αὐτῇ
473 2185 507 2248 ἡ
536 2184 633 2237 τοῦ
675 2186 824 2240 Θεοῦ
866 2192 1075 2261 σοφία)
1114 2197 1385 2263 νεουργεῖ.
1433 2195 1543 2248 Kal
1576 2195 1789 2260 Παῦλος
1831 2198 1891 2251 τὸ

315 2272 491 2341 τρίτον
535 2278 565 2327 6
624 2274 914 2342 Θεσπέσιος
974 2282 1095 2350 μετ’
1139 2283 1323 2351 ὀλίγον
1376 2287 1456 2346 είς
1506 2285 1606 2355 τὴν
1658 2285 1890 2340 Ἰταλίαν

329 2367 705 2431 παραγίνεται·
754 2373 850 2423 καὶ
888 2372 1207 2428 Ἀθανάσιον
1247 2376 1338 2429 τὸν
1383 2376 1644 2431 σύναθλον
1685 2379 1887 2440 λαϐὼν,

2000 2010 2241 2065 mittunt.
2271 2010 2502 2065 Ministri
2534 2010 2725 2080 synodi
2756 2018 2913 2062 erant
2966 2019 3098 2063 tunc
3145 2006 3423 2062 Eudoxius
3451 2005 3587 2060 Ger-

2000 2103 2198 2156 maniae
2234 2102 2522 2170 episcopus
2544 2143 2559 2166 ,
2603 2100 2921 2171 Martyrius,
2955 2100 3305 2153 Macedonius
3339 2098 3590 2166 Mopsue-

2000 2195 2140 2249 stiae.
2170 2193 2477 2249 Declaratio
2498 2208 2687 2246 eorum
2712 2192 2837 2247 ﬁdei
2869 2194 3058 2247 eadem
3091 2201 3349 2246 eratcum
3378 2189 3585 2259 priore,

1998 2288 2200 2343 additis
2256 2296 2436 2342 tamen
2501 2287 2779 2341 nonnullis
2831 2287 3081 2341 absurdis
3119 2286 3173 2339 in
3214 2284 3339 2348 ﬁne,
3373 2282 3590 2350 longius

1997 2380 2414 2437 extendebatur.
2469 2379 2784 2433 Conventus
2840 2378 3063 2432 Patrum
3098 2377 3284 2431 Romae
3311 2376 3451 2429 hanc
3480 2389 3589 2426 non

331 2455 751 2515 ἀντιδιδάσκουσιν
798 2463 833 2517 ἃ
899 2467 1198 2522 πεπόνθασι
1257 2468 1591 2523 Κώνσταντα
1649 2471 1740 2523 τὸν
1791 2473 1889 2542 τῆς

1999 2472 2256 2540 suscepit,
2286 2471 2477 2525 dicens
2504 2469 2759 2525 sufﬁcere
2787 2470 2893 2525 sibi
2920 2470 3228 2541 symbolum
3274 2466 3397 2521 ﬁdei
3445 2463 3593 2536 quod

324 2545 551 2617 ἑσπέρας
579 2550 932 2620 βασιλεύοντα
953 2557 1017 2610 ⁸⁷.
1080 2557 1137 2611 '0
1183 2558 1239 2611 δὲ
1277 2561 1347 2612 τὰ
1375 2558 1620 2630 ἑκθεσμα
1666 2555 1742 2614 ὧν
1784 2560 1890 2613 ὐπ-

1999 2559 2195 2614 Nicaea:
2223 2560 2505 2613 decretum
2543 2565 2709 2612 esset.

316 2639 545 2709 ἔστησαν
600 2646 1007 2719 ἀκριϐέστερονι
1041 2651 1318 2721 ἐκμαθὼν,
1372 2650 1577 2724 γράφει
1638 2654 1888 2727 τάδε).φῴ
1926 2658 2075 2725 τρεῖς
2117 2657 2247 2724 παρ’
2317 2652 2480 2705 αὑτὸν
2525 2651 2634 2704 ἀπὸ
2673 2649 2775 2720 τῆς
2839 2650 3103 2720 ἀνατολῆς
3151 2645 3508 2708 ἐπισκόπους,
3540 2642 3591 2696 οἳ

307 2729 461 2799 λόγον
505 2736 737 2792 δώσουσι
775 2741 885 2794 τῶν
927 2760 986 2796 τε
1022 2744 1149 2815 περὶ
1179 2744 1500 2801 Ἀθανάσιον
1547 2747 1641 2801 καὶ
1680 2747 1890 2800 Παῦλον
1930 2747 2296 2817 τολμημάτων
2322 2750 2418 2802 καὶ
2444 2749 2540 2819 τὴν
2573 2748 2671 2818 τῆς
2728 2745 2964 2806 πίστεως
3002 2742 3279 2813 ἔγγραφον
3353 2740 3592 2803 ἔκθεσινν

306 2831 734 2896 παραγενέσθαι.
810 2835 1221 2906 Ἐκπέμπονται
1287 2838 1351 2909 δὴ
1394 2840 1681 2911 τέσσαρες,
1716 2841 2029 2911 Νάρκισσος
2065 2842 2093 2892 6
2120 2840 2165 2872 ⁸⁸
2190 2841 2365 2905 Κίλιξ,
2389 2841 2665 2910 Θεόδωρος
2688 2840 2717 2892 6
2777 2835 2948 2907 Θρᾲξ,
2970 2838 3180 2906 Μάρης
3212 2836 3256 2866 ⁸⁸
3296 2836 3324 2888 ὁ
3368 2832 3592 2899 Χαλκη-

303 2917 451 3006 δόνος
480 2923 577 2974 καὶ
604 2924 801 2994 Napi;
824 2926 853 2977 6
879 2926 1068 2998 Σύρος.
1103 2921 1265 2982 Οὗτοι
1286 2932 1400 2993 τοῖς
1460 2932 1591 3001 περὶ
1649 2931 1970 2985 Ἀθανόισιον
2003 2932 2098 2985 καὶ
2134 2931 2347 2984 Παῦλον
2402 2933 2481 2994 είς
2528 2931 2724 2999 λόγους
2770 2926 2947 2980 ἐλθεῖν
2979 2927 3079 2981 οὐκ
3107 2927 3423 2997 ἐθάρρησαν
3445 2941 3457 2954 ·
3493 2925 3594 2993 τὴν

304 3007 416 3045 0‘”
468 3010 561 3061 ὑπ’
596 3013 777 3067 αὐτῶν
832 3017 890 3067 ἐν
935 3018 1000 3085 τῇ
1036 3017 1313 3086 Ἀντιόχου
1355 3021 1672 3075 ἐκτεθεῖσαν
1711 3022 1891 3074 πίστιν
1931 3020 2372 3094 άποκρύψαντες,
2434 3022 2631 3091 ἑτέραν
2670 3020 2728 3073 δὲ
2763 3019 3050 3081 συνθέντες
3080 3017 3210 3090 [775
3275 3017 3369 3088 H.J
3400 3017 3462 3069 τὸ
3498 3017 3598 3086 μὲν

297 3101 547 3173 ἐμφανὲς
598 3109 697 3175 τῆς
749 3106 1099 3177 βλασφημίας
1147 3113 1477 3180 φεύγουσαν,
1528 3114 1595 3167 τὸ
1652 3114 1697 3167 δ’
1754 3116 2083 3183 όμοούσιον
2115 3114 2177 3167 οὐ
2244 3100 2678 3184 πρεσϐεύουσαν,
2746 3112 3045 3166 ἐπιδιδόασι
3104 3110 3190 3180 τῷ
3220 3110 3455 3180 βασιλεῖ,
3503 3111 3600 3166 καὶ

296 3195 470 3248 πλέον
500 3197 544 3227 ⁹¹
582 3197 738 3251 οὐδὲν
771 3198 894 3251 οὔτε
921 3200 1222 3271 δράσαντες
1244 3203 1369 3256 οὔτε
1431 3205 1699 3269 παθόντες
1759 3206 2140 3278 ἀνεχώρησαν.
2189 3208 2445 3277 Τριετίας
2512 3208 2569 3259 δὲ
2607 3204 3014 3276 διαδραμούῖης
3042 3201 3206 3256 πάλιν
3253 3204 3302 3254 (ί
3340 3202 3439 3270 τῆς
3470 3204 3600 3254 ἁνα-

296 3292 468 3359 τολῆς
503 3291 970 3360 συναθροίζονται,
997 3298 1091 3349 καὶ
1128 3298 1311 3350 πίστιν
1337 3298 1503 3369 ἄλλην
1536 3302 1891 3357 συντάττουσι
1930 3302 2024 3355 καὶ
2079 3304 2192 3366 τοῖς
2222 3303 2279 3354 ἐν
2339 3302 2542 3371 Ἰταλίᾳ
2564 3301 2909 3371 ἐκπέμπουσι
2930 3317 2944 3331 ο
2976 3299 3213 3352 διάκονοι
3240 3298 3284 3350 δ’
3318 3292 3460 3367 ἦσαν
3498 3313 3596 3369 τοῦ
3704 3324 3709 3331 ι

294 3383 691 3451 συντάγματος
734 3383 983 3447 ΕὐδόξιΟς
1029 3386 1058 3437 6
1086 3387 1389 3454 τηνικαῦτα
1422 3389 1821 3460 Γερμανικείας
1848 3393 1893 3424 ⁹¹
1959 3391 2256 3455 ἐπίσκοπος
2279 3394 2375 3446 καὶ
2396 3391 2711 3462 Μαρτύριος
2743 3392 2771 3444 ὃ
2800 3408 2860 3443 τε
2905 3388 3288 3457 Μοψουεστίας
3352 3388 3601 3451 Μακεδό,

292 3490 433 3535 νιος.
481 3475 551 3526 Ἠ
593 3470 651 3524 δὲ
694 3473 795 3542 τῆς
832 3476 1063 3539 πίστεως
1095 3479 1277 3531 αὐτῶν
1307 3479 1523 3546 ἕκθεσις
1562 3484 1596 3553 ἡ
1632 3484 1770 3555 αὑτὴ
1805 3484 1903 3554 μὲν
1934 3482 2003 3556 ἦν
2032 3485 2101 3539 τὰ
2123 3486 2259 3540 ἄλλα
2284 3489 2349 3558 τῇ
2382 3485 2798 3555 προεκτεθείσῃ,
2857 3483 3200 3554 προσθήκαις
3258 3482 3316 3535 δέ
3338 3499 3449 3537 τισι
3472 3485 3599 3546 ταῖς

292 3570 445 3623 κατὰ
500 3569 564 3623 τὸ
612 3570 766 3634 τέλος
826 3571 1143 3637 ἀλλοκότοις
1226 3577 1308 3639 εἰς
1383 3576 1443 3629 τὸ
1501 3580 1839 3652 μακρότερον
1892 3580 2207 3645 ἑξετείνετο.
2265 3583 2323 3635 '0
2377 3583 2433 3635 δὲ
2482 3583 2626 3635 κατὰ
2678 3583 2778 3650 τὴν
2859 3580 3080 3649 Ῥώμην
3123 3579 3235 3631 τῶν
3296 3578 3600 3650 ἀρχιερέων

295 3665 575 3732 σύλλογος
610 3666 817 3738 ταύτην
857 3667 917 3719 ού
960 3668 1352 3739 προσεδέξαντο
1372 3672 1439 3735 ⁸³,
1474 3672 1765 3744 ἀρκεῖσθαι
1834 3676 2066 3747 φάμενοι
2132 3675 2211 3746 τῷ
2273 3674 2528 3746 συμϐόλῳ
2578 3675 2679 3744 τῆς
2754 3674 2990 3734 πίστεως
3031 3671 3059 3723 ὃ
3095 3672 3129 3742 ἢ
3169 3673 3227 3723 ὲν
3258 3668 3462 3739 Νικαίᾳ
3498 3671 3602 3723 ὑπ’

292 3758 542 3827 ηγόρευε
576 3759 815 3822 σύνοδος.

362 3847 539 3901 Οὕτω
554 3848 612 3901 δὲ
652 3851 828 3904 πάντα
862 3853 1104 3924 ταραχῆς
1132 3859 1471 3928 κατεχούσης
1511 3860 1607 3913 καὶ
1643 3860 1891 3928 ἀδιακρί-

2073 3860 2165 3915 Sic
2204 3875 2331 3915 cum
2364 3858 2549 3912 omnia
2577 3856 2817 3912 tumultu
2871 3866 3299 3925 occuparentur,
3332 3863 3384 3907 et
3426 3852 3601 3908 indis-

296 3955 391 3990 του
440 3938 645 4006 ἔριδος,
681 3940 1023 4010 κηρύσσεται
1063 3945 1279 4008 σύνοδος
1327 3950 1680 4020 οἱκουμενικὴ
1707 3950 1898 4022 γνώμῃ

294 4031 408 4082 τῶν
462 4029 560 4083 δύο
625 4031 912 4100 βασιλέων,
971 4037 1109 4104 μετὰ
1143 4037 1429 4093 ἑνδέκατον
1490 4040 1609 4104 έτος
1662 4042 1761 4111 τῆς
1803 4042 1898 4094 τοῦ

298 4121 716 4177 εὐσεϐεστάτου
756 4127 1167 4182 Κωνσταντίνου
1193 4130 1473 4201 τελευτῆς.
1511 4133 1780 4204 Συνῆλθον
1804 4129 1898 4186 οῦν

298 4214 355 4268 ἐν
400 4214 649 4287 Σαρδικῇ
690 4219 754 4269 ἐκ
791 4219 887 4288 μὲν
925 4219 1193 4292 Ἐσπέρας
1215 4225 1353 4295 ὑπὲρ
1383 4227 1509 4290 τοὺς
1553 4228 1900 4295 τριακοσίους

299 4306 669 4370 ἐπισκόπους,
711 4309 775 4362 ἐκ
806 4309 862 4363 δέ
892 4312 991 4381 τῆς
1030 4314 1322 4388 Ἀνατολῆς
1367 4318 1428 4383 ἒξ
1461 4321 1723 4389 μόνοικαὶ
1754 4321 1903 4375 ἐϐδο-

307 4398 588 4467 μήκοντα.
608 4399 719 4454 Kal
740 4403 789 4454 οἱ
807 4403 904 4472 τῆς
938 4404 1111 4476 Ἐῴας
1133 4412 1244 4472 τοῖς
1271 4412 1333 4463 ἐκ
1352 4414 1567 4475 Δύσεως
1594 4413 1901 4483 είςόμιλίαν

303 4488 591 4542 συνελθεῖν
604 4492 704 4544 οὐκ
716 4494 991 4549 ἐπένευονθ
1010 4499 1175 4552 καὶτὸ
1190 4500 1474 4567 αἴτιον,ὄτι
1490 4503 1698 4567 Παῦλος
1716 4505 1900 4568 αὐτοῖς

300 4584 399 4634 καὶ
445 4582 789 4650 Ἀθανάσιος,
817 4590 867 4641 oi
899 4591 997 4660 τῆς
1027 4593 1307 4657 εὐσεϐείας
1326 4594 1580 4665 ἀθληταὶ,
1610 4598 1898 4668 συνεδρία-

305 4673 426 4737 ζον.
460 4674 551 4737 Ὡς
570 4676 617 4728 δ’
640 4677 764 4731 οὔτε
784 4682 833 4733 οἱ
850 4682 948 4750 τῆς
971 4683 1252 4748 εὐσεϐείας
1264 4688 1390 4750 τοὺς
1415 4689 1544 4758 περὶ
1579 4689 1901 4744 Ἀθανάσιον

306 4768 785 4834 ἀπεσκευάζοντο.
825 4772 948 4826 οὔτε
973 4776 1023 4828 οἱ
1070 4777 1170 4847 τῆς
1203 4780 1470 4849 αἱρέσεως
1500 4781 1549 4814 ⁸⁸
1598 4781 1701 4849 τῆς
1761 4782 1901 4852 πρὸς

306 4858 448 4919 τοὺς
498 4858 738 4930 ἀθλητάς
795 4861 996 4933 ἔχθρας
1054 4866 1347 4936 ὑπέληγον,
1407 4868 1773 4940 διασχίζονται
1804 4872 1902 4923 ἀπ’

307 4949 587 5020 ἀλλήλων.
654 4953 764 5006 Kal
820 4956 919 5024 τὴν
967 4959 1025 5011 ἐν
1075 4960 1390 5031 Μακεδονίᾳ
1439 4962 1708 5016 Φιλίππου
1747 4965 1795 5016 οἱ
1844 4962 1901 5029 ἐξ

308 5043 584 5111 ἀνατολῆς
611 5045 1013 5112 καταλαϐόντες
1038 5051 1499 5122 συναθροίζονται,
1533 5054 1903 5123 καὶτηνικαῦ-

310 5153 380 5188 τα
412 5136 499 5197 είς
525 5136 585 5187 τὸ
617 5138 861 5205 ἐμφανὲς
899 5141 1360 5212 ἀναθεματίζουσι
1390 5145 1451 5197 τὸ
1498 5146 1805 5212 ὀμοούσιον.
1839 5145 1903 5197 Oi.

2004 3966 2166 4004 cussa
2219 3948 2571 4003 contentione
2595 3986 2610 4011 ,
2643 3955 2979 4000 convocatur
3019 3942 3290 4013 generalis
3339 3940 3601 4013 synodus,

2003 4040 2276 4095 sententia
2329 4042 2565 4093 duorum
2622 4038 3014 4107 imperatorum
3069 4035 3364 4089 undecimo
3397 4048 3603 4087 annoa

2002 4141 2179 4185 morte
2206 4129 2579 4185 Constantini.
2615 4128 3006 4182 Convenerunt
3030 4126 3198 4196 igitur
3229 4124 3503 4179 Sardicem
3534 4139 3598 4175 ex

2002 4223 2296 4278 Occidente
2347 4236 2510 4291 supra
2572 4229 2844 4274 trecentos
2893 4218 3135 4286 episcopi
3182 4235 3197 4271 :
3256 4231 3324 4270 ex
3377 4214 3602 4269 Oriente

2003 4315 2181 4372 solum
2212 4330 2307 4369 sex
2335 4321 2391 4367 et
2418 4311 2787 4381 septuaginta,
2822 4319 2875 4362 et
2915 4307 3221 4362 Orientales
3262 4322 3388 4361 cum
3443 4304 3629 4360 Occi-'

2003 4404 2312 4461 dentalibus
2334 4404 2632 4457 convenire
2670 4401 2983 4464 noluerunt,
3003 4398 3166 4468 idque
3191 4399 3295 4452 hac
3324 4397 3390 4452 de
3412 4412 3608 4461 causa,

2003 4497 2147 4567 quod
2208 4496 2413 4551 Paulus
2474 4504 2528 4547 et
2583 4491 2918 4545 Athanasius
2987 4489 3229 4543 veritatis
3285 4487 3604 4543 defensores

2002 4607 2127 4646 cum
2188 4589 2296 4642 illis
2343 4584 2658 4657 congregati
2723 4593 2927 4638 essent.
2983 4582 3119 4637 Cum
3150 4598 3281 4635 vero
3320 4596 3494 4649 neque
3532 4579 3605 4648 pii

2005 4680 2410 4737 Athanasianos
2493 4676 2815 4745 rejicerent,
2890 4689 3067 4742 neque
3130 4673 3208 4726 illi
3286 4670 3606 4725 inimicitias

2003 4780 2197 4829 contra
2274 4769 2398 4823 tidei
2468 4774 2903 4838 propugnatores
2981 4765 3376 4833 deponerent,
3436 4776 3467 4815 a
3548 4776 3608 4815 se

2006 4864 2239 4918 invicem
2273 4858 2531 4929 disiuncti
2591 4865 2739 4912 sunt.
2805 4853 3109 4909 Orientales
3187 4866 3381 4905 omnes
3475 4849 3610 4903 Phi-

2004 4952 2179 5021 lippos
2250 4946 2580 5002 Macedonia:
2671 4944 2861 4999 urbem
2942 4940 3263 4996 accedentes
3292 4980 3306 5005 ,
3392 4938 3613 5009 publice

2004 5054 2226 5098 rursum
2269 5042 2690 5106 congregantur,
2726 5042 2781 5087 et
2826 5032 2898 5086 ibi
2928 5038 3112 5100 aperte
3141 5028 3452 5099 ὁμοούσιον,
3485 5043 3613 5080 con-

2009 5125 2413 5209 substantiale‘
2440 5132 2816 5179 exsecrantur.
2886 5120 3242 5174 Sardicenses
3314 5132 3446 5171 vero
3512 5118 3612 5171 ab-

310 5225 370 5277 δέ
412 5227 473 5276 ἐν
504 5225 743 5297 Σαρδικῇ
799 5228 1020 5293 τούτους
1074 5209 1171 5302 μὲν
1217 5235 1401 5305 ἐρήμῃ
1446 5209 1570 5306 δίκη
1606 5235 1892 5289 καταδικά-

2014 5235 2197 5280 sentes
2249 5221 2375 5275 illos
2426 5217 2834 5279 condemnant,
2878 5219 3231 5266 accusatores
3280 5209 3609 5269 Athanasii,

318 5314 497 5380 ζουσι,
532 5319 662 5379 τοὺς
693 5318 749 5370 δὲ
774 5323 1117 5392 κατηγόρους
1167 5325 1487 5379 Ἀθανασίου
1526 5325 1687 5398 [1425
1715 5325 1807 5397 R.]
1832 5325 1908 5390 ὡς

320 5411 671 5477 συκοφάντας
692 5412 1013 5480 καθελόντες
1034 5417 1134 5470 τίων
1163 5434 1223 5469 τε
1251 5419 1308 5471 ἐν
1334 5420 1542 5490 Νικαίᾳ
1572 5419 1911 5490 κυρωθεῖσαν

2018 5317 2176 5387 quasi
2216 5312 2643 5368 calumniatores
2685 5308 3041 5377 deponentes,
3080 5303 3237 5357 fidem
3274 5302 3489 5358 Nicazna
3522 5318 3613 5373 sy-

2023 5408 2166 5463 nodo
2217 5403 2598 5460 eonlirmatam
2631 5398 2938 5463 stabiliunt,
2985 5398 3438 5467 contrariamque
3469 5411 3609 5449 ana-

1570 5557 1801 5612 VALIA‘]
1855 5548 2146 5611 LECTION
2159 5542 2260 5603 ES.

396 5684 439 5716 "
465 5684 766 5764 ,⁸Ορ,έ,σῖτου]
802 5687 1164 5764 Ἑρμογένους
1197 5691 1239 5744 Β
1265 5701 1318 5764 ει
1349 5693 1575 5748 corr-A-
1652 5693 1696 5724 “
1724 5692 1943 5764 φθόρος]
1958 5693 2116 5760 φόνος
2149 5690 2209 5744 Β·
2251 5688 2333 5764 ,ῗ
2358 5684 2582 5764 βασιλέα
2613 5683 2673 5735 3-
2754 5679 3131 5764 ’Ἥδιρκισῗέξ
3155 5679 3260 5731 τεδ
3290 5677 3349 5733 Β·
3425 5676 3475 5764 ἶῗ
3500 5678 3590 5764 ΜΞ

330 5770 427 5825 ρης
454 5755 493 5808 Α
518 5773 532 5808 :
568 5755 761 5825 Μάρις
781 5774 841 5820 ς.

951 5764 996 5793 ⁹⁰
1024 5762 1052 5814 6
1086 5772 1211 5817 ante
1242 5762 1410 5834 Σύρος
1440 5764 1563 5818 add.
1600 5764 1664 5818 Α.

328 5824 587 5896 αἱρέσεως
621 5828 743 5880 add.
780 5829 846 5883 Α.

1763 5766 1806 5795 ³³
1848 5767 2029 5816 πλεῖον
2064 5780 2123 5827 ς.

2220 5762 2265 5794 θ’
2290 5749 2595 5830 Γέρμανίας
2633 5771 2693 5819 ς.
2797 5752 2845 5784 ”
2870 5749 3230 5821 προσεδέξατο
3274 5765 3336 5813 ς.
3434 5750 3480 5781 εδ
3511 5750 3611 5819 τῆς
