4036 6318
627 345 727 408 127

1786 366 2049 427 PHOTII
2086 370 2588 436 PATRIARCH/E
2619 380 2727 440 ΟΡ.

3779 396 3884 463 128

625 464 850 517 themati
898 466 1160 525 subdunt.
1193 471 1405 537 Quibus
1446 478 1647 533 auditis
1679 480 1989 538 Occidentis
2024 486 2160 551 illlpt'

2268 537 2269 542 η
2296 485 2483 540 πίστιν
2508 492 2932 562 ἐπικρατύνουσι
2960 499 3057 552 καὶ
3081 502 3144 554 τὸ
3175 504 3427 575 ἀνόμοιον
3446 508 3883 578 ἀναθεματίζουο

624 564 774 608 ratur
827 556 1099 614 Constans
1137 563 1330 619 edocet
1355 583 1449 635 per
1506 570 1716 626 litteras
1767 572 1991 631 fratrem
2037 593 2197 636 suum

620 644 1025 713 Constantium,
1048 661 1103 704 et
1134 666 1319 710 monet
1359 669 1417 712 ut
1465 660 1640 716 amice
1677 661 1906 720 Paulum
1949 678 2005 723 et
2028 672 2200 727 Atba-

621 737 834 791 nasium
880 750 1092 803 tractet,
1150 761 1327 816 neque
1371 749 1650 820 impediat,
1701 770 1812 823 quo
1854 759 2039 816 minus
2081 765 2197 817 suis

619 827 838 883 sedibus
893 834 1291 902 restituantur;
1319 840 1545 907 addens,
1582 845 1685 901 nisi
1706 848 1894 905 volens
1916 851 2193 925 justa‘pe-

620 920 747 971 tenti
809 934 1039 990 annuat,
1082 943 1142 980 se
1194 941 1511 999 venturum,
1551 945 1606 989 et
1655 937 1747 992 illo
1780 940 1952 997 invito
1996 944 2088 1013 jus
2143 959 2196 1001 et

616 1023 833 1077 arquum
873 1012 1069 1081 injuria
1106 1017 1314 1074 aﬂ‘ectis
1348 1023 1713 1084 redditurum.
1757 1012 2008 1099 Metuens
2028 1035 2195 1106 igitur

616 1099 791 1154 minas
847 1101 1030 1159 fratris
1063 1105 1447 1177 Constantius,
1502 1114 1747 1173 divinum
1802 1099 2190 1182 Paulumvnon

614 1193 893 1259 prohibuit
942 1197 996 1249 in
1044 1182 1266 1267 proprio
1303 1204 1619 1275 episcopatu
1666 1211 1923 1275 residere,
1958 1215 2191 1287 ejusque

610 1285 1038 1340 commilitonem
1082 1288 1441 1348 Athanasium
1478 1298 1667 1354 multis
1706 1301 1904 1358 litteris
1955 1306 2023 1359 ad
2055 1323 2178 1364 sese

611 1384 787 1440 vorat,
835 1388 889 1431 et
932 1380 1238 1436 venientem
1283 1385 1515 1442 libenter
1551 1392 1805 1462 suscipit,
1850 1412 1915 1451 ac
1942 1414 2056 1452 sua:
2096 1400 2183 1454 di-

534 1444 539 1450 .
610 1465 798 1532 gnitati
830 1468 1087 1524 restituit.
1117 1471 1207 1526 Sic
1245 1489 1477 1544 magnus
1512 1481 1781 1537 tumultus
1821 1487 2044 1542 sedatus
2076 1500 2182 1555 est,

607 1563 655 1605 et
687 1551 930 1610 Ecclesia
970 1574 1101 1615 suos
1141 1562 1359 1631 pietatis
1394 1579 1833 1639 propugnatores
1859 1575 2055 1647 adepta
2093 1551 2186 1633 lae;

608 1649 719 1697 tata
749 1654 856 1700 est.

669 1925 866 1999 47Gb
955 1932 1092 1989 Cum
1174 1948 1355 1993 autem
1442 1941 1792 2014 Magnentius
1889 1956 2178 2023 tyrannide

599 2034 895 2090 occuparet
927 2027 1133 2093 omnia,
1174 2040 1229 2085 et
1270 2030 1625 2091 Constantem
1660 2038 1977 2099 Occidentis
2008 2047 2179 2116 impe-

602 2120 837 2169 ratorem
900 2120 1285 2187 interemisset,
1353 2126 1549 2184 iterum
1611 2133 1829 2189 Arianae
1883 2137 2178 2207 impietatis

598 2206 831 2270 procella
876 2223 1070 2267 omnes
1113 2214 1383 2272 Ecclesias
1430 2225 1794 2290 perturbavit,
1843 2238 1897 2283 et
1925 2230 2175 2288 Athana-

594 2294 713 2349 sius
754 2314 969 2354 rursum
1004 2305 1158 2373 l'ugit.
1189 2308 1417 2378 ejusque
1459 2313 1642 2368 sedem
1676 2316 1980 2390 Gregorius
2008 2327 2171 2393 rapit,

591 2392 647 2436 et
679 2386 964 2457 ablegatur
1018 2391 1224 2450 Paulus
1269 2398 1546 2456 Cucusum
1595 2386 1890 2475 Armeniae,
1954 2414 2174 2482 pietatis

591 2487 983 2545 propugnator,
1034 2493 1087 2537 et
1125 2485 1509 2548 invadentibus
1563 2507 1730 2552 noctu
1763 2500 1946 2571 impiis
1973 2505 2171 2575 laqueo

586 2576 884 2638 martyrem
934 2575 1200 2632 efﬁciunt.
1255 2581 1607 2643 Macedonius
1662 2588 2172 2667 Constantinopoli-

587 2667 731 2714 tanat
774 2662 1038 2722 Ecclesia:
1067 2673 1266 2738 praesul
1321 2679 1703 2745 constituitur,
1728 2696 1780 2737 et
1820 2688 2170 2756 expelluntur

582 2751 750 2807 etiam
776 2755 1008 2813 aliarum
1036 2758 1407 2821 Ecclesiarum
1439 2782 1709 2839 pastores,
1739 2774 2006 2835 invadunt
2031 2782 2164 2852 lupi,

583 2852 749 2912 atque
817 2849 1168 2908 ethnicorum
1241 2856 1293 2911 iu
1350 2858 1698 2919 Christianos
1770 2849 2163 2928 immanitatem

580 2930 880 2988 Macedonii
907 2936 1059 2992 furor
1089 2942 1390 3000 obscurare
1438 2948 1648 3017 nititur,
1683 2960 1942 3025 totusque
1967 2958 2163 3018 Oriens

578 3024 728 3091 gravi
770 3028 1080 3086 calamitate
1114 3034 1432 3103 involvitur,
1478 3052 1532 3096 et
1562 3036 1799 3100 maxime
1836 3047 2160 3108 Constanti-

2303 568 2517 629 σιν.⁷Ων
2545 578 2646 649 τὴν
2677 582 2882 650 γνῶσιν
2908 587 2936 638 ὁ
2954 588 3064 641 τῶν
3097 568 3399 665 Ἐσπερέων
3435 568 3694 665 βασιλεὺς
3719 603 3882 655 Κῶν-

2302 684 2433 731 στας
2480 669 2658 724 λαϐὼν
2731 675 3073 733 ἀναδιδάσκει
3137 700 3200 736 τε
3241 685 3331 739 διὰ
3380 691 3725 761 γραμμάτων
3780 693 3883 749 τὸν

2298 758 2525 828 ἀδελφὸν
2571 765 2969 838 Κωνστάντιον,
3026 776 3120 827 καὶ
3166 783 3427 849 παραινεῖ
3468 758 3715 851 εὐμενῶς
3755 788 3883 840 δια-

2298 853 2514 907 κεῖσθαι
2545 857 2683 926 πρὸς
2714 860 2926 915 Παῦλον
2958 865 3054 919 καὶ
3116 867 3456 938 ’Δθανάσιον,
3483 874 3578 927 καὶ
3609 876 3881 948 μηδαμῶς

2298 944 2483 1008 αὐτοῖς
2538 947 2791 1017 ἐμποδὼν
2843 953 3093 1011 ἵστασθαι
3150 960 3290 1029 πρὸς
3338 962 3436 1033 τὴν
3492 944 3619 1019 τῶν
3656 944 3882 1023 οίκείων

2294 1035 2741 1095 ἀποκατάστασιν
2793 1043 3022 1115 θρόνων.
3074 1051 3388 1118 προστιθεὶς
3436 1054 3511 1119 ὡς
3540 1057 3586 1089 ’⁵
3630 1060 3679 1111 εί
3728 1061 3881 1131 pi)“

2294 1124 2439 1180 ἑκὼν
2466 1130 2579 1191 τοῖς
2609 1129 2838 1195 δικαίοις
2869 1136 3215 1204 κατανεύσοι,
3256 1142 3421 1207 αὐτὸς
3458 1146 3521 1217 δὴ
3558 1124 3880 1219 παραγεγο-

2294 1214 2399 1279 νὼς
2428 1218 2526 1272 καὶ
2545 1218 2770 1285 ἄκοντος
2788 1223 2849 1276 τὸ
2875 1226 3084 1281 δίκαιον
3103 1232 3218 1294 τοῖς
3237 1214 3592 1304 ἠδικημένοις
3615 1214 3875 1312 ἀποδοίη.

2291 1307 2484 1373 Δείσας
2512 1306 2606 1365 οῦν
2640 1315 2740 1383 τὴν
2770 1315 2862 1368 τοῦ
2891 1318 3123 1388 ἀδελφοῦ
3157 1324 3384 1397 ἀπειλὴν
3404 1328 3433 1380 ὁ
3465 1306 3875 1398 Κωνστάντιος.

2289 1399 2381 1453 τὸν
2411 1401 2511 1470 μὲν
2539 1404 2685 1458 ὅσιον
2718 1407 2926 1461 Παῦλον
2955 1415 3020 1483 τῇ
3059 1413 3169 1485 lata
3202 1416 3473 1491 ἐπισκοπῇ
3507 1421 3609 1476 οὐκ
3635 1425 3877 1497 ἐπέσχεν

2289 1489 2652 1560 ὲνιδρύεσθαι,
2685 1496 2775 1549 τὸν
2802 1497 2858 1551 δὲ
2904 1500 3166 1558 σύναθλον
3228 1489 3548 1564 Ἀθανάσνιον
3588 1489 3875 1586 διαφόροις

2288 1583 2599 1648 ἐπιστολαῖς
2642 1588 2798 1641 καλεί
2846 1591 2978 1661 παρ’
3021 1594 3205 1660 αὐτὸν,
3233 1598 3329 1651 καὶ
3368 1599 3614 1671 εὐμενῶς
3642 1583 3875 1660 ἐλθόντα

2288 1675 2646 1745 προσδέχεται
2689 1681 2786 1733 καὶ
2832 1681 2911 1751 τῷ
2958 1684 3148 1755 οἰκείῳ
3182 1686 3359 1758 θρόνῳ
3402 1691 3870 1765 ἀποκαθίστησιν.

2286 1764 2443 1819 Οὕτω
2483 1767 2583 1837 μὲν
2610 1769 2639 1821 ό
2671 1770 2842 1835 πολὺς
2868 1772 3107 1844 τάραχος
3134 1778 3417 1849 ὲγαληνία,
3438 1782 3535 1835 καὶ
3560 1785 3594 1854 ἡ
3631 1785 3874 1857 Ἐκκλη-

2286 1854 2377 1908 σία
2398 1857 2522 1921 τοὺς
2542 1860 2642 1929 τῆς
2669 1861 2953 1929 εὐσεϐείας
2978 1866 3195 1938 ἔχαιρεν
3222 1869 3422 1940 ἔχουσα
3449 1876 3790 1947 προμάχους.

2353 1947 2691 2015 Μαγνεντίου
2708 1952 2765 2006 δὲ
2780 1957 3059 2026 τυραννίδι
3079 1959 3403 2032 ἐπιθεμένου
3422 1967 3516 2019 καὶ
3532 1967 3873 2025 Κώνσταντα

2280 2037 2371 2089 τὸν
2401 2039 2501 2109 τῆς
2526 2041 2768 2112 ἑσπέρας
2798 2044 3153 2115 βασιλεύοντα
3179 2052 3485 2121 ἀνελόντος,
3509 2058 3675 2114 πάλιν
3700 2062 3735 2132 ἡ
3759 2064 3871 2132 τῆς

2294 2122 2506 2195 Ἀρείου
2537 2127 2739 2202 λύσσης
2765 2136 3023 2201 καταιγὶς
3038 2137 3139 2203 τὰς
3154 2143 3252 2211 τῆς
3276 2144 3606 2217 οἰκουμένης
3630 2122 3871 2222 ’Ex'xl'q;

2280 2214 2400 2279 σίας
2424 2218 2708 2289 ἐτάραττε.
2761 2225 2872 2279 Καὶ
2922 2228 3115 2296 φεύγει
3167 2233 3269 2302 μὲν
3320 2214 3484 2291 πάλιν
3517 2214 3865 2309 ’Ᾰθανάσιος,

2278 2306 2406 2378 [776
2444 2308 2539 2382 H.]
2574 2313 2811 2382 ἁρπάζει
2844 2317 2902 2370 δὲ
2950 2320 3043 2373 τὸν
3077 2323 3245 2378 αὐτοῦ
3291 2326 3483 2399 θρόνον
3533 2306 3865 2407 Γρηγόριος.

2275 2400 2387 2453 Καὶ
2417 2401 2801 2475 ὑπερορίζεται
2848 2410 3061 2476 Παῦλος
3094 2415 3153 2469 ὲν
3179 2417 3479 2492 Κουκουσῷ
3506 2400 3607 2493 τῆς
3632 2400 3867 2499 ibi-pps-

2275 2487 2413 2555 νίας,
2448 2492 2476 2543 ὁ
2501 2492 2597 2560 τῆς
2630 2494 2909 2561 εὐσεϐείας
2963 2501 3303 2576 ὐπέρμαχος,
3337 2510 3432 2563 xa't
3450 2487 3542 2582 1ch
3563 2487 3659 2567 ’δι’
3689 2487 3866 2587 ἀγχό-

2274 2597 2394 2649 νης,
2429 2583 2539 2636 τῶν
2566 2585 2848 2642 δυσσεϐῶν
2875 2591 3095 2666 νύκτωρ
3115 2599 3579 2672 ὲπεισπεσόντων,
3610 2610 3863 2663 τελειοῦ-

2269 2686 2359 2723 ται
2388 2676 2674 2747 μαρτυρίῳ
2694 2694 2709 2710 ο
2741 2681 2838 2733 καὶ
2865 2682 3248 2757 ἀντεισάγεται
3288 2694 3356 2763 τῇ
3400 2696 3862 2755 Κωνσταντινουο

2277 2762 2430 2816 πόλει
2462 2764 2490 2817 ὁ
2518 2766 2783 2841 δυσσεϐὴς
2821 2774 3176 2842 Μακεδόνιος.
3219 2762 3351 2835 Kal,
3386 2782 3713 2850 ὲξωθοῦνται
3746 2791 3861 2861 μὲν

2269 2856 2363 2907 καὶ
2392 2856 2501 2909 τῶν
2547 2858 2723 2914 ἄλλων
2777 2865 3118 2939 Ἐκκλησιῶν
3162 2873 3215 2926 οἱ
3263 2878 3544 2947 ποιμένες,
3576 2856 3857 2956 ἐπεισπη-

2265 2944 2399 2998 δῶσι
2427 2947 2485 3000 δὲ
2514 2950 2564 3002 οἱ
2610 2951 2785 3008 λύκοι.
2837 2957 2949 3011 Καὶ
3004 2961 3104 3032 τὴν
3156 2965 3299 3019 κατὰ
3358 2944 3468 3022 τῶν
3497 2944 3855 3042 Χριστιανῶν

2281 3035 2550 3109 Ἑλλήνων
2575 3041 2836 3115 ὠμότητα
2863 3049 2896 3117 ἡ
2922 3050 3259 3108 Μακεδονίου
3304 3060 3473 3125 μανία
3515 3035 3854 3132 ὲίριλονείκει

575 3117 810 3183 ηοβοίίεο
859 3118 1088 3186 Quando
1120 3130 1286 3182 etiarn
1315 3131 1538 3199 Agelius
1582 3133 2013 3197 Novatianorum
2044 3145 2160 3214 epi-

575 3220 773 3232 ηη..-
861 3213 998 3232 ---Α
1066 3218 1079 3232 .
1207 3218 1219 3232 ,
1508 3224 1531 3232 -
1804 3230 1812 3232 μ

2268 3128 2703 3202 ἀποκρύψασθαι.
2731 3139 2839 3192 Καὶ
2858 3142 3008 3195 πᾶσα
3030 3145 3131 3213 μὲν
3155 3148 3187 3218 ἡ
3226 3117 3485 3223 Ἀνατολὴ
3514 3117 3630 3217 τοῖς

574 3220 797 3276 scopus,
855 3213 998 3280 quod
1057 3218 1344 3286 ὁμοούσιον
1391 3224 1764 3295 conﬁteretur,
1800 3230 1856 3284 in
1904 3213 2157 3289 exsilium

2268 3219 2618 3293 διεφθείρετο,
2654 3228 2687 3297 ή
2721 3229 2878 3296 πόλις
2906 3232 2965 3285 δὲ
2995 3213 3410 3295 Κωνσταντίνου
3432 3213 3660 3301 κατὰτὸ
3691 3213 3855 3315 ἑξαίζ

574 3297 819 3365 pellitur,
853 3310 909 3355 et
950 3305 1150 3360 malum
1184 3318 1304 3364 erat
1353 3312 1697 3383 incredibile,
1734 3322 1879 3389 quod
1926 3340 2035 3379 nou
2067 3342 2157 3381 so-

572 3383 684 3441 lum
717 3390 783 3444 ad
834 3393 1122 3467 episcopos
1152 3405 1560 3473 extenderetur,
1608 3412 1703 3465 sed
1751 3425 1805 3468 et
1839 3416 1907 3470 ad
1960 3420 2156 3475 mulie-

569 3494 659 3534 res
706 3492 759 3536 et
812 3499 1042 3554 pueros,
1086 3492 1400 3566 quicunque
1450 3499 1752 3559 Macedonii
1809 3513 2155 3567 communio-

566 3585 693 3626 nem
729 3591 839 3631 non
879 3580 1248 3651 admitterent,
1286 3604 1346 3643 se
1396 3591 1609 3649 eﬂ‘udit.
1646 3597 1823 3654 Ubera
1857 3603 2148 3660 mulierum

567 3667 624 3733 (ο
655 3665 1014 3743 impietatem)
1055 3681 1326 3745 operculis
1380 3684 1646 3742 cistarum
1703 3692 2044 3751 ineludentes
2095 3708 2151 3753 et

563 3758 1013 3826 comprimentes,
1046 3768 1462 3836 exscindebant,
1492 3775 1601 3829 alia
1627 3776 1796 3845 ferro,
1825 3782 1932 3837 alia
1962 3794 2145 3840 autem

562 3840 682 3895 ovis
706 3842 908 3913 ignitis,
939 3865 1174 3918 quorum
1217 3855 1517 3926 fragmenta
1558 3862 1743 3921 fasciis
1776 3869 2144 3939 iuvolvebant,

560 3946 908 3993 cxusserunt.
949 3938 1111 3997 Venit
1156 3946 1303 4000 enim
1342 3949 1525 4018 impiis
1575 3953 1629 4009 in
1665 3967 1925 4024 mentem,
1973 3965 2138 4020 etiam

560 4033 682 4087 quae
712 4022 909 4093 impios
939 4031 1171 4098 gentiles
1203 4044 1392 4090 contra
1427 4052 1678 4096 naturam
1712 4048 2010 4116 excogitari
2037 4067 2141 4121 pu-

556 4108 657 4162 dor
710 4111 985 4172 bumauus
1021 4122 1321 4189 prohibuit.
1368 4128 1626 4187 Extendit
1668 4143 1723 4189 et
1760 4108 2137 4198 crudelitatem

495 4199 609 4267 -_in
653 4200 1077 4278 Paphlagoniam
1114 4232 1126 4269 :
1159 4218 1359 4273 multos
1393 4222 1537 4275 enim
1600 4227 1850 4284 audierat
1886 4247 2013 4286 cum
2049 4249 2139 4289 or-

552 4295 825 4354 thodoxos
863 4311 978 4355 tum
1024 4301 1358 4364 Novatianos
1393 4311 1502 4368 illic
1551 4331 1753 4385 agere:
1788 4331 1844 4374 et
1894 4333 2132 4393 quatuor

549 4387 805 4445 cohortes
850 4394 1080 4450 militum
1142 4411 1481 4459 armatorum
1541 4419 1720 4477 parat,
1775 4424 1827 4469 ut
1870 4418 2134 4475 adversus

2262 3330 2442 3383 ρετον,
2502 3317 2591 3370 ὅτε
2640 3321 2737 3373 καὶ
2803 3323 3047 3393 Ἀγέλιος
3084 3330 3115 3382 ὁ
3168 3331 3279 3385 τῶν
3312 3334 3674 3394 Ναυατιανῶν
3717 3344 3855 3398 ent-

2261 3421 2482 3471 σκοπος,
2514 3407 2601 3463 οἷα
2630 3411 2694 3483 δὴ
2726 3414 2821 3468 καὶ
2855 3417 3019 3482 αὐτὸς
3043 3420 3105 3473 τὸ
3142 3423 3465 3488 όμοούσιον
3495 3432 3852 3502 πρεσϐεύων,

2259 3498 2663 3572 ὑπερορίζεται.
2697 3506 2807 3559 Ka‘t
2834 3503 2903 3579 ἦν
2947 3510 3242 3585 ἀδιήγητον
3271 3517 3333 3569 τὸ
3360 3498 3567 3574 κακόννο
3608 3523 3749 3596 ὅπερ
3778 3498 3850 3581 οὐ

2258 3589 2451 3661 μέχρις
2480 3592 2781 3665 ἀρχιερέων
2834 3602 2931 3654 καὶ
2970 3604 3160 3672 ίερέων
3185 3607 3229 3639 ’⁷
3274 3609 3523 3681 ὲκέχυτο,
3554 3613 3692 3669 ἀλλὰ
3717 3589 3854 3671 ’καὶ

2255 3684 2522 3749 γυναῖκας
2548 3688 2643 3740 καὶ
2663 3689 2879 3754 παῖδας,
2906 3693 3022 3747 ὅσοι
3046 3696 3144 3766 τὴν
3171 3699 3510 3757 Μακεδονίου
3544 3709 3845 3762 κοινωνίαν

2248 3776 2640 3848 ἀπετρέποντο,
2661 3781 2979 3853 ἐπενέμετο.
3006 3788 3222 3843 Μασθοὶ
3239 3795 3538 3861 γυναικῶν,
3557 3795 3603 3849 ὣ
3618 3798 3714 3868 τῆς
3731 3817 3848 3861 μα-

2248 3868 2365 3931 νίας
2386 3869 2399 3922 ι
2424 3868 2677 3924 κιϐωτῶν
2693 3872 3044 3945 καλύμμασιν
3070 3880 3468 3953 ἐμϐαλλόμενοί
3491 3904 3551 3938 τε
3574 3890 3668 3940 καὶ
3693 3907 3759 3942 συ
3766 3908 3843 3960 μ-

2246 3960 2559 4032 πιεζόμενοι
2588 3965 2978 4039 ἀπεπρίζοντο,
3025 3973 3077 4024 οί
3124 3972 3181 4027 δὲ
3212 3976 3419 4048 σιδήρῳ
3441 3994 3454 4008 °
3479 3980 3609 4044 τοὺς
3646 3981 3705 4035 δὲ
3730 3985 3838 4037 καὶ

2243 4054 2371 4119 ὠοῖς
2419 4062 2969 4133 πεπυρακτωμένοις,
3020 4068 3259 4133 ταινίαις
3296 4072 3438 4126 αὐτὰ
3477 4074 3593 4137 τοῖς
3617 4076 3845 4146 μορίοις

2240 4147 2624 4215 ὲνελίττοντες,
2673 4155 3005 4209 κατέκαιον·
3039 4152 3144 4227 ἧκε
3192 4161 3303 4232 γὰρ
3349 4164 3463 4226 τοῖς
3512 4164 3843 4223 δυσσεϐέσιν

2241 4243 2334 4295 ἐπὶ
2351 4242 2477 4297 νοῦν
2494 4245 2589 4298 καὶ
2605 4248 2641 4299 ἃ
2658 4249 2782 4310 τοὺς
2802 4249 2995 4314 ἀθέους
3020 4252 3287 4323 Ἕλληνας
3312 4257 3455 4310 κατὰ
3477 4257 3579 4329 τῆς
3603 4259 3833 4327 φύσεως

2237 4334 2471 4389 ἐπινοεῖν
2498 4337 2665 4404 αἰδὼς
2708 4340 3027 4416 ἀνθρωπίνη
3046 4345 3091 4375 ’⁸
3128 4347 3493 4417 ἀνεχαίτιζεν.
3557 4352 3837 4407 Ἐκτείνει

2237 4425 2294 4479 δὲ
2324 4426 2421 4499 τὴν
2457 4427 2661 4485 λύσσαν
2694 4434 3029 4500 Μακεδόνιος
3063 4438 3159 4491 καὶ
3192 4439 3287 4492 ἐπὶ
3319 4440 3419 4512 τὴν
3457 4441 3568 4494 τῶν
3598 4443 3834 4510 Παφλα-

547 4478 671 4533 illos
703 4482 1072 4552 mitterentur,
1104 4498 1157 4544 et
1185 4493 1253 4546 ad
1278 4494 1612 4564 impietatem
1638 4504 2045 4573 suscipiendam
2080 4511 2128 4564 vi

547 4583 799 4604 nano-mus
857 4575 1126 4604 ll.....:..._.:
1162 4599 1253 4604 ,ΛΑ
1437 4590 1471 4604 ,ο
1580 4603 1586 4604 ,
1693 4595 1703 4604 .
1812 4598 1823 4604 .
1948 4600 1958 4604 -
2035 4600 2052 4604 _

2268 4478 2410 4569 ’όνωῦ
2702 4523 2933 4588 πολλοὺς
2971 4478 3080 4597 γθιρ
3129 4478 3483 4598 ἠκηκόειικαὶ
3511 4532 3620 4585 τῶν
3663 4478 3836 4604 ὀρθο-

546 4583 823 4642 cogerent.
855 4575 1126 4635 Mautiuaei
1156 4590 1495 4657 congregati,
1540 4603 1594 4647 et
1625 4595 1743 4649 zelo
1772 4598 1992 4667 pietatis
2028 4600 2130 4656 fal-

2232 4607 2399 4673 δόξων
2433 4612 2654 4664 καὶτῶν
2685 4616 2793 4669 ἀπὸ
2817 4616 3070 4671 Ναυὰτου
3095 4622 3153 4672 ἐν
3183 4621 3320 4693 αὐτῇ
3347 4621 3652 4693 διατρίϐειν
3677 4640 3691 4655 ⁸
3724 4627 3839 4680 καὶ

543 4678 661 4730 “es:
688 4680 932 4737 secures.
968 4680 1022 4726 οι
1067 4674 1228 4730 ODVia
1275 4693 1506 4750 quaeque
1535 4700 1635 4753 pro
1662 4689 1831 4743 armis
1858 4692 2131 4760 arripien-

547 4761 626 4786 Inn
710 4758 973 4786 ηιζΙῖιέιιηι.
1031 4778 1086 4786 η..
1147 4766 1340 4786 -LSSAS,
1394 4782 1403 4786 -
1521 4784 1528 4786 .
2016 4784 2022 4786 Α

3293 4674 3320 4693 η
3454 4674 3489 4693 ν,
3728 4674 3834 4680 ην--

2268 4700 2501 4771 έσσαρας
2521 4704 2808 4774 φάλαγγας
2831 4710 3183 4779 στρατιωτῶν
3202 4712 3447 4767 ἐνόπλων
3462 4717 3834 4786 παρασκευά-

546 4761 649 4817 tes,
708 4758 976 4814 militibus
1028 4778 1089 4818 se
1142 4766 1432 4837 objiciunt,
1483 4784 1537 4828 et
1600 4792 1781 4848 pugna
1823 4784 2125 4841 commissa

546 4842 695 4864 .....ι.ε
791 4844 851 4864 η,
906 4848 954 4864 ..
1110 4852 1139 4864 ..
1357 4857 1405 4864 .-

2268 4810 2309 4845 ει
2345 4793 2606 4864 σταλῆναι
2640 4799 2761 4849 κατ’

2799 4800 2980 4852 αὐτῶν
3010 4803 3104 4854 καὶ
3150 4806 3264 4868 τοίς
3305 4807 3492 4870 ὅπλοις
3523 4806 3827 4877 βιάζεσθαι

541 4842 696 4896 multi
727 4864 755 4898 e
787 4844 1229 4918 Paphlagonibus
1251 4842 1617 4926 occiduntur,—
1639 4842 1704 4919 ac
1756 4868 1957 4925 milites
1992 4888 2128 4940 pene

542 4947 723 4957 Am--.
788 4936 873 4957 ..,
974 4951 984 4957 .
1230 4946 1233 4949 .
1417 4952 1473 4957 --

2268 4842 2308 4845 -_
2354 4842 2605 4864 ------.‘-..-
2642 4842 2738 4849 η..-
2799 4842 2975 4852 ..νυ-κ-
3011 4842 3104 4854 πυι-
3161 4842 3261 4868 υν-η,
3305 4842 3489 4870 νηηυιδ
3523 4842 3826 4877 geuge“:qu

2271 4884 2363 4951 ρὸς
2413 4886 2513 4957 τὴν
2567 4888 2845 4945 ἀσέϐειαν.
2887 4892 2950 4944 Oi
3019 4893 3077 4946 δὲ
3113 4897 3255 4948 κατὰ
3283 4898 3346 4948 τὸ
3402 4900 3734 4953 Μαντιναίον
3774 4902 3826 4933 ³⁵

539 4947 751 4990 omnes.
787 4936 912 4994 Πίου
940 4951 1175 5013 strages,
1212 4946 1265 5002 et
1297 4950 1429 5004 illud
1463 4953 1752 5025 impudens
1784 4959 1988 5016 iactum
2013 4980 2119 5020 nou

537 5024 716 5080 solum
761 5032 903 5099 apud
941 5049 1035 5088 eos
1077 5038 1171 5105 qui
1210 5040 1402 5096 violati
1438 5058 1641 5114 essent,
1680 5052 1775 5104 sed
1829 5054 1991 5108 etiam
2027 5056 2124 5126 qui

533 5115 775 5181 ejusdem
802 5135 963 5177 sectae
982 5140 1186 5195 essent,
1208 5130 1528 5192 Macedonio
1551 5138 1677 5208 jure
1691 5144 1900 5213 optimo
1932 5147 2119 5203 odium

532 5211 1011 5285 conciliavit:quin
1031 5231 1084 5275 et
1103 5223 1281 5292 ipsum
1307 5227 1688 5297 imperatorem
1714 5236 1783 5291 ad
1807 5238 2122 5298 inimicitias

531 5308 1043 5382 commovit.Neque
1062 5316 1132 5371 ob
1150 5333 1269 5373 eam
1295 5321 1471 5376 solum
1487 5340 1733 5391 causam,
1756 5347 1942 5385 verum
1955 5333 2119 5388 etiam

530 5396 677 5464 quod
714 5414 917 5471 corpus
954 5411 1300 5478 imperatoris
1345 5414 1692 5475 Constantini
1745 5423 1978 5493 piissimi
2004 5427 2110 5495 (vi-

2229 4975 2504 5039 οἰκοῦντες
2531 4980 2610 5042 εἰς
2643 4980 2849 5048 πλῆθος
2879 4987 3196 5054 συστάντες,
3229 4990 3321 5041 καὶ
3342 4988 3490 5061 ζήλῳ
3521 4993 3622 5062 τῆς
3656 4993 3820 5048 εὐσε-

2235 5066 2388 5131 ϐείας
2418 5070 2662 5139 δρέπανα
2714 5074 2809 5126 καὶ⁹
2849 5074 3037 5140 ἀξίνας
3073 5082 3168 5131 καὶ
3204 5081 3264 5133 τὸ
3314 5083 3629 5153 παρατυχὸν
3668 5085 3821 5139 ὅπλα

2226 5159 2607 5230 ποιησάμενοι,
2648 5162 3212 5236 ἀντιπαρατάττονται
3266 5172 3379 5235 τοῖς
3425 5172 3815 5243 στρατιώταις,

2226 5249 2321 5301 καὶ
2338 5266 2400 5302 συ
2408 5250 2612 5322 μϐολῆς
2634 5256 2935 5327 γενομένης
2958 5259 3145 5314 πολλοὶ
3160 5263 3257 5332 μὲν
3274 5263 3677 5333 διαφθείρονται
3696 5268 3817 5321 τῶν

2230 5338 2617 5407 Παφλαγόνων,
2631 5341 2740 5394 τῶν
2762 5343 2819 5397 δὲ
2841 5349 3192 5415 στρατιωτῶν
3221 5350 3359 5421 πλὴν
3378 5350 3575 5418 ὀλίγων
3591 5350 3607 5382 ¹
3627 5351 3813 5403 ᾶπαν-

2218 5446 2330 5492 τες.
2356 5430 2504 5502 Αὕτη
2532 5433 2763 5505 τοίνυνὴ
2796 5442 3083 5509 μιαιφόνος
3112 5443 3206 5496 καὶ
3230 5442 3585 5514 ἀναίσχυντος
3606 5442 3817 5515 πρᾶξις

1784 5579 2019 5639 νΑΙῖΙᾸΞ
2070 5585 2476 5650 LECTIONES.

598 5701 643 5731 ⁸³
675 5700 749 5764 ὡς
807 5719 919 5758 om.
953 5705 991 5756 Β
1119 5710 1165 5739 ⁹⁶

1300 5713 1339 5764 Α
1373 5730 1386 5765 :
1423 5714 1495 5785 μὴ
1551 5717 1646 5770 καί
1698 5737 1755 5783 ς.

534 5770 585 5804 ⁸³
612 5772 955 5845 Μανςηναῖον
985 5779 1050 5831 Α.

1132 5780 1143 5809 ι
1174 5781 1370 5849 ὀλίγων
1392 5780 1530 5839 Αιι’;
1562 5780 1739 5857 ὀλίγον
1776 5809 1834 5854 ς.

1882 5727 1929 5755 9⁷
1969 5726 2060 5780 καὶ
2139 5728 2329 5798 ἱερέων
2393 5735 2519 5790 add.
2577 5737 2639 5790 A.

2753 5740 2795 5772 ⁸⁸
2832 5739 3149 5811 ἀνθρωπίνη
3198 5739 3239 5795 Β
3283 5758 3294 5773 ³
3344 5738 3685 5812 ἀνθρώπινος
3730 5754 3802 5809 ς-
