4152 6416
245 328 342 394 129

1221 319 1747 381 ΒΙΒΙΑΙΟΤΗΕΟᾹ.
1790 345 1861 356 --
1894 320 2057 381 COD.
2085 320 2360 383 CCLVII.

3404 315 3513 380 130'

234 443 293 494 οὐ
326 438 487 510 παρὰ
521 438 632 491 τῶν
661 434 1008 507 ἠδικημένων
1046 436 1226 507 μόνον,
1258 434 1398 488 ἀλλὰ
1417 434 1513 486 καὶ
1545 432 1695 502 παρὰ
1719 433 1830 484 τῶν

1943 435 2164 488 debatur
2212 435 2360 489 enim
2413 434 2694 503 templum,
2750 433 2803 487 in
2847 448 2959 504 quo
3003 433 3242 504 iacebat,
3287 434 3505 489 ruimznt

232 533 456 595 οἰκείως
485 528 788 583 δοκούντων
813 527 960 597 ἔχειν
986 526 1304 594 Μακεδονίῳ
1355 527 1511 594 μῖσος
1561 524 1823 593 ἀνήγειρε

232 624 475 687 δίκαιον,
505 621 645 677 ἀλλὰ
673 622 767 674 καὶ
814 619 978 673 αὐτὸν
1011 618 1104 672 τὸν
1155 617 1380 688 βασιλέα
1416 616 1653 671 διέσεισε
1683 615 1824 686 πρὸς

233 715 566 785 ἀπέχθειαν.
600 714 673 767 Οὐ
698 712 861 766 τοῦτο
881 711 941 764 δὲ
974 712 1155 781 μόνον,
1190 709 1307 764 ἀλλ’
1348 709 1431 764 ὅτι
1456 709 1553 763 καὶ
1572 709 1635 762 τὸ
1662 708 1825 778 σῶμα

232 805 662 861 κωνσταντίνου
691 805 787 858 τοῦ
824 803 1090 874 βασιλέων
1117 805 1139 836 ³
1184 800 1580 857 εὐσεϐεστάτου
1623 800 1826 865 (ἐδόκει

232 900 350 968 γὰρ
376 900 406 951 6
438 897 592 963 ναὸς,
627 900 686 950 ὲν
710 890 755 964 ᾧ
804 896 1109 961 κατέκειτο,
1143 896 1309 962 ἔγγὺς
1352 887 1497 947 εἶναι
1530 891 1626 949 τοῦ
1658 908 1831 946 κατα-

235 990 451 1058 πεσεῖν)
484 988 669 1043 λαϐὼν
697 990 826 1044 ἄνευ
850 987 1075 1059 γνώμης
1098 986 1265 1042 αὐτοῦ
1311 988 1392 1049 είς
1419 986 1513 1040 τὸν
1537 985 1631 1039 τοῦ
1662 982 1822 1054 ἁγίου

247 1082 514 1134 Ἀκακίου
549 1079 689 1134 νεὼν
721 1080 1071 1152 μετεκόμισε,
1107 1077 1377 1152 [1428Β.]
1404 1077 1500 1131 καί⁵
1523 1076 1709 1149 ἐπειδὴ
1725 1077 1834 1131 πᾶ·-

234 1189 326 1226 σιν
359 1173 391 1242 ἡ
426 1172 724 1241 μετάθεσις
744 1173 806 1227 οὐ
838 1172 1134 1235 συνεδόκει,
1169 1171 1306 1226 ἀλλὰ
1350 1169 1566 1232 πολλοῖς
1611 1168 1828 1223 ἀνόσιον

1930 524 2152 589 minari)
2204 526 2499 595 accipiens,
2530 525 2650 579 sine
2684 523 2833 579 illius
2889 525 3120 579 consilio
3161 525 3216 577 itt
3245 524 3510 594 templum

1929 617 2105 672 sancti
2154 617 2335 672 Acacii
2378 617 2768 672 transtulisset.
2806 617 3051 685 Cumque
3078 615 3277 687 577a
3332 617 3513 670 omni-

1929 709 2032 763 bus
2087 710 2204 763 hac
2269 710 2556 765 translatio
2608 724 2719 764 non
2792 710 3051 779 placeret,
3082 724 3268 763 verum
3320 708 3514 763 multis

1932 801 2161 870 impium
2218 800 2491 855 videretur
2551 811 2896 856 mortuorum
2964 815 3192 870 corpora
3253 800 3511 865 eﬂ‘odere,

1930 894 2284 961 maximeque
2332 892 2680 962 imperatoris
2748 892 2952 961 pietate
2997 892 3250 957 illustris,
3317 907 3513 962 magna

1932 983 2112 1038 editur
2153 991 2387 1054 strages,
2424 992 2479 1038 et
2523 984 2826 1039 multorum
2885 994 3049 1053 atque
3092 985 3231 1039 adeo
3265 986 3513 1053 gravium

1940 1073 2239 1139 malorum,
2277 1087 2403 1142 qua
2463 1088 2635 1129 ausus
2691 1073 2873 1129 fuerat
2924 1072 3295 1139 Macedonius,
3352 1089 3517 1144 parva

1938 1179 2098 1235 paena
2130 1163 2395 1220 multatus
2421 1174 2526 1232 est,
2557 1166 2843 1235 dignitatis
2879 1166 3141 1220 nimirum
3181 1165 3509 1235 privatione.

234 1266 533 1335 ἐνομίζετο
607 1266 675 1319 τὰ
698 1265 807 1318 τῶν
853 1264 1234 1335 ἀποιχομένων
1282 1261 1674 1335 ἀνορύττεσθαι
1713 1260 1966 1331 σώματα,
2000 1257 2095 1310 καὶ
2138 1257 2260 1311 τότε
2291 1256 2557 1326 βασιλέως
2592 1258 2848 1329 εὐσεϐείᾳ.
2876 1257 3313 1327 διαλάμψαντος,
3358 1256 3519 1325 φόνος

236 1358 416 1431 ὲρῥύη
449 1356 643 1420 πολύς.
677 1356 785 1409 Καὶ
806 1355 917 1408 τῶν
979 1354 1195 1409 πολλῶν
1226 1354 1324 1410 καὶ⁹
1349 1354 1668 1426 ἀνηκέστων
1693 1350 1905 1414 κακῶν,
1952 1343 2029 1403 ὧν
2053 1348 2260 1419 ἐτόλμα
2310 1349 2667 1415 Μακεδόνιος,
2703 1351 2905 1422 μικράν
2948 1367 3070 1405 τινα
3105 1350 3260 1403 δίκην
3288 1350 3517 1404 ἀπέτισε

247 1454 351 1523 τὴν
378 1450 707 1522 καθαίρεσιν
725 1449 821 1504 τοῦ
857 1449 1189 1521 ἀξιώματος.

336 1541 600 1612 Ὲκράτει
621 1539 667 1593 δ’
692 1535 786 1594 οὖν
812 1541 962 1610 ὅμως
988 1541 1059 1594 τὰ
1127 1538 1340 1611 Ἀρείου
1367 1535 1436 1593 δι’
1484 1536 1614 1607 ὅλης
1637 1552 1698 1589 τε
1729 1535 1832 1605 τῆς

247 1634 634 1689 Κωνσταντίου
669 1632 973 1703 βασιλείας,
1009 1633 1107 1687 καὶ
1152 1632 1232 1686 ἔτι
1288 1631 1489 1702 μᾶλλον
1513 1630 1657 1685 κατὰ
1705 1628 1831 1689 τοὺς

2009 1532 2384 1588 Invalescebat
2418 1545 2603 1589 tamen
2674 1535 2875 1589 Ariana
2925 1534 3196 1604 impietas,
3248 1535 3516 1605 quamdiu

1936 1621 2288 1679 Constantius
2332 1625 2624 1696 imperavit
2672 1627 2953 1697 :amplius
3010 1644 3141 1683 vero
3182 1630 3518 1699 temporibus

247 1728 552 1789 Οὐάλεντος
610 1725 706 1780 τοῦ
754 1725 1189 1780 δυσσεϐεστάτου
1216 1725 1237 1756 ³
1295 1723 1544 1795 χρόνους,
1604 1722 1712 1785 ἕως
1766 1720 1833 1775 ἂν

1943 1714 2090 1785 impii
2125 1713 2391 1783 Valentis,
2433 1717 2614 1773 donec
2675 1720 2827 1774 illum
2874 1720 3061 1775 divina
3096 1721 3234 1776 ultio
3284 1724 3517 1792 punivit.

249 1820 453 1870 ἐκεῖνον
492 1818 595 1887 μὲν
632 1818 668 1886 ή
701 1816 822 1870 θεία
876 1817 1107 1887 μετῆλοε
1153 1815 1280 1888 [777
1316 1814 1409 1888 11.]
1438 1816 1589 1885 δίκη,
1639 1813 1830 1867 Θεοδό-

251 1925 361 1961 σιον
405 1910 467 1961 δὲ
494 1908 591 1962 τδν
624 1909 687 1973 ἐξ
760 1907 1040 1972 Ἱσπανίας
1077 1908 1245 1979 ψήφῳ
1289 1907 1477 1978 δικαίᾳ
1528 1904 1830 1977 Γρατιανοῦ

248 2001 339 2053 τοῦ
367 2001 443 2053 τὰ
474 2000 711 2070 ἑσπέρια
760 1999 1120 2070 περιέποντος
1151 2002 1233 2062 είς
1275 2000 1369 2053 τὸν
1427 1999 1698 2071 βασίλειον
1730 1998 1833 2066 τῆς

262 2095 561 2166 ’Δνατολῆς
606 2094 797 2164 θρόνον
821 2093 1139 2158 ἀνεϐίϐασε,
1172 2094 1269 2148 καὶ
1314 2096 1381 2165 τῇ
1432 2092 1710 2166 ὀρθοδοξίᾳ
1765 2091 1833 2145 δι’

257 2186 419 2240 αὐτοῦ
453 2187 517 2239 τὸ
568 2186 773 2257 κράτος
826 2184 926 2256 ὲϐρ
941 2177 1219 2240 ἀϐευσεν.ι
1264 2184 1403 2239 Ἀλλ’
1452 2184 1596 2239 οὕτω
1646 2184 1746 2254 μὲν
1799 2184 1834 2254 ἡ

273 2277 487 2348 Ἀρείου
511 2279 720 2352 αἵρεσις
759 2277 861 2341 τὰς
906 2278 1235 2349 Ἐκκλησίας
1284 2278 1377 2331 ἐπὶ
1422 2277 1834 2349 τεσσαράκοντα

274 2369 367 2440 ἐτη
389 2370 829 2441 κατανεμηθεῖσα
853 2373 920 2441 τῇ
950 2370 1235 2425 Θεοδοσίου
1271 2369 1527 2441 εὐσεϐείᾳ
1554 2368 1833 2439 ἐξωστρά-

276 2478 485 2526 κισται,
515 2463 682 2515 καὶτὸ
715 2462 1003 2533 όρθόδοξον
1050 2464 1162 2527 τοῖς
1206 2462 1429 2526 οίκείοις
1466 2461 1833 2516 ἐνεκαλλωπί-

269 2552 393 2616 ζετο
420 2553 807 2625 δικαιώμασιν.
854 2554 1156 2625 Συγκροτεῖ
1192 2552 1325 2622 γοῦν
1374 2556 1404 2608 6
1455 2554 1617 2617 αὐτὸς
1656 2554 1837 2622 θεοφι-

262 2643 523 2707 λέστατος
551 2644 809 2713 βασιλεὺς
857 2644 1095 2713 σύνοδον,
1148 2645 1385 2716 μελέτην
1409 2645 1548 2716 ἔχων
1587 2646 1685 2699 καὶ
1708 2646 1838 2711 τούς

254 2734 363 2788 ἀπὸ
386 2732 735 2788 Πακεδονίου
774 2733 913 2806 πρὸς
942 2734 1138 2788 ἕνωσιν
1174 2738 1509 2803 συναγαγεῖν
1543 2737 1655 2798 τοῖς
1681 2734 1839 2806 ὀρθο-

252 2824 470 2890 δοξοῦσι
495 2825 593 2878 καὶ
623 2825 992 2894 πρεσϐεύουσι
1021 2825 1083 2878 τὸ
1105 2826 1389 2895 ὁμοούσιον
1410 2842 1424 2858 ο
1458 2825 1539 2879 διὸ
1566 2826 1720 2880 καλεῖ
1742 2827 1838 2881 καὶ

254 2921 381 2980 τοὺς
408 2918 768 2990 προεστῶτας
802 2919 982 2973 αὐτῶν
1013 2919 1108 2989 τῆς
1143 2917 1428 2990 αἱρέσεως,
1453 2920 1549 2973 καὶ
1578 2919 1839 2989 συνῆλθον

254 3010 361 3064 τῶν
388 3012 829 3083 όρθοδοξούντων
851 3017 961 3071 ἀπὸ
990 3017 1089 3088 μὲν
1121 3019 1528 3089 Ἀλεξανδρείας
1549 3020 1834 3091 Τιμόθεος,

1943 1806 2306 1864 Theodosium
2362 1819 2545 1866 autem
2599 1809 2899 1883 Hispanum
2930 1814 3140 1883 justum
3197 1815 3518 1886 sun‘ragium

1944 1898 2215 1963 Gratiani,
2257 1899 2572 1961 Occidentis
2622 1906 2910 1975 imperium
2959 1908 3419 1975 administrantis,
3451 1909 3519 1962 ad

1942 1993 2126 2049 sedem
2173 1994 2580 2063 imperatoriam
2639 2001 2886 2069 provexit
2941 1998 3207 2065 Orientis,
3246 2008 3301 2054 et
3334 2001 3525 2055 ortho-

1941 2083 2095 2142 doxa:
2134 2087 2255 2144 fidei
2289 2105 2381 2158 per
2412 2091 2566 2144 illum
2595 2092 2943 2148 conﬁrmatio
2976 2093 3222 2148 invaluit.
3262 2092 3354 2148 Sic
3395 2093 3521 2162 qui-

1941 2179 2062 2233 detn
2106 2181 2309 2235 Ariana
2372 2182 2596 2238 haeresis
2647 2182 2923 2239 Ecclesias
2966 2185 3036 2239 40
3073 2201 3249 2239 annos
3296 2200 3521 2247 vexaris,

1942 2271 2143 2339 pietate
2173 2270 2470 2330 Theodosii
2498 2276 2919 2342 exterminatur,
2950 2288 3002 2332 et
3034 2293 3169 2333 suus
3207 2277 3525 2332 orthodoxa:

1944 2362 2068 2419 ﬁdei
2096 2366 2273 2423 honos
2298 2369 2565 2425 redditus.
2600 2369 2880 2425 Convocat
2900 2371 3066 2440 igitur
3086 2372 3377 2427 concilium
3403 2372 3526 2441 pius

1945 2450 2268 2522 imperator,
2319 2455 2594 2511 meditans
2645 2467 2700 2511 et
2755 2458 3183 2514 Macedonianos
3232 2461 3527 2515 conciliare

1943 2541 2286 2608 Orthodoxis,
2316 2552 2370 2598 et
2407 2544 2501 2614 qtti
2541 2545 3160 2601 consubstantialitatem
3198 2548 3529 2602 conﬁteren-

1948 2638 2054 2684 tur.
2103 2630 2470 2697 Quamobrem
2521 2633 2700 2703 capita
2752 2635 3132 2691 haereticorum
3163 2647 3451 2700 convocat,
3472 2646 3530 2692 et

1944 2735 2325 2780 convenerunt
2368 2742 2398 2781 e
2441 2728 2752 2794 catholicis,
2792 2729 3122 2785 Alexandria
3163 2732 3379 2800 quidem
3429 2730 3526 2784 Ti-

1946 2818 2226 2883 motheus,
2289 2819 2688 2889 Hierosolymis
2735 2835 2867 2875 vero
2927 2820 3184 2892 Cyrillus,
3238 2821 3528 2877 Antiochia

1944 2906 2229 2975 Meletius,
2287 2907 2587 2979 Gregorius
2654 2907 3075 2978 Nazianzenus,
3137 2910 3529 2967 Thessalonica

1945 2999 2234 3065 Achillius,
2266 3000 2437 3072 Nyssa
2481 3001 2812 3073 Gregorius,
2847 3012 2903 3059 et
2951 3004 3045 3060 alii
3085 3004 3346 3075 plurimi,
3388 3021 3533 3074 quo-

254 3101 315 3168 ἐξ
349 3101 748 3175 Ἱεροσολύμων
794 3108 854 3162 δὲ
902 3109 1192 3181 Κύριλλος,
1233 3113 1495 3174 Μελέτιος
1552 3113 1598 3166 δ’
1625 3113 1683 3180 ἐξ
1723 3113 1835 3166 Ἀν-

1949 3110 2069 3149 rum
2134 3110 2394 3151 numerus
2438 3097 2504 3152 ad
2559 3106 2780 3152 centum
2821 3098 3220 3169 quinquaginta
3266 3100 3528 3154 excrevit.

255 3196 521 3265 τιοχείας,
555 3197 857 3271 Γρηγόριός
876 3217 936 3254 τε
967 3204 1146 3275 παρῆν
1177 3206 1206 3257 6
1237 3204 1521 3272 Θεολόγος,
1551 3205 1647 3258 καὶ
1688 3204 1841 3275 Ἀχό-

256 3283 369 3346 λιος
392 3287 419 3316 ⁸
454 3284 488 3338 6
515 3284 939 3360 Θεσσαλονίκης,
966 3292 1062 3344 καὶ
1088 3293 1117 3346 6
1147 3292 1370 3364 Νύσσης
1410 3294 1715 3365 Γρηγόριος
1747 3294 1843 3348 καὶ

256 3372 407 3428 ἄλλοι
432 3376 625 3431 πολλοί
648 3393 665 3408 ο
691 3381 1033 3450 πεντήκοντα
1058 3383 1155 3437 καὶ
1194 3385 1392 3439 ἑκατὸν
1412 3381 1556 3457 ἦσαν
1588 3386 1770 3440 αὐτῶν
1814 3389 1844 3441 6

261 3467 369 3529 πᾶς
398 3467 687 3536 σύλλογος.
713 3470 819 3524 Τοῦ
843 3472 888 3525 δ’
916 3474 1197 3545 αίρετικοῦ
1222 3476 1443 3545 στίφους
1473 3478 1660 3547 ἡγεῖτο
1689 3478 1790 3548 μὲν
1817 3480 1847 3531 6

264 3550 507 3621 Κυζίκου
544 3557 815 3625 Ἐλεύσιος
829 3566 927 3616 καὶ
950 3564 1267 3634 Μαρκιανὸς
1290 3566 1320 3619 6
1341 3566 1645 3637 Λαμψάκου
1662 3570 1756 3622 καὶ
1779 3571 1808 3622 6
1823 3568 1845 3600 ³

276 3647 509 3717 Ἐφέσου
540 3650 770 3720 Εὐὴθιος
797 3653 894 3707 καὶ
912 3654 1063 3709 ἄλλοι
1091 3656 1256 3721 τινὲς,
1285 3657 1367 3720 είς
1382 3657 1473 3711 τὸν
1493 3656 1660 3722 ἓξκαὶ
1685 3660 1842 3729 τριά-

266 3761 431 3798 κοντα
453 3745 478 3777 ⁶
497 3747 1064 3819 συγκεφαλαιούμενοι
1089 3752 1341 3823 ἀριθμόν.
1361 3753 1647 3825 Παρῄνουν
1668 3755 1733 3823 δὴ
1751 3755 1845 3825 βα-

267 3834 448 3901 σιλεύς
463 3853 525 3889 τε
541 3837 729 3902 αὐτὸς,
742 3841 834 3892 καὶ
845 3841 968 3894 ὅσον
988 3842 1289 3914 όρθόδοξον,
1304 3845 1537 3915 τούςτῆς
1561 3848 1845 3918 αίρετικῆς

267 3926 470 3997 μοίρας
492 3928 772 3983 συνελθεῖν
787 3932 867 3994 είς
898 3933 1280 4006 ὁμοφροσύνην
1298 3939 1392 3991 καὶ
1419 3938 1767 4007 ἀσπάσασθαι
1784 3941 1847 3994 τὸ

262 4018 579 4087 ὁμοούσιον,
606 4020 683 4085 ὡς
723 4021 818 4075 καὶ
865 4024 1034 4094 χωρὶς
1063 4028 1444 4097 παραινέσεως
1486 4029 1849 4101 διαπρεσϐευ-

267 4109 542 4179 σαμένους
562 4112 761 4177 αὐτοὺς
776 4115 796 4147 "
816 4115 1029 4170 οἴκοθεν
1045 4118 1182 4189 πρὸς
1194 4119 1450 4190 Λιϐἐριον
1471 4122 1736 4193 πρότερον
1752 4124 1850 4177 καὶ

266 4202 623 4272 ἀνομολογεῖν
652 4204 1054 4277 ὑποσχομένους
1080 4209 1142 4263 τὸ
1185 4212 1491 4280 όμοούσιον,
1526 4215 1839 4286 ὑπομιμνή-

268 4310 493 4358 σκοντες
520 4295 599 4358 ὡς
619 4296 717 4349 καὶ
744 4298 845 4363 τὴν
875 4299 982 4352 τῶν
1012 4299 1306 4372 ὀρθοδόξων
1335 4306 1620 4360 κοινωνίαν
1636 4308 1839 4361 αὐτεπ-

265 4385 953 4460 ἀγγελτοιπροσεδέχοντο.
978 4392 1053 4445 Τὸ
1092 4392 1140 4447 δ’
1175 4396 1471 4466 αἱρετικὸν,
1492 4398 1599 4450 τῶν
1620 4399 1846 4454 δικαίων

265 4476 513 4548 ἐλέγχων
543 4480 640 4532 καὶ
659 4479 854 4549 φιλανθ
864 4482 1062 4551 ρώπων
1078 4487 1457 4554 παραινέσεων
1473 4489 1664 4544 οὐδένα
1690 4493 1847 4563 ποιή-

268 4584 467 4631 σαντες
489 4569 669 4638 λόγον,
710 4572 812 4642 τῆς
859 4574 1067 4639 οἰκείας
1116 4576 1435 4643 δυσσεϐείας
1467 4581 1528 4633 οὐ
1573 4581 1841 4651 μεθίεντο.

278 4660 665 4716 Ἐκϐάλλονται
710 4660 804 4718 οὖν
853 4664 941 4719 διὰ
989 4668 1148 4722 τοῦτο
1175 4670 1387 4724 καὶτοῦ
1442 4674 1720 4744 συνεδρίου
1750 4676 1846 4729 καὶ

263 4754 366 4825 τῆς
399 4754 611 4819 πόλεως
636 4771 650 4785 ⁸
683 4757 775 4809 καὶ
828 4759 862 4827 ὴ
909 4757 1127 4822 σύνοδος
1173 4766 1471 4831 χειροτονεῖ
1500 4767 1594 4818 τὸν
1629 4766 1845 4821 Νεκτά-

265 4865 407 4917 ριον,
442 4848 808 4916 συγκλητικοῦ
845 4850 945 4921 μὲν
991 4854 1220 4923 αἵματος
1253 4856 1399 4921 ὄντα,
1426 4857 1525 4929 τὴν
1546 4858 1642 4912 τοῦ
1674 4860 1842 4929 πραί-

262 4955 442 5009 τωρος
466 4939 489 4971 ³
520 4939 578 4992 δὲ
612 4942 925 5011 χειρίζοντα
954 4945 1153 5016 ἀρχὴν,
1180 4947 1273 4999 τὸν
1325 4948 1527 5018 τρόπον
1574 4950 1631 5003 δὲ
1669 4953 1841 5006 ὲπιει-

1944 3186 2223 3245 Haareticm
2262 3204 2392 3244 vero
2423 3191 2597 3245 turba:
2641 3200 2873 3261 praeerat
2900 3191 3158 3247 Eleusius
3199 3190 3532 3262 Cyzicenus,

1944 3278 2256 3335 Marcianus
2286 3279 2518 3351 Lampsa
2535 3297 2722 3347 cenus,
2758 3281 3025 3340 Evethius
3069 3282 3365 3355 Ephesius,
3407 3284 3531 3338 alii~

1944 3386 2052 3439 que
2104 3373 2378 3436 nonnulli,
2430 3390 2666 3443 quorum
2703 3391 2993 3430 numerum
3045 3391 3147 3432 sex
3199 3386 3255 3433 et
3307 3376 3531 3445 triginta

1944 3463 2309 3533 complebant.
2363 3463 2738 3523 Hortahantur
2784 3470 3082 3536 imperator
3139 3470 3282 3538 ipse,
3339 3479 3395 3524 ct
3435 3471 3527 3524 alii

1945 3557 2231 3611 orthodoxi
2264 3557 2568 3623 haereticos,
2591 3560 2764 3627 ut,illa
2789 3559 3027 3616 factione
3046 3562 3252 3626 relicta,
3279 3563 3345 3617 ad
3365 3564 3529 3618 unio-

1947 3662 2069 3700 nem
2122 3650 2510 3717 convenirent,
2568 3661 2623 3707 et
2673 3651 2982 3722 ὀμοούσιον,
3052 3654 3531 3722 consubstantiale,

1947 3738 2429 3807 amplecterentur,
2466 3744 2932 3812 quemadmodum
2978 3753 3033 3800 et
3079 3755 3260 3808 antea,
3314 3746 3529 3800 nemine

1949 3826 2224 3895 hortante,
2253 3830 2438 3887 missis
2467 3833 2533 3887 ad
2564 3831 2844 3888 Liberium
2877 3835 3092 3905 legatis,
3127 3835 3352 3904 polliciti
3372 3844 3535 3890 erant

1949 3919 2301 3977 confessuros
2323 3938 2383 3979 se
2411 3940 2517 3980 una
2539 3926 2845 3996 ὁμοούσιον,
2878 3927 2932 3981 in
2959 3928 3278 3982 memoriam
3309 3928 3532 3983 interim

1949 4012 2276 4080 redigentes,
2327 4016 2469 4071 ultro
2509 4016 2655 4086 ipsos
2698 4020 3142 4075 communionem
3186 4033 3308 4074 cum
3340 4019 3530 4072 ortho-

1951 4102 2109 4159 doxis
2149 4106 2460 4162 admisisse.
2490 4110 2741 4165 Haeretici
2775 4126 2927 4176 Vero,
2948 4112 3110 4179 iustae
3143 4110 3527 4180 reprehensio-

1952 4195 2041 4250 nis
2090 4205 2144 4251 et
2196 4197 2353 4253 bona!
2408 4200 2803 4259 admonitionis
2859 4204 3005 4259 nulla
3061 4204 3247 4258 habita
3291 4205 3526 4273 ratione,

1952 4304 2106 4342 suam
2139 4289 2475 4359 impietatem
2501 4308 2608 4347 non
2638 4295 2998 4362 reliquerunt.
3027 4293 3262 4363 Ideoque
3290 4296 3533 4352 concilio

1954 4382 2249 4451 ejiciuntur
2282 4392 2337 4438 et
2365 4385 2521 4447 urbe,
2574 4386 2980 4456 conciliumque
3010 4400 3160 4442 creat
3186 4386 3524 4454 Nectarium,

1952 4474 2210 4528 senatorii
2253 4475 2474 4542 quidem
2516 4476 2835 4547 sanguinis,
2884 4478 3234 4548 episc0pum,
3278 4480 3527 4534 moribus

1952 4564 2246 4626 facillimis,
2285 4567 2355 4620 ob
2384 4581 2525 4635 quos
2568 4568 2806 4622 maxime
2848 4570 3152 4624 colebatur.
3187 4569 3313 4625 [laxe
3339 4580 3531 4626 autem

1950 4659 2191 4729 synodus
2246 4659 2443 4730 4771)
2481 4660 2639 4715 [idem
2680 4662 2734 4716 in
2787 4662 3003 4719 Nicaena
3028 4664 3359 4734 publicatam
3393 4679 3535 4718 con-

1949 4750 2151 4806 ﬁrmat.
2182 4749 2386 4806 Probat
2427 4753 2610 4808 omnia
2656 4754 2976 4826 imperator,
3015 4767 3071 4814 et
3111 4761 3339 4830 perferri
3368 4771 3530 4817 curat

1949 4858 2147 4912 magna
2183 4858 2307 4899 cum
2343 4847 2648 4903 reverentia
2696 4850 2960 4919 reliquias
2993 4856 3166 4908 sancti
3199 4854 3353 4910 Pauli
3395 4871 3530 4911 con-

1944 4933 2172 4991 fessoris
2211 4954 2226 4990 :
2266 4950 2321 4992 et
2356 4939 2603 5008 episcopi
2641 4950 2918 5012 quotquot
2958 4945 3185 5000 aderant
3236 4964 3344 5002 una
3394 4964 3529 5003 cum

264 5034 557 5095 κέστατον,
582 5031 651 5085 δι’
692 5032 751 5084 ὃν
789 5035 885 5086 καὶ
935 5035 1176 5104 μάλιστα
1222 5037 1586 5109 ἐθαυμάζετο.
1624 5041 1837 5096 Βεϐαιοῖ

1943 5030 2217 5096 Nectario,
2262 5035 2421 5104 longe
2451 5045 2605 5091 extra
2643 5035 3041 5092 Chalcedonam
3075 5041 3289 5096 obviam
3326 5058 3520 5112 proce-

264 5124 307 5175 δ⁴
344 5124 377 5192 ἡ
416 5123 556 5188 ἁγία
595 5123 808 5191 σύνοδος
840 5124 984 5196 αὕτη
1013 5128 1108 5181 καὶ
1160 5128 1290 5199 ἣνὴ
1324 5131 1383 5183 ὲν
1416 5130 1622 5203 Νικαίᾳ
1670 5134 1837 5187 διετυ-

1943 5126 2099 5190 dunt,
2134 5127 2417 5197 multoque
2456 5137 2621 5184 cantu
2655 5138 2710 5183 et
2772 5132 3040 5186 comitatu
3078 5136 3422 5204 suscipiunt,
3464 5147 3521 5193 et

270 5212 495 5266 πὼσατο
532 5213 770 5279 πίστεως
827 5215 1063 5271 ἔκθεσιν.
1091 5219 1202 5270 Καὶ
1256 5219 1549 5290 σύμψηφος
1599 5223 1770 5276 πᾶσιν
1814 5224 1837 5277 6

1944 5234 2042 5289 per
2077 5221 2307 5274 mediam
2342 5221 2533 5274 urbem
2565 5236 2768 5291 corpus
2815 5222 3073 5288 ferentes,
3104 5224 3441 5284 collocarunt
3466 5230 3526 5286 iu

268 5302 522 5368 βασιλεὺς
565 5305 797 5373 γίνεται,
842 5306 938 5360 καὶ
965 5307 1288 5379 ἀνακομίζει
1333 5310 1473 5381 μετὰ
1506 5311 1701 5366 πολλοῦ
1746 5313 1842 5367 τοῦ

267 5394 615 5465 σεϐάσματος
636 5398 732 5451 καὶ
752 5397 968 5453 Παύλου
989 5399 1083 5454 τοῦ
1112 5401 1450 5472 ὁμολογητοῦ
1479 5404 1541 5456 τὸ
1561 5404 1619 5457 λε
1630 5405 1838 5475 ίψανον.

1951 5312 2182 5368 ecclesia
2206 5322 2407 5368 sancta:
2446 5314 2631 5368 [renes
2654 5315 2890 5370 nominis
2912 5317 3146 5387 antiqui,
3191 5334 3353 5389 quant
3379 5320 3528 5377 Cor.-

1950 5408 2185 5462 stantius
2212 5407 2504 5476 imperator
2538 5406 2591 5461 in
2628 5407 2971 5465 latitudinem
3001 5419 3057 5466 et
3092 5414 3531 5484 magnitudinem

1526 5558 1766 5617 VARIJE
1822 5564 1952 5621 LEC
1971 5564 2229 5621 ['IONES.

334 5694 354 5723 ⁸
380 5691 645 5775 βασιλέως
674 5709 740 5755 ς.
763 5762 779 5775 Δ
815 5692 835 5724 ³
858 5690 1153 5756 δυσσεϐοῦς
1182 5710 1243 5757 ς.
1322 5692 1345 5725 δ
1384 5693 1646 5766 Ἀχίλλιος
1670 5715 1729 5761 ς.
1808 5702 1830 5733 ⁵
1857 5701 1887 5752 6
1908 5710 2035 5755 ante
2076 5700 2304 5770 Ἐφέσου
2337 5715 2446 5755 om.
2483 5702 2551 5755 A.
2622 5702 2640 5733 ‘
2674 5706 2990 5775 τριακοστόν
3019 5707 3083 5761 Α.

260 5764 283 5795 ³
321 5762 611 5833 ποαίτορος
641 5779 725 5832 pr.
751 5762 815 5816 Α.

3185 5708 3206 5739 ⁷
3232 5711 3412 5774 αὐτοῖς
3442 5711 3515 5766 Α.
