4152 6426
646 316 741 382 131

1800 317 2064 379 PHOTII
2102 317 2228 377 PA’I

2336 316 2606 376 ARCII/E
2640 316 2745 376 CP.
3803 316 3894 377 I32

643 426 683 491 e
714 450 881 505 parva
927 434 1206 499 excitavit,
1243 435 1333 489 cui
1392 444 1447 489 et
1484 434 1687 489 Paulus
1734 433 2049 504 aliquandiu
2087 448 2226 503 pra:-

2334 432 2443 485 Καὶ
2475 432 2758 487 ἀπαντῶσι
2790 433 2812 465 ’
2839 430 2949 483 τῶν
2983 429 3299 485 ἐπισκόπων
3330 446 3427 484 συν
3450 430 3493 461 ⁸⁸
3518 429 3668 500 αὐτῷ
3694 430 3905 485 Νεκταο

644 528 844 585 fuerat.
870 536 925 581 et
948 536 1114 581 totam
1142 536 1356 581 noctem
1394 528 1648 581 cantibus
1690 528 2079 595 transigentes,
2110 542 2228 579 ma-

642 636 713 675 ne
746 622 942 675 iterum
975 629 1086 675 tota
1130 622 1325 676 civitas
1355 621 1553 691 aequali
1592 621 1802 673 honore
1851 628 1906 672 et
1946 620 2138 688 gloria,
2174 619 2226 672 in

640 714 926 769 ecclesiam
968 728 1089 784 qua:
1135 730 1283 769 nunc
1327 716 1396 767 ab
1423 713 1514 766 illo
1556 712 1938 781 cognominata
1974 721 2078 775 est,
2106 726 2230 764 om-

643 806 808 860 nibus
846 805 1145 876 episcopis,
1192 816 1246 858 et
1292 806 1461 869 clero,
1507 814 1561 858 et
1602 804 1721 874 ipso
1756 815 2025 872 praesente
2054 804 2229 873 impc-

645 909 847 965 ratore,
888 916 1050 955 sacro
1102 900 1313 953 tumulo
1352 900 1662 966 imponunt.

2328 526 2429 596 ρίῳ
2458 526 2565 597 πρὸ
2596 526 2792 579 πολλοῦ
2823 525 2922 592 τῆς
2954 523 3299 593 Χαλκηδόνος
3339 524 3455 576 ὅσοι
3499 524 3775 592 παρῆσαν,
3815 523 3909 577 καὶ⁵

2331 617 2470 686 μετά
2504 618 2706 689 πολλῆς
2739 616 3069 687 ὐμνολογίας
3106 617 3205 670 καὶ
3243 617 3341 685 τῆς
3386 616 3554 688 ἄλλης
3579 616 3910 685 δορυφορίας

2330 709 2708 779 ὑποδέχονται,
2765 710 2859 763 καὶ
2891 709 2978 763 διὰ
3040 709 3212 779 μέσης
3258 708 3359 778 τῆς
3406 700 3708 771 πόλεως-τὸ
3751 707 3911 775 σῶμα

2329 800 2647 870 κομίζοντες
2678 801 2757 864 είς
2792 801 2891 870 τὴν
2912 802 3210 872 ἐκκλησίαν
3230 801 3332 871 τῆς
3358 801 3521 869 ἁγίας
3548 801 3787 871 Είρήνης
3812 799 3913 867 τῆς

2330 894 2563 963 ἀρχαίας
2597 894 3033 965 καλουμένης,ἥν
3059 895 3513 956 Κωνσταντίνοςό
3547 893 3798 963 βασιλεὺς
3830 893 3911 955 είς

643 989 847 1052 πλάτος
892 990 987 1041 καὶ
1046 988 1273 1059 μέγεθος
1324 989 1388 1040 ἐκ
1425 988 1768 1057 βραχυτέρας
1808 986 2120 1056 ἀνήγειρεν,
2191 980 2260 1055 ἧς
2301 985 2393 1036 καὶ¹
2459 984 2786 1055 προήδρευε,
2820 985 2959 1055 πρὸς
3000 986 3180 1054 ὀλίγον
3210 986 3477 1039 ἀπέθεντο
3503 1002 3518 1017 ’
3556 986 3652 1037 καὶ
3705 984 3913 1037 παννύ-

643 1103 759 1155 χιον
791 1085 1066 1155 ὑμνῳδίαν
1118 1084 1491 1152 τελεσάμενοι,
1550 1082 1750 1151 ὄρθρου
1784 1081 1947 1135 πάλιν
1982 1083 2015 1151 ή
2069 1079 2223 1143 πόλις
2261 1081 2413 1131 πᾶσα
2448 1079 2585 1148 μετά
2652 1081 2752 1149 τῆς
2820 1082 2942 1151 ῐσης
2974 1083 3067 1133 καὶ
3097 1081 3291 1150 ὁμοίας
3318 1080 3485 1150 τιμῆς
3518 1081 3613 1133 καὶ
3642 1080 3800 1149 δόξης
3831 1080 3914 1147 είς

643 1179 743 1249 τὴν
772 1180 868 1232 νῦν
887 1178 1173 1248 ἐπώνυμον
1202 1175 1371 1230 αὐτοῦ
1406 1174 1720 1243 ἐκκλησίαν,
1742 1175 1961 1228 πάντων
1986 1172 2112 1245 [778
2134 1172 2224 1244 IL]
2265 1189 2323 1225 τε
2345 1172 2452 1224 τῶν
2478 1172 2781 1243 ἀρχιερέων
2818 1172 2915 1227 καὶ
2939 1172 3032 1225 τοῦ
3066 1172 3269 1243 κλήρου
3301 1175 3394 1226 καὶ
3431 1174 3597 1227 αὐτοῦ
3653 1190 3915 1247 συμπαρ⁹

648 1272 802 1332 όντος
850 1271 944 1323 τοῦ
996 1268 1280 1339 βασιλέως,
1341 1265 1419 1337 τῷ
1463 1266 1729 1337 ἀγιοδόχῳ
1758 1267 1918 1335 τάφῳ
1970 1263 2376 1317 κατατίθενται.

720 1368 859 1429 Vita,
890 1368 1032 1421 unde
1054 1367 1169 1420 hazc
1203 1365 1601 1433 excerpsimus,
1629 1362 1874 1431 ejusdem
1898 1370 1982 1415 est
2022 1362 2075 1412 in
2107 1361 2221 1413 elo-

640 1457 866 1511 cutione
904 1455 1141 1520 artiﬁcii,
1169 1465 1221 1509 et
1248 1456 1303 1508 in
1325 1452 1595 1507 movendo
1627 1450 1924 1515 facultatis,
1958 1450 2118 1520 paulo
2147 1459 2225 1502 ta-

644 1561 766 1598 men
787 1551 869 1598 est
904 1543 1117 1598 melior.

1328 1745 1597 1801 CCLVIII.

966 1839 1231 1909 Excerpta
1288 1857 1353 1896 ex
1407 1840 1690 1893 Athanasii
1738 1837 1883 1891 Vita.

716 1933 841 2003 Legi
877 1933 1100 1993 librum,
1128 1932 1219 1999 qui
1262 1931 1579 1984 inscribitur
1637 1948 1650 1984 :
1696 1928 1818 1982 Vita
1862 1936 1911 1981 et
1965 1936 2229 1979 certamen

637 2021 814 2075 sancti
840 2020 1021 2073 Patris
1042 2019 1210 2072 nostri
1236 2018 1466 2085 episcopi
1486 2016 1822 2070 Alexandria:
1856 2012 2042 2084 Magni
2063 2012 2230 2064 Atha-

642 2113 804 2176 nasii,
836 2111 1028 2166 eodem
1069 2110 1233 2163 modo
1262 2106 1661 2177 conscriptum.

715 2285 917 2337 Aderat
938 2291 1154 2353 tempus
1180 2282 1304 2337 feSti
1329 2283 1504 2337 sancti
1542 2280 1687 2337 Petri
1720 2282 1962 2353 episcopi
1996 2294 2049 2337 et
2080 2299 2229 2337 mar-

652 2378 811 2447 tyris,
863 2384 1086 2445 totaque
1132 2374 1464 2429 Alexandria
1510 2374 1835 2428 memoriam
1860 2375 2093 2436 colebat,
2124 2375 2228 2428 hu-

636 2468 840 2538 iusque
894 2481 1183 2521 successor
1246 2466 1573 2529 Alexander,
1626 2476 1751 2536 post
1812 2476 2002 2521 sancta
2057 2468 2228 2521 sacri-

644 2560 809 2623 ﬁcia,
886 2573 1079 2613 mensa
1151 2558 1423 2628 primores
1492 2558 1625 2613 cleri
1693 2567 2027 2628 susceperat.
2107 2559 2226 2626 Quo

640 2659 892 2720 tempore
937 2649 1076 2705 vidit
1107 2664 1173 2703 ex
1210 2650 1357 2704 edito
1400 2649 1522 2703 loco
1554 2650 1605 2702 in
1649 2649 1831 2703 littore
1868 2666 2068 2719 pueros
2108 2651 2226 2704 sin-

639 2759 771 2798 cero
809 2743 997 2798 animo
1032 2742 1579 2811 ludentes,-lusuque
1607 2743 1804 2811 puerili
1852 2757 2008 2796 sacra
2039 2752 2094 2797 et
2134 2758 2227 2797 ve-

643 2835 886 2888 neranda
932 2835 1196 2901 mysteria
1253 2834 1552 2897 imitantes,
1609 2849 1718 2889 non
1760 2833 1851 2888 illa
1906 2835 2223 2900 irridentes,

644 2927 739 2979 sed
771 2926 1050 2994 spectandi
1084 2926 1280 2993 gratia,
1312 2926 1432 2981 ausi
1467 2935 1596 2980 sunt
1621 2941 1741 2995 qua:
1772 2926 1974 2981 audere
1996 2941 2094 2981 eos
2116 2942 2223 2981 non

2408 1357 2569 1428 [1429
2604 1357 2697 1430 Κ]
2730 1360 2963 1411 Ὅτικαὶ
2994 1360 3030 1432 ή
3063 1359 3307 1429 παροῦσα
3338 1376 3650 1430 συγγραφη,
3686 1360 3746 1426 ἒξ
3768 1355 3843 1431 ἧς
3877 1365 3912 1434 ἡ

2333 1452 2668 1521 προκειμένη
2715 1452 2986 1523 προῆλθεν
3017 1453 3239 1521 ἐκλογὴ,
3275 1454 3374 1524 τῆς
3406 1454 3575 1523 αὐτῆς
3616 1456 3733 1507 ἐστι
3766 1457 3913 1509 κατά

2330 1545 2430 1614 τὴν
2461 1546 2660 1615 φράσιν
2685 1547 2777 1598 καὶ
2800 1546 2994 1614 τέχνης
3025 1548 3120 1599 καὶ
3146 1546 3449 1618 δυνάμεως,
3482 1546 3659 1617 βραχύ
3696 1564 3747 1600 τι
3772 1548 3914 1619 πρὸς

2332 1640 2391 1690 τὸ
2418 1637 2640 1708 ἄμεινον
2674 1640 3069 1709 ἀνατρέχουσα.

3032 1730 3207 1783 ΣΝΗ’.

2488 1823 2759 1893 Ἐκλογαὶ
2816 1824 2884 1877 ἐκ
2912 1822 3020 1876 τοῦ
3044 1824 3189 1887 βίου
3243 1822 3349 1876 τοῦ
3390 1822 3761 1878 Ἅθανασίου.

2414 1916 2754 1987 Ἀνεγνώσθη
2784 1918 2847 1969 ἐκ
2880 1916 2974 1969 τοῦ
3028 1916 3185 1984 λόγου
3226 1915 3286 1979 ὃς
3339 1918 3724 1987 ἐπιγράφεται,
3767 1918 3913 1982 Biar:

2331 2007 2461 2077 ἤτοι
2494 2008 2753 2075 ἄθλησις
2783 2008 2889 2061 τοῦ
2920 2009 2961 2039 ¹¹
2993 2009 3064 2062 ἐν
3098 2009 3289 2077 ἁγίοις
3318 2010 3545 2074 Πατρός
3582 2008 3751 2075 ἡμῶν
3784 2010 3914 2062 ἑπι-

2328 2103 2565 2155 σκόπου
2587 2100 3046 2168 Ἀλεξανδρείας
3093 2100 3201 2154 τοῦ
3230 2098 3499 2169 μεγάλου
3530 2100 3910 2169 'Aoaraa'lov,

2328 2193 2418 2247 τὸν
2441 2194 2556 2245 ῐσον
2587 2191 2850 2245 διατυπού
2860 2210 3020 2262 μενος
3041 2193 3264 2263 τρόπον.

2410 2281 2470 2334 '0
2514 2282 2615 2351 τῆς
2665 2282 2863 2353 ἐορτῆς
2890 2282 3083 2355 καιρὸς
3126 2284 3217 2336 τοῦ
3275 2285 3580 2356 ἀρχιερέως
3615 2283 3751 2338 Θεοῦ
3814 2286 3913 2339 καὶ⁵

2331 2373 2607 2443 μάρτυρος
2646 2372 2949 2441 ἐνειστήκει
3000 2374 3234 2444 Πέτρου,
3293 2376 3389 2428 καὶ
3422 2377 3456 2446 ὴ
3526 2375 3913 2445 Ἀλεξάνδρεια

2329 2466 2481 2518 πᾶσα
2511 2463 2610 2535 τὴν
2643 2466 2866 2535 μνήμην
2894 2465 3173 2537 ἐγέραιρε,
3209 2466 3305 2519 καὶ
3336 2468 3364 2520 ό
3411 2466 3606 2521 τούτου
3660 2468 3910 2540 διάδοχος

2326 2557 2354 2608 ό
2396 2555 2540 2626 ἱερὸς
2600 2553 2950 2626 Ἀλέξανδρος
3012 2556 3151 2622 μετὰ
3201 2556 3300 2620 τὰς
3348 2556 3499 2621 θείας
3554 2558 3778 2622 τελετὰς
3812 2559 3913 2612 καὶ

2325 2646 2575 2718 τραπέζῃ
2596 2646 2722 2711 τοὺς
2762 2649 2821 2700 ἐν
2867 2647 2945 2718 τῷ
2989 2648 3174 2720 κλήρῳ
3206 2649 3440 2718 λογάδας
3488 2651 3779 2715 ἐδεξιοῦτο.
3818 2653 3915 2705 Ἑν

2325 2732 2369 2807 ᾧ
2398 2738 2456 2791 δὲ
2486 2738 2657 2791 ταῦτα
2686 2740 3072 2810 ηὐτρεπίζετο,
3104 2742 3208 2813 δρᾷ
3229 2758 3377 2806 τινος
3398 2743 3456 2809 ἐξ
3484 2744 3728 2796 ἀπόπτου
3756 2744 3914 2815 παρά

2326 2830 2423 2892 τὰς
2460 2828 2627 2899 δχθας
2675 2830 2776 2899 τῆς
2802 2830 3079 2901 θαλάσσης
3100 2833 3143 2863 ¹²
3186 2833 3385 2896 παῖδας
3416 2833 3677 2905 ἀπλάστῳ
3710 2834 3914 2907 γνώμῃ

2327 2919 2654 2984 παίζοντας
2704 2920 2800 2974 καὶ
2832 2921 2893 2974 τὸ
2938 2922 3188 2990 παίγνιον
3241 2922 3469 2994 μίμησις
3503 2919 3573 2994 ἦν
3609 2925 3910 2995 ίερατικῶν

645 3018 906 3088 oportuit.
964 3016 1079 3072 Hoc
1121 3019 1172 3071 in
1216 3018 1339 3072 lusu
1389 3028 1606 3073 creatur
1654 3018 1984 3074 Athanasius
2030 3035 2060 3074 a
2095 3035 2227 3090 pue-

2329 3011 2425 3063 καὶ
2454 3010 2702 3081 φρικτῶν
2737 3011 3074 3081 μυστηρίων,
3102 3011 3203 3065 οὐκ
3260 3014 3340 3076 εἰς
3370 3012 3531 3083 ὐϐριν
3574 3013 3717 3067 αὐτά
3748 3031 3915 3085 περι-

646 3108 725 3161 ris
757 3105 1049 3176 episcopus
1088 3124 1101 3159 :
1140 3106 1337 3174 reliqui
1369 3108 1565 3176 partim
1601 3108 2145 3174 catechumenorum,
2174 3117 2228 3164 et

646 3198 1126 3266 baptizaudorum,
1163 3198 1358 3267 partim
1412 3198 1759 3254 sacerdotum
1791 3208 1843 3255 et
1868 3200 2228 3255 diaconorum

645 3293 884 3360 speciem
969 3292 1451 3361 repraesentabant.
1528 3292 1625 3348 His
1709 3293 1877 3349 tinitis
1942 3294 2228 3364 perculsus

644 3383 974 3449 Alexander,
1015 3399 1216 3453 pueros
1254 3388 1318 3437 ad
1361 3400 1421 3438 se
1455 3395 1639 3451 vocat,
1671 3385 1935 3454 auditque
1962 3402 2071 3441 non
2106 3388 2229 3443 illos

645 3491 803 3530 sacra
845 3477 1107 3543 irrisisse,
1156 3478 1271 3539 sed,
1306 3487 1366 3531 ut
1401 3494 1465 3531 ex
1496 3494 1695 3535 eventu
1740 3480 1986 3550 colligas,
2034 3480 2228 3536 fecisse

644 3569 834 3623 divino
872 3572 1108 3638 quodam
1148 3571 1434 3637 instinctu,
1462 3573 1742 3641 animique
1776 3573 2123 3643 simplicitate
2160 3575 2225 3628 ad

646 3666 852 3717 bonum
886 3664 1010 3718 illos
1034 3663 1146 3733 jam
1200 3672 1313 3717 tum
1346 3665 1612 3733 erigente.
1656 3664 1759 3729 Qui
1784 3665 1929 3719 enim
1965 3666 2227 3735 baptizati

646 3758 887 3817 fuerant,
922 3755 1233 3810 Alexander
1264 3756 1521 3811 inuuctos
1557 3757 1763 3811 Christi
1788 3758 2068 3827 signaculo
2099 3773 2228 3811 con-

644 3844 902 3899 ﬁrmavit.
979 3846 1344 3900 Athanasium
1389 3857 1567 3901 autem
1651 3849 1968 3916 parentibus
2034 3849 2224 3912 tradit,

644 3937 917 3991 mandans
953 3936 1062 3991 illis
1099 3936 1301 4007 478a
1340 3938 1722 4008 utdisciplinis
1745 3954 1869 3993 eum
1898 3940 2225 4006 imbuerent,

642 4038 698 4083 et
721 4030 833 4097 iam
863 4026 1113 4081 adultum
1152 4028 1254 4080 sibi
1291 4026 1588 4091 traderent,
1623 4028 1706 4081 vel
1732 4028 1915 4097 potius
1945 4028 2224 4097 Ecclesia),

644 4128 907 4189 tanquam
957 4118 1186 4172 alterum
1220 4117 1528 4174 Samuelem
1556 4119 1625 4174 ab
1660 4120 1767 4173 illis
1809 4118 1920 4173 Deo
1959 4119 2224 4174 oblatum.

646 4211 877 4265 Faciunt
933 4212 1117 4280 itaque
1165 4219 1442 4279 parentes,
1502 4219 1563 4263 ut
1607 4209 2053 4279 archiepiscopus
2124 4209 2228 4264 illis

644 4308 1023 4366 mandaverat.
1073 4312 1129 4358 et
1162 4312 1407 4373 tempore
1444 4302 1558 4370 jam
1597 4302 1837 4366 evoluto,
1884 4317 2114 4370 puerum
2148 4302 2223 4355 illi

642 4398 887 4452 tradunt.
913 4397 1008 4451 Ille
1036 4397 1251 4465 recipit,
1276 4406 1331 4451 et
1354 4395 1800 4451 contubernalem
1829 4396 1981 4449 illum
2010 4395 2222 4459 habuit,
2256 4378 2301 4436 D

642 4490 961 4560 participem
994 4489 1236 4554 consilii,
1272 4498 1326 4543 et
1357 4487 1576 4557 pietatis
1606 4487 1914 4556 adjutorem

2328 3103 2631 3173 τρέπουσα,
2661 3102 2740 3173 τῷ
2775 3103 2929 3172 πόθῳ
2979 3104 3037 3157 δέ
3067 3103 3159 3157 τοῦ
3217 3103 3488 3175 θεάματος
3520 3104 3777 3176 τολμῶσα
3816 3108 3916 3160 καὶ

2326 3194 2399 3250 τὰ
2426 3194 2729 3266 ἀτόλμητα.
2798 3195 2959 3249 Ἀλλὰ
3014 3196 3125 3267 γὰρ
3158 3196 3249 3250 τὸν
3291 3198 3394 3267 μὲν
3440 3196 3756 3252 Ἀθανάσιον
3789 3199 3917 3252 ἐπί-

2330 3304 2533 3341 σκοπον
2562 3287 2734 3341 ἐποίει
2765 3290 2799 3359 ή
2831 3288 3084 3359 μίμησις,
3114 3289 3175 3343 τὸ
3196 3290 3253 3344 δὲ
3286 3290 3473 3345 λοιπὸν
3509 3290 3714 3361 πλῆθος
3737 3294 3820 3355 εἷς
3852 3308 3915 3345 τε

2329 3382 2776 3452 κατηχουμένους
2810 3382 2905 3436 καὶ
2956 3382 3389 3453 βαπτιζομένους
3447 3384 3544 3437 καὶ
3592 3384 3658 3455 δὴ
3689 3384 3784 3438 καὶ
3832 3385 3919 3449 είς

2330 3474 2740 3544 πρεσϐυτέρους
2778 3476 2873 3529 καὶ
2920 3475 3201 3539 διακόνους
3231 3475 3627 3545 ἐσχημάτιζεν.
3674 3476 3919 3529 Ἐκπλαο

2329 3566 2448 3634 γεὶς
2499 3562 2593 3619 οῦν
2624 3568 2736 3629 τοῖς
2769 3568 3119 3637 τελουμένοις
3148 3569 3177 3619 ὀ
3228 3567 3575 3638 Ἀλέξανδρος
3618 3568 3742 3636 ἀγει
3775 3568 3918 3640 πρὸς

2330 3658 2525 3711 ἑαυτὸν
2553 3660 2678 3721 τοὺς
2703 3659 2920 3723 παῖδας,
2963 3660 3058 3712 καὶ
3083 3659 3246 3727 γνοὺς
3266 3662 3328 3711 οὐ
3362 3659 3531 3731 χλεύῃ
3562 3659 3737 3712 ταῦτα
3761 3659 3915 3727 γινό-

2335 3767 2499 3819 μενα,
2531 3750 2645 3803 ἀλλ’
2678 3750 2751 3813 1b.,
2802 3752 2867 3805 ἄν
2929 3769 3013 3814 τις
3068 3752 3133 3804 ἐκ
3177 3752 3285 3804 τῶν
3337 3752 3720 3823 ἐκϐεϐηκότων
3751 3753 3911 3821 φαίη,

2330 3841 2588 3912 ἐπιπνοίᾳ
2613 3842 2721 3894 τινὶ
2753 3845 2848 3895 καὶ
2893 3841 3075 3913 ψυχῆς
3125 3844 3390 3914 ἁπλότητι
3440 3846 3519 3907 είς
3550 3844 3729 3915 ἔρωτα
3777 3860 3914 3915 προ-

2329 3933 2827 4004 διανισταμένης¹⁸
2883 3936 2980 3988 τοῦ
3045 3938 3374 4008 κρείττονος,
3416 3939 3529 3992 όσοι
3591 3938 3690 4009 μὲν
3732 3938 3916 3991 αὐτῶν

2332 4028 2718 4095 ἐϐαπτίσαντο,
2758 4029 2983 4095 τούτους
3015 4031 3305 4101 ἐπιχρίσας
3350 4030 3439 4083 διὰ
3466 4029 3567 4099 τῆς
3605 4032 3663 4082 ἐν
3690 4029 3916 4103 Χριστῷ

2339 4120 2637 4191 σφραγῖδος
2671 4120 3008 4189 ἐτελείωσεν,
3050 4122 3364 4175 Ἀθανάσιον
3390 4120 3449 4173 δὲ
3477 4123 3587 4183 τοῖς
3612 4121 3656 4152 ¹δ
3688 4120 3913 4175 τοκεῦσι

2331 4212 2724 4284 παρατίθησιν,
2782 4214 3004 4277 ἐντολὰς
3057 4212 3306 4276 δεδωκὼς
3344 4212 3623 4265 παιδεύειν
3670 4213 3769 4282 μὲν
3798 4216 3913 4277 τοῖς

2335 4306 2674 4376 μαθήμασιν,
2711 4307 2930 4377 ἡϐῶντα
2957 4309 3001 4340 ⁸⁸
3052 4309 3111 4362 δὲ
3156 4307 3452 4361 ἀποδοῦναι
3507 4308 3676 4380 αὐτῷ,
3711 4307 3913 4378 μᾶλλον

2330 4396 2386 4450 δὲ
2414 4400 2480 4468 τῇ
2517 4398 2837 4471 Ἐκκλησία,
2858 4400 2933 4463 ὡς
2958 4399 3117 4454 ἄλλον
3140 4400 3259 4453 τινὰ
3298 4400 3551 4472 Σαμουὴλ
3568 4400 3699 4470 παρ’
3732 4400 3912 4456 αὐτῶν

2332 4488 2453 4558 Θεῷ
2511 4492 2951 4562 προσαγόμενον.
3001 4492 3343 4563 Πράττουσιν
3385 4488 3479 4545 οὖν
3519 4493 3568 4544 οἱ
3612 4495 3789 4559 γονείς
3835 4494 3914 4555 ὡς

640 4584 826 4645 αὐτοῖς
850 4583 912 4633 τὸ
946 4580 1331 4651 ἀρχιερατικδν
1360 4579 1581 4632 ἐκέλευε
1653 4579 2007 4649 πρόσταγμα,
2077 4579 2172 4634 καὶ
2206 4579 2299 4633 τοῦ
2341 4580 2536 4651 καιροῦ
2594 4582 2887 4645 καλοῦντος
2932 4584 3023 4637 τὸν
3077 4584 3243 4640 παῖδα
3303 4585 3724 4654 προσφέοουσιν.
3763 4586 3821 4638 Ὀ
3854 4585 3913 4659 δὲ

639 4677 877 4747 δέχεται,
908 4675 1002 4729 καὶ
1030 4674 1344 4745 ὁμωρόφιον
1368 4668 1482 4743 εἶχε
1506 4674 1601 4725 καὶ
1630 4671 1886 4725 κοινωνὸν
1910 4672 2108 4743 βουλῆς
2127 4674 2221 4727 καὶ
2258 4673 2359 4744 τῆς
2381 4674 2667 4739 εὐσεϐείας
2701 4677 3073 4747 συλλήπτορα.

710 4770 915 4821 Ariana
950 4778 1132 4821 autem
1160 4766 1337 4820 rabies
1359 4780 1482 4820 cum
1506 4765 1693 4818 orbem
1728 4764 2028 4831 invaderet,
2055 4764 2227 4819 multa

2400 4764 2511 4833 Τῆς
2556 4764 2614 4817 δὲ
2666 4766 2882 4837 ’Δρείου
2944 4767 3147 4837 λύσσης
3192 4768 3390 4838 μικροῦ
3434 4768 3533 4840 τὴν
3585 4770 3913 4841 οίκουμένην

639 4856 942 4912 certamina
972 4854 1125 4908 initio
1161 4868 1268 4908 una
1291 4869 1416 4908 cum
1447 4852 1633 4907 divino
1667 4852 1999 4917 Alexandro,
2036 4861 2226 4921 postea

2329 4856 2747 4928 λυμαινομένης,
2798 4858 3027 4922 πολλοὺς
3064 4860 3303 4927 ἀγῶνας,
3334 4860 3645 4931 ἀρχομένης
3681 4861 3779 4929 μὲν
3814 4864 3912 4915 σὺν

640 4965 771 5004 vero
802 4957 856 5002 et
888 4948 943 5001 in
992 4962 1053 5000 se
1087 4946 1303 5013 pietatis
1337 4960 1502 4998 causa
1544 4944 1787 5012 suscepit
1819 4943 2225 4997 contentiones.

644 5043 858 5096 Etenim
884 5039 1097 5100 Arium,
1131 5045 1255 5106 post
1273 5034 1678 5089 damnationem
1698 5042 1749 5088 et
1772 5035 2224 5088 excommunica-

642 5133 843 5187 tionem
878 5132 1003 5185 iicte
1027 5129 1245 5199 quidem
1284 5126 1613 5182 catholicum
1663 5141 1722 5181 se
1754 5127 2136 5188 mentientem,
2170 5133 2226 5179 et

643 5226 744 5280 hac
768 5225 918 5279 larva
943 5239 1097 5278 suam
1130 5223 1383 5277 haeresim
1406 5218 2113 5286 contirmantem,comperit
2135 5232 2222 5271 sa-

641 5320 796 5388 piens
819 5318 907 5373 ille
928 5318 1285 5382 Athanasius,
1308 5323 1363 5371 et
1392 5315 1457 5369 ad
1480 5313 1848 5370 Alexandrum
1881 5312 2226 5367 Alexandriae

2337 4947 2672 5019 Ἀλεξάνδρῳ
2698 4950 2774 5019 τῷ
2810 4952 3101 5022 θεσπεσίῳ,
3137 4950 3365 5023 ὕστερον
3393 4952 3450 5005 δὲ
3483 4953 3577 5005 καὶ
3625 4952 3749 5007 καθ’
3778 4954 3910 5006 ἐαυ-

2320 5039 2416 5093 τὸν
2451 5041 2592 5111 ὑπὲρ
2621 5042 2719 5110 τῆς
2754 5042 3042 5107 εὐσεϐείας
3081 5044 3362 5115 διήθλησε.
3416 5047 3527 5099 Καὶ
3553 5045 3664 5115 γὰρ
3694 5048 3913 5114 Ἀρειον

2326 5133 2466 5200 μετὰ
2494 5131 2590 5203 τὴν
2619 5134 2941 5204 καθαίρεσιν
2964 5136 3059 5190 καὶ
3086 5137 3148 5190 τὸ
3187 5137 3439 5208 ἀνάθεμα
3474 5138 3908 5208 ὑποκρινόμενον

2337 5224 2437 5293 μὲν
2468 5223 2536 5277 τὰ
2560 5228 2661 5295 τῆς
2691 5225 2996 5292 εὐσεϐείας,
3038 5228 3328 5298 κρατύνειν
3359 5229 3415 5281 δέ
3460 5231 3523 5299 τῇ
3562 5229 3698 5298 πρὸς
3727 5226 3908 5292 ὀλίγον

2335 5316 2620 5387 ὑποκρίσει
2655 5317 3047 5389 μηχανώμενον
3088 5322 3157 5373 τὰ
3193 5319 3288 5389 τῆς
3346 5320 3623 5383 ἀσεϐείας,
3652 5316 3907 5387 ἐφώρασέ

1861 5510 2096 5567 ὙΑΒΗΕ
2152 5511 2552 5570 LECTIONES.

713 5678 732 5710 ’
768 5677 1050 5731 ὑπαντῶσι
1084 5676 1145 5730 Β.
1220 5677 1260 5709 ¹⁶
1292 5679 1388 5729 σὺν
1418 5692 1530 5728 om.
1571 5692 1653 5744 pr.
1685 5674 1749 5727 A.

642 5748 686 5779 ιδ
719 5752 831 5813 τοῖς
899 5749 1021 5803 libri
1082 5764 1193 5802 om.
1305 5748 1345 5778 ”
1382 5742 1621 5817 ἡδῶντά]
1688 5742 1846 5813 ἡμῶν
1887 5743 2026 5813 μετά
2054 5742 2111 5796 Β·

1831 5674 1870 5704 “
1898 5670 1994 5724 τοῦ
2031 5702 2101 5711 -
2142 5670 2312 5737 Ἀλεξ.
2384 5687 2494 5727 om.
2530 5671 2593 5725 A.
2674 5672 2715 5703 ¹²
2778 5670 3046 5742 θαλάττης
3119 5688 3179 5735 ς.

3285 5672 3325 5704 ³³
3357 5670 3780 5742 διανισταμένης
3829 5672 3891 5726 A.
