4152 6420
261 323 360 390 133

1355 330 1883 391 BlBLIOTIIECA.
1934 354 2003 366 —
2037 330 2201 393 COD.
2245 331 2544 392 CCLVIII.

3407 327 3510 394 134

256 457 311 492 τε
344 439 376 491 6
414 438 583 507 σοφὸς
640 438 981 504 Ἀθανάσιος,
1044 443 1139 494 καὶ
1199 441 1577 494 ἀποσταλέντα
1634 439 1834 511 πρὸςη

1939 443 2250 510 cpiscOpum
2271 456 2300 493 a
2316 439 2676 495 Constantino
2695 437 3023 509 imperatore
3034 441 3123 510 pio
3142 440 3369 498 missum
3389 444 3512 510 (no-

263 532 619 601 Ἀλέξανδρον
670 532 762 584 τὸν
814 532 1217 602 Ἀλεξανδρείας
1246 532 1401 603 παρὰ
1433 532 1526 583 τοῦ
1574 530 1833 593 εὐσεϐοῦς

248 623 526 693 βασιλέως
557 626 969 678 Κωνσταντίνου
1006 621 1134 694 (οἶδε
1161 626 1270 696 γὰρ
1300 624 1563 687 πολλάκις
1589 640 1834 693 μεμηχα-

246 716 488 785 νημένος
538 715 691 778 δόλος
738 719 835 768 καὶ¹
890 718 1016 779 τοὺς
1059 718 1314 780 συνετοὺς
1358 715 1704 783 ἐκκλέπτειν)
1757 714 1831 783 μὴ

248 808 665 878 παραδέξασθαι
696 808 1125 878 συνηγωνίσατο.
1173 804 1305 862 Εἶτα
1332 809 1391 862 δὲ
1430 808 1522 862 τοῦ
1569 810 1626 861 ἐν
1657 806 1834 876 ἁγίοις

246 901 681 969 τελευτήσαντος
742 900 1097 972 Ἀλεξάνδρου
1135 902 1300 965 αὐτὸς
1352 900 1631 964 καταστὰς
1664 900 1837 953 διάδο-

247 1010 367 1062 χος,
418 993 560 1063 πρὸς
593 994 774 1063 πολλῷ
823 992 1044 1063 μείζους
1096 994 1313 1062 ἀγῶνας
1356 994 1483 1067 [779
1533 992 1626 1066 H.]
1671 996 1837 1046 ἐναπ-

250 1084 443 1137 εδύετο
476 1103 490 1116 ο
523 1084 607 1137 διὸ
632 1084 726 1137 καὶ
754 1085 900 1137 ᾶπαν
928 1084 990 1138 τὸ
1012 1085 1284 1153 αἱρετικὸν
1316 1085 1605 1154 σύνταγμα
1633 1086 1836 1139 σκοπὸν

244 1174 415 1228 αὐτὸν
447 1177 548 1245 τῆς
582 1176 720 1238 ἰδίας
749 1176 791 1206 ¹⁷
828 1176 1194 1246 προύτίθεσαν
1233 1178 1612 1245 γλωσσαλγίας
1651 1193 1709 1229 τε
1744 1176 1839 1230 καὶ

246 1270 650 1336 συκοφαντίας.
683 1269 1135 1340 Συμφράττονται
1165 1270 1228 1340 δὴ
1261 1271 1493 1339 μάλιστα
1523 1270 1645 1322 κατ’
1671 1268 1836 1322 αὑτοῦ

245 1361 299 1411 οἱ
335 1359 472 1429 περὶ
502 1358 765 1413 Εύσέϐιον
797 1360 890 1413 τὸν
922 1361 1317 1432 Νικομηδείας,
1366 1363 1463 1417 καὶ
1518 1362 1837 1431 μισθοῦνταί

244 1468 400 1514 τινας
431 1451 536 1520 τῆς
576 1452 843 1506 Μελετίου
886 1454 1153 1524 αἱρέσεως
1179 1494 1194 1519 ,
1226 1456 1322 1509 καὶ
1352 1454 1422 1508 δι’
1478 1455 1660 1509 αὐτῶν
1707 1471 1840 1508 κατ-

247 1546 480 1618 ηγορίας
508 1563 573 1598 συ
582 1547 934 1618 ρῤἀπτουσιν,
953 1542 1026 1602 ὧν
1044 1550 1078 1619 ἡ
1118 1550 1215 1619 μὲν
1246 1550 1438 1619 πρώτη
1460 1548 1613 1618 λινῆν
1638 1549 1840 1615 ἐσθῆτα

249 1639 375 1700 τοὺς
444 1638 784 1706 Αἰγυπτίους
822 1638 999 1691 τελεῖν
1045 1640 1117 1710 τῇ
1182 1639 1576 1711 Ἀλεξανδρέων
1626 1641 1690 1692 ὲκ
1739 1639 1840 1708 τῆς

262 1731 590 1784 Ἀθανασίου
646 1728 964 1794 πλεονεξίας
1021 1730 1407 1794 συνέπλαττεν,
1443 1734 1476 1802 ἡ
1530 1731 1751 1802 δευτέρα
1780 1732 1837 1784 δὲ

251 1823 323 1884 ὡς
350 1826 472 1885 τοῖς
503 1821 772 1891 βασιλέων
794 1822 839 1854 ¹⁸
875 1821 1145 1892 ἐνεδρεύει
1181 1824 1473 1894 πράγμασι
1501 1822 1835 1892 (Φιλουμένῳ

252 1916 359 1985 γάρ
385 1932 518 1979 τινι,
568 1914 856 1967 ἐπιθέσθαι
894 1915 1168 1986 τυραννίδι
1204 1917 1393 1986 φήμην
1439 1915 1679 1977 λαϐόντι,
1704 1933 1836 1985 χρυ-

253 2008 364 2061 σίου
401 2009 613 2079 πλῆρες
641 2007 1025 2071 ἐξαποστεῖλαι
1072 2008 1481 2080 γλωσσόκομον)
1524 2008 1831 2063 ὑπετίθετο.

253 2101 298 2173 μ
310 2099 417 2154 452
438 2098 534 2172 3.]
563 2100 675 2153 Καὶ
703 2100 737 2169 ἡ
760 2098 918 2170 τρίτη
963 2100 1211 2170 Ἰσχύραν
1241 2101 1336 2153 καὶ
1378 2098 1476 2171 τὴν
1503 2101 1836 2170 ἀνατραπεῖ-

256 2208 351 2243 σαν
377 2191 664 2261 τράπεζαν
713 2191 810 2243 καὶ⁸
842 2190 902 2243 τὸ
955 2190 1225 2259 κατεαγὸς
1276 2191 1541 2262 μυστικὸν
1574 2192 1834 2261 ποτήριον

262 2286 358 2336 καὶ
385 2287 478 2337 τὸν
506 2282 816 2355 Μαρεώτην
849 2285 945 2336 καὶ
991 2286 1281 2355 Μακάριόν
1326 2284 1420 2338 τὸν
1461 2284 1833 2355 πρεσϐύτερον

271 2379 367 2428 καὶ
392 2377 494 2446 τὴν
517 2376 811 2449 λῃστρικὴν
842 2375 1007 2429 αὐτοῦ
1061 2377 1249 2444 ἐφοδον
1284 2378 1378 2430 καὶ
1413 2377 1475 2429 τὸ
1520 2376 1626 2431 ἀνὰ
1656 2378 1836 2430 πᾶσαν

1935 536 2011 588 vit
2033 536 2177 588 enim
2214 536 2336 587 licta
2358 535 2506 589 l'raus
2543 534 2703 587 etiam
2738 532 3032 603 prudentes
3063 549 3206 602 sepe
3238 534 3510 605 decipere)

1934 626 2173 694 recipere
2189 626 2380 679 noluit.
2399 624 2597 680 Deinde
2611 634 2825 679 mortuo
2845 636 3034 680 sancto
3049 626 3378 690 Alexandro,
3398 627 3514 695 ipse

1937 732 2225 773 successor
2241 718 2546 782 ordinatus,
2568 718 2728 787 paulo
2744 726 2863 787 post
2886 719 3049 771 multa
3069 719 3365 773 certamina
3380 719 3515 773 sub-

1936 810 2019 865 iit.
2038 811 2219 876 Quare
2251 810 2484 865 haeretici
2520 813 2572 865 in
2604 811 2753 865 illum
2781 810 2956 865 solum
2979 811 3191 878 linguas
3206 812 3513 878 vibrabant,

1935 914 1989 956 et
2011 918 2135 956 eum
2172 902 2670 957 calumniabantur.
2699 902 2994 958 Moliuntur
3019 914 3074 958 et
3120 912 3343 958 struunt
3375 904 3512 957 insi-

1936 993 2056 1049 dias
2099 994 2151 1048 in
2180 994 2331 1048 illum
2366 996 2603 1048 maxime
2647 995 2937 1066 episcopus
2966 994 3301 1051 Nicomedia:
3338 996 3508 1050 Euse-

1936 1086 2080 1150 hius,
2114 1097 2165 1141 et
2202 1086 2442 1149 asseclce,
2474 1096 2527 1141 et
2562 1088 2871 1141 conducunt
2898 1088 3164 1157 quosdam
3204 1088 3425 1152 Meletii,
3461 1099 3517 1142 et

1938 1192 2034 1246 per
2088 1177 2212 1231 illos
2267 1176 2650 1231 accusationes
2703 1176 2905 1231 multas
2953 1184 3248 1231 consuunt.
3304 1178 3514 1244 Primo,

1939 1268 2138 1322 lineam
2177 1277 2381 1323 vestem
2419 1267 2704 1338 [Egyptios
2750 1269 3097 1337 snppeditare
3131 1268 3516 1323 Alexandrina:

1940 1360 2201 1416 Ecclesiae
2234 1376 2300 1414 ex
2353 1359 2579 1413 avaritia
2623 1361 2909 1415 Athanasii
2963 1362 3371 1416 conﬁnxerunt.
3423 1362 3518 1417 Se-

1941 1453 2122 1508 cundo
2146 1452 2463 1520 imperatori
2499 1453 2724 1507 insidias
2762 1453 2965 1507 moliri.
3000 1454 3327 1508 Philumeno
3366 1456 3512 1509 enim

1940 1545 2155 1600 cuidam
2204 1545 2492 1614 imperium
2543 1545 2820 1599 all‘ectanti
2880 1546 3163 1600 collectam
3225 1549 3513 1617 pecuniam

1942 1636 2320 1708 suppeditasse
2350 1637 2556 1691 dicunt.
2601 1635 2787 1691 Tertio
2829 1638 3129 1709 lschyram,
3170 1648 3224 1694 et
3269 1656 3515 1693 eversam

1943 1744 2213 1792 mensam,
2245 1738 2299 1782 et
2317 1729 2572 1798 poculum
2602 1729 2893 1799 mysticum
2923 1730 3286 1793 confractum,
3318 1739 3373 1784 et
3404 1728 3519 1782 Ma-

1943 1832 2172 1889 reotem,
2201 1834 2249 1879 et
2282 1824 2578 1879 Macarium
2619 1824 3020 1896 presbyterum,
3064 1834 3117 1879 et
3146 1825 3321 1878 instar
3349 1824 3519 1878 latro-

1942 1934 2072 1972 num
2125 1918 2456 1987 ingressum,
2497 1926 2551 1971 et
2579 1919 2726 1988 quod
2758 1926 2871 1971 toto
2900 1918 3033 1971 orbe
3085 1916 3326 1971 fabulam
3359 1926 3519 1971 noto-

1947 2010 2083 2064 riam
2115 2011 2467 2072 concitasset,
2503 2010 2788 2079 objiciunt.
2815 2010 2939 2065 Haec
2957 2019 3011 2065 et
3042 2010 3243 2065 similia
3276 2010 3516 2079 impera-

1942 2111 2114 2157 torem
2171 2103 2403 2158 edocent
2458 2104 2682 2158 asseclte
2731 2101 2976 2169 Eusebii,
3019 2104 3221 2173 quibus
3264 2102 3330 2157 ad
3379 2104 3515 2156 iram

1940 2205 2128 2250 contra
2154 2195 2517 2249 Athanasium
2554 2196 2848 2259 concitant,
2893 2206 3237 2260 accusantes,
3270 2194 3413 2265 quod
3439 2194 3521 2247 vi-

1942 2288 2061 2341 rum
2091 2288 2436 2356 imperatoris
2464 2288 2739 2343 mandatis
2766 2298 3042 2358 parentem
3104 2298 3362 2359 rectaque
3390 2301 3520 2343 sen-

1938 2379 2162 2433 tientem
2195 2395 2301 2433 non
2336 2380 2663 2435 admisisset.

270 2470 370 2536 τὴν
410 2469 728 2540 οἰκουμένην
806 2468 1127 2538 θεαθρισθὲν
1184 2468 1368 2539 δρᾶμα
1431 2472 1770 2541 σκηνοποιεῖ.
1833 2469 2020 2524 Ταῦτα
2061 2472 2158 2525 καὶ
2197 2471 2407 2525 τοιαῦθ’
2438 2474 2601 2543 ἓτερα
2628 2475 2675 2527 οἱ
2713 2472 2842 2540 περὶ
2873 2473 3133 2526 Εὑσέϐιον
3177 2472 3518 2542 δραματουρ-

264 2563 549 2630 γήσαντες,
597 2564 675 2625 εἰς
724 2562 898 2625 ἀκοὰς
937 2561 1193 2630 ἐνηχοῦσι
1235 2561 1336 2625 τὰς
1383 2561 1702 2632 βασιλικὰς,
1736 2562 1830 2615 καὶ
1888 2562 2129 2616 κινοῦσιν
2191 2564 2273 2627 είς
2324 2564 2517 2635 ὀργὴν,
2574 2563 2954 2631 αἰτιασάμενοι
3002 2563 3085 2616 ὅτι
3149 2562 3246 2615 καὶ
3300 2564 3520 2633 Ἀρειον

258 2657 563 2728 βασιλικοῖς
592 2658 1076 2729 καὶγρόιμμασιη
1112 2657 1209 2711 καὶ
1266 2658 1656 2731 προστάγμασι
1698 2656 2019 2724 πεποιθότα,
2078 2659 2259 2713 καίτοι
2282 2660 2328 2691 ’θ
2388 2660 2459 2713 τὰ
2526 2658 2662 2727 ὀρθὰ
2711 2656 3035 2729 φρονοῦντα,
3093 2656 3197 2710 ούκ
3256 2658 3521 2727 ἠνέσχετο

247 2748 533 2812 δέξασθαι.

321 2840 462 2891 Κατ’
498 2841 680 2893 ἐκεῖνο
711 2839 769 2892 δὲ
794 2839 989 2911 καιροῦ
1024 2840 1120 2894 καὶ
1152 2841 1244 2893 ἐπὶ
1280 2841 1350 2894 τὰ
1393 2839 1503 2893 τῶν
1541 2838 1841 2911 Ἱεροσολύ-

256 2948 372 2999 μων
396 2932 663 2997 ἐγκαίνια
696 2932 881 3002 σχεδὸν
909 2932 1112 2996 πάντες
1146 2930 1416 3002 συνῄεσαν
1444 2932 1493 2985 oi
1524 2931 1834 2984 ἐπίσκοποι*

251 3026 343 3078 καὶ
375 3026 587 3095 γράφει
622 3026 1031 3087 Κωνσταντῖνος
1064 3027 1091 3078 6
1113 3025 1344 3095 εύσεϐὴς
1371 3023 1628 3094 βασιλεὺς
1674 3022 1838 3077 πάλιν

249 3117 586 3187 συλλεγῆναι
646 3118 906 3180 σύνοδον,
971 3116 1320 3187 ἐποψομένην
1370 3115 1407 3170 ἃ
1484 3115 1731 3169 διέϐαλλέ
1779 3131 1840 3167 τε

260 3210 621 3275 Ἀθανάσιον,
653 3210 749 3263 καὶ
773 3210 809 3264 ἃ
843 3211 1069 3280 συνίστη
1112 3210 1202 3263 τὸν
1244 3212 1461 3282 Ἀρειον
1481 3228 1494 3242 ’
1523 3210 1618 3264 καὶ
1663 3210 1712 3262 εί
1742 3209 1839 3279 μὲν

247 3303 445 3372 φθόνος
498 3301 888 3373 ὁρθοδοξοῦντα
929 3302 1020 3355 τὸν
1081 3304 1300 3373 ’Ἀρειον
1348 3303 1453 3373 τῆς
1505 3302 1834 3371 Ἑκκλησίας

248 3395 561 3464 διέστησεν,
589 3395 670 3457 είς
696 3394 921 3464 είρήνην
952 3394 1287 3465 συμϐιϐάσαι
1317 3395 1420 3463 τὴν
1453 3394 1753 3457 διάστασιν,
1787 3395 1836 3446 εί

252 3486 296 3539 δ’
324 3486 495 3547 αὐτὸς
522 3486 709 3555 ἀπάτῃ
739 3485 1026 3555 κέχρηται,
1061 3487 1143 3549 είς
1183 3485 1590 3556 Ἀλεξάνδρειάν
1629 3502 1689 3538 τε
1719 3486 1835 3538 δια-

254 3577 585 3648 πεμφθῆναι
609 3578 774 3629 κάκεῖ
795 3578 891 3629 σὺν
909 3576 1169 3647 ἀκριϐείᾳ
1194 3576 1288 3630 ὑπ’
1302 3577 1549 3640 ἐξέτασιν
1571 3575 1800 3641 ἄγεσθαι
1817 3591 1833 3605 ’

254 3671 352 3737 τὴν
386 3671 449 3723 δὲ
474 3669 761 3737 διάσκεψιν
796 3667 895 3739 τὴν
948 3670 1078 3739 περὶ
1135 3667 1454 3722 Ἀθανάσιον
1490 3669 1584 3721 καὶ
1619 3669 1836 3738 Ἀρειον

254 3761 663 3830 πορευομένους
704 3761 796 3813 ἐπὶ
820 3759 890 3813 τὰ
938 3758 1288 3831 Ἱεροσόλυμα
1313 3758 1436 3813 ὁδοῦ
1472 3760 1752 3829 πάρεργον
1779 3760 1837 3809 ὲν

253 3854 421 3925 Τύρῳ
448 3850 803 3922 ποιήσασθαι.
847 3850 1181 3921 Τριακοστὸν
1224 3849 1280 3902 δὲ
1329 3850 1451 3902 τότε
1498 3847 1691 3918 ἠνύετο
1719 3847 1838 3909 ἔτος

252 3945 355 4015 τῆς
389 3942 806 3996 Κωνσταντίνου
831 3940 1109 4011 βασιλείας
1127 3958 1142 3972 ο
1178 3941 1443 4011 ἐξήκοντα
1475 3940 1532 3993 δὲ
1548 3939 1838 3992 ἐπίσκοποι

252 4038 355 4108 τὴν
384 4038 446 4089 ἐν
475 4036 639 4106 Τύρῳ
664 4034 882 4087 σύνοδον
910 4034 1204 4105 ἐπλήρουν,
1222 4032 1496 4085 Διονυσίου
1521 4030 1616 4085 τοῦ
1639 4032 1838 4086 ύπατι-

255 4128 356 4182 κοῦ
384 4131 712 4196 συνάγοντος
734 4126 951 4189 αὐτοὺς,
990 4125 1108 4195 μεθ’
1142 4116 1204 4178 οὗ
1236 4125 1328 4176 καὶ¹
1365 4126 1394 4177 6
1436 4124 1535 4193 τῆς
1567 4123 1838 4194 ἐπαρχίας

255 4222 444 4291 ἄρχων
462 4220 556 4272 καί
576 4235 720 4281 τινες
749 4218 858 4269 τῶν
898 4220 955 4271 ἐν
983 4217 1129 4271 τέλει
1153 4219 1218 4287 τῇ
1257 4216 1462 4287 συνόδῳ
1486 4216 1833 4287 συνήδρευον.

258 4313 455 4383 Παρῆν
486 4313 543 4365 δὲ
594 4312 687 4365 καὶ
752 4310 1095 4371 Ἀθανάσιος,
1148 4308 1285 4361 ἀλλὰ
1335 4309 1430 4362 κα)⁸
1493 4308 1781 4378 Μακάριος
1809 4307 1837 4359 6

256 4403 653 4476 πρεσϐύτερος,
716 4402 1116 4471 στρατιωτικῆς
1159 4400 1344 4472 χειρὸς
1403 4400 1512 4454 ἀπὸ
1583 4399 1834 4463 Ἀλεξαν-

253 4496 447 4567 δρείας
481 4495 889 4565 σιδηροδέσμιον
941 4492 1103 4546 αὐτὸν
1158 4493 1474 4563 ἀγαγούσης
1490 4492 1557 4546 ’³.
1604 4490 1836 4561 Πρώτην

254 4587 351 4640 οὖν
380 4585 720 4655 κατηγορίαν
750 4586 798 4636 οἱ
828 4584 1161 4651 συκοφάνται
1183 4586 1229 4615 ⁸³
1268 4583 1371 4653 τὴν
1400 4584 1527 4652 περὶ
1563 4582 1662 4650 τῆς
1688 4582 1837 4651 ).ινῆς
1868 4618 1913 4674 D

254 4674 489 4743 ἐσθῆτος
514 4673 931 4743 προϐάλλονται.
971 4672 1132 4727 Ἀλλὰ
1182 4673 1389 4743 ταύτην
1428 4674 1529 4740 τὴν
1557 4672 1833 4740 διαϐολὴν,

251 4768 358 4819 οὐκ
384 4766 446 4818 ἐν
473 4764 635 4835 Τύρῳ
665 4766 823 4835 μόνον
848 4764 1184 4834 κινηθεῖσαν,
1209 4763 1344 4817 ἀλλὰ
1365 4763 1461 4816 καὶ
1487 4764 1753 4834 πρότερον
1781 4765 1840 4816 ἐν

252 4858 602 4929 Νικομηδείᾳ
630 4860 751 4921 ταῖς
781 4857 877 4910 τοῦ
916 4856 1186 4925 βασιλέως
1233 4855 1591 4927 ἐνηχηθείσαν
1624 4856 1835 4920 ἀκοαῖς,

254 4954 429 5013 ⁹Ατιις
459 4966 518 5003 τε
551 4950 647 5003 καὶ
672 4950 956 5019 Μακάριος
1005 4951 1054 5002 οξ
1097 4950 1191 5019 τῆς
1240 4947 1646 5017 Ἀλεξανδρείας
1698 4963 1836 5015 πρε-

257 5044 517 5113 σϐύτεροι
573 5044 751 5096 ἐκεῖσε
807 5043 1215 5112 παρατυχόντες
1289 5040 1488 5112 ῥᾳδίως
1525 5038 1833 5110 διήλεγξαν.

253 5138 344 5191 Διὸ
397 5136 513 5189 τῶν
570 5136 671 5207 μὲν
734 5134 1087 5204 συκοφαντῶν
1153 5135 1182 5186 6
1253 5133 1508 5204 βασιλεὺς
1558 5130 1838 5201 καθήψατο

259 5230 606 5301 γράμμασιν,
649 5227 967 5282 Ἀθανάσιον
990 5226 1047 5279 δέ
1074 5224 1211 5295 πρὸς
1250 5225 1441 5278 ἑαυτὸν
1471 5223 1647 5277 ἐλθεῖν
1701 5238 1837 5292 προ-

256 5321 546 5391 ετρέψατο.
578 5320 691 5374 Καὶ
715 5319 785 5373 τὰ
823 5319 1123 5390 γράμματα
1147 5311 1250 5388 ἧκε
1284 5317 1417 5389 πρὸς
1440 5317 1542 5388 τὴν
1582 5317 1641 5369 ἐν
1677 5312 1840 5383 Τύρῳ

258 5414 510 5479 σύνοδον,
546 5412 642 5467 καὶ
694 5412 776 5475 είς
808 5412 1109 5481 κατήφειαν
1140 5410 1237 5481 τὴν
1263 5410 1393 5476 περὶ
1435 5409 1527 5462 τὸν
1574 5406 1832 5460 Εὑσέϐιον

2010 2833 2213 2889 Eodem
2280 2839 2523 2900 tempore
2574 2829 2642 2884 ad
2701 2828 2953 2883 Encaenia
3007 2828 3517 2900 Hierosolymorum

1938 2943 2131 2985 omnes
2190 2925 2304 2980 fere
2360 2924 2603 2994 episcopi
2661 2931 3048 2983 convenerant,
3081 2931 3135 2977 et
3206 2924 3522 2978 Constanti-

1939 3037 2044 3077 nus
2083 3019 2207 3089 pius
2252 3017 2553 3087 imperator
2590 3014 2817 3084 scripsit
2862 3014 3060 3086 4781)
3099 3016 3363 3085 synodum
3396 3032 3522 3070 rur-

1938 3129 2033 3169 sus
2050 3109 2489 3181 congregandam
2513 3107 2580 3163 ad
2611 3123 2675 3163 ea
2698 3109 3063 3175 discutienda,
3090 3122 3212 3178 quae
3231 3109 3299 3163 de
3329 3118 3520 3163 sancto

1940 3204 2245 3259 Athanasio
2269 3202 2611 3267 dicebantur,
2634 3208 2689 3255 et
2713 3203 2779 3255 ad
2796 3200 2987 3255 Arium
3020 3201 3073 3255 in
3101 3200 3204 3255 [ide
3238 3201 3522 3255 stabilien-

1939 3298 2092 3353 dum.
2131 3294 2289 3361 Quod
2321 3294 2365 3349 si
2398 3292 2603 3347 invidia
2641 3292 2831 3347 Arium
2862 3292 2931 3347 ab
2963 3292 3201 3348 Ecclesia
3234 3292 3521 3361 disjunsc-

1941 3400 2042 3452 rat,
2098 3396 2158 3442 ut
2229 3386 2508 3440 studerent
2573 3393 2836 3454 utrosque
2883 3385 3179 3439 conciliare
3228 3402 3242 3438 :
3287 3384 3332 3438 si
3389 3398 3518 3437 vero

1941 3495 2075 3535 usus
2096 3488 2243 3534 esset
2272 3478 2395 3532 [icta
2424 3477 2659 3547 quadam
2687 3476 2880 3531 fraude
2913 3476 3096 3539 Arius,
3126 3475 3515 3529 Alexandriam

1939 3572 2170 3636 veniret,
2196 3579 2252 3624 et
2294 3569 2367 3623 ibi
2421 3567 2692 3638 judicium
2727 3566 2794 3621 de
2822 3582 2888 3620 eo
2947 3576 3003 3620 et
3030 3581 3258 3620 examen
3290 3582 3519 3621 accura-

1939 3676 2056 3723 tum
2093 3666 2266 3720 ﬁeret.
2298 3663 2637 3716 Divertentes
2665 3660 2831 3730 igitur
2857 3674 2888 3714 a
2915 3660 3023 3721 via,
3049 3660 3201 3728 prius
3228 3658 3356 3729 Tyri
3378 3673 3517 3713 con-

1940 3767 2197 3829 gregatos
2245 3757 2534 3826 episcopos
2577 3771 2641 3811 ea
2708 3770 2831 3824 qua:
2905 3762 3093 3809 contra
3153 3753 3513 3808 Anathasium

1939 3860 2117 3914 erant,
2149 3852 2326 3906 obiter
2359 3852 2640 3919 disputare
2685 3856 2742 3901 et
2770 3862 2893 3916 quae
2920 3856 3110 3901 contra
3144 3846 3357 3910 Arium,
3399 3846 3519 3913 jus-

1940 3945 2033 3999 sit.
2058 3942 2397 3999 Tricesimus
2438 3950 2618 3995 autem
2668 3939 2757 3994 hic
2794 3947 2912 3992 erat
2965 3952 3144 3991 annus
3192 3936 3341 4005 regni
3380 3935 3520 3989 Con-

1941 4035 2190 4090 stantini.
2235 4036 2475 4089 Aderant
2498 4048 2628 4087 vero
2660 4031 2790 4103 Tyri
2827 4046 2894 4085 ex
2934 4027 3166 4083 diversis
3200 4028 3518 4082 civitatibus

1939 4127 2179 4197 episcopi
2206 4127 2522 4195 sexaginta,
2568 4123 2827 4193 Dionysio
2865 4120 3141 4177 consulari
3181 4129 3519 4174 convocante

1938 4222 2081 4286 illos,
2126 4236 2251 4275 cum
2280 4235 2389 4289 quo
2420 4228 2473 4272 et
2515 4216 2803 4287 praefectus
2845 4231 2954 4269 ora:
3002 4215 3166 4280 illius,
3209 4224 3262 4268 et
3293 4212 3515 4281 quidam

1939 4310 2296 4380 magistratus
2341 4307 2408 4361 ad
2465 4305 2733 4375 synodum
2776 4310 3172 4356 convenerunt.
3230 4300 3422 4354 Adfuit
3461 4310 3520 4354 et

1940 4400 2289 4461 Athanasius,
2328 4397 2461 4465 quin
2494 4404 2549 4448 et
2579 4392 2846 4447 Macarius
2875 4392 3157 4463 presbyter
3187 4391 3516 4445 Alexandria

1940 4490 2129 4544 ferreis
2164 4488 2371 4545 catenis
2408 4486 2623 4540 vinctus
2647 4483 2821 4553 copiis
2846 4484 3080 4539 militum
3110 4484 3511 4539 adducebatur.

1938 4582 2183 4636 Primum
2218 4581 2400 4649 itaque
2444 4584 2795 4632 accusatores
2837 4576 2904 4629 de
2942 4586 3094 4630 veste
3132 4577 3275 4631 linea
3301 4577 3515 4631 calum-

1943 4672 2077 4726 niati
2127 4680 2277 4732 sunt,
2324 4669 2418 4723 sed
2465 4669 2615 4722 illam
2648 4667 2977 4722 calumniam
3023 4684 3129 4722 non
3160 4668 3340 4724 solum
3386 4668 3515 4739 Tyri

1939 4776 2167 4830 motam,
2201 4763 2295 4818 sed
2334 4770 2390 4815 et
2426 4762 2579 4831 prius
2610 4759 2938 4816 Nicomedia:
2968 4761 3036 4815 ab
3066 4762 3400 4832 imperatore
3432 4761 3516 4814 in-

1937 4856 2238 4917 tellectam,
2285 4855 2420 4924 Apis
2474 4865 2527 4909 et
2596 4852 2869 4909 Macarius
2927 4855 3210 4924 presbyter
3275 4854 3515 4910 civitatis

1936 4947 2298 5012 Alexandriae,
2344 4946 2438 5015 qui
2488 4956 2601 5000 tum
2648 4946 2777 5001 illuc
2803 4960 2933 5001 casu
2963 4946 3321 5013 advenerant,
3354 4946 3516 5001 facile

1937 5039 2270 5098 refutarunt.
2326 5038 2465 5093 Hinc
2515 5038 2737 5108 quidem
2806 5047 3158 5094 accusatores
3216 5039 3516 5109 imperator

1938 5145 2033 5203 per
2078 5132 2287 5187 litteras
2334 5132 2653 5201 perstrinxit
2702 5149 2717 5186 :
2757 5130 3114 5186 Athanasium
3166 5147 3297 5186 vero
3338 5133 3406 5186 ad
3451 5147 3512 5188 se

1938 5224 2124 5278 venire
2151 5223 2341 5293 jussit.
2374 5221 2592 5277 Litterae
2630 5222 2715 5277 ad"
2740 5222 3009 5291 synodum
3043 5220 3166 5293 Tyri
3207 5221 3513 5296 congre’ga-

1939 5321 2054 5366 tam
2084 5318 2350 5364 venerunt
2381 5327 2395 5364 :
2428 5308 2630 5379 quibus
2660 5308 2815 5364 lectis
2862 5307 3157 5365 Eusebiani
3200 5326 3324 5366 eum
3362 5314 3514 5367 dolo-

1942 5418 2056 5457 rem
2094 5409 2508 5465 contraxerunt,
2553 5415 2715 5470 quem
2766 5401 3065 5456 Athanasio
3112 5412 3270 5457 antea
3312 5405 3516 5459 intule-

1461 5538 1700 5595 VARIA’S
1756 5534 2167 5601 LECTIONES,

316 5690 356 5724 "
387 5689 525 5757 πρός
557 5686 601 5739 Β
632 5702 645 5739 :
678 5683 770 5757 τόν
798 5700 858 5747 ς.
935 5683 976 5714 ’⁷
1012 5681 1314 5757 οικείαςῇς.
1339 5750 1351 5757 _
1415 5679 1459 5710 ¹⁸
1488 5676 1846 5757 βασιλέως-ς,

250 5750 321 5814 τᾶ
357 5750 838 5830 ὁρθὰνφρονοῦντα
861 5769 972 5809 om.
1009 5758 1051 5807 Α
1150 5755 1191 5785 ²¹
1222 5750 1461 5821 ἀγούσης
1498 5766 1558 5812 ς.

3262 5678 3307 5709 ²⁰
3338 5679 3513 5732 καίτοι

1983 5678 2024 5711 ⁸ο
2051 5678 2143 5731 καὶ
2178 5677 2304 5748 Ἀρ.
2340 5676 2464 5748 βασ.
2525 5676 2622 5731 acati.
2670 5674 2889 5748 γράμμ.
2942 5675 3065 5732 add.
3101 5677 3164 5730 A.

1654 5749 1698 5779 ²¹
1728 5749 1779 5827 μοί
1808 5749 2144 5820 συκοφάνται
2184 5765 2293 5804 om.
2328 5751 2397 5803 A.
