4152 6434
612 330 714 391 135

605 531 800 587 deinde
851 531 994 600 quod
1044 533 1317 586 calumnia
1356 534 1423 587 de
1463 535 1604 587 linea
1640 542 1789 588 veste
1843 532 2192 602 imperatoris

606 640 771 678 aures
818 633 978 678 antea
1021 636 1365 694 occupasset.
1396 624 1522 680 Haec
1546 626 1823 679 calumnia
1850 640 1976 680 cum
2008 624 2197 679 minus

606 716 954 783 procederet,
1030 715 1307 787 Ischyram
1375 730 1429 772 et
1482 717 1779 773 Macarium
1857 716 2194 785 producunt.

605 806 835 877 Magnus
866 824 995 861 vero
1029 807 1368 864 Athanasius
1411 811 1653 864 asseclas
1693 808 1937 876 Eusebii,
1990 817 2050 863 ut
2104 807 2199 860 ho-

608 912 741 966 stes,
790 902 1027 972 legitima
1067 904 1389 972 exceptione
1414 902 1620 971 rejecit.
1666 901 1722 958 In
1761 902 1959 972 primis
2007 910 2190 955 autem

606 994 974 1047 demonstrari
998 993 1237 1059 volebat,
1280 1009 1347 1047 an
1388 992 1640 1063 lschyras
1666 1009 1795 1047 vere
1825 1002 1976 1048 esset
2018 1006 2199 1046 sacer-

608 1084 730 1148 dos,
792 1085 844 1138 iu
898 1100 1062 1154 quem
1127 1086 1299 1140 sacris
1354 1094 1677 1154 operantem
1722 1087 1952 1141 irruisse
1982 1087 2199 1155 fingunt

606 1174 930 1245 Mararium,
975 1178 1198 1247 vimque
1248 1177 1501 1232 intulisse
1556 1178 1787 1232 missum
1831 1178 1902 1232 ab
1961 1176 2198 1233 Athana-

607 1268 714 1331 sio,
744 1284 956 1321 sacram
990 1284 1236 1324 mensam
1268 1270 1575 1336 evertisse,
1605 1270 1833 1326 calicem
1864 1271 2114 1342 fregisse,
2139 1280 2197 1327 et

607 1373 763 1412 sacra
816 1358 989 1412 Biblia
1036 1360 1433 1414 combussisse.
1494 1360 1599 1416 Sed
1644 1362 1733 1416 hic
1782 1362 1874 1417 illa
1902 1364 2011 1417 duo
2037 1378 2194 1418 com-

607 1452 759 1506 muni
827 1452 931 1519 legi
986 1452 1232 1522 opponit.
1289 1451 1511 1507 Judices
1549 1462 1728 1508 autem
1801 1454 2048 1523 judicare
2095 1454 2195 1508 de-

604 1552 932 1608 trectarunt,
1010 1552 1065 1597 et
1136 1543 1431 1599 calumniis
1500 1544 1890 1600 confirmandis
1981 1556 2196 1615 tempus

607 1645 911 1691 traxerunt.
939 1634 1303 1701 Quamobrem
1324 1652 1513 1693 eorum
1538 1654 1661 1708 qua:
1678 1639 1826 1708 juste
1846 1640 2190 1705 dicta'erant,

604 1729 876 1781 rationem
909 1728 1113 1780 nullam
1158 1727 1493 1783 habuerunt.
1526 1728 1809 1783 Accedunt
1840 1730 1906 1783 ad
1962 1745 2191 1784 accusa-

1780 327 2041 390 ΡΗΟΤΙΙ
2075 325 2577 386 PATRIARCIUE
2613 327 2722 388 ΟΡ.

606 447 733 492 rant
807 436 966 503 Quod
1009 439 1309 507 imperator
1362 440 1488 495 illos
1555 440 1791 505 graviter
1839 435 2538 504 accusasset,A:parp£czv
2611 436 2964 489 ουνέστελλεν

3772 327 3873 394 136

3039 437 3141 507 ἤδη
3197 436 3396 509 πολλὴν
3448 439 3680 508 ῥέουσαν
3732 441 3879 495 κατὰ

2311 528 2651 590 Ἀθανασίου,
2673 530 2757 582 ὅτι
2782 545 2840 582 τε
2880 529 3077 593 αὐτοὺς
3110 529 3139 581 6
3171 529 3425 599 βασιλεὺς
3456 530 3741 601 ᾐτιάσατο,
3782 530 3881 583 καὶ

2296 617 2378 670 ὅτι
2406 619 2439 688 ἡ
2467 619 2609 672 κατὰ
2639 618 2738 690 τὴν
2763 620 2916 692 λινῆν
2950 620 3158 690 ἐσθῆτα
3199 621 3531 689 συκοφαντία
3560 621 3879 691 προέφθασε

2295 708 2477 763 δοῦναι
2500 710 2593 764 τὸν
2620 711 2863 781 ἔλεγχον.
2919 714 3029 782 Τῆς
3062 712 3120 764 δὲ
3154 712 3408 783 διαὸολῆς
3449 713 3654 784 ταύτης
3704 714 3847 767 ἐκπε

2298 801 2483 865 σόντες
2515 802 2586 855 τά
2619 805 2747 874 περὶ
2790 803 3041 874 Ίσχύραν
3070 802 3198 875 [780
3220 802 3313 876 Η.]
3348 807 3441 858 καὶ
3468 806 3756 876 Μακάριον
3783 806 3880 859 τὸν

2298 892 2667 965 πρεσϐύτερον
2714 896 3107 966 προτείνουσιν.
3147 896 3205 950 ’0
3239 898 3297 950 δὲ
3331 898 3498 966 σοφὸς
3558 898 3881 963 Ἀθανάσιος

2298 987 2684 1056 παρεγράφετο
2711 990 2757 1020 ’³
2787 988 2888 1058 μὲν
2914 989 3057 1041 κατὰ
3076 988 3277 1059 νόμους
3302 991 3559 1060 πράττων
3584 991 3712 1055 τοὺς
3740 1008 3881 1061 προ-

2296 1081 2487 1144 φανεῖς
2516 1080 2768 1151 ἐχθροὺς,
2803 1080 3065 1134 Εὑσέϐιόν
3092 1098 3235 1151 φημι
3262 1083 3357 1135 καὶ
3380 1083 3507 1145 τοὺς
3537 1082 3875 1153 ὁμόφρονας,

2292 1166 2445 1237 ἠξίου
2470 1168 2526 1220 δὲ
2558 1169 2664 1239 πρὸ
2697 1170 2916 1223 πάντων
2956 1168 3206 1239 Ἰσχύραν
3259 1169 3630 1241 ἐπιδειχθῆναι
3655 1170 3702 1203 ³⁸
3735 1188 3881 1240 πρε-

2297 1258 2578 1330 σϐύτερον,
2610 1255 2672 1315 οὗ
2701 1261 3148 1330 λειτουργοῦντος
3170 1263 3524 1314 ἐπεισπεσείν
3554 1262 3817 1316 ἔπλαττεν
3840 1263 3877 1333 ἠ

2294 1351 2605 1421 κατηγορία
2641 1350 2737 1404 τὸν
2767 1352 3059 1420 Μακάριον
3094 1352 3236 1405 κατὰ
3262 1351 3562 1425 λῃστρικὴν
3594 1352 3785 1422 ἔφοδον
3815 1354 3879 1420 ἐξ

2293 1440 2602 1511 ἀποστολῆς
2654 1443 2997 1507 Ἀθανασίου,
3055 1445 3153 1497 καὶ
3208 1444 3512 1517 ἀνατρέψαι
3558 1446 3659 1516 τὴν
3721 1446 3881 1517 ἱεράν

2294 1530 2593 1599 τράπεζαν,
2627 1533 2810 1586 καὶτὸ
2854 1536 3120 1604 μυστικὸν
3161 1535 3424 1600 κατεάξαι
3465 1539 3747 1608 ποτήριον,
3779 1536 3881 1592 καὶ

2292 1621 2363 1675 τὰ
2380 1622 2483 1693 τῆς
2507 1623 2659 1688 θείας
2686 1626 2727 1677 Γ
2732 1626 2912 1696 ραφῆς
2946 1628 2979 1697 ἡ
2990 1626 3106 1697 μῶν
3136 1626 3316 1697 βιϐλία
3348 1626 3483 1695 πυρὶ
3512 1626 3872 1698 παραδοῦναι.

2306 1713 2446 1767 Ἀλλ’
2477 1716 2507 1767 6
2536 1715 2636 1785 μὲν
2669 1716 2738 1769 τά
2762 1716 2857 1770 δύο
2888 1717 3065 1772 ταῦτα
3113 1718 3264 1788 νόμῳ
3308 1718 3477 1789 κοινῷ
3510 1718 3877 1789 ἀντεπαρετί-

606 1816 806 1870 tionem
859 1816 1080 1871 Macarii
1127 1826 1181 1871 et
1210 1818 1464 1889 lschyrze,
1496 1829 1550 1873 et
1580 1817 1951 1887 promptitudo
1991 1817 2191 1889 479a

2295 1803 2377 1859 θει
2398 1806 2443 1837 ’⁸
2476 1807 2571 1862 καὶ
2605 1809 3110 1878 ἁντεπρουόάλλετο
3134 1825 3150 1841 ·
3194 1811 3244 1863 οί
3283 1811 3338 1865 δὲ
3370 1810 3557 1881 κριταὶ
3592 1811 3712 1880 οὐχὶ
3753 1810 3882 1880 κρί-

604 1902 1056 1958 calumniantium
1124 1913 1244 1958 erat
1323 1903 1746 1959 intolerabilis:
1801 1904 1983 1973 inopia
2062 1920 2191 1959 vero

607 1994 660 2046 in
687 1994 1114 2049 demonstrando
1178 2010 1245 2050 ac
1314 1996 1618 2065 probando,
1673 1997 2009 2051 alacritatem
2070 1998 2193 2051 illo-

618 2100 739 2138 rum
810 2085 1059 2140 fraudem
1126 2103 1287 2153 esse,
1350 2103 1417 2143 ac
1488 2087 1819 2142 maleficium
1897 2087 2193 2158 impietatis

604 2185 772 2245 atque
834 2176 1053 2232 invidia:
1114 2180 1455 2235 ostendebat.
1505 2179 1655 2233 Mora
1693 2188 1874 2233 autem
1914 2195 1979 2235 ac
2040 2181 2189 2245 dolo,

606 2266 838 2336 repulsae
877 2266 1119 2324 dedecus
1165 2278 1433 2338 tegentes,
1495 2269 1723 2325 mittunt
1781 2271 1833 2323 in
1891 2269 2189 2326 Mareotem

606 2357 862 2413 factionis
943 2359 1191 2427 ejusdem
1300 2360 1591 2423 homines,
1695 2360 2019 2417 simulantes
2124 2377 2191 2417 eo

609 2448 661 2502 in
690 2449 812 2503 loco
849 2466 1078 2503 examen
1121 2466 1337 2515 eorum,
1385 2467 1509 2521 quae
1558 2452 1629 2506 ibi
1658 2462 1811 2523 gesta
1846 2464 2050 2517 essent,
2074 2454 2190 2509 fieri

604 2550 876 2610 oportere.
925 2542 1061 2596 Cum
1109 2554 1290 2597 autem
1328 2542 1661 2599 Athanasius
1695 2544 1903 2600 videret
1927 2561 2024 2601 eos
2050 2546 2189 2601 mitti

604 2645 747 2699 quos
782 2631 1046 2701 rejecerat
1065 2631 1300 2701 judices,
1350 2631 1973 2703 Theogonium,Marin,
2014 2633 2191 2690 Theo-

601 2723 837 2786 dorum,
910 2722 1315 2787 Macedonium,
1363 2723 1677 2792 Ursacium,
1728 2726 2085 2795 proclamavit
2137 2735 2193 2781 et

603 2820 945 2866 contestatus
974 2822 1059 2868 est
1096 2816 1354 2868 omnibus
1397 2814 1636 2869 maxime
1686 2815 2035 2871 manifestam
2068 2830 2193 2872 esse

602 2901 907 2970 injuriam:
952 2902 1252 2959 Macarium
1303 2920 1523 2976 quoque
1559 2908 1939 2977 presbyterum
1987 2908 2045 2963 in
2070 2909 2196 2963 vin-

606 2991 748 3047 culis
796 2993 1010 3060 haberi,
1061 2997 1156 3063 qui
1186 2996 1340 3065 prior
1375 3000 1787 3054 accusationem
1837 2999 2188 3067 instituisset,

606 3095 983 3140 accusatorem
1026 3102 1156 3142 vero
1198 3088 1478 3160 lschyram
1511 3090 1811 3162 illegitimis
1853 3093 2076 3164 adjungi
2104 3092 2194 3163 jn-

605 3180 839 3236 dicibus.
872 3180 1011 3237 Cum
1046 3182 1253 3238 videret
1278 3185 1485 3240 nullam
1526 3186 1613 3242 sui
1647 3188 1914 3243 rationem
1944 3204 1977 3244 a
2009 3187 2190 3243 Patri-

608 3273 788 3328 busin
836 3273 1046 3344 synodo
1123 3275 1335 3343 haberi,
1403 3278 1545 3334 clam
1592 3279 1732 3350 ipsis
1767 3281 2026 3348 decessit,
2045 3291 2099 3338 et
2124 3283 2191 3337 ad

608 3365 994 3434 imperatorem
1061 3369 1221 3436 quasi
1275 3372 1579 3427 accersitus
1605 3373 1859 3428 accessit.
1906 3372 2010 3440 Qui
2062 3389 2195 3431 vero

608 3457 764 3513 missi
792 3468 950 3513 erant
980 3459 1033 3514 in
1077 3459 1370 3517 Mareotem
1400 3477 1463 3518 ex
1482 3479 1589 3519 una
1604 3465 1780 3520 solum
1807 3479 1957 3537 parte
1977 3467 2193 3539 (quem-

607 3550 899 3605 admodum
944 3552 1049 3607 illis
1098 3554 1443 3609 mendacium
1490 3565 1653 3625 atqne
1688 3556 1893 3613 invidia
1956 3560 2193 3629 impera-

609 3640 748 3709 bat),
778 3640 923 3696 facto
959 3644 1333 3701 accusationis
1363 3646 1568 3712 libello,
1593 3648 1660 3702 ad
1684 3650 1953 3721 synodum
1986 3653 2191 3708 reversi

607 3741 758 3793 sunt.
783 3749 904 3801 quae
934 3735 1178 3806 synodus
1213 3746 1371 3791 antea
1400 3737 1511 3807 jam
1536 3739 1798 3794 absentia:
1826 3755 1996 3796 causa
2035 3756 2193 3796 sanc-

608 3832 722 3877 tum
765 3826 1132 3880 Athanasium
1166 3827 1585 3883 condemnarat.
1619 3828 1757 3884 Cum
1785 3841 1970 3885 autem
1999 3832 2191 3885 rediis-

604 3924 750 3977 sent,
783 3915 1299 3971 condemnationem
1331 3918 1732 3973 conﬁrmarunt
1762 3920 1950 3974 multis
1978 3921 2189 3975 calum-

605 4003 717 4057 niis
748 4002 974 4065 additis.
1027 4016 1082 4058 et
1113 4003 1437 4060 festinantes
1483 4006 1626 4077 Tyro
1654 4007 2084 4081 Hierosolymam
2120 4014 2187 4068 ad

607 4094 804 4148 festum
848 4096 1281 4153 consecrationis
1328 4097 1599 4162 ecclesiae,
1648 4099 1874 4157 nefariis
1930 4103 2189 4158 nimirum

606 4200 669 4239 ac
710 4184 934 4253 pollutis
962 4185 1243 4252 manibus,
1284 4186 1526 4253 iverunt,
1553 4188 1649 4258 qui
1690 4192 1877 4246 statim
1931 4208 1996 4247 eo
2025 4209 2191 4251 vene-

606 4283 738 4328 runt
785 4275 1160 4331 etEusebiani
1203 4276 1394 4331 Arium
1449 4277 1691 4347 praefecti
1741 4280 1863 4336 loco
1894 4283 2186 4353 recipiunt.

606 4362 822 4417 Fideles
855 4379 1049 4421 omnes
1086 4368 1323 4421 aversati
1349 4376 1480 4421 sunt
1501 4366 1843 4434 definientes,
1870 4381 1928 4426 ut
1953 4373 2190 4429 Alexan-

2291 1916 2426 1964 νειν,
2479 1902 2561 1966 είς
2596 1901 2655 1955 δὲ
2678 1903 2724 1934 ’⁸
2776 1902 2838 1955 τὸ
2877 1903 3170 1973 κρατύνειν
3218 1920 3317 1976 την
3347 1904 3712 1972 συκοφαντίαν
3751 1901 3880 1956 ὅλον

2291 1990 2495 2045 ἔτεινον
2524 1991 2615 2044 τὸν
2654 1990 2934 2061 λογισμόν.
2984 1992 3077 2046 Διὸ
3138 1993 3297 2062 λόγον
3351 1992 3452 2063 μὲν
3489 1994 3600 2046 τῶν
3647 1992 3878 2051 δικαίως

2290 2079 2600 2150 λεγομένων
2642 2081 2833 2135 οὐδένα
2883 2076 3049 2151 εἶχον,
3108 2084 3389 2150 εἰσάγεται
3429 2080 3485 2134 δὲ
3533 2083 3567 2151 η
3601 2080 3731 2150 περὶ
3779 2080 3880 2132 τὸν

2292 2172 2574 2243 Μακάριον
2627 2174 2723 2228 καὶ⁵
2775 2173 3026 2244 Ἰσχύραν
3074 2174 3382 2246 κατηγορία
3398 2174 3465 2227 ’⁷.
3507 2173 3620 2226 Καὶ
3663 2172 3725 2225 τὸ
3773 2171 3879 2241 μὲν

2293 2262 2575 2333 πρόθυμον
2603 2259 2673 2335 ἦν
2716 2264 2825 2317 τῶν
2865 2264 3221 2333 συκοφαντῶν
3267 2264 3567 2335 ἀφόρητον,
3597 2263 3658 2318 τὸ
3688 2263 3746 2316 δὲ
3771 2263 3878 2333 τῆς

2291 2351 2621 2416 ἀποδείξεως
2640 2353 2844 2424 ἄπορον
2864 2355 2965 2423 τὴν
2988 2354 3301 2426 προθυμίαν
3318 2354 3525 2408 ἐδείκνυ
3554 2353 3878 2416 δυσσεὸείας

2293 2444 2392 2496 καὶ
2418 2443 2614 2513 φθόνου
2658 2445 3049 2517 κακούργημα.
3100 2445 3423 2517 ’Υπερθέσει
3468 2446 3529 2499 δὲ
3565 2446 3659 2499 καὶ
3707 2444 3876 2515 τέχνῃ

2291 2538 2390 2608 τὴν
2434 2538 2537 2605 τῆς
2587 2539 2887 2608 ἀποτυχίας
2919 2539 3182 2611 αἰσχύνην
3229 2539 3612 2603 συσκιάζοντες
3636 2538 3683 2570 ’⁸
3736 2538 3877 2609 πρὸς

2291 2628 2383 2681 τὸν
2411 2628 2718 2699 Μαρεώτην
2747 2630 2848 2699 τῆς
2878 2632 3056 2684 αὐτῶν
3082 2632 3395 2703 συμμορίας
3428 2630 3876 2692 ἀποστέλλουσιν,

2296 2717 2458 2790 [1453
2488 2718 2583 2791 IL]
2608 2721 2787 2774 ἐκεῖσε
2809 2721 2909 2794 τὴν
2936 2723 3142 2785 ἐτασιν,
3166 2726 3224 2776 ἐν
3256 2716 3299 2792 ᾧ
3330 2726 3362 2795 η
3386 2723 3583 2793 πρᾶξις
3610 2722 3874 2794 προῆλθε,

2292 2810 2412 2864 δέον
2442 2812 2699 2880 γενέσθαι
2725 2816 3222 2885 προφασισάμενοι.
3272 2816 3359 2879 Ὠς
3386 2816 3429 2870 δ’
3467 2812 3610 2870 εἶδεν
3635 2818 3664 2870 6
3710 2814 3877 2868 Ἀθα-

2295 2902 2481 2967 νάσιος
2536 2903 2629 2967 οὓς
2716 2907 3169 2976 παρεγράψατο²⁹
3228 2908 3424 2978 κριτάς
3484 2906 3877 2977 στελλομένους

2297 2995 2605 3066 (Θεογόνιος
2631 2996 2675 3029 ³⁰
2706 2997 2816 3068 γάρ
2841 2992 2910 3069 ἦν
2949 2998 3044 3052 καὶ
3092 2998 3292 3070 Μάρης
3322 2999 3419 3052 καὶ
3461 2999 3738 3068 Θεόδωρος
3779 2999 3879 3051 καὶ

2296 3085 2631 3151 Μακεδόνιος
2664 3087 2760 3140 καὶ
2793 3088 2837 3119 ³⁸
2879 3089 3231 3160 Οὑρσάκιος),
3274 3088 3679 3162 διεμαρτύρατο
3736 3090 3878 3144 πᾶσι

2293 3176 2357 3229 τὸ
2391 3180 2861 3250 περιφανέστατον
2880 3181 2924 3212 ³²
2961 3179 3056 3234 τοῦ
3111 3180 3476 3251 ἀδικήματος,
3516 3181 3611 3235 καὶ
3642 3181 3725 3233 ὅτι
3752 3180 3877 3234 Μα-

2293 3270 2485 3341 κάριος
2522 3272 2622 3342 μὲν
2667 3274 2696 3326 6
2732 3273 2949 3344 πρῶτος
2995 3274 3094 3345 τὴν
3146 3273 3364 3345 γραφὴν
3398 3274 3763 3344 ὑφιστάμενος
3815 3273 3878 3325 ἐν

2295 3361 2536 3434 σιδήροις
2558 3358 2651 3433 ἦν,
2695 3363 2944 3435 ’ἰσχύρας
2974 3364 3021 3418 δ’
3050 3367 3079 3419 6
3104 3366 3413 3435 κατήγορος
3436 3366 3550 3429 τοῖς
3580 3364 3877 3435 ἐκθέσμοις

2293 3456 2508 3525 κριταῖς
2537 3454 2920 3511 συνετέτακτο.
2973 3457 3061 3520 Ὠς
3094 3456 3139 3509 δ’
3168 3457 3230 3509 οὑ
3262 3459 3551 3527 προσεῖχον
3580 3456 3614 3527 ἡ
3653 3455 3876 3519 σύνοδος

2290 3541 2373 3609 οἷς
2407 3548 2598 3617 ᾐτιᾶτο
2627 3549 2721 3602 καὶ
2742 3549 3145 3620 διεμαρτύρετο
3162 3551 3229 3613 ³³,
3254 3548 3522 3603 διαλαθὼν
3554 3549 3691 3620 πρὸς
3725 3549 3881 3619 βασι-

2291 3636 2409 3703 λὲα,
2443 3637 2539 3691 ἅτε
2567 3638 2631 3710 δὴ
2656 3639 2751 3693 καὶ
2782 3639 3170 3710 μετακληθεὶς,
3193 3639 3569 3713 ἀνεχώρησεν.
3601 3641 3667 3693 0i.
3692 3640 3750 3693 δὲ
3778 3637 3877 3693 τοῦ

2291 3728 2595 3797 Μαρεώτου
2645 3732 2835 3802 κριταὶ
2873 3733 2938 3784 ἐκ
2990 3733 3376 3803 μονομερείας,
3441 3732 3517 3797 ὡς
3565 3733 3752 3796 αὐτοῖς
3814 3732 3882 3786 τὸ

2290 3820 2481 3891 ψεῦδος,
2512 3823 2654 3876 καὶὸ
2682 3823 2878 3891 φθόνος
2916 3825 3233 3888 ἐπέταττεν,
3267 3826 3641 3896 ὑπομνήματα
3676 3842 3880 3879 συντα-

2293 3911 2514 3981 ξάμενοι
2558 3912 2696 3982 πρὸς
2743 3912 2843 3983 τὴν
2896 3913 3115 3968 σύνοδον
3163 3914 3495 3987 ἐπανῄεσαν.
3551 3916 3700 3985 Αὐτὴ
3725 3915 3771 3947 ³⁸
3794 3914 3877 3982 δὲ,

2293 4005 2423 4074 πρὶν
2454 4004 2487 4072 ἢ
2533 4004 2943 4074 παραγενέσθαι
2981 4005 3229 4074 τούτους,
3282 4008 3497 4078 ἐρήμην
3553 4006 3879 4061 ’Δθανασίου

2292 4094 2649 4165 κατεδιῄτησε
2668 4110 2682 4126 ο
2734 4098 3193 4168 παραγεγονότων
3216 4099 3275 4152 δὲ
3303 4100 3404 4167 τήν
3458 4115 3519 4151 τε
3552 4098 3882 4170 καθαίρεσιν

2291 4185 2651 4257 ἐπεκύρωσαν
2690 4188 2788 4241 καὶ
2809 4187 3101 4259 λοιδορίαις
3124 4188 3466 4259 ἐπηύξησαν.
3512 4190 3626 4243 Καὶ
3658 4207 3880 4261 παραυ-

2290 4279 2420 4333 τίκα
2466 4280 2605 4350 πρδς
2660 4278 2761 4350 τὴν
2814 4281 3144 4351 καθιέρωσιν
3197 4281 3299 4350 τῆς
3349 4283 3435 4334 ἐν.
3479 4281 3883 4353 Ἰεροσολύμοις

2293 4370 2597 4441 ἐκκλησίας
2618 4372 2666 4424 oi
2690 4371 2751 4423 τὸ
2775 4372 3121 4442 ίερουργικδν
3143 4371 3203 4436 ἐξ
3226 4365 3301 4425 ὧν
3330 4370 3572 4443 ἔπραξαν
3595 4374 3886 4438 ἀνοσιουρ-

603 4452 736 4504 driae
763 4450 929 4505 Arius
951 4467 1164 4514 eorum,
1188 4454 1477 4523 dequibus
1507 4467 1883 4523 accusaretur,
1917 4460 2181 4517 rationem

2294 4465 2557 4532 γήσαντες
2615 4462 2820 4533 σπουδῇ
2867 4462 3289 4533 παραγίνονται.
3344 4464 3454 4515 Καὶ
3508 4464 3601 4516 τὸν
3654 4466 3882 4536 Ἀρειον

606 4542 874 4606 redderet,
915 4557 1083 4611 quam
1119 4544 1210 4596 ubi
1258 4544 1514 4609 accessit,
1548 4555 1744 4614 captus
1769 4557 1870 4602 est.
1905 4548 2041 4605 Dum
2079 4552 2196 4612 haec

605 4632 679 4686 ita
703 4642 988 4702 geruntur,
1038 4636 1266 4690 reddita:
1305 4645 1436 4691 sunt
1488 4638 1839 4708 imperatoris
1879 4643 2093 4713 littertr,
2140 4659 2199 4704 ut

603 4721 939 4778 Athanasius
977 4725 1043 4780 ad
1090 4726 1270 4795 ipsum
1314 4728 1545 4796 veniret,
1588 4729 1869 4799 jubentes.
1914 4743 1966 4788 et
2004 4737 2198 4797 Ariani

601 4828 821 4883 quoque
864 4818 1276 4887 quamprimum
1330 4818 1868 4893 ConstantiImpolim
1917 4829 2195 4887 venirent.

606 4906 699 4960 lla:
734 4906 927 4961 litterae
969 4911 1286 4967 moestitiam
1343 4916 1552 4984 synodo
1601 4929 1953 4987 pepererunt.
1986 4920 2195 4987 Quam-

600 5002 790 5053 ohrem
826 5001 1050 5070 plurimi
1078 5005 1303 5060 domum
1335 5010 1568 5077 regressi
1613 5018 1742 5064 sunt
1773 5011 2041 5069 Eusebius
2067 5032 2198 5073 vero

604 5104 659 5147 et
682 5094 1040 5165 'l'heogonius
1070 5097 1288 5152 interim
1324 5099 1395 5153 ibi
1424 5115 1634 5155 moram
1680 5103 1895 5159 trahere
1948 5105 2201 5163 decreve-

610 5194 755 5249 runt,
809 5185 1075 5255 temporis
1122 5200 1277 5241 mora
1332 5187 1542 5243 solvere
1593 5204 1887 5246 mmrorem
1945 5193 2196 5262 cogilan-

606 5284 706 5329 tes.

2297 4556 2594 4625 ἐπιστάντα
2623 4558 2674 4610 οί
2718 4556 2819 4628 μὲν
2876 4556 3005 4626 περὶ
3046 4554 3305 4609 Εὑσέόιον
3336 4554 3589 4624 ἀσμένως
3647 4556 3883 4627 προσδὲ-

2296 4662 2499 4714 χονται,
2566 4648 2614 4699 οί
2660 4647 2716 4698 δὲ
2752 4645 2854 4715 τῆς
2906 4645 3075 4717 ὀρθῆς
3124 4645 3555 4715 ἀπεστράφησαν
3614 4646 3884 4711 πίστεως.

2296 4738 2584 4806 ὁρίσαντες
2617 4740 2675 4791 ἐν
2721 4737 3105 4808 Ἀλεξανδρείᾳ
3136 4737 3228 4789 τὸν
3256 4737 3414 4805 λόγον
3441 4738 3668 4807 ὑπέχειν
3708 4732 3786 4792 ὧν
3822 4742 3883 4793 ἐν

2301 4830 2453 4900 αἰτίᾳ
2482 4828 2833 4883 καθίσταταιι
2853 4823 2958 4901 ἐνῇ
2987 4829 3135 4881 xui.”
3161 4826 3552 4898 παραγεγονὼς
3576 4830 3744 4886 ἑάλω.
3788 4832 3886 4883 Ἐν

2294 4920 2508 4983 τούτοις
2559 4921 2617 4974 δέ
2666 4919 2777 4972 τῶν
2832 4919 3225 4990 πραττομένων
3291 4919 3629 4988 κινουμένων
3684 4920 3886 4989 φθάνει

2296 5012 2601 5082 γράμματα
2652 5011 2747 5066 τοῦ
2783 5010 3067 5082 βασιλέως,
3099 5011 3193 5063 καὶ
3235 5009 3553 5063 Ἀθανάσιον
3598 5010 3739 5080 πρὸς
3788 5012 3889 5063 αὐ-

2292 5105 2385 5157 τὸν
2415 5103 2837 5172 ἀπαγγέλλοντα
2865 5104 3025 5176 ἥκειν
3055 5104 3152 5156 καὶ
3199 5103 3398 5166 αὐτοὺς
3430 5102 3525 5156 ἐπὶ
3581 5102 3683 5173 τὴν
3717 5102 3885 5173 βασι-

2294 5194 2414 5247 λίδα
2442 5196 2856 5266 παραγενέσθαι
2877 5213 2892 5227 ⁸
2923 5199 3021 5251 καὶ
3062 5200 3144 5261 εἰς
3190 5196 3433 5265 ἀγωνίαν
3484 5196 3753 5267 ἐμϐάλλει
3783 5196 3888 5267 τὴν

2300 5287 2542 5343 σύνοδον.
2595 5288 2686 5341 Διδ
2735 5290 2787 5343 οί
2840 5289 3057 5353 πλείους
3092 5290 3193 5361 μὲν
3242 5288 3420 5341 αὐτῶν
3448 5288 3528 5351 είς
3578 5289 3647 5341 τά
3701 5290 3888 5342 οίκεῑα

1797 5452 2029 5507 VARI/IS
2085 5451 2495 5508 LECTIONES.

682 5536 726 5566 ”
754 5540 1153 5616 περιεγράφετο
1176 5559 1237 5608 ς.
1319 5544 1365 5575 ⁸⁸
1386 5546 1773 5616 ἀποδειχθῆναι
1797 5564 1837 5611 ς’
1856 5586 1872 5600 .

607 5603 648 5633 ’⁷
685 5603 1016 5677 κατηγορίαν
1036 5603 1109 5676 ς.

611 5688 731 5728 rum
769 5679 861 5730 καὶ
907 5681 1033 5737 add.
1068 5686 1136 5740 A.

604 5759 718 5800 0m.
752 5745 812 5802 Β.

1222 5616 1267 5649 ³⁸
1302 5617 1684 5679 συσκιάζοντες
1747 5617 1793 5669 Α
1824 5658 1838 5681 ,
1883 5616 2245 5681 σκευάζοντες
2272 5633 2331 5679 ς.

1230 5686 1275 5719 ³⁸
1309 5685 1803 5760 περιφανέστατον]
1854 5691 2039 5743 malim
2100 5686 2395 5757 περιφανές
2440 5702 2519 5741 τε.

1949 5548 1996 5579 ³⁸
2030 5546 2438 5617 ἀντιπαρετίθει
2477 5547 2569 5599 καὶ
2604 5544 3099 5615 ἀντιπῳυῦάλλετο
3123 5546 3188 5598 Α.
3263 5543 3309 5574 ’⁸
3338 5545 3416 5607 εἰς
3445 5542 3524 5665 δὲΙ]
3558 5544 3791 5607 ἀλλἐῑς,
3824 5546 3885 5601 Β.

1955 5617 2239 5665 ευάξοντες
2272 5633 2331 5665 ς.
2462 5618 2505 5648 ²⁹
2535 5615 2920 5665 ποοεγοάψατο
2970 5618 3032 5665 Α.
3113 5616 3157 5646 ³¹³
3188 5613 3469 5665 Θεογένιοε
3514 5616 3558 5665 5.
3665 5616 3708 5646 ³¹
3745 5617 3885 5665 alte-

3514 5616 3558 5666 ‘3.
3665 5616 3708 5646 ³¹
3745 5617 3890 5670 alte-

2462 5618 2505 5648 ¹⁹
2535 5613 2920 5696 προεγράψατο
2970 5618 3032 5669 Α.
3113 5616 3157 5646 ³⁹
3188 5613 3469 5680 Θεογένιος
3498 5613 3558 5666 Β.
3665 5616 3708 5646 ³¹
3745 5617 3890 5670 alte—

2462 5702 2519 5740 re.
2621 5685 2665 5717 ³³
2710 5683 3114 5740 οιεμαρτύρατο
3147 5702 3208 5740 ς.
3309 5686 3353 5715 ³ι
3380 5682 3516 5740 αὕτη
3551 5699 3612 5740 ς.
3710 5685 3758 5719 ³⁸
3793 5689 3892 5740 καὶ

3793 5706 3864 5741 κει

2621 5685 2665 5717 ³³
2710 5682 3114 5757 διεμαρτύρατο
3147 5702 3208 5748 ς.
3309 5686 3353 5715 ³δ
3380 5682 3517 5755 αὕτη
3551 5699 3612 5746 ς.
