4036 6318
180 370 268 439 137
1232 356 1756 427 BIBLIOTHECA.
1798 389 1866 402 —
1885 361 2049 425 COD.
2091 363 2393 426 CCLVIII.

3314 322 3429 435 .138

162 482 483 555 tangam,
504 481 562 533 οί
594 477 657 532 δὲ
693 478 824 549 περὶ
869 474 1129 531 Εὕσέϐιον
1171 476 1266 530 καὶ
1293 474 1589 543 Θεογόνιον
1612 475 1749 540 τέως
1787 475 1976 530 αὐτόθι
2034 476 2306 549 χρονίζειν
2334 474 2653 546 ἐγίνωσκον,
2692 479 2762 550 τῇ
2789 477 3040 550 παρολκῆ
3073 479 3169 536 τοῦ
3228 484 3428 556 καιροῦ

161 578 250 648 τήν
267 572 516 645 ἀγωνίαν
546 571 702 625 λύειν
733 569 860 643 [781
889 568 984 642 IL]
1012 569 1418 640 μηχανώμενοι.

229 673 315 727 Ἐν
364 670 426 724 δέ
468 668 558 739 τῷ
598 668 811 739 μεταξὺ
857 669 955 722 καὶ
988 669 1050 721 τὸ
1085 668 1273 740 ἕτερον
1307 668 1419 721 τῶν
1450 666 1734 737 ἐγκλημά-

1912 663 2126 721 Interea
2188 665 2454 736 temporis
2501 664 2735 721 alterum
2779 664 3015 731 crimen,
3062 665 3131 724 de
3171 682 3311 727 auro
3358 671 3429 727 ad

153 785 268 828 των,
314 763 345 816 ὃ
396 760 482 832 τῷ
544 761 871 832 Φιλουμένῳ
923 761 1148 831 χρυσίον
1192 760 1378 830 ἔλεγεν
1426 759 1743 815 ’Δθανάσιον

154 854 454 926 διαπέμψαι
506 854 583 919 ⁸⁸,
615 853 766 907 κατὰ
800 854 1092 924 πρόσωπον
1138 853 1415 907 διαλύεται
1455 852 1553 906 τοῦ
1586 851 1741 921 βασι-

152 951 268 1010 λέως
294 947 354 999 ἐν
381 944 721 1015 προαστείῳ
748 944 848 1014 τῆς
870 936 1240 1015 Νικομηδείας
1264 943 1535 1014 Ψαμαθίςλν⁸
1575 944 1617 975 ³⁷
1648 960 1747 996 κα-

149 1040 375 1110 λουμένῳ
405 1035 817 1109 διατρίϐοντος.
848 1037 962 1090 Καὶ
1006 1036 1401 1090 ἀποστέλλεται
1443 1036 1525 1099 είς
1560 1034 1747 1102 Ἀλεξ-

144 1134 376 1205 άνδρειαν
417 1133 575 1202 μετὰ
618 1132 792 1204 τιμῆς
833 1131 1179 1197 Ἀθανάσιος,
1245 1131 1595 1203 γραμμάτων
1641 1129 1742 1200 βα-

140 1224 351 1279 σιλικῶν
382 1222 495 1295 τὴν
548 1222 806 1279 ἀθώωσιν
838 1222 1005 1277 αὑτοῦ
1050 1222 1187 1293 πρὸς
1231 1223 1362 1285 τοὺς
1394 1223 1577 1276 ἐκεῖσε
1603 1224 1740 1284 ἀνατ

145 1315 541 1387 κηρυττόντων.
572 1315 771 1387 Παρῆν
796 1314 856 1368 δὲ
900 1314 995 1368 καὶ
1027 1313 1247 1385 ’Δρειος
1284 1313 1634 1379 ἀποσταλεὶς,
1666 1311 1742 1376 ὥς

151 1426 229 1481 μοι
258 1407 630 1478 προείρηται,
681 1405 792 1460 ὑπὸ
819 1405 931 1459 τῶν
953 1408 1014 1459 ἐν
1062 1404 1480 1477 Ἰεροσολύμοις
1514 1404 1613 1458 καὶ⁵
1639 1405 1740 1458 τά-

1841 754 2226 812 Philomenum
2258 758 2451 820 misso,
2494 767 2722 814 sanctus
2760 754 3099 816 Athanasius
3153 759 3313 816 diluit
3339 776 3434 817 co-

1844 865 1963 906 ram
2011 848 2366 919 imperatore,
2424 850 2477 903 in
2530 847 2846 905 Psamathia
2881 850 2938 906 in
2969 849 3236 907 suburbio
3266 850 3433 909 Nicoo

1846 940 2040 997 mediae
2058 950 2275 1013 agente,
2302 950 2357 997 et
2380 956 2508 998 cum
2531 942 2745 998 honore
2762 942 3001 999 mittitur
3021 943 3431 1008 Alexandriam.

1846 1048 1973 1089 cum
2015 1032 2366 1103 imperatoris
2410 1033 2632 1100 litteris,
2672 1034 3045 1091 innocentiam
3084 1036 3206 1108 ejus
3228 1036 3434 1108 populo

1850 1123 2277 1181 declarantibus.
2306 1124 2511 1181 Aderat
2534 1125 2699 1181 etiam
2718 1126 2916 1183 Darius
2946 1126 3170 1193 missus,
3209 1136 3268 1183 ut
3293 1128 3435 1184 dixi.

1849 1231 1995 1283 mus,
2026 1216 2096 1272 ah
2128 1215 2663 1289 Hierosolymitanis,
2692 1218 2892 1291 4791)
2934 1230 2990 1276 et
3018 1220 3215 1276 iterum
3249 1221 3437 1276 turbae

1849 1319 1941 1365 tur
1970 1307 2265 1382 Egyptus,
2304 1312 2451 1383 quod
2483 1312 2822 1369 Athanasius
2867 1313 3185 1386 imperatori
3219 1315 3435 1387 signiti‘

1848 1404 2013 1471 cavit,
2050 1404 2147 1474 qui
2176 1404 2371 1460 Arium
2404 1420 2535 1460 mox
2571 1406 2910 1462 evocandum
2940 1417 3120 1466 curat.

154 1521 292 1577 ραχον
319 1504 355 1572 ἡ
390 1502 688 1569 Δίγυπτος
722 1499 942 1571 δέχεται
968 1498 1155 1555 πάλιν.
1186 1500 1299 1554 Καὶ
1326 1499 1531 1570 γράφει
1558 1496 1735 1553 ταῦτα
1770 1496 1851 1569 τῷ
1908 1498 2123 1568 βασιλεῖ
2176 1498 2521 1564 ’Δθανάσιος,
2548 1500 2643 1553 καὶ
2703 1500 3098 1571 μετάπεμπτον
3124 1502 3153 1556 ὁ
3181 1500 3437 1573 βασιλεὺς

156 1602 256 1670 ἄγει
294 1599 391 1653 τὸν
442 1599 712 1669 Ἀρειον.
767 1598 828 1651 Ὀ
864 1598 925 1651 δὲ
973 1598 1089 1661 τοῖς
1156 1597 1289 1666 περὶ
1336 1596 1605 1651 Εὐσέϐιον
1642 1596 1786 1650 κατὰ
1821 1598 1922 1666 τὴν
1980 1596 2099 1651 ὁδὸν
2160 1598 2221 1652 ἐν
2268 1596 2581 1670 Καισαρείᾳ
2625 1598 2948 1669 συμϐάλλει,
2975 1600 3072 1654 καὶ
3101 1599 3238 1655 ἄλλα
3270 1599 3437 1657 πάλιν

155 1699 269 1755 κατὰ
307 1694 660 1749 ’Δθανασίου
694 1694 1161 1763 συκοφαντήματα
1195 1694 1485 1763 ῥάπτεται.

216 1790 295 1853 ἀς
313 1789 360 1842 δ’
396 1788 511 1857 ὀψὲ
559 1788 665 1842 καὶ
705 1788 860 1858 μόλις
904 1788 955 1841 οἱ
1003 1787 1137 1858 περὶ
1183 1787 1449 1842 Εὐσέϐιον
1481 1789 1550 1859 τῇ
1584 1787 1741 1858 βασι-

156 1880 238 1933 ὶῶι
273 1876 657 1949 παρεγένοντο
693 1876 763 1942 ³⁸,
806 1876 879 1931 τὰ
923 1876 1026 1946 μέν
1056 1877 1193 1932 ἄλλα
1227 1877 1338 1931 τῶν
1376 1877 1741 1948 ἐγκλημάτων

158 1973 318 2039 ἔλεγον
360 1968 460 2021 ὑπ’
494 1967 763 2058 ἐξέτασιν
799 1968 876 2040 μὴ
905 1970 1159 2058 ἀγαγεῖν,
1193 1970 1264 2026 τὰ
1293 1969 1521 2058 ,δὲγπερῖ
1570 1970 1744 2058 Ἰσχύ⁴
1776 1997 1819 2058 Β

165 2080 250 2132 ραν
270 2059 360 2113 καὶ
382 2058 593 2112 ἐτάσαι
627 2057 678 2090 ³⁹
708 2063 805 2111 καὶ
831 2057 1020 2127 σαφῶς
1050 2058 1251 2112 είδέναι
1278 2057 1373 2111 ὑπ’
1422 2056 1744 2112 Ἀθανασίου

164 2153 520 2223 τετολμῆσθαι.
560 2144 855 2213 Ὡσαύτως
883 2150 982 2204 καὶ⁵
1009 2150 1087 2214 ὡς
1106 2150 1206 2221 τὴν
1231 2150 1607 2220 σιτοπομπίαν
1629 2151 1737 2219 τὴν

177 2245 389 2309 abbas;
429 2243 501 2297 δι’
560 2242 987 2313 Ἀλεξανδρείας
1038 2246 1106 2315 τῇ
1160 2244 1739 2300 Κωνσταντινουπόλει

195 2336 455 2407 φερομένην
478 2336 798 2390 κωλύσειεν
824 2337 891 2369 ⁸⁸·
927 2338 987 2391 ἐν
1017 2334 1100 2401 οἷς
1125 2338 1224 2394 καὶ
1251 2338 1524 2408 φωραθεὶς
1554 2337 1739 2408 ἔνοχος

210 2426 490 2492 Ἀθανάσιος,
510 2427 806 2499 λαθραίως
828 2429 1216 2500 ἀναχωρήσας,
1239 2430 1338 2498 τὴν
1357 2428 1516 2499 δίκην
1548 2426 1741 2498 ἔφυγε.

198 2518 527 2589 iuuka
556 2514 667 2572 οὖν
695 2520 810 2584 τοῖς
837 2519 1155 2590 πλάσμασιν
1179 2522 1208 2573 ὁ
1230 2519 1487 2590 βασιλεὺς
1518 2519 1602 2580 είς
1643 2519 1739 2580 τάς

179 2610 370 2675 Γαλλίας
392 2613 568 2665 οἰκεῖν
616 2612 683 2666 ἐν
710 2611 1033 2684 Τριϐεριάδι
1061 2612 1105 2644 ⁵⁸
1146 2611 1439 2684 ὑπερόριον
1463 2609 1740 2679 ἐκπέμπει

168 2705 244 2757 τὸν
262 2703 563 2758 πολύαθλον
604 2703 959 2759 ’Δθανάσιον.

212 2989 448 3063 Θορύϐου
477 2992 543 3047 δέ
578 2993 682 3047 καὶ
727 2991 899 3063 ζάλης
930 2991 1030 3063 τήν
1061 2993 1337 3061 Αἴγυπτον
1375 2994 1739 3065 ἐκκυμαινόν-

150 3099 255 3152 συν,
280 3088 379 3141 καὶ
405 3086 628 3157 λοιμοῦ
658 3086 821 3157 δίκην
848 3087 948 3157 τῆς
967 3085 1233 3157 αίρέσεως
1261 3086 1330 3141 τὰ
1360 3087 1473 3141 τῶν
1509 3089 1740 3160 Ἐκκλη-

148 3178 259 3232 cuiu
286 3179 752 3249 λυμαινομένης,
803 3178 834 3231 ὁ
874 3176 1126 3247 βασιλεὺς
1155 3178 1563 3243 Κωνσταντῖνος
1600 3180 1743 3234 κατά

140 3288 185 3324 τι
207 3272 554 3342 προάστειον
594 3271 697 3342 τῆς
732 3270 1108 3343 Νικομηδείας
1131 3310 1146 3336 ,
1183 3271 1242 3323 ἓν
1283 3273 1379 3325 καὶ
1420 3273 1740 3342 τριακοστὸν

1923 1784 2197 1843 Eusebius
2226 1794 2281 1841 et
2300 1786 2470 1841 Arius
2493 1787 2547 1841 in
2581 1786 2667 1841 via
2695 1786 2960 1842 Cmsareaa
2990 1785 3346 1853 conveniunt,
3378 1796 3435 1842 et

1845 1880 1983 1935 alias
2014 1894 2233 1935 rursum
2268 1879 2323 1933 in
2353 1887 2610 1935 sanctum
2657 1878 2837 1934 virum
2886 1878 3195 1935 calumnias
3223 1878 3437 1935 conlin-

1850 1980 2005 2043 gunt.
2056 1968 2129 2025 Ut
2166 1967 2374 2037 autem,
2425 1984 2554 2026 sero
2576 1970 2798 2025 tandem
2843 1977 2901 2025 et
2946 1984 3110 2039 aegre,
3138 1968 3433 2026 Eusebiani

1852 2060 2383 2130 Constantinopolim
2410 2068 2719 2123 venerunt,
2763 2068 2962 2115 caetera
3012 2060 3251 2115 crimina
3284 2059 3436 2117 dice-

1852 2153 1983 2207 bant
2013 2153 2068 2206 in
2095 2166 2335 2207 examen
2354 2166 2465 2205 non
2493 2152 2710 2207 venisse
2740 2152 2846 2207 :de
2880 2152 3101 2222 lschyra
3138 2167 3271 2208 vero
3301 2167 3436 2208 exa-

1852 2246 2117 2309 minasse,
2142 2255 2199 2299 et
2219 2254 2409 2313 aperte
2445 2244 2772 2316 cognovisse
2800 2259 3147 2315 quaecunque
3188 2244 3437 2301 Athana-
3516 2252 3523 2259 ‘

1850 2338 1968 2393 sius
2016 2353 2187 2393 ausus
2246 2347 2412 2393 esset.
2453 2334 2721 2393 Similiter
2770 2338 2916 2408 quod
2955 2337 3033 2393 rei
3062 2338 3438 2395 frumentariae

1849 2428 2293 2499 procurationem
2327 2426 2681 2497 inhibuisset,
2741 2444 2865 2499 quae
2895 2430 2963 2485 de
3016 2444 3172 2487 more
3195 2430 3437 2486 Alexan-

1848 2521 1968 2577 dria
2010 2519 2542 2589 Constantinopolim
2591 2521 3036 2591 importabatur,
3088 2523 3251 2593 cujus
3300 2522 3435 2579 furti

1849 2618 2185 2673 Athanasius
2216 2633 2343 2673 reus
2369 2618 2586 2674 occulte
2612 2617 2861 2689 fugisset.
2908 2620 3099 2690 itaque
3133 2636 3434 2691 persuasus

1846 2711 2056 2775 Caesar,
2108 2719 2165 2765 et
2228 2710 2298 2765 ad
2351 2710 2491 2765 iram
2550 2721 2901 2777 commotus,
2960 2713 3158 2769 exsilio
3238 2714 3437 2769 multat

1848 2802 2231 2870 Athanasium,
2287 2803 2344 2857 in
2392 2800 2626 2858 Galliam
2668 2802 2739 2857 ad
2786 2800 3049 2860 Treviros
3110 2803 3265 2860 abire
3311 2803 3433 2874 jus-

1846 2910 1993 2949 sum.

1918 2986 2121 3042 Turhis
2174 2985 2346 3056 igitur
2379 2992 2437 3041 et
2462 2982 2738 3040 seditione
2783 2998 2898 3040 non
2962 2985 3177 3057 vulgari
3223 2997 3343 3042 orta
3375 2989 3432 3043 in

1848 3078 2106 3133 universa
2156 3076 2418 3148 Egyptn,
2462 3085 2518 3132 et
2564 3076 2759 3134 haeresi
2808 3077 2987 3133 instar
3029 3078 3199 3147 pestis
3238 3094 3433 3136 omnes

1848 3169 2108 3225 Ecclesia:
2162 3168 2464 3234 inilciente,
2516 3167 2915 3223 Constantinus
2979 3167 3145 3224 linem
3214 3169 3431 3226 vivendi

1849 3257 1979 3313 fecit
2003 3258 2059 3312 in
2085 3257 2324 3327 quodam
2352 3256 2623 3313 suburbio
2667 3254 3021 3326 Nicomediae,
3062 3259 3285 3328 triginta
3322 3273 3433 3317 uno

137 3367 186 3418 ἐν
212 3367 279 3436 τῇ
331 3364 616 3435 βασιλείᾳ
657 3363 917 3427 διανύσας
954 3364 1096 3428 ἔτος,
1131 3364 1452 3434 μεθίσταται
1495 3365 1606 3417 τῶν
1656 3365 1741 3418 ἐν-

1846 3350 2009 3405 annis
2041 3351 2095 3405 in
2118 3365 2289 3419 regno
2317 3350 2678 3421 consumptis,
2711 3359 2890 3406 totum
2921 3350 3045 3407 vita:
3065 3352 3185 3424 ejus
3211 3363 3429 3422 tempus

140 3457 313 3521 τεῦθα,
339 3460 521 3525 ἄγων
554 3456 669 3510 ἀπὸ
713 3458 984 3525 γενέσεως
1015 3458 1265 3527 πέμπτον
1308 3459 1403 3511 καὶ
1430 3458 1743 3528 ἑξηκοστόν.

140 3552 277 3625 [1156
310 3552 426 3625 IL]
462 3549 815 3605 Καταλείπει
849 3550 908 3604 δέ
944 3550 1043 3621 τὴν
1084 3551 1353 3622 διαθήκην
1390 3552 1746 3625 πρεσϐυτέρῳ

138 3645 224 3695 τινὶ
267 3643 383 3715 τὴν
452 3642 679 3713 Ἀρείου
729 3641 940 3697 λύσσαν
992 3643 1259 3711 νοσοῦντι,
1309 3644 1619 3714 προστάξας
1667 3645 1747 3716 τῷ

134 3735 416 3805 ὁμωνύμῳ
452 3733 676 3803 ταύτην
706 3733 1015 3805 ἐγχειρίσαι
1042 3735 1462 3805 Κωνσταντίνῳο
1495 3734 1585 3789 διὰ
1608 3735 1744 3789 ταύ-

127 3843 215 3898 της
246 3828 294 3860 ⁸³
325 3828 463 3897 γὰρ
493 3825 653 3897 αὐτῷ
690 3826 788 3880 καὶ
834 3826 870 3895 ή
900 3826 995 3879 τοῦ
1025 3825 1232 3897 πατρὸς
1288 3825 1557 3897 βασίλειος
1599 3827 1745 3898 ἀρχή

123 3918 197 3980 είς
248 3918 484 3989 κλῆρον
536 3916 663 3969 ἀντὶ
700 3914 802 3985 τῆς
846 3914 1143 3987 Ἐσπερίας
1166 3916 1495 3987 ἀφωρίζετο.
1545 3918 1684 3971 Ἀλλ’
1713 3918 1743 3971 ὁ

122 4007 381 4073 δείλαιος,
416 4004 646 4059 πολλῶν
673 4005 1094 4077 πυνθανομένων
1120 4008 1168 4060 εἰ
1202 4006 1469 4078 βασιλέως
1503 4006 1739 4078 διαθήκη

124 4100 513 4169 προελήλυθε,
590 4100 667 4167 μὴ
725 4098 982 4165 γενέσθαι
1054 4099 1345 4153 διετείνετο
1374 4137 1390 4163 ,
1448 4100 1743 4173 συνεργοὺς

121 4190 257 4259 ειων
286 4189 400 4243 τοῦ
435 4187 687 4257 ψεύδους
716 4188 846 4251 τοὺς
877 4187 1237 4259 άνδρογύνους
1265 4187 1573 4258 εὐνούχους.
1610 4186 1742 4240 Μετ’

121 4283 300 4352 ύλὲγον
332 4284 403 4336 δὲ
457 4282 571 4351 πρὸ
591 4282 702 4334 τῶν
726 4280 902 4335 ἄλλων
932 4280 1336 4351 παραγεγονότι
1375 4280 1740 4350 Κωνσταντίῳ

118 4375 213 4443 τὴν
260 4375 370 4428 τοῦ
446 4373 720 4444 βασιλέως
768 4372 1067 4442 ἐγχειρίζει
1123 4372 1387 4443 διαθήκην
1420 4372 1615 4443 λάθρα,
1648 4374 1741 4425 καὶ

120 4466 282 4537 χάριν
326 4466 477 4519 ἀντὶ
505 4464 612 4532 τῆς
643 4463 938 4533 προδοσίας
961 4464 1103 4516 αίτεῖ
1139 4462 1236 4531 τῆς
1267 4461 1543 4533 πατρικῆς
1570 4462 1736 4515 αὐτοῦ

117 4560 210 4610 καὶ
246 4556 450 4629 ὀρθῆς
501 4554 745 4616 πίστεως
781 4553 880 4623 τὴν
922 4550 1235 4624 προδοσίαν.
1265 4552 1329 4603 Oi
1364 4551 1422 4603 δέ
1465 4550 1595 4621 περὶ
1635 4550 1739 4603 Εὐ-

120 4650 307 4703 σὲϐιον
344 4647 730 4719 παρείσδυσιν
756 4645 847 4699 διὰ
874 4643 970 4698 τοῦ
1004 4642 1381 4714 πρεσϐυτέρου
1410 4642 1546 4712 πρὸς
1580 4642 1735 4695 Κων-

1848 3444 2140 3514 sexaginta
2192 3443 2440 3513 quinque
2511 3443 2674 3499 annis
2741 3443 3097 3515 completum.
3187 3444 3434 3516 Reliquit

1844 3548 2031 3593 autem
2063 3546 2450 3593 testamentum
2482 3537 2706 3593 cuidam
2737 3538 3013 3594 sacerdoti
3030 3538 3261 3605 Ariano,
3291 3554 3430 3610 prae-

1844 3626 2052 3697 cipiens
2111 3627 2247 3683 illud
2298 3626 2666 3682 Constantino
2721 3627 3035 3697 cognomini
3084 3628 3263 3686 reddi.
3308 3628 3428 3685 Hoc

1844 3719 1993 3775 enim
2025 3727 2355 3775 testamento
2380 3728 2673 3790 paternum
2706 3732 2808 3789 pro
2839 3718 3156 3784 Occidente,
3185 3719 3430 3778 Orientis

1844 3806 2135 3876 imperium
2156 3823 2257 3878 pro
2285 3807 2604 3865 haereditate
2614 3808 2961 3865 obveniebat.
2981 3807 3090 3865 Sed
3107 3808 3428 3867 fraudulen-

1844 3908 1935 3953 tus
1966 3899 2079 3964 ille,
2123 3899 2313 3955 multis
2347 3900 2846 3971 interrogantibus,
2881 3914 2951 3955 an
3004 3902 3305 3973 imperator
3342 3899 3445 3961 te?

1843 4003 2176 4051 stamentum
2232 3995 2472 4060 iecisset,
2523 3994 2730 4051 factum
2778 4010 2905 4050 esse
2945 3995 3185 4067 negavit,
3217 3996 3429 4055 habens

1842 4086 1955 4143 doli
1979 4088 2107 4144 mali
2136 4087 2419 4158 adjutores
2452 4096 2758 4145 eunuchos.
2803 4088 2973 4145 Paulo
3014 4099 3138 4158 post
3168 4090 3321 4147 venit
3354 4091 3426 4146 ad

1843 4196 1971 4236 eum
2028 4179 2429 4247 Constantius,
2490 4184 2579 4238 cui
2640 4182 2927 4253 presbyter
2984 4183 3201 4240 occulte
3251 4185 3425 4253 patris

1843 4280 2223 4326 testamentum
2244 4273 2488 4337 exhibet,
2514 4288 2676 4326 unam
2701 4274 2933 4342 gratiam
2953 4275 3095 4329 hanc
3115 4274 3423 4342 postulans,

1842 4372 1902 4416 ut
1930 4378 2056 4418 cum
2090 4362 2223 4418 Ario
2246 4364 2492 4419 sentiret.
2535 4362 2857 4427 Eusebiani,
2882 4376 2976 4431 per
3005 4363 3153 4419 hunc
3194 4365 3423 4436 presby-

1841 4462 2016 4509 terum
2050 4452 2255 4508 aditum
2284 4453 2351 4508 ad
2382 4451 2761 4508 Constantium
2780 4453 2983 4523 adepti,
3018 4454 3425 4527 Eusebiumun

1840 4546 2215 4617 praepositum,
2246 4556 2298 4599 et
2329 4559 2426 4614 per
2451 4544 2605 4598 illum
2637 4544 2880 4614 reliquos
2910 4546 3201 4602 eunuchos
3228 4561 3244 4601 :
3288 4549 3421 4616 quin

1838 4647 1895 4693 et
1952 4641 2196 4707 reginam
2236 4636 2304 4690 ad
2334 4636 2593 4692 Arianam
2652 4638 2906 4692 haeresim
2979 4648 3330 4703 convertunt,
3369 4651 3426 4693 et

120 4745 395 4797 στάν-τιον
437 4739 722 4802 λαϐόντες,
756 4735 1017 4790 Εὑσέϐιόν
1046 4752 1107 4788 τε
1135 4735 1227 4787 τὸν
1256 4734 1619 4807 πραιπόσιτον
1641 4734 1735 4787 καὶ

1846 4732 1954 4785 Arii
1988 4746 2077 4784 res
2119 4744 2341 4785 rursum
2374 4729 2794 4785 conﬁrmantur.
2834 4728 2949 4786 Hac
2989 4740 3174 4803 autem
3216 4742 3427 4801 tempe:

115 4837 180 4891 δι’
213 4835 412 4891 αὐτοῦ
469 4835 603 4896 τοὺς
658 4831 851 4892 ἄλλους
891 4828 1182 4898 εὐνούχους
1217 4829 1315 4881 καὶ
1345 4827 1411 4897 δὴ
1436 4827 1533 4879 καὶ
1561 4826 1608 4858 ⁸³
1634 4826 1735 4893 τὴν

117 4930 387 5001 βασιλίδα
439 4927 544 4997 τῆς
601 4924 866 4995 αἱρέσεως
918 4919 1437 4991 παρασκευάζουσιν
1472 4918 1733 4990 ἐραστάς’

118 5026 209 5076 καὶ
248 5023 335 5075 τὰ
386 5019 615 5089 Ἀρείου
650 5015 817 5069 πάλιν
850 5012 1202 5086 ἐκρατύνετο.
1234 5012 1355 5064 Τῶν
1394 5011 1439 5063 δ’
1480 5013 1739 5081 ἀρχιερα-

118 5116 289 5169 τικῶν
337 5112 569 5185 θρόνων
608 5108 730 5163 κατ’
761 5109 939 5163 ἐκεῖνο
969 5104 1166 5177 καιροῦ
1214 5103 1466 5174 Μάξιμος
1499 5103 1600 5174 μὲν
1628 5103 1739 5157 τῶν

128 5205 556 5279 Ἰεροσολύμων
586 5197 703 5272 εἷχε
736 5200 838 5271 τὴν
866 5199 1117 5270 ἐφορίαν,
1164 5196 1513 5266 Ἀλέξανδρος
1546 5196 1605 5250 δέ
1632 5196 1733 5267 τῆς

122 5299 435 5369 βασιλίδος,
493 5293 818 5356 ’Δθανάσιος
860 5291 905 5344 δ’
937 5287 1007 5361 ἦν
1057 5290 1365 5360 ὑπερόριος.
1414 5289 1633 5358 ’Λρειος
1675 5286 1733 5340 δέ

120 5387 546 5462 παραγεγονὼς
592 5387 653 5439 ἐν
692 5380 1265 5439 Κωνσταντινουπόλει
1306 5381 1409 5450 τὴν
1454 5379 1552 5434 τοῦ
1593 5377 1731 5432 Θεοῦ

117 5481 484 5552 διαφθείρειν
532 5478 871 5548 ἐφρυάττετο
916 5473 1263 5543 Ἐκκλησίαν.
1305 5473 1446 5526 Ἀλλ’
1479 5474 1511 5542 ή
1540 5472 1732 5541 φιλάν-

1839 4832 1981 4877 state
2005 4820 2276 4877 Maximus
2306 4820 2563 4877 Ecclesia
2614 4820 3122 4893 liierosolymitana:
3170 4834 3420 4894 praeerat.

1838 4924 1894 4969 et
1951 4914 2260 4970 Alexander
2338 4913 2960 4986 ConstantinOpolitanze
3010 4935 3024 4971 :
3083 4916 3423 4972 Athanasius

1839 5020 1971 5062 vero
2006 5006 2319 5061 exsulabat.
2350 5005 2513 5061 Arius
2550 5015 2731 5062 autem
2762 5008 2990 5063 veniens
3030 5008 3426 5063 Constantino.

1840 5099 2030 5170 polim,
2066 5096 2159 5152 Dei
2186 5094 2387 5168 580a
2416 5094 2710 5152 Ecclesiam
2738 5111 3093 5165 corrumpere
3118 5098 3421 5165 satagebat,

1840 5186 1937 5246 sed
1965 5189 2192 5258 dignum
2215 5188 2372 5241 lactis
2406 5186 2522 5242 suis
2551 5188 2711 5243 linem
2741 5196 3075 5243 consecutus
3099 5196 3205 5243 est.
3236 5187 3424 5244 Preci-

1841 5283 1947 5338 bus
1969 5282 2116 5337 enim
2153 5280 2331 5336 sancti
2368 5279 2663 5336 Alexandri
2698 5281 2941 5352 episcopi
2963 5279 3425 5353 Constantinopo-

1841 5372 2019 5437 litani,
2058 5372 2113 5425 in
2147 5384 2366 5426 secessu
2416 5370 2579 5441 regia:
2628 5372 2783 5427 urbis
2827 5372 3037 5427 viscera
3084 5387 3184 5427 sua
3212 5372 3423 5443 dejecta

1842 5460 2125 5517 confestim
2152 5460 2372 5513 emittit.

1400 5634 1636 5690 νΑιιιΑε
1687 5630 2095 5689 LECTIONES.

191 5764 244 5797 ³⁸
279 5760 582 5832 διαπέμψα

122 5838 168 5873 ⁸
194 5838 413 5891 ἐτάσαι
437 5822 481 5887 Ᾰ
513 5822 530 5887 ξ
561 5829 823 5895 ἐξετάσαι
852 5840 913 5890 ς’.
989 5828 1034 5857 ⁸⁵⁸
1067 5824 1330 5878 κωλύσειν
1370 5822 1435 5875 Α.

470 5927 754 5985 Parum.
789 5919 909 5982 Gn.
944 5918 1101 5979 CIV.

588 5757 715 5811 σθαι
741 5755 783 5810 Β
809 5772 823 5810 .
853 5755 1220 5822 διαπέμπεται
1251 5751 1317 5805 Α.
1395 5752 1438 5783 ⁸⁷
1470 5751 1739 5821 Ψαμαθίᾳ
1763 5750 1851 5804 ΑΒ
1881 5768 1893 5802 :
1931 5750 2107 5819 Ψαμα

588 5829 823 5891 ,ξετάσαι
852 5840 913 5890 ς’.
989 5828 1034 5857 ⁸⁵⁸
1067 5824 1330 5878 κωλύσειν
1370 5822 1435 5875 Α.
1512 5824 1553 5853 ⁸¹
1591 5824 1633 5875 Τ
1640 5821 1869 5891 ιϐεριάδι
1899 5819 1960 5875 Β.
2035 5820 2079 5849 δ’

1640 5841 1869 5875 ιοεοιαοι
1899 5841 1960 5875 Ι).

2111 5745 2210 5817 θίῳ
2255 5760 2315 5807 ς.

2318 5814 2344 5825 _
2394 5742 2439 5775 ³⁸
2476 5742 2839 5846 παρεγένοντο
2861 5744 2900 5795 il
2933 5741 3328 5846 'mpeyilovm
3354 5754 3414 5805 ς.

2318 5832 2383 5846 *ρ
2416 5832 2455 5846 ι-
2626 5830 2690 5846 νιι
2762 5824 2877 5846 “nul
2966 5831 2998 5846 σι
3033 5831 3120 5846 1...-

2035 5816 2079 5849 “
2114 5816 2189 5870 δι’
2213 5816 2383 5885 αὐτῆς
2416 5832 2477 5878 ς.

2577 5815 2597 5845 ³
2625 5816 2717 5865 καὶ
2762 5824 2883 5883 post
2934 5814 2999 5883 δη
3033 5831 3143 5867 Ulli.
3179 5814 3244 5867 Α.

2904 5904 2942 5964 ὅ
