4152 6450
686 383 790 450 139

1836 386 2099 446 ΡΗΟΤΙΙ
2142 387 2252 447 PA?

2353 386 2644 450 [ARCHIE
2684 389 2797 452 (ΣΡ.
3830 396 3921 465 140

682 496 903 566 θρωπος
956 493 1058 548 οὑκ
1117 492 1549 565 ἐμακροθύμησε
1580 493 1725 566 δίκη,
1757 497 1879 559 ταῖς
1910 496 1968 548 δὲ
1995 494 2091 549 τοῦ
2130 496 2278 567 ἱεροῦ
2331 497 2683 570 Ἀλεξάνδρου
2709 500 3257 574 παροξυνθείσαΓῖΒΞ
3316 504 3388 577 Η]
3417 507 3741 577 προσευχαῖς
3796 511 3923 586 αὑτῇ

682 589 895 661 αἱρέσει
923 587 1183 640 ἐκκόπτει
1241 587 1333 641 τὸν
1381 588 1624 657 Ἀρειον,
1666 586 1760 640 καὶ
1802 586 1911 641 τῶν
1937 587 2266 659 σπλάγχνων
2303 590 2467 644 αὑτοῦ
2527 592 2724 663 ἁθρόον
2784 593 3155 651 διαπεσόντων
3225 599 3471 654 κάτωθεν
3515 602 3618 673 τῆς
3658 602 3800 676 ζωῆς
3830 609 3928 663 ἀπε

680 684 990 741 ελαὺνεται.

757 781 956 837 Statim
1010 780 1176 851 igitur
1220 780 1438 847 Ariani,
1472 781 1634 850 paulo
1686 789 1846 837 antea
1900 781 2094 853 quieti,
2148 796 2248 851 pos

2443 777 2657 849 Μικρὸν
2687 778 2745 831 δέ
2776 777 2888 832 τῶν
2925 778 2987 843 ἐξ
3028 779 3244 850 Ἀρείου
3287 782 3765 853 ἐφησυχασάντων,
3787 784 3930 856 αὖθις

678 876 865 932 omnia
907 876 1260 941 conturbant,
1291 883 1655 945 opportunam
1683 890 1742 929 se
1784 884 1978 932 nactos
2012 876 2265 931 occasio-

676 984 801 1023 nem
832 968 937 1022 rati
973 976 1220 1036 tempore
1251 966 1429 1021 exsilii
1474 966 1784 1022 Athanasii.
1832 966 1942 1024 Sed
1989 967 2083 1023 Dei
2132 983 2263 1038 pro-

675 1061 916 1116 videntia
939 1059 1216 1129 praevertit
1247 1072 1362 1125 eos,
1391 1058 1755 1114 Athanasium
1788 1060 1857 1116 ab
1880 1059 2075 1116 exsilio
2102 1074 2260 1117 revo-

2367 871 2581 924 ἅπαντα
2636 866 2884 935 κινοῦσι,
2939 868 3001 922 τὸ
3059 870 3350 942 ὑπερόριον
3421 874 3738 931 Ἀθανασίου
3800 882 3930 950 μέγα
3998 861 4003 869 ’

2364 964 2531 1017 ὅπλον
2554 962 2742 1026 αὐτοῖς
2784 964 2866 1027 είς
2894 963 2955 1017 τὸ
2984 963 3443 1035 καταπράξασθαι
3475 964 3511 1019 ἃ
3536 966 3828 1022 διενοοῦντο
3852 989 3931 1024 νο-

2368 1056 2640 1127 μίζοντες.
2688 1054 2829 1109 Ἀλλ’
2857 1056 2891 1125 ἡ
2937 1055 3054 1109 θεία
3088 1056 3315 1127 πρόνοια
3349 1056 3451 1127 τὴν
3498 1056 3678 1110 αὑτῶν
3711 1060 3931 1133 σπουδὴν

676 1169 811 1208 cans
846 1153 1011 1224 regiis
1053 1152 1245 1207 litteris
1279 1170 1294 1207 :
1343 1152 1542 1222 quibus
1586 1152 1737 1206 illum
1777 1151 2053 1209 Constans
2102 1152 2252 1209 Occi-

2367 1147 2761 1221 προφθάνουσα
2810 1148 3128 1202 Ἀθανάσιον
3179 1146 3444 1216 ἐπανάγει
3484 1147 3583 1216 τῆς
3629 1149 3930 1222 ὑπερορίας,

675 1245 854 1300 dentis
922 1244 1220 1314 imperator
1280 1243 1647 1307 Alexandriae,
1726 1254 2033 1299 commeatu
2110 1244 2261 1310 dato,

675 1337 938 1401 restituit,
1002 1346 1062 1390 et
1112 1342 1382 1407 quqtquot
1445 1335 1738 1391 orthodoxi
1787 1344 1976 1390 errant
2029 1335 2261 1391 libenter

673 1439 952 1500 pastorem
999 1437 1381 1497 susceperunt.
1426 1426 1682 1484 Haeretici
1737 1436 1925 1483 contra
1959 1428 2261 1485 seditiones

673 1530 914 1585 movent,
946 1535 1069 1591 qua:
1090 1534 1314 1575 causam
1332 1520 1718 1577 .exhibuerunt
1757 1520 1975 1577 Eusebii
2007 1522 2257 1589 asseclis,

644 1610 1044 1690 calumniandi
1074 1624 1202 1664 eum
1230 1610 1375 1680 apud
1430 1610 1818 1680 imperatorem
1847 1608 2256 1677 Constantium,

671 1713 727 1759 et
746 1704 1037 1759 calumniis
1085 1704 1221 1758 adeo
1275 1703 1664 1772 imperatorem
1695 1703 1761 1757 ad
1795 1702 1935 1758 iram
1974 1718 2257 1773 provoca-

668 1804 822 1860 runt,
857 1805 919 1849 ut
956 1809 1084 1849 eum
1136 1795 1336 1849 iterum
1382 1795 1578 1849 exsilio
1605 1794 1913 1850 damnaret.
1956 1793 2025 1849 Hi
2060 1795 2260 1851 mortui

669 1882 960 1952 cujusdam
987 1899 1149 1938 manu
1175 1893 1382 1939 resecta
1420 1885 1490 1939 ad
1524 1884 1860 1939 calumniam
1909 1894 2102 1941 sancto
2139 1886 2260 1943 viro

670 1975 977 2030 faciendam
1002 1975 1162 2030 abusi
1217 1986 1361 2031 sunt.
1389 1976 1625 2032 Arsenio
1655 1976 1803 2032 enim
1848 1976 2072 2033 cuidam
2110 1978 2259 2035 dice-

668 2066 803 2120 bant
824 2067 894 2121 ab
928 2066 1227 2123 Athanasio
1253 2077 1591 2139 amputatam
1625 2084 1769 2136 esse,
1803 2085 1914 2140 qua
1948 2071 2017 2126 ad
2051 2072 2257 2127 veneti-

663 2160 817 2213 cium
850 2166 1116 2215 uteretur.

2362 1242 2690 1313 γράμμασιν
2735 1239 3101 1311 ὠχυρωμένον
3134 1240 3457 1311 βασιλικοῖς,
3489 1233 3570 1304 οἷς
3596 1241 3758 1295 αὑτὸν
3781 1244 3807 1295 ὁ
3841 1245 3933 1316 τῆς

2360 1332 2567 1397 δύσεως
2589 1331 2730 1402 ἔχων
2750 1332 2812 1385 τὺ
2846 1331 3127 1403 σκῆπτρον
3161 1329 3426 1395 Κώνστας
3456 1331 3754 1402 ἐφοδιάζων
3789 1335 3833 1367 ⁸⁸
3861 1338 3933 1400 είς

2379 1424 2790 1495 Ἀλεξάνδρειαν
2816 1423 3190 1488 ἐξαπέστειλε.
3229 1426 3340 1480 Καὶ
3364 1426 3557 1497 ἥδιστα
3585 1427 3683 1497 μὲν
3712 1427 3800 1481 τὸν
3824 1445 3932 1480 ποι-

2364 1515 2525 1585 μένα,
2561 1517 2675 1570 ὅσοι
2728 1515 2829 1582 τῆς
2865 1514 3177 1587 ὀρθοδοξίας
3206 1510 3370 1586 ἦσαν,
3404 1516 3673 1585 ἐδέχοντο·
3704 1516 3764 1569 τὸ
3796 1517 3840 1570 δ’
3860 1518 3932 1570 ai-

2362 1608 2571 1679 ρετίζον
2615 1608 2836 1673 στάσεις
2891 1609 3154 1673 ἀνεκίνει,
3204 1609 3451 1674 καὶτοῖς
3502 1610 3635 1681 περὶ
3685 1610 3930 1665 Εὑσέϐιον

2361 1701 2620 1772 ἀφορμὰς
2659 1703 2923 1774 παρεῖχον
2955 1701 3325 1757 ἐνδιαϐάλλειν
3370 1702 3535 1757 πάλιν
3584 1703 3675 1756 τὸν
3716 1703 3931 1758 Ἀθανά-

2360 1816 2475 1854 σιον
2528 1801 2667 1872 πρὸς
2721 1801 3127 1857 Κωνστάντιον.
3172 1800 3288 1855 Καὶ
3327 1801 3585 1855 τοσοῦτον
3615 1803 3735 1864 ταῖς
3762 1801 3922 1854 διαϐοο

2360 1891 2481 1955 λαῖς
2521 1895 2601 1955 είς
2629 1892 2804 1964 ὀργὴν
2842 1893 2936 1946 τὸν
2967 1893 3287 1964 εὑρίπιστον
3332 1882 3715 1965 ἀνερρίπισαν,
3742 1892 3815 1956 ὡς
3842 1893 3931 1945 αὑ·

2357 1986 2487 2038 τίκα
2524 1986 2689 2040 πάλιν
2724 1987 3025 2057 ὑπερορίαν
3069 1990 3209 2041 κατά
3240 1987 3335 2041 τοῦ
3387 1987 3545 2055 ἁγίου
3579 1985 3927 2057 ψηφίσασθαι.

2359 2068 2525 2127 Οὗτοι
2560 2076 2657 2129 καὶ
2683 2076 2878 2147 νεκροῦ
2908 2094 3053 2141 τινος
3081 2080 3242 2148 χεῖρα
3283 2078 3366 2141 είς
3391 2078 3555 2131 ὅπλον
3582 2075 3930 2144 συκοφαντίας

2284 2140 2332 2200 Β
2359 2166 2500 2219 κατά
2518 2166 2614 2220 τοῦ
2644 2140 2794 2222 ὁσίου
2825 2140 3627 2240 ἐκκόψαντεςκαθωπλίσαντο·
3663 2140 3927 2239 ’Δρσενίου

660 2255 725 2309 ’δὲ
751 2252 960 2325 ταύτην
984 2253 1034 2289 ⁸⁵
1066 2254 1362 2327 ἐφήμιζον,
1433 2254 1524 2309 καὶ
1599 2255 1707 2310 ὑπὸ
1770 2255 2091 2311 ’Δθανασίου
2132 2257 2233 2328 μὲν
2299 2258 2656 2331 ἐκκεκόφθαι,
2710 2257 2852 2318 εἶναι
2907 2263 2966 2318 δὲ
3026 2263 3176 2335 αὑτῷ
3214 2262 3422 2336 ταύτην
3463 2262 3707 2336 μανικῆς
3746 2263 3925 2335 τέχνης

658 2350 922 2423 ῧργανον.

739 2444 904 2514 Atqui
938 2442 1426 2499 exsiliidecretum
1458 2444 1705 2499 nondum
1754 2443 1951 2512 fertur,
1985 2445 2080 2500 sed
2114 2460 2247 2500 con-

656 2536 857 2589 ~cilium
900 2532 1070 2606 Tyri,
1098 2535 1393 2590 mandante
1456 2535 1799 2601 Constantio,
1830 2537 2025 2607 agitur.
2087 2535 2254 2608 Igitur

658 2628 998 2683 Archelaum
1080 2626 1486 2693 domesticum,
1570 2628 1875 2699 eademque
1927 2629 2253 2685 sentientem

666 2717 836 2772 mittit
875 2714 1082 2788 Tyrum
1113 2732 1238 2772 cum
1268 2718 1502 2788 praeside
1549 2717 1868 2783 thniciar,
1918 2727 1977 2772 ut
2020 2719 2253 2773 concilio

655 2823 790 2862 cum
815 2808 1141 2863 Eusebianis
1172 2808 1448 2870 intersint,
1468 2817 1679 2879 ret-quae
1707 2808 1974 2864 adversus
2004 2809 2251 2865 Athana-

666 2901 807 2954 sium
849 2900 1185 2965 dicerentur,
1232 2900 1562 2969 expendant.
1608 2900 1847 2970 Tempus
1897 2901 2082 2972 itaque
2122 2900 2251 2974 Tyri

657 2996 1047 3052 extraxerunt,
1103 3002 1269 3041 mora
1336 2988 1578 3042 colorem
1649 2988 1804 3058 impii
1862 2998 2248 3059 praetexentes,

660 3079 826 3148 quasi
864 3077 1196 3132 Alexandria
1252 3089 1604 3136 accusatores
1649 3090 2067 3150 exspectarent,
2112 3096 2251 3152 quo-

664 3184 789 3223 rum
817 3168 871 3223 in
902 3178 1197 3239 conspectu
1229 3171 1435 3225 crimen
1469 3172 1822 3227 commissum
1865 3184 2031 3237 esset,
2063 3181 2117 3228 et
2149 3172 2251 3229 Ar-

654 3260 878 3315 senium
904 3260 1071 3330 probe
1099 3271 1343 3317 nossent.
1374 3260 1464 3316 Sic
1494 3272 1673 3317 autem
1699 3263 2049 3333 dispensante
2064 3265 2251 3321 divina

653 3351 1011 3421 .provideutia
1047 3361 1323 3423 resgesta
1358 3362 1463 3407 est.
1502 3354 1632 3407 Erat
1668 3353 1815 3407 enim
1864 3353 2129 3410 Arscnius
2158 3355 2250 3411 ille

652 3443 839 3496 dector
870 3441 1251 3497 Alexandrinae
1282 3443 1558 3511 Ecclesiae,
1591 3445 1706 3514 qui,
1733 3459 1859 3499 cum
1878 3446 1958 3500 ob
1982 3445 2248 3518 ﬂagitium

656 3534 888 3604 aliquod
933 3551 1127 3606 poenas
1170 3536 1306 3591 dare
1359 3538 1602 3598 deberet.
1657 3552 1687 3591 a
1735 3537 1897 3593 beato
1941 3538 2248 3597 Athanasio

664 3629 949 3696 liberatus,
1011 3628 1140 3699 fuga
1201 3629 1434 3685 salutem
1492 3629 1596 3685 sibi
1644 3631 1959 3701 quaesierat.
1999 3630 2248 3702 Cumque

2430 2444 2543 2499 Καὶ
2565 2446 2599 2516 ἡ
2635 2443 2734 2514 μέν
2761 2444 2863 2515 τῆς
2908 2445 3209 2516 ὑπερορίας
3247 2443 3431 2515 ψῆφος
3477 2442 3541 2495 οὑ
3580 2443 3789 2508 λύεται,
3821 2459 3928 2495 συν-

2354 2537 2532 2608 έδριον
2590 2537 2634 2591 δ’
2696 2540 2755 2590 ἐν
2801 2537 2967 2608 Τύρῳ
3017 2536 3282 2608 βασιλέως
3323 2536 3758 2606 προστάττοντος
3808 2552 3925 2587 συν-

2351 2628 2691 2699 αθροίζεται,
2724 2631 2822 2684 καὶ
2867 2631 3281 2702 προχειρίζεται
3302 2630 3364 2683 τὸ
3390 2629 3670 2700 βασιλικὸν
3695 2630 3927 2701 βούλημα

2351 2720 2523 2792 ἄνδρα
2569 2722 2849 2776 συνέστιον
2897 2724 2991 2776 καὶ
3039 2722 3343 2792 ὁμόφρονα,
3393 2722 3689 2794 Ἀρχέλαον
3744 2722 3921 2792 ὕνομα,

2352 2816 2449 2870 καὶ
2479 2817 2576 2870 σὺν
2606 2813 2757 2884 αὑτῷ
2786 2813 2877 2866 τὸν
2904 2815 3157 2884 Φοινικῆς
3206 2814 3464 2885 ἄρχοντα,
3500 2812 3845 2887 συνεδριάσαι
3872 2828 3924 2865 τε

2350 2910 2465 2971 τοῖς
2506 2908 2635 2978 περὶ
2675 2908 2966 2971 Εὑσέϐιον,
3020 2907 3115 2961 καὶ
3173 2906 3671 2976 συνδιασκέψασθαι
3719 2905 3755 2960 ἃ
3794 2905 3925 2958 κατὰ

2349 3000 2445 3053 τοῦ
2468 3000 2518 3033 ⁸⁸
2564 3000 2889 3053 Ἀθανασίου
2934 2999 3358 3053 συνεσκεύαστο.
3411 2997 3723 3069 Ἐχρόνιζον
3761 2993 3851 3051 οῦν
3880 2997 3925 3049 oi

2349 3093 2410 3145 ἐν
2440 3092 2623 3163 Τύρῳ,
2653 3092 2729 3155 ὡς
2771 3092 2870 3161 μὲν
2906 3092 2957 3144 οἱ
2989 3091 3271 3155 δυσσεϐεῖς
3298 3092 3650 3159 ἐπλάττοντο,
3681 3091 3805 3153 τοὺς
3828 3087 3926 3143 ἀπὸ

2363 3182 2770 3252 Ἀλεξανδρείας
2794 3182 3137 3252 κατηγόρους
3168 3182 3560 3252 ἀναμένοντες,
3595 3180 3691 3244 οὑς
3722 3176 3923 3233 καὶτοῦ

2354 3276 2557 3345 μύσους
2586 3276 2627 3305 ⁸⁷
2655 3275 2928 3337 αὐτόπτας
2957 3274 3167 3327 καὶτὸν
3208 3275 3486 3345 ’Λρσένιον
3530 3275 3714 3337 καλῶς
3746 3276 3918 3339 ἐπιγι-

2350 3365 2582 3418 νώσκειν
2638 3365 2959 3435 διήγγελλον
2979 3364 3048 3428 ⁸⁸,
3106 3364 3182 3428 ὡς
3227 3365 3286 3419 δέ
3317 3366 3378 3417 τὸ
3413 3366 3718 3436 ἐκϐεϐηκὸς
3747 3362 3923 3425 ἔδειξε,

2370 3458 2514 3509 κατὰ
2550 3456 2701 3509 Θείαν
2731 3457 3011 3526 πρόνοιαν.
3041 3453 3151 3509 Ἦν
3179 3455 3279 3527 μὲν
3307 3456 3417 3527 γὰρ
3457 3457 3489 3508 ό
3534 3457 3810 3527 Ἀρσὲνιος
3840 3454 3928 3521 τῆς

2350 3549 2413 3600 ἐν
2455 3548 2830 3618 Ἀλεξανδρείᾳ
2876 3548 3204 3619 Ἐκκλησίας
3242 3548 3625 3619 άναγνώστης,
3677 3547 3770 3600 καί
3809 3560 3925 3597 ποτε

2347 3640 2504 3709 δίκην
2544 3642 2777 3708 αἰσχρᾶς
2812 3641 2990 3703 αίτίας
3023 3640 3234 3709 μέλλων
3286 3640 3514 3710 ὑπέχειν
3564 3639 3927 3713 ἐξαρπάζεται

653 3723 819 3777 exsul
844 3737 955 3777 non
1005 3732 1313 3793 appareret,
1374 3725 1503 3779 hinc
1551 3724 1929 3780 calumniandi
1958 3726 2249 3780 audaciam

2355 3731 2455 3800 μὲν
2477 3731 2581 3784 ὑπὸ
2626 3730 2971 3797 ’Δθανασίου,
3008 3731 3237 3803 δρασμῷ
3281 3732 3336 3784 δὲ
3364 3732 3461 3802 τὴν
3498 3733 3773 3802 σωτηρίαν
3798 3747 3925 3800 καρ-

651 3813 815 3883 impii
831 3813 1073 3883 rapiunt.
1098 3813 1222 3879 Sed,
1243 3829 1362 3868 com
1372 3815 1507 3870 mise
1522 3815 1735 3869 ratione
1750 3815 1948 3869 ductus
1962 3814 2247 3880 Arsenius,

666 3904 814 3973 quod
873 3906 971 3973 qui
1031 3920 1090 3960 se
1138 3906 1418 3971 liberarat,
1503 3916 1782 3976 pateretur
1858 3908 2249 3978 (accusationis

652 4000 809 4057 .fama
873 4002 1073 4071 ubique
1128 4012 1383 4072 vagante,
1443 4002 1575 4057 dum
1627 4012 1919 4058 cunctatur
1981 4003 2248 4074 synodus)

656 4092 865 4165 Tyrum
894 4095 1191 4163 advolavit,
1223 4094 1425 4166 48οὸ
1457 4107 1611 4149 ratus
1637 4095 1742 4149 sibi
1774 4096 1956 4164 potius
1994 4098 2243 4150 morien-

660 4184 792 4239 dum
819 4199 965 4249 esse,
999 4185 1043 4240 si
1076 4200 1301 4241 necesse
1340 4184 1433 4249 sit,
1469 4198 1635 4253 quam
1666 4193 1728 4237 ut
1765 4183 2051 4239 Athanasii
2079 4199 2247 4240 causa

656 4275 965 4333 Ecclesiam
997 4279 1217 4349 prodat.
1254 4278 1451 4349 Itaque
1479 4285 1692 4333 secreto
1718 4292 1777 4332 se
1809 4278 2032 4333 exhibet
2055 4289 2248 4335 sancto

660 4368 987 4435 Athanaslo,
1017 4370 1107 4425 cui
1140 4372 1187 4425 is
1221 4369 1515 4425 consilium
1547 4367 1720 4438 dedit,
1761 4383 1829 4423 ne
1857 4378 1983 4423 ante
2018 4383 2247 4425 senten-

656 4460 791 4516 tiam
841 4463 1199 4532 spectandum
1261 4477 1323 4517 se
1376 4460 1653 4524 exhibeat,
1702 4475 1770 4515 ne
1829 4460 1960 4532 quid
2017 4464 2146 4516 mali
2179 4464 2248 4517 ab

654 4552 901 4608 inimicis
952 4554 1213 4625 patiatur,
1245 4559 1344 4607 aut
1379 4550 1600 4605 solliciti
1666 4550 1972 4620 cogitarent
2015 4552 2083 4607 de
2111 4554 2249 4607 dila—

658 4645 830 4710 tione,
883 4654 940 4701 et
977 4646 1259 4701 solverent
1291 4646 1437 4699 hanc
1462 4645 1891 4699 accusationem.
1933 4645 2248 4700 Convocato

655 4738 846 4808 itaque
874 4738 1135 4802 concilio,
1167 4737 1409 4807 primum
1442 4736 1852 4790 accusationem
1889 4736 1965 4789 illi
1997 4735 2065 4789 de
2088 4737 2247 4790 adul-

654 4829 795 4883 terio
821 4829 1195 4895 intenderunt,
1227 4829 1466 4884 adducta
1511 4827 1743 4883 muliere
1778 4829 2015 4897 quadam
2072 4828 2252 4898 impu-

653 4922 925 4992 dica,quae
940 4923 1249 4993 impudens,
1266 4931 1321 4977 et
1338 4922 1589 4978 mercede
1605 4921 1897 4985 conducta,
1917 4921 2121 4991 ingenti
2136 4922 2251 4976 cla-

651 5028 806 5070 more
816 5015 1048 5085 iactaret
1078 5029 1139 5070 se
1172 5023 1338 5071 noctu
1357 5016 1427 5070 ab
1446 5014 1751 5069 Athanasio
1771 5029 1865 5082 per
1880 5014 1996 5067 vim
2025 5021 2253 5069 constu-

2353 3822 2569 3887 ποῦται,
2598 3824 2694 3877 καὶ
2719 3824 2780 3877 τὸ
2811 3825 3015 3893 ἀφανὲς
3053 3826 3149 3879 τοῦ
3185 3827 3423 3896 φυγάδος
3450 3826 3680 3898 θαρρεῑν
3700 3826 3778 3896 τῷ
3802 3824 3929 3876 πλά-

2352 3933 2519 3985 σματι
2542 3917 2644 3987 τῆς
2670 3918 2989 3982 δυσσεϐείας
3025 3919 3070 3951 ἰ’
3111 3920 3417 3973 ὑπετίθετο.
3462 3920 3609 3973 Ἀλλ’
3632 3915 3811 3972 οἶκτον
3838 3916 3925 3968 λα-

2350 4009 2464 4064 ϐὼν
2503 4009 2598 4062 τοῦ
2632 4010 2880 4081 σωτῆρος
2910 4011 2940 4063 ὁ
2989 4012 3263 4081 ’Λρσένιος
3300 4012 3379 4082 (ἐν
3403 4011 3517 4084 γὰρ
3541 4011 3622 4082 τῷ
3659 4010 3928 4082 βραδύνειν

2348 4103 2411 4155 τὸ
2464 4102 2737 4172 συνέδριον
2786 4105 2818 4172 ή
2867 4102 2966 4171 τῆς
3016 4104 3383 4172 συκοφαντίας
3442 4106 3608 4174 φήμη
3656 4098 3922 4169 πανταχοῦ

2349 4193 2630 4264 διέδραμε)
2684 4193 2819 4264 πρὸς
2868 4194 2967 4264 τὴν
2989 4193 3164 4263 Τύρον
3190 4194 3585 4263 παραγίνεται,
3625 4194 3786 4268 [1467
3837 4188 3922 4261 IL]

2351 4288 2608 4356 κρεῖσσον
2642 4285 3015 4355 λογιζόμενος,
3052 4288 3099 4338 εί
3122 4288 3253 4351 δέοι,
3280 4287 3443 4339 αὑτὸν
3474 4290 3573 4340 καὶ
3596 4288 3867 4346 τεθνάναι,
3894 4282 3924 4351 ἢ

2348 4377 2417 4429 δι’
2447 4376 2609 4429 αὐτὸν
2658 4376 2758 4447 τὴν
2802 4378 3131 4447 οίκουμένην
3200 4378 3329 4447 περὶ
3368 4377 3697 4448 τηλικούτου
3746 4376 3927 4447 ἀνδρὸς

2352 4467 2821 4531 σκανδαλίζεσθαι.
2913 4467 3300 4537 Ἐμφανίζεται
3344 4467 3409 4538 δὴ
3464 4471 3613 4522 κατὰ
3667 4465 3925 4539 μυστικὴν

2348 4557 2568 4627 ὁμιλίαν
2589 4557 2667 4629 τῷ
2686 4558 2731 4589 ³⁰
2759 4557 3045 4627 σεϐασμίῳ
3077 4557 3406 4628 ’Λθανασίῳ,
3440 4561 3539 4612 καὶ
3569 4560 3788 4630 δέχεται
3809 4556 3925 4627 βουο

2349 4649 2447 4719 λὴν
2482 4650 2764 4704 λανθάνειν
2793 4648 3005 4711 πάντας
3036 4647 3143 4718 πρὸ
3170 4647 3267 4715 τῆς
3310 4647 3488 4719 δίκης,
3525 4650 3615 4701 ἵνα
3653 4651 3728 4719 μή
3751 4666 3803 4700 τι
3837 4663 3929 4698 κα-

2352 4740 2447 4794 κὸν
2493 4741 2654 4803 αὐτὸς
2705 4739 2860 4811 παρά
2892 4738 3001 4791 τῶν
3056 4738 3409 4805 συκοφαντῶν
3458 4740 3614 4814 πάθῃ
3655 4742 3722 4805 ⁵³,
3769 4739 3801 4810 ἢ
3846 4736 3928 4789 τὸν

2350 4832 2572 4901 ἔλεγχον
2609 4831 2852 4900 ἄφυκτον
2880 4829 2976 4885 τοῦ
3007 4829 3327 4899 πλάσματος
3351 4832 3399 4882 οἱ
3432 4830 3845 4902 δραματουργοὶ
3886 4827 3927 4858 ⁸¹

2355 4921 2665 4984 συνιδόντες
2715 4922 2794 4984 είς
2838 4918 3133 4989 ὑπέρθεσιν
3188 4919 3249 4972 τὸ
3297 4920 3555 4991 ἔγκλημα
3586 4923 3926 4975 διαλύσωσιν.

2370 5011 2741 5081 ’Λθροίζουσιν
2769 5012 2863 5066 οῦν
2891 5012 2953 5065 τὸ
2983 5011 3281 5081 συνέδριον·
3310 5013 3408 5065 καὶ
3438 5014 3636 5084 πρώτη
3669 5028 3929 5081 συκοφαν-

652 5117 887 5177 pratam.
906 5108 1039 5162 Erat
1060 5118 1245 5164 autem
1268 5124 1395 5164 cum
1421 5109 1519 5163 illo
1532 5107 1857 5162 Timotheus
1875 5107 2177 5177 presbyter,
2197 5114 2252 5161 et

2355 5104 2466 5169 τία,
2509 5104 2731 5171 γύναιον
2769 5104 2919 5174 αὐτῷ
2957 5106 3227 5172 ἐπαφιᾶσι
3281 5106 3533 5176 μοιχείαν
3563 5105 3931 5175 ἀνακαλούμε-

652 5200 943 5255 consilium
967 5202 1186 5272 sapiens
1208 5202 1368 5274 plane
1385 5217 1450 5256 ac
1466 5201 1709 5256 divinum
1731 5198 1979 5269 capiunt,
2002 5214 2113 5268 quo
2142 5207 2254 5252 sta-

652 5293 752 5347 tim
786 5306 1171 5350 accusatorum
1208 5296 1485 5351 calumnia
1530 5293 1793 5350 concidit.
1828 5292 1967 5346 Cum
2016 5291 2068 5344 in
2113 5305 2248 5345 con-

651 5395 899 5453 spectum
959 5390 1210 5445 mulieris
1278 5389 1581 5457 venissent,
1637 5386 1980 5442 Athauasius
2019 5383 2243 5454 quidem

2352 5214 2463 5249 νον.
2503 5193 2663 5248 Ἐϐόα
2691 5196 2748 5248 δέ
2791 5196 2851 5248 τὸ
2896 5197 3113 5261 ἀναιδὲς
3146 5200 3322 5251 ἐκεῖνο
3377 5199 3472 5251 καὶ
3513 5199 3930 5269 μεμισθωμένον

2352 5286 2577 5355 γύναιον
2622 5287 2842 5357 νύκτωρ
2894 5287 3106 5342 ἄκουσα
3144 5287 3353 5358 φθοράν
3397 5290 3707 5360 ὑποστῆναι
3747 5294 3931 5343 ἐπιπε-

2350 5380 2539 5442 σόντος
2572 5380 2710 5449 αὐτῇ
2766 5378 3109 5435 Ἀθανασίου.
3154 5382 3329 5451 Συνῆν
3382 5383 3458 5453 τῷ
3503 5384 3605 5455 τῆς
3640 5380 3931 5453 παρθενίας

1918 5584 2152 5641 ΥΑΒΙᾹΞ
2213 5581 2624 5639 LECTIONES.

721 5754 768 5788 ⁵⁸
799 5752 1177 5835 ἐφοδιάσωνβ.
1256 5756 1301 5788 ⁵⁸
1330 5753 1504 5835 αὐτην
1535 5752 1594 5805 Β.
1678 5749 1721 5782 ⁵⁸
1745 5764 1840 5835 του
1873 5761 1984 5835 om.
2117 5743 2162 5773 *⁷
2200 5742 2391 5835 μέσους
2428 5742 2523 5835 8;.
2566 5742 3022 5835 ⁸1ξδιγίλγγελοννρὶ,
3099 5747 3143 5778 ιθ
3174 5748 3271 5814 τῆς
3296 5750 3740 5835 δυῗςῗδείὲιςιΑΒ
3769 5772 3782 5807 ⁵
3815 5752 3931 5811 τοὺς

652 5812 929 5888 succedat,-
956 5840 1015 5887 ς,
1095 5825 1138 5856 ³ο
1177 5826 1248 5894 τῷ
1282 5829 1323 5879 Α
1361 5843 1375 5879 ε
1415 5812 1492 5894 τῷ
1536 5842 1594 5876 τε
1633 5838 1715 5883 ς’..
1773 5819 1813 5849 ⁸⁸
1848 5815 1995 5886 πάθῃ
2028 5815 2106 5867 l3:
2142 5813 2303 5866 πάθοι
2339 5830 2400 5878 ς.
2478 5812 2523 5844 ⁸⁸
2558 5812 2875 5881 πλάσματος
2908 5817 2957 5868 οἱ
2980 5812 3383 5888 δραματουργοὶ
3416 5822 3460 5872 A
3492 5840 3504 5873 :
3543 5812 3829 5893 δράμαυς
3866 5836 3924 5882 ς.
