4152 6416
282 390 383 459 141

1337 390 1866 462 BIBLIOTHECA.
1888 425 1957 436 —
1995 398 2161 461 COD.
2193 399 2495 463 CCL-VIII.

3454 396 3559 465 142

274 508 410 583 [783
430 509 527 582 Η.]
561 511 766 582 ἐραστῇ
797 513 894 566 καὶ
933 508 1198 583 Τιμόθεος
1219 514 1249 567 ὁ
1276 514 1444 570 αὐτοῦ
1475 516 1867 589 πρεσϐύτερος,

1974 518 2137 574 tacite
2166 518 2335 573 Deum
2368 523 2623 588 precatur
2653 534 2669 573 :
2703 515 3029 573 Timotheus
3053 528 3185 573 vero
3216 516 3557 589 (impudente

272 600 374 653 καὶ
408 599 612 671 βουλὴν
663 601 875 670 σοφίας,
914 603 1117 673 μᾶλλον
1158 604 1216 657 δὲ
1246 605 1396 671 Θείας
1422 608 1710 672 ἐπιπνοίας
1741 607 1862 678 βουιι

270 690 553 757 λεύονται,
584 692 653 746 δι’
682 688 753 766 ἧς
783 694 846 747 τὸ
877 697 1261 766 κακομήχανον
1293 698 1403 752 τῶν
1453 699 1728 753 δυσσεϐῶν
1761 702 1861 770 ρᾳ-

276 784 411 848 δίως
439 784 670 854 ἔμελλεν
690 787 1041 841 ἀπαιτεῖσθαι
1074 788 1166 841 τὸν
1188 789 1428 860 ἔλεγχον.
1467 790 1620 844 Ἐπεὶ
1649 790 1757 862 γάρ
1779 792 1862 854 είς

279 877 580 947 πρόσωπον
609 877 860 948 ἧχθησαν
891 878 985 931 τοῦ
1012 880 1257 947 γυναίου,
1304 883 1333 934 ό
1373 881 1471 952 μὲν
1516 880 1860 952 κατηγορού-

276 986 446 1040 μενος
477 971 657 1040 ἡσυχῇ
695 970 828 1023 Θεὸν
872 970 1162 1037 ἐδυσώπει,
1200 972 1466 1043 Τιμόθεος
1500 973 1546 1027 δ’
1582 972 1860 1027 άναιδευο-

272 1062 452 1134 μένης
473 1061 572 1125 τῆς
596 1062 857 1132 μαινάδος
885 1064 979 1116 καὶ
1002 1062 1094 1116 τὸν
1133 1062 1449 1119 Ἀθανάσιον
1467 1063 1563 1136 (ὡς
1582 1064 1858 1137 ἐδιδάχθη)

230 1158 247 1213 τ
270 1155 487 1228 φθορέα
514 1154 811 1225 καλούσης,
851 1156 879 1208 ό
908 1154 1287 1227 πρεσϐύτερος
1322 1154 1401 1220 ὡς
1426 1154 1588 1227 δῆθεν
1631 1155 1860 1212 Ἀθανά·

269 1265 413 1314 σιος,
451 1246 602 1302 Εἰπέ
646 1264 768 1317 μοι,
819 1240 868 1301 ὦ
915 1247 1114 1317 γύναι,
1175 1248 1363 1318 φησὶν,
1409 1247 1524 1317 ἐγὼ
1560 1247 1719 1317 παρὰ
1758 1248 1861 1303 συί

268 1340 523 1410 ﬁgura;
554 1341 593 1409 ἣ
624 1341 707 1394 σύ
731 1357 810 1410 με
830 1340 902 1394 ἐν
921 1340 1066 1405 οτκῳ
1097 1339 1178 1406 τῷ
1206 1340 1297 1407 σῷ
1327 1340 1600 1408 ὑπεδέξω
1625 1354 1645 1407 ;
1683 1341 1724 1410 ἢ
1753 1343 1859 1397 νύ-

268 1450 429 1501 κταῳ
475 1447 552 1486 σε
586 1431 963 1502 ἐϐιασάμην;
1001 1433 1035 1503 ή
1074 1433 1131 1487 δὲ
1171 1427 1261 1488 οἷα
1316 1434 1541 1504 γύναιον
1582 1434 1650 1487 ὲκ
1692 1434 1862 1504 δημο-

274 1525 393 1578 σίου
446 1524 669 1593 τέγους,
701 1523 911 1577 ἀναιδεῖ
955 1524 1238 1595 προσώπῳ
1258 1528 1351 1579 καί
1371 1524 1618 1579 ἀτενέσιν
1663 1525 1863 1595 ὀφθαλ-

276 1620 400 1689 μοῖς
454 1616 599 1689 πρὸς
656 1617 749 1670 τὸν
796 1615 845 1649 "
889 1616 1156 1683 Τιμόθεον
1194 1614 1570 1687 ἀποϐλέψασα,
1601 1616 1687 1671 Σὺ
1724 1613 1786 1671 εἴ
1828 1620 1863 1673 ὁ

275 1710 393 1777 τὴν
415 1710 572 1775 βίαν
593 1728 698 1780 μοι
718 1708 1061 1779 ἐπενεγκὼν
1080 1709 1181 1763 καί
1208 1708 1326 1778 τὴν
1348 1708 1579 1780 φθορὰν
1604 1710 1861 1777 νύκτωρ,

277 1805 482 1861 ἀνεϐόα
505 1844 521 1866 .
581 1806 678 1858 καὶ
715 1803 856 1875 πρὸς
896 1804 1027 1865 τοὺς
1063 1802 1259 1875 κριτὰς
1302 1802 1704 1876 ἐπιστραφεϊσα
1736 1804 1865 1867 τοὺς

1965 611 2200 667 muliere
2278 611 2638 666 Athanasium
2723 610 2895 677 illum,
2985 617 3043 665 ut
3142 610 3337 666 edocta
3414 621 3557 674 erat.

1969 707 2345 771 Corruptorem
2378 716 2540 757 suum
2571 700 2826 767 vocante)
2850 701 3153 772 presbyter,
3178 700 3339 770 quasi
3385 701 3560 755 Atha-

1966 791 2158 847 nasius
2179 803 2327 846 esset
2361 810 2373 845 :
2406 792 2508 845 Dic
2547 793 2701 857 mihi,
2736 790 2934 863 inquit,
2961 791 3172 856 mulier,
3218 808 3381 862 egone
3411 792 3554 860 apud

1966 892 2016 937 te
2064 886 2360 939 diuersatus
2400 900 2538 949 sum,
2589 886 2668 939 uel
2716 896 2769 938 tu
2809 902 2891 938 me
2938 884 3153 939 domum
3199 895 3344 940 tuam
3385 885 3560 939 admi-

1963 979 2104 1041 sisti,
2152 978 2232 1031 uel
2280 986 2441 1031 noctu
2475 985 2523 1029 te
2578 977 2771 1030 uiolnui
2795 979 2821 1031 .’
2853 978 2970 1047 Ipsa
3005 992 3157 1040 vero.
3192 986 3253 1032 ut
3296 978 3556 1033 meretrix

1962 1069 2224 1140 vulgaris,
2281 1070 2584 1142 impudenti
2647 1070 2822 1135 vultu,
2882 1078 2938 1124 et
2992 1069 3117 1123 lixis
3163 1068 3341 1124 oculis
3372 1066 3558 1124 Τίιιιοο

1962 1163 2149 1218 theum
2211 1164 2483 1233 aspiciens
2543 1177 2558 1217 :
2616 1158 2698 1217 Tu
2728 1179 2804 1225 es,
2863 1162 2956 1233 qui
3000 1170 3157 1216 noctu
3202 1177 3284 1216 me
3330 1162 3557 1215 inuitam

1964 1256 2316 1325 compressisti
2342 1295 2361 1321 ,
2410 1265 2467 1313 et
2516 1255 2588 1313 ad
2631 1255 2847 1328 iudices
2888 1256 3073 1326 jurata
3120 1252 3555 1319 voc'iferabatur,

1963 1345 2312 1402 Timotheum
2341 1346 2517 1419 digito
2538 1346 2836 1404 ostendens
2889 1361 2956 1402 ac
2988 1346 3216 1401 trahens
3250 1355 3265 1399 :
3305 1343 3410 1399 Hic
3452 1355 3553 1409 est,

1974 1453 2081 1492 non
2135 1438 2298 1505 alius,
2332 1440 2423 1511 qui
2456 1456 2540 1493 me
2577 1439 2833 1508 corrupit.
2886 1435 3114 1508 Cognita
3159 1436 3339 1492 insani
3384 1435 3554 1492 scorti

1965 1531 2307 1597 temulentia,
2363 1532 2579 1601 iudices
2640 1546 2767 1586 cum
2822 1530 3153 1587 satellitibus
3184 1528 3458 1588 ridebant.
3495 1539 3554 1584 et

1966 1623 2312 1694 prudentiam
2338 1625 2515 1680 sancti
2566 1622 2854 1679 Athanasii
2886 1620 3258 1689 mirabantur,
3295 1620 3442 1691 quod
3469 1628 3555 1675 tao

1964 1714 2140 1771 cendo
2168 1718 2573 1772 accusationem
2605 1717 2659 1771 in
2691 1714 3040 1770 adversarios
3071 1722 3404 1783 retorquens
3440 1712 3549 1767 imi

1964 1806 2261 1877 pudentem
2290 1824 2414 1864 esse
2439 1808 2772 1864 calumniam
2799 1808 3256 1863 demonstrasset.
3284 1803 3390 1874 Ipsi
3421 1817 3556 1858 vero

280 1898 674 1973 φρικτοτάτους
703 1898 902 1969 ὅρκους
954 1898 1077 1961 ταῖς
1134 1896 1413 1960 διαϐολαῖς
1456 1896 1746 1967 συνῆπτεν,
1786 1896 1863 1959 ὡς

1971 1899 2159 1968 seipsis
2190 1900 2445 1956 meliores
2463 1915 2569 1955 non
2601 1910 2734 1955 sunt
2759 1900 2977 1966 redditi,
3009 1908 3071 1954 ut
3099 1898 3190 1969 jus
3220 1905 3276 1952 et
3328 1910 3547 1964 aequum

279 1990 466 2057 οὗτος
488 2032 504 2055 .
544 1984 638 2045 τὸν
691 1984 957 2060 Τιμόθεον
1001 1983 1165 2043 πάλιν
1205 1987 1724 2044 δακτυλοδεικτοὼα
1768 1990 1866 2044 καὶ

283 2079 534 2148 ἕλκουσα,
575 2078 766 2148 οὗτός
794 2080 969 2135 ἐστιν
997 2078 1100 2136 καί
1136 2084 1246 2136 οὐκ
1270 2080 1461 2148 ἄλλος
1489 2084 1522 2136 ὀ
1548 2081 1691 2151 ἐμός
1718 2085 1863 2150 9:60-

287 2178 442 2245 ρεὺς.
468 2176 533 2229 Ol
561 2168 618 2227 δὲ
648 2172 834 2245 κριταὶ
869 2166 969 2227 σὺν
1024 2175 1138 2237 τοῖς
1166 2172 1489 2245 δορυφόροις
1513 2173 1615 2244 τῆς
1656 2174 1865 2243 μαχλά-

300 2266 383 2327 δος
423 2266 515 2335 μὲν
562 2262 878 2331 κατεγέλων
902 2302 918 2325 ,
972 2263 1292 2318 Ἀθανάσιον
1343 2262 1401 2315 δὲ
1442 2263 1541 2330 τῆς
1597 2264 1867 2327 συνέσεως

311 2354 601 2423 tantum»
646 2354 799 2417 ὅπως
849 2354 1017 2422 σιγῶν
1043 2353 1107 2407 τὺ
1147 2354 1269 2407 κατ’
1305 2353 1472 2407 αὑτοῦ
1511 2354 1763 2425 ἔγκλημα
1786 2356 1867 2419 είς

316 2447 432 2510 τοὺς
479 2447 807 2518 κατηγόρους
857 2446 1200 2518 περιστρέψας
1254 2446 1677 2511 ἀναιδεστάτους
1706 2464 1868 2502 συκο-

311 2535 501 2604 φάντας
537 2537 838 2604 ἀπέδειξενδ
876 2539 1032 2591 αὐτοὶ
1078 2537 1138 2592 δὲ
1189 2538 1398 2592 ἑαυτῶν
1430 2538 1583 2592 οὐδὲν
1611 2538 1867 2610 ἀμείνους

301 2627 379 2688 είς
398 2626 456 2677 τὸ
486 2626 772 2694 φροντίσαι
799 2625 894 2680 τοῦ
924 2626 1135 2680 δικαίου
1172 2626 1481 2695 γεγόνασιν.
1515 2625 1578 2681 Oi
1608 2627 1666 2680 δὲ
1696 2630 1870 2700 κατή-

280 2731 458 2789 γοροι,
487 2717 610 2772 δέον
642 2720 852 2771 στένειν
874 2718 921 2751 ⁸⁸
955 2717 1053 2773 καὶ
1086 2720 1245 2789 χάριν
1272 2718 1472 2772 εἰδέναι
1500 2720 1554 2772 el
1573 2730 1655 2783 τις
1674 2719 1871 2785 αὐτοὺς

296 2810 367 2881 μὴ
396 2810 670 2880 ἀπαιτοίη
707 2810 810 2882 τὴν
855 2811 955 2880 τῆς
989 2810 1357 2880 συκοφαντίας
1385 2811 1563 2880 δίκην,
1586 2812 1638 2864 oi
1674 2810 1733 2865 δὲ
1774 2812 1872 2866 καὶ

290 2903 423 2974 πρὸς
449 2902 555 2973 τὴν
598 2903 879 2973 Ἀρσενίου
925 2902 1107 2970 δεξιὰν
1151 2903 1251 2975 τὴν
1284 2902 1538 2971 γλῶσσαν
1566 2898 1871 2967 ὁπλίζουσι,

287 2997 375 3048 καὶ
405 2996 572 3064 φόνον
606 2997 723 3067 ἅμα
757 2999 853 3050 καὶ
882 2994 1142 3066 γοητείαν
1169 2995 1247 3066 τῷ
1274 2997 1376 3067 τῆς
1404 2995 1690 3060 εὐσεϐείας
1719 2996 1869 3064 ἀγω-

282 3092 438 3160 νιστῇ
472 3091 893 3161 περιάπτουσιν.
957 3087 1100 3142 Ἀλλ’
1135 3093 1345 3154 ἐκεῖνος
1382 3092 1441 3145 ὲν
1486 3090 1566 3162 τῷ
1607 3090 1872 3162 άταράχῳ

281 3182 505 3251 καὶτῆς
540 3184 726 3253 φωνῆς
762 3182 851 3236 καὶ
878 3181 1241 3253 τῆςγνώμης,
1280 3183 1392 3238 Καὶ
1425 3182 1519 3249 τίς
1548 3180 1663 3251 γάρ
1699 3182 1873 3236 ἐστιν

276 3274 344 3338 ἐξ
373 3274 576 3342 ὑμῶν,
617 3277 805 3346 φησὶν,
840 3275 886 3307 ⁵⁸
929 3276 961 3327 ὀ
1003 3274 1316 3344 γινώσκων
1345 3275 1459 3329 τὸν
1493 3272 1796 3343 Ἀρσένιον
1834 3273 1872 3342 ἢ

275 3367 395 3433 τὴν
453 3362 647 3421 αὐτοῦ
703 3366 947 3432 Gestar;
985 3368 1249 3437 Φαμένων
1280 3366 1327 3419 δ’
1373 3366 1476 3420 οὐκ
1523 3365 1745 3435 ὀλίγων,
1779 3364 1874 3430 οὓς

276 3455 392 3528 εἶχε
432 3458 501 3511 τὸ
554 3458 830 3530 συνέδριον
868 3459 966 3512 σὺν
1008 3461 1124 3521 τοῖς
1172 3459 1524 3529 κατηγόροις,
1572 3457 1648 3522 ὡς
1690 3458 1876 3527 σαφῶς

275 3551 483 3603 είδεῖεν
510 3548 603 3602 τὸν
645 3549 922 3621 Ἀρσένιον
941 3590 956 3615 ,
996 3549 1108 3604 Kal
1136 3549 1266 3603 ἐπεὶ
1290 3549 1550 3615 βεϐαίως
1586 3549 1683 3602 καὶ
1712 3549 1876 3616 ἀκρι-

275 3641 423 3709 ϐῶς,
446 3643 478 3695 ὁ
511 3642 832 3705 Ἀθανάσιος
854 3643 1045 3715 ἔφησε,
1072 3642 1391 3713 γινώσκειν
1411 3637 1577 3698 οὗτοι
1604 3658 1876 3710 συνωμο-

272 3737 573 3807 λόγησαν
603 3735 711 3789 τὸν
747 3734 1080 3804 Ἀρσένιον,
1129 3738 1162 3791 ό
1201 3736 1268 3789 δὲ
1309 3734 1622 3805 πάρεστιν,
1652 3735 1872 3789 εισίτω.

271 3827 647 3891 Εἰσελθόντος
679 3828 757 3891 δὲ,
792 3828 953 3882 πάλιν
1005 3828 1271 3899 ἐπηρώτα
1326 3830 1372 3881 εί
1428 3827 1520 3880 τὸν
1553 3825 1876 3898 είσαχθέντα

272 3922 473 3974 ἴσασιν
511 3919 587 3983 ῶς
611 3920 659 3952 ⁸⁸
690 3920 775 3990 εἴη
820 3921 1115 3991 Ἀρσένιος.
1148 3922 1270 3973 Τῶν
1295 3921 1352 3974 δὲ
1387 3920 1489 3973 οὐκ
1510 3919 1747 3991 ἐχόντων
1775 3920 1874 3990 ἀρ-

272 4010 583 4082 νήσασθαι,
620 4011 770 4065 ἕλκει
800 4024 861 4064 τε
890 4012 1053 4065 αὑτὸν
1087 4011 1286 4082 μᾶλλον
1318 4011 1413 4064 τοῦ
1439 4010 1684 4082 βήματος
1715 4009 1878 4077 ἐγγύ-

273 4120 473 4174 τερον,
509 4104 605 4155 καὶ
658 4102 875 4173 πρῶτον
922 4102 1022 4172 τὴν
1083 4102 1264 4168 δεξιὰν
1298 4103 1573 4156 ἀνατεῖναι
1616 4102 1877 4164 κελεύσας

273 4199 476 4266 χεῖρα.
517 4188 635 4247 εἶτα
676 4196 771 4249 καὶ
822 4195 920 4266 τὴν
974 4196 1291 4267 ἀριστερὰν,
1350 4186 1676 4265 ἀνέκραγενο
1721 4194 1877 4249 Ἰδοὺ

284 4284 657 4356 Ἀρσένιος,
728 4286 947 4354 ἄνδρες
1017 4286 1277 4341 πολῖταν
1316 4286 1447 4340 ἰδοὺ
1504 4286 1603 4340 καὶ
1651 4289 1711 4339 al
1769 4285 1878 4339 δύο

274 4381 513 4433 τούτου
542 4377 754 4447 χεῖρες,
777 4370 823 4433 ὦ
846 4377 1166 4448 θαυμάσιοι
1188 4377 1489 4431 δικασταί.
1522 4378 1881 4431 Ειπάτωσαν

276 4463 400 4523 οὖν
452 4466 506 4520 οί
543 4466 859 4537 κατήγοροι
898 4466 1063 4534 τινος
1091 4467 1265 4521 ἐστίν
1287 4468 1331 4499 ⁵⁷
1370 4468 1409 4535 ἠ
1431 4466 1559 4536 χεὶρ
1591 4467 1691 4521 καὶ
1718 4467 1878 4533 τίνος

276 4558 494 4626 αὐτὴν
530 4557 857 4628 ἐξέκοψαν.
884 4558 1013 4628 Ἐφ’
1059 4553 1108 4627 ᾧ
1146 4560 1256 4628 γὰρ
1296 4560 1481 4627 ταύτῃ
1510 4558 1873 4629 ἐχρήσαντο,

276 4650 500 4705 οὐκέτι
519 4649 739 4704 λοιπὸν
766 4650 967 4705 οὐδενί
989 4650 1455 4720 ἀμφισϐήτησις·
1485 4651 1874 4720 ἐχειροκόπησ

278 4758 413 4795 σαν
465 4739 576 4809 τὰρ
622 4739 965 4807 ἄνθρωπον,
997 4741 1077 4806 ὡς
1111 4740 1187 4794 ἂν
1226 4740 1383 4810 ἡμᾶς
1424 4739 1872 4795 θανατώσωσιν.

290 4832 453 4885 Ἀλλ’
481 4831 511 4882 ό
567 4830 666 4902 μὲν
696 4832 840 4886 οὕτω
885 4832 955 4887 τά
992 4833 1100 4888 τῶν
1144 4834 1458 4888 ἀντιπάλων
1493 4835 1670 4888 πάντα
1698 4834 1875 4887 διέλυε

284 4924 699 4995 μηχανήματα·
751 4925 801 4977 oi
846 4925 904 4978 δὲ
946 4927 1133 4996 κριταὶ
1167 4925 1357 4995 τυφλοὶ
1388 4929 1481 4981 καὶ
1513 4928 1689 4995 κωφοὶ
1720 4923 1785 4980 ἔκ
1816 4942 1875 4978 τε

278 5020 382 5073 τοῦ
451 5016 635 5087 ζητεῖν
691 5019 947 5090 ἀρέσκειν
980 5020 1350 5092 Κωνσταντίῳ
1381 5022 1668 5089 γεγονότες
1698 5021 1792 5073 καὶ
1818 5016 1877 5085 ἐξ

284 5104 364 5164 ῶν
401 5111 709 5165 ἀπέκλινον
748 5113 860 5175 τοῖς
890 5113 1280 5184 αίρετίζουσιν,
1308 5113 1572 5169 ἀπέλιπόν
1600 5126 1660 5167 τε
1692 5113 1754 5166 τὸ
1785 5112 1880 5183 βῆ-

287 5222 393 5275 μα,
457 5205 557 5258 καὶ⁸
599 5207 725 5276 σιγῇ
757 5205 955 5259 διδόναι
1000 5206 1071 5259 τὰ
1123 5206 1461 5276 ἐληλεγμένα
1506 5204 1876 5278 ὲτεχνάξοντο.

295 5295 818 5365 ’Υποχωρησάντων
834 5295 891 5348 δὲ
906 5295 1130 5359 τούτων,
1153 5295 1201 5368 [1
1212 5296 1316 5351 ΗΟ
1342 5295 1435 5369 8.]
1455 5298 1668 5367 κίνησις
1693 5297 1877 5350 οὐκέτι

296 5386 711 5454 συκοφαντιῶν,
770 5385 889 5440 ἀλλ’
923 5388 1154 5451 ἀναιδῶς
1206 5386 1520 5458 μιαιφονίας
1581 5388 1723 5441 κατὰ
1784 5383 1877 5439 τοῦ

292 5479 698 5551 τρισαριστέως
723 5477 848 5549 [784
870 5480 965 5551 Η.]
1002 5481 1433 5552 ἀναῤῥήγνυται,
1467 5480 1560 5533 καὶ
1587 5481 1636 5532 οἱ
1663 5484 1762 5549 μὲν
1794 5478 1881 5531 λό-

1966 1998 2276 2047 servarent.
2314 1993 2677 2048 Accusatores
2731 2006 2883 2057 vero,
2940 2004 3077 2063 quos
3124 1988 3375 2046 beneﬁcii
3432 1987 3555 2041 loco

1966 2080 2168 2137 ducere
2205 2083 2523 2153 oportebat,
2575 2082 2723 2154 quod
2754 2082 3051 2139 calumniae
3094 2095 3311 2152 pteuam
3353 2077 3557 2148 ell‘uge.

1966 2180 2111 2235 rent,
2165 2186 2290 2227 mox
2326 2173 2394 2227 ad
2434 2172 2681 2228 dextram
2725 2171 2946 2226 Arsenii
2998 2186 3059 2226 se
3109 2174 3461 2233 convertunt,
3501 2173 3560 2220 et

1966 2263 2170 2317 caedem
2200 2262 2367 2318 simul
2421 2272 2474 2318 et
2524 2262 2830 2333 praestigias
2883 2261 2962 2317 illi
3042 2259 3332 2330 objiciunt.
3413 2254 3557 2310 Tum

1968 2352 2303 2407 Athanasius
2344 2352 2593 2406 interrita
2638 2364 2775 2406 voce
2819 2365 2886 2406 ac
2921 2357 3104 2404 mente
3130 2346 3199 2399 ad
3233 2360 3330 2400 eos
3366 2361 3379 2397 :
3420 2341 3559 2409 Quis

1968 2455 2201 2499 uestrum
2277 2445 2423 2499 nouit
2485 2443 2788 2509 Arsenium,
2854 2451 2949 2496 aut
3022 2442 3160 2496 hanc
3214 2454 3326 2493 esse
3391 2436 3559 2503 ipsius

1969 2538 2211 2591 dextram
2239 2537 2386 2591 scit?
2445 2534 2926 2606 ReSpondentibus
2983 2541 3168 2588 autem
3214 2528 3468 2596 plurimis
3491 2540 3561 2582 ex

1968 2628 2169 2702 581a
2218 2628 2654 2691 accusatoribus,
2709 2642 2769 2682 se
2819 2626 2989 2695 probe
3026 2638 3197 2680 nosse
3220 2620 3559 2683 Arsenium,

1971 2732 2085 2777 tum
2155 2720 2539 2777 Athanasius:
2579 2717 3044 2788 Quandoquidem,
3106 2715 3203 2781 ait,
3255 2718 3562 2767 constanter

1971 2828 2036 2866 ac
2069 2811 2299 2881 ﬁrmiter
2331 2809 2558 2879 confessi
2600 2816 2724 2863 sunt
2779 2824 2835 2862 se
2866 2821 3018 2861 nosse
3070 2803 3377 2869 Arsenium,
3409 2801 3563 2858 adesi

1970 2904 2084 2968 ille,
2114 2903 2465 2975 ingrediatur.
2490 2901 2561 2957 Ut
2587 2910 2771 2956 autem
2809 2899 3079 2956 Arsenius
3109 2897 3352 2959 advenit,
3386 2895 3559 2950 inter»

1972 3008 2130 3069 rogat
2160 2998 2358 3053 iterum
2416 3012 2486 3051 an
2532 2997 2829 3051 adductum
2872 2993 3126 3049 nossent!
3156 3003 3225 3047 an
3265 3000 3415 3046 esset
3458 2993 3564 3043 Δι’-ι

1972 3090 2209 3145 senius?
2237 3090 2375 3144 Cum
2406 3090 2483 3145 illi
2511 3103 2714 3160 negare
2748 3102 2856 3142 non
2892 3095 3139 3158 possent,
3188 3085 3357 3140 traxit
3404 3083 3559 3139 illum

1974 3182 2197 3251 propius
2242 3182 2297 3236 in
2328 3180 2619 3251 judicium.
2652 3187 2706 3234 et
2751 3179 2991 3249 primum
3021 3177 3300 3232 dexteram
3338 3176 3565 3231 tendere

1973 3274 2172 3343 jubens
2237 3285 2482 3337 manum,
2543 3271 2741 3327 deinde
2801 3280 2856 3325 et
2910 3269 3217 3329 sinistram.
3250 3266 3558 3322 clamavit:

1978 3363 2113 3419 Ecce
2131 3366 2407 3431 Arsenius,
2448 3381 2477 3418 o
2500 3362 2636 3417 cives
2666 3380 2685 3417 :
2715 3374 2834 3417 ecce
2865 3362 3030 3415 etiam
3062 3374 3250 3413 manus
3275 3358 3505 3413 hominis
3538 3370 3560 3412 :

1977 3474 2007 3509 ο
2036 3457 2308 3510 mirando:
2336 3457 2545 3526 judices
2564 3455 2584 3507 .'
2612 3455 2796 3507 dicant
2849 3448 3014 3523 igitur
3060 3451 3379 3514 aduersarii,
3409 3451 3566 3520 cujus

1975 3550 2044 3601 sit
2074 3548 2169 3600 illa
2193 3563 2403 3608 manus,
2433 3558 2482 3599 et
2524 3545 2661 3598 unde
2707 3544 2857 3597 illam
2877 3543 3212 3597 resecuerint.
3275 3542 3393 3609 Quo
3422 3541 3566 3596 enim

1975 3641 2079 3709 fine
2120 3638 2219 3697 hac
2260 3639 2346 3693 usi
2373 3646 2519 3701 sunt,
2582 3636 2776 3690 nemini
2806 3632 3032 3702 amplius
3066 3634 3286 3687 dubium
3333 3649 3447 3687 esse
3469 3648 3565 3701 pou-

1979 3743 2100 3787 test.
2137 3730 2357 3785 Homini
2391 3729 2529 3784 enim
2565 3742 2781 3781 manum
2805 3733 3172 3794 amputnrunt,
3208 3732 3265 3777 ut
3295 3741 3388 3778 nos
3423 3724 3567 3778 occi-

1977 3827 2177 3879 derent.
2232 3822 2322 3877 Sic
2380 3822 2467 3875 ille
2526 3823 2724 3875 iterum
2777 3818 2935 3874 dolus
2968 3828 3159 3871 eorum
3196 3815 3416 3870 evertit.
3449 3812 3560 3869 Sed

1973 3917 2186 3987 judices
2206 3914 2333 3971 caci
2365 3919 2420 3969 et
2446 3914 2610 3979 muti,
2647 3926 2771 3969 cum
2812 3913 2941 3982 quia
2990 3908 3314 3966 Constantio
3348 3906 3566 3978 placere

1976 4006 2292 4070 studebant,
2324 4016 2436 4061 tum
2475 4007 2600 4077 quia
2642 4004 2910 4060 haereticis
2939 4000 3141 4058 addicti
3193 4008 3374 4065 erant,
3401 3999 3563 4055 dese-

1978 4098 2470 4171 rentesjudicium,
2520 4097 2862 4153 confutatam
2902 4094 3235 4149 calumniam
3270 4101 3453 4162 tegere
3474 4089 3563 4145 nis

1981 4193 2257 4255 tebantur,
2304 4189 2695 4246 decedentibus
2756 4188 2907 4243 illis:
2960 4186 3248 4241 calumniae
3292 4198 3403 4238 non
3440 4176 3565 4238 am-

1979 4285 2124 4354 plius
2162 4284 2232 4339 ab
2275 4282 2606 4338 adversariis
2655 4281 3034 4342 intenduntur,
3081 4278 3176 4333 sed
3207 4275 3560 4347 impudenter

1979 4375 2179 4429 caedem
2232 4376 2447 4427 tertium
2497 4373 2607 4441 jam
2661 4369 2853 4426 victori
2900 4369 3189 4423 intentant.
3238 4366 3301 4422 Hi
3336 4367 3559 4438 quidem

1979 4467 2183 4531 verbis,
2217 4463 2290 4522 illi
2318 4478 2449 4521 vero
2474 4463 2730 4518 manibus
2757 4478 2882 4518 eum
2912 4461 3206 4531 pulsabant
3236 4480 3251 4517 :
3284 4460 3375 4515 alii
3410 4472 3565 4515 com:

1906 4591 1952 4646 Β
1982 4557 2330 4612 minabantur
2352 4556 2400 4609 ei
2442 4562 2673 4609 mortem
2724 4553 2793 4609 ab
2840 4553 3171 4624 imperatore
3223 4552 3435 4607 illatum
3473 4549 3562 4604 iri.

1980 4647 2169 4718 itaque
2237 4646 2539 4700 Archelaus
2598 4645 2983 4709 Athanasium,
3033 4659 3196 4716 quem
3241 4644 3355 4711 jam
3407 4640 3565 4711 impii

1982 4738 2330 4795 diiaceraturi
2361 4746 2542 4802 erant,
2580 4739 2667 4792 vix
2695 4737 2861 4793 domo
2879 4753 3134 4808 egressus
3164 4736 3403 4808 (tametsi
3433 4751 3567 4790 con-

1984 4816 2093 4886 ciiii
2123 4836 2436 4899 respectum
2480 4846 2587 4884 non
2620 4829 2867 4896 haberet,
2924 4829 3163 4885 naturali
3198 4835 3383 4884 tamen
3421 4844 3565 4897 qua-

1984 4925 2109 4978 dam
2162 4922 2494 4977 verecundia
2551 4923 2892 4994 tenebatur),
2932 4921 3264 4978 satellitibus
3323 4919 3565 4991 periculo

1985 5017 2165 5086 eripit,
2217 5015 2604 5085 occultamque
2685 5015 2871 5087 fugam
2935 5023 3164 5087 apparat
3234 5026 3299 5070 ac
3345 5010 3564 5069 suadet.

1986 5105 2202 5161 Rursus
2247 5106 2413 5176 igitur
2461 5107 2759 5162 adversarii
2809 5108 2929 5176 ejus
2956 5107 3252 5163 concilium
3283 5114 3565 5177 cogentes,

1987 5196 2220 5252 nefanda
2281 5208 2449 5269 atque
2519 5200 2751 5254 conlicta
2797 5198 3030 5255 crimina
3077 5198 3149 5262 ei,
3201 5205 3263 5251 ut
3289 5195 3566 5267 capiatur,

1986 5289 2275 5360 objiciunt.
2305 5288 2436 5355 Qua:
2468 5290 2749 5345 mendacia
2789 5290 3024 5345 diversis
3054 5289 3253 5344 libellis
3287 5287 3566 5357 descripta

1986 5381 2309 5436 Constantio
2364 5381 2606 5445 mittunt,
2666 5396 2731 5436 ac
2774 5391 2888 5436 toto
2932 5394 3070 5452 pene
3116 5390 3387 5436 terrarum
3435 5379 3568 5434 orbe

1986 5483 2268 5544 spargunt.
2298 5472 2487 5542 Itaque
2514 5484 2706 5528 sancto
2722 5475 3022 5529 Athanasio
3055 5475 3236 5528 omnis
3264 5472 3418 5527 locus
3443 5484 3567 5541 pera

1498 5658 1733 5714 VARIAS
1786 5654 2197 5716 LECTIONES.

374 5773 426 5855 ’ξ
453 5775 539 5829 τὸν
565 5792 680 5855 om.
715 5778 778 5833 Α.
853 5779 899 5812 ⁸⁸
935 5782 1163 5855 στένειν]
1193 5783 1440 5855 στέργειν
1460 5782 1722 5852 Scaliger.
1801 5782 1846 5812 ⁸³
1880 5781 2045 5850 φησὶν
2070 5778 2129 5843 ἐξ
2160 5779 2315 5850 ὑμῶν
2343 5793 2416 5840 ςε
2449 5777 2490 5830 Β
2520 5792 2630 5832 om.
2664 5775 2849 5847 φησίν.
2927 5772 3087 5843 ηὼς]
3111 5776 3160 5828 εί
3178 5774 3236 5829 Β.
3315 5763 3561 5845 δ’ἐστὶν]

297 5844 364 5901 τι
398 5845 541 5900 ἔστιν
561 5848 627 5901 Δ.
