4036 6318
578 356 680 425 ιω
1721 348 1986 411 PHOTII
2024 344 2526 409 PATRIARCH/E
2557 344 2669 409 (τι).
3722 345 3827 411 ut

578 465 788 537 fugium
829 459 1079 534 praebuit,
1119 459 1249 531 quia
1289 458 1445 515 valde
1494 457 1863 530 quarebatur,
1913 458 2051 514 adeo
2090 466 2149 511 ut

2254 475 2387 527 γοις,
2408 460 2457 512 οἱ
2487 458 2545 513 δὲ
2582 457 2679 511 καὶ
2708 456 2868 529 χερσὶ
2899 456 2991 511 τὸν
3018 456 3243 530 νικητὴν
3273 456 3742 531 προύπηλάκιζον,
3771 458 3826 512 οἱ

578 556 774 615 scienti
836 563 893 610 et
922 569 1029 611 non
1059 552 1319 609 indicanti
1340 552 1698 609 Athanasium
1720 551 1951 623 capitale
1986 550 2148 606 foret:

2257 548 2314 602 δὲ
2350 550 2444 602 καὶ
2470 549 2562 603 τὸν
2592 549 2657 602 ἐκ
2682 547 2779 602 τοῦ
2816 547 3080 618 βασιλέως
3109 550 3354 604 ἑπέσειον
3377 551 3625 606 θάνατον.
3675 551 3733 605 Ὁ
3766 550 3828 605 δὲ

578 645 803 715 praemia
832 660 961 702 vero
991 655 1426 717 proponerentur
1461 644 1553 713 iis,
1582 643 1678 715 qui
1707 652 1804 699 aut
1824 641 2010 697 vivum
2049 641 2149 696 ad-

2269 639 2561 710 ’Δρχέλαος
2589 639 2854 711 μέλλοντα
2894 640 3227 697 διασπᾶσθαι
3264 640 3357 694 τὸν
3401 642 3550 697 ὂσιον
3583 642 3687 695 ύπδ
3710 641 3829 696 τῶν

577 732 861 798 ducerent,
890 742 986 790 aut
1019 740 1184 804 caput
1215 731 1491 788 afferrent.

2255 731 2551 797 δυσσεϐῶν,
2595 730 2750 803 μόλις
2793 731 2896 802 τῆς
2944 734 3126 798 οἰκίας
3178 733 3425 799 καταϐὰς
3481 735 3553 805 (εί
3586 734 3697 807 γὰρ
3728 733 3833 788 καὶ

578 830 717 900 πρὸς
746 830 843 902 τὴν
877 829 1060 903 κρίσιν
1114 828 1213 900 ούχ
1263 828 1445 898 ἑώρα,
1478 826 1595 881 ἀλλ’
1626 824 1721 879 οὖν
1751 824 1865 897 εἶχέ
1924 844 2046 881 τινα
2088 826 2190 896 τῆς
2229 826 2445 895 φύσεως
2511 828 2667 901 αἰδῶ)
2702 829 2844 900 μετά
2885 829 2982 883 καὶ
3027 829 3137 883 τῶν
3163 830 3478 902 δορυφόρων
3501 829 3831 899 ἐξαρπάζει,

578 922 679 977 καὶ
710 921 953 992 δρασμὸν
995 920 1227 992 κρύφιον
1278 916 1427 987 αύτῷ
1457 918 1870 988 παρασκευάζει
1935 920 2034 972 καὶ
2099 918 2437 972 ὑποτίθεται.
2473 920 2547 973 Τὸ
2588 921 2645 974 δὲ
2710 921 2972 982 δυσσεϐὲς
3019 921 3465 992 συνεδριάσαντες
3495 920 3649 984 αὖθις
3692 922 3835 992 γρά-

585 1014 750 1083 φουσί
776 1031 835 1067 τε
860 1014 949 1067 τὸν
969 1013 1210 1067 ἀναίτιον
1243 1010 1447 1073 αἰτίαις
1476 1010 1723 1074 ἀτόποις,
1755 1012 1821 1074 ἃς
1854 1010 2010 1063 αὐτοὶ
2074 1009 2435 1076 συνέπλασαν,
2505 1013 2733 1078 ἁλῶναι,
2785 1014 2883 1068 καὶ
2925 1013 3203 1085 διαφόροις
3250 1011 3527 1083 βιϐλιδίοις
3588 1012 3833 1079 ἐγκατα-

578 1106 798 1177 θέμενοι
832 1106 902 1159 τά
928 1106 1022 1159 τοῦ
1055 1104 1283 1176 ψεύδους
1304 1104 1383 1175 τῷ
1433 1121 1492 1157 τε
1530 1104 1896 1176 Κωνσιαντίῳ
1924 1106 2021 1159 καὶ
2052 1105 2202 1177 πάσῃ
2233 1106 2635 1178 διαπέμπονται
2667 1112 2736 1179 τῇ
2768 1109 3088 1179 οἰκουμένῃ·
3150 1110 3247 1161 καὶ
3285 1108 3496 1176 γίνεται
3554 1107 3633 1177 τῷ
3662 1107 3838 1159 πολυο

576 1199 727 1271 άθλῳ
755 1200 907 1253 πᾶσα
960 1198 1115 1269 χώρα
1165 1196 1314 1265 φυγὴ
1355 1194 1561 1265 σφόδρα
1592 1195 1931 1267 ζητουμένῳ.
1982 1196 2092 1249 Καὶ
2122 1197 2156 1267 ὴ
2192 1196 2421 1265 ζήτησις
2467 1203 2581 1264 τοῖς
2634 1202 2734 1271 μὲν
2791 1200 3056 1254 συνειδόσι
3111 1200 3209 1253 καὶ
3274 1199 3350 1269 μὴ
3414 1198 3837 1269 καταμηνύουσι

577 1292 728 1363 ζωῆς
777 1290 1067 1360 ἀφαίρεσιν
1121 1287 1385 1342 ἐπέϐαλλε
1441 1289 1488 1321 ⁸⁸
1537 1289 1638 1358 τὴν
1690 1288 1909 1359 ζημίαν·
1959 1291 2072 1352 τοῖς
2101 1288 2160 1342 δὲ
2199 1290 2578 1364 κομίζουσινῆ
2642 1293 2823 1357 ζῶντα
2867 1294 2902 1363 ἢ
2957 1292 3056 1364 τὴν
3110 1292 3274 1347 αὐτοῦ
3309 1290 3556 1362 κεφαλὴν
3628 1292 3839 1363 δωρεαὶ

574 1383 957 1455 προύτεινοντο
990 1382 1202 1451 μεγάλα
1211 1403 1250 1437 ι.

644 1474 763 1540 Qua
794 1488 852 1527 re
878 1472 1116 1543 cognita,
1163 1472 1526 1528 adamantinae
1580 1472 1746 1528 homo
1784 1471 2060 1543 patientiae
2095 1472 2150 1527 in

2331 1473 2402 1526 'A
2454 1472 2681 1526 συνιδὼν
2726 1473 2754 1524 ό
2794 1473 2895 1542 τῆς
2951 1471 3230 1541 ὑπομονῆς
3273 1469 3487 1539 ἀδάμας
3532 1467 3591 1523 έν
3639 1467 3839 1537 λάκκῳ

573 1565 730 1622 fovea
776 1580 977 1634 aquam
1012 1580 1120 1621 non
1155 1565 1416 1630 habente,
1447 1573 1594 1621 totos
1634 1579 1729 1621 sex
1758 1579 1931 1621 annos
1978 1564 2150 1620 latens

2256 1564 2398 1634 ὕδωρ
2442 1564 2517 1635 μὴ
2546 1563 2719 1635 ἔχοντι
2748 1562 2843 1616 ἐπὶ
2889 1562 2949 1627 ἓξ
2976 1563 3122 1616 ἔτεσι
3167 1560 3349 1614 λαθὼν
3387 1560 3697 1632 ἐκαρτέρει.
3740 1560 3840 1621 Ὡς

571 1654 851 1711 contrivit.
877 1654 1059 1712 Pridie
1082 1670 1211 1711 vero
1237 1656 1360 1726 ejus
1393 1655 1504 1715 diei
1543 1670 1651 1726 qua
1676 1654 1998 1725 prodendus
2035 1662 2150 1710 erat

2254 1656 2313 1710 δὲ
2358 1655 2456 1709 καὶ
2497 1655 2561 1709 τὸ
2596 1654 2794 1727 χωρίον
2829 1656 3005 1707 ἐκεῖνο
3038 1651 3386 1724 προδίδοσθαι
3434 1650 3647 1721 ἔμελλε,
3679 1649 3840 1712 Θείας

571 1748 664 1803 ille
689 1747 867 1815 locus,
907 1746 1241 1802 revelatione
1274 1748 1511 1817 quadam
1554 1747 1739 1802 divina
1776 1746 1831 1801 in
1872 1746 2041 1801 alium
2070 1746 2150 1800 lo-

2254 1748 2430 1818 ὅψεως
2452 1747 2553 1819 τὴν
2584 1746 2873 1819 προδοσίαν
2896 1744 2977 1816 τῷ
3007 1744 3298 1815 θεράποντι
3323 1743 3432 1814 πρὸ
3463 1743 3594 1812 μιᾶς
3616 1742 3840 1811 ἡμέρας

571 1852 702 1893 cum
752 1836 1014 1909 profugit,
1054 1847 1109 1894 et
1154 1838 1209 1892 in
1255 1837 1601 1893 Occidentem
1648 1838 1818 1906 venit,
1849 1838 2150 1908 imperante

2258 1840 2578 1911 μηνυσάσης
2605 1838 2863 1893 κάκεῖθεν
2901 1836 3292 1907 ἀποδιδράσκει
3319 1838 3416 1888 καὶ
3442 1834 3581 1904 πρὸς
3603 1833 3703 1902 τὴν
3736 1832 3840 1885 δύ-

570 1930 649 1987 ibi
668 1929 986 1999 Constante,
1014 1945 1116 1986 suo
1146 1940 1201 1986 et
1237 1929 1424 1987 fratris
1450 1930 1536 1986 sui
1585 1930 1930 1986 Constantini
1978 1930 2150 1999 impe-

2256 1949 2341 1984 σιν
2360 1930 2610 2001 ἀπαίρει,
2633 1929 2728 1983 τοῦ
2753 1929 3111 1991 Κώνσταντος
3133 1927 3232 1998 ἤδη
3258 1927 3359 1997 τὴν
3384 1926 3561 1997 ἀρχὴν
3590 1924 3837 1995 ἔχοντος,

572 2022 680 2079 rio.
718 2022 935 2078 Etenim
986 2022 1140 2077 illum
1186 2023 1463 2079 exercitus
1506 2022 1760 2079 aﬁectato
1810 2022 2044 2093 imperio
2074 2022 2150 2076 in-

2254 2022 2315 2075 οὐ
2361 2022 2461 2093 τὴν
2509 2021 2705 2075 ἑαυτοῦ
2740 2023 2922 2093 μόνον,
2958 2020 3093 2075 ἀλλὰ
3137 2021 3233 2073 καὶ¹
3262 2022 3363 2089 τὴν
3392 2018 3488 2071 τοῦ
3520 2017 3565 2050 ⁸⁸
3596 2015 3839 2086 ἀδελφοῦ

573 2113 885 2171 tcrfecerat.
967 2114 1164 2186 ηειιν
1249 2115 1389 2171 Tum
1478 2115 1817 2171 Athanasius
1876 2113 2154 2185 profectus

573 2203 805 2259 Romam
854 2204 925 2269 ad
968 2203 1172 2258 Julium
1214 2204 1525 2274 pontiﬁcem
1569 2203 2019 2260 commemoratis
2048 2204 2151 2273 ipsi

572 2291 831 2347 omnibus
889 2306 1012 2361 qua:
1036 2291 1105 2347 ab
1139 2292 1356 2347 Arianis
1395 2308 1591 2362 passus
1629 2302 1797 2356 esset,
1839 2292 1892 2345 in
1925 2306 2155 2359 conspe-

572 2391 665 2440 cm
692 2382 1005 2438 Constantis
1057 2382 1426 2452 imperatoris,
1459 2392 1514 2437 ct
1545 2383 1813 2452 synodum
1847 2382 2152 2436 Antiochia:

573 2474 643 2531 ad
685 2475 1023 2530 eversionem
1075 2474 1397 2530 orthodoxa:
1454 2474 1580 2528 ﬁdei
1628 2484 1876 2529 coactam
1929 2489 2072 2539 esse,
2100 2482 2154 2528 et

571 2566 867 2637 Georgium
902 2566 1006 2622 sibi
1046 2580 1423 2621 successorem
1454 2567 1577 2621 illos
1617 2576 1809 2622 contra
1852 2566 2024 2637 legem
2054 2565 2151 2621 de-

571 2659 739 2724 disse,
764 2666 821 2735 et
865 2674 967 2728 pro
993 2658 1087 2712 illo
1129 2658 1294 2713 etiam
1343 2657 1695 2728 Gregorium.
1725 2654 1998 2715 Eusebius
2029 2658 2153 2729 qui-

566 2752 718 2819 dem,
750 2751 819 2808 iis
852 2749 1092 2820 peractis
1112 2765 1234 2820 qua:
1260 2750 1493 2816 volebat,
1526 2750 1846 2821 legationem
1885 2751 1952 2805 ad
1983 2765 2151 2806 vene-

574 2843 807 2898 randum
839 2840 1040 2897 Julium
1077 2840 1387 2911 pontiﬁcem
1444 2840 1751 2895 Romanum
1793 2842 2014 2911 legavit,
2050 2843 2153 2898 hoc

572 2948 763 3004 agens,
797 2943 858 2988 ut
899 2932 1257 2987 Athanasium
1300 2947 1406 2985 una
1438 2933 1747 2987 damnaret.
1782 2932 1961 2989 Julius
1995 2949 2149 2999 vero,

572 3025 814 3095 acceptis
844 3024 912 3079 ab
940 3025 1178 3079 Eusebio
1208 3024 1425 3086 litteris.
1464 3032 1677 3079 tantum
1715 3025 1870 3082 abest
1897 3036 1957 3082 ut
1986 3027 2146 3082 dam-

562 3114 843 3181 nandum,
902 3115 1066 3169 etiam
1120 3113 1511 3168 absolvendum
1586 3115 1885 3185 comperit,
1940 3115 2142 3187 injuria

2254 2114 2667 2168 Κωνσταντίνου
2688 2130 2701 2142 ·
2736 2115 2830 2167 καὶ
2856 2113 2967 2183 γάρ
3006 2112 3167 2166 αὐτὸν
3204 2111 3266 2164 τὸ
3310 2108 3703 2180 στρατιωτικὸν
3732 2125 3839 2159 τυ-

2254 2205 2461 2275 ραννίδι
2503 2205 2818 2275 ἐπιθέμενοι
2862 2204 3094 2258 ἀνεῖλον.
3144 2203 3396 2257 Διδάσκει
3418 2201 3706 2273 τοιγαροῦν
3736 2201 3837 2254 διὰ

2255 2295 2564 2366 συνδρομῆς
2606 2295 2825 2349 Ἰουλίου
2880 2296 2976 2349 τοῦ
3018 2295 3240 2365 Ῥώμης
3269 2292 3617 2364 τὸνβασιλέα
3667 2291 3838 2346 Κών-

2255 2402 2459 2438 σταντα
2515 2384 2614 2448 τὰς
2660 2384 2933 2448 συσκευάς
2967 2384 3034 2445 ἃς
3085 2384 3192 2437 ὑπὸ
3242 2385 3350 2438 τῶν
3395 2383 3692 2453 Ἀρειανῶν
3727 2384 3840 2435 ὑπ-

2254 2476 2405 2546 έστη,
2425 2476 2520 2528 καὶ
2551 2475 2652 2547 τὴν
2685 2476 2902 2528 σύνοδον
2931 2475 3026 2545 τὴν
3050 2476 3107 2528 ὲν
3142 2474 3441 2546 Ἀντιοχείᾳ
3469 2475 3562 2527 ἐπὶ
3585 2475 3837 2545 διαστρο-

2253 2570 2328 2639 φῇ
2366 2570 2465 2637 τῆς
2512 2567 2747 2630 πίστεως
2796 2567 3298 2637 συγκροτηθεῖσαν,
3331 2568 3425 2621 καὶ
3451 2567 3527 2631 ώς
3555 2566 3836 2638 Γεώργιον

2253 2661 2337 2727 είς
2395 2660 2488 2713 τὸν
2541 2658 2707 2713 αὐτοῦ
2769 2660 2958 2731 θρόνον
3016 2660 3301 2728 έκθέσμως
3344 2660 3837 2731 χειροτονήσαντες

2252 2753 2671 2824 ὲγκαθίδρυσαν,
2694 2753 2788 2804 καὶ
2820 2752 2920 2805 οὐκ
2947 2751 3156 2805 ἐκεῖνον
3209 2751 3394 2821 μόνον,
3432 2750 3567 2804 ἀλλά
3593 2752 3687 2804 καὶ
3716 2751 3837 2822 πρὸ

2252 2845 2467 2898 ἐκείνου
2502 2843 2822 2914 Γρηγόριον.
2861 2842 3118 2907 Εὐσέϐιος
3162 2843 3347 2913 μέντοι
3382 2843 3837 2913 διαπραξάμενος

2252 2936 2289 2991 ἀ
2317 2936 2640 3000 ἐσπούδαζε,
2666 2934 3116 3003 διαπρεσϐεύεται
3140 2934 3279 3004 πρὸς
3301 2933 3393 2987 τὸν
3412 2934 3558 2987 ὅσιον
3587 2933 3839 2999 Ἰούλιον,

2254 3028 2510 3084 κοινωνὸν
2553 3028 2737 3081 λαϐεῖν
2791 3028 2888 3099 τῆς
2940 3028 3259 3081 Ἀθανασίου
3287 3026 3671 3099 κατακρίσεως
3721 3044 3843 3097 μη-

2252 3120 2586 3193 χανώμενος.
2633 3121 2691 3175 ’0
2720 3122 2798 3187 δὲ,
2848 3120 2907 3185 ἐξ
2944 3113 3017 3174 ὧν
3043 3122 3251 3185 ἐκεῖνος
3274 3120 3513 3192 ἔγραφεν
3535 3122 3602 3184 σθ,
3629 3122 3692 3174 ού
3730 3139 3844 3175 κα-

574 3204 832 3260 affectum
876 3204 1076 3259 litteris
1136 3205 1520 3259 conﬁrmatum
1567 3204 1957 3261 Alexandriam
2020 3208 2147 3262 mit-

2254 3213 2511 3285 τάκρισιν
2541 3214 2608 3282 ⁸⁸,
2637 3214 2885 3268 ἀθώωσιν
2914 3213 2971 3267 δὲ
3001 3212 3202 3283 μᾶλλον
3218 3214 3535 3267 Ἀθανασίου
3562 3216 3845 3286 συνορῶν,

575 3297 660 3361 tit,
724 3304 779 3352 et
822 3296 1157 3367 postliminio
1182 3297 1438 3362 restituit,
1470 3311 1581 3351 non
1625 3311 1819 3367 parum
1857 3301 2150 3369 reprehen-

566 3388 714 3444 dens
736 3402 853 3453 eos,
882 3388 976 3458 qui
1008 3388 1211 3456 injuste
1245 3403 1369 3443 cum
1397 3389 1522 3444 loco
1561 3388 1969 3447 deturbassent.

646 3560 859 3629 Ariani,
890 3559 1269 3617 Constantium
1314 3564 1491 3635 magis
1517 3565 1802 3637 magisque
1848 3566 2151 3638 depravan-

576 3662 682 3717 tes,
728 3653 1075 3725 Gregorium,
1132 3669 1295 3724 quem
1337 3655 1413 3709 illi
1463 3657 1873 3726 ordinaverant,
1915 3659 2152 3714 Alexan-

573 3742 753 3798 driam
785 3754 992 3798 armata
1024 3744 1074 3799 vi
1108 3744 1485 3802 deducendum
1522 3758 1719 3803 curant
1755 3750 1979 3822 (quibus
2014 3767 2151 3822 prm-

576 3844 698 3889 erat
728 3836 901 3904 copiis
938 3836 1248 3908 Syrianus),
1290 3854 1411 3908 qua:
1433 3841 1674 3913 quinque
1703 3844 1935 3897 millium
1974 3854 2150 3899 erant.

576 3926 747 3996 Igitur
780 3935 1003 3983 sanctus
1032 3930 1361 3985 Athanasius
1400 3933 1702 3988 exercitum
1745 3934 1902 4005 fugit,
1960 3945 2014 3990 et
2050 3938 2154 3991 mi-

578 4017 721 4082 lites,
752 4017 847 4087 qui
888 4018 939 4071 in
973 4018 1092 4087 ejus
1144 4036 1331 4076 necem
1392 4025 1773 4093 conspirarant
1805 4044 1817 4081 :
1851 4037 1906 4082 et
1952 4027 2150 4084 iterum

578 4112 812 4172 Romam
851 4131 911 4171 se
957 4119 1205 4173 contulit.
1241 4118 1543 4191 Gregorius
1582 4132 1761 4178 autem
1798 4124 2001 4194 impius
2048 4126 2155 4182 Ec-

573 4207 797 4265 clesium
817 4212 1122 4280 occupavit.
1148 4214 1523 4281 Alexandrini,
1550 4216 1601 4270 id
1623 4215 1825 4271 factum
1850 4234 1954 4273 non
1975 4218 2151 4273 feren-

577 4310 680 4365 tes,
716 4300 1015 4355 Ecclesiam
1049 4302 1233 4357 Sancti
1286 4303 1532 4376 Dionysii
1559 4307 1940 4362 incenderunt.
1980 4310 2153 4379 igitur

574 4404 801 4445 sanctus
858 4391 1061 4447 Paulus
1109 4392 1672 4466 Constantinopoleos
1719 4398 2011 4469 episcopus
2044 4417 2150 4456 una

575 4496 701 4537 cum
736 4481 1037 4537 Athanasio
1066 4485 1325 4539 exsulans
1373 4485 1561 4542 Roma:
1584 4498 1722 4551 erat,
1752 4498 1806 4542 et
1836 4490 2032 4557 palmae
2056 4507 2146 4545 so-

574 4572 695 4628 cius
727 4572 851 4628 fuit.
889 4574 1161 4629 Constans
1186 4586 1367 4631 autem
1398 4578 1589 4632 scribit
1618 4577 1774 4634 fratri
1799 4580 2143 4645 Constantio,

576 4671 803 4734 urgente
858 4664 1018 4718 simul
1076 4666 1256 4735 ipsum
1301 4665 1450 4721 Julio
1479 4668 1758 4738 pontiﬁce,
1789 4678 1850 4725 ut
1899 4673 2151 4741 proprios

576 4756 928 4826 episcopatus
959 4758 1267 4827 reciperent
1296 4758 1473 4814 aﬁecti
1508 4759 1730 4829 injuria.
1781 4761 1886 4816 Sed
1926 4772 1984 4816 ut
2012 4764 2151 4817 nihil

578 4847 828 4903 ell‘ectum
867 4858 972 4918 est,
1020 4852 1298 4919 postulant
1332 4852 1496 4920 igitur
1536 4853 1870 4910 Athanasius
1926 4864 1979 4910 et
2010 4855 2152 4911 Pau-

580 4946 667 5002 lus
721 4958 781 5003 ut
821 4951 1156 5005 meumenica
1210 4950 1419 5021 synodo
1472 4949 1856 5014 decernantnr,
1904 4965 2025 5020 qua:
2080 4951 2148 5005 ad

580 5038 739 5093 ﬁdem
763 5039 1141 5103 orthodoxam,
1161 5049 1214 5093 et
1236 5054 1332 5094 eos
1357 5040 1693 5109 pertinerent
1717 5058 1731 5092 :
1757 5041 1926 5111 [quod
1951 5041 2016 5095 iis
2028 5040 2146 5095 vio-

580 5130 703 5184 latis
733 5130 892 5185 simul
916 5130 1047 5185 ﬁdes
1078 5132 1243 5186 etiam
1274 5148 1468 5187 casura
1496 5132 1686 5204 esset.]
1720 5133 2001 5188 inducitur
2019 5150 2149 5205 ergo

581 5221 780 5275 iterum
807 5223 1049 5291 synodus
1093 5222 1332 5277 Sardica:
1356 5239 1630 5279 consensu
1662 5225 1945 5294 utriusque
1973 5227 2148 5296 impe-

579 5313 801 5379 ratoris,
826 5313 1114 5369 undecimo
1136 5330 1281 5373 anno
1297 5331 1327 5369 a
1358 5326 1533 5371 morte
1555 5315 1923 5384 Constantini,
1957 5319 2151 5374 horum

2252 3307 2546 3378 γράμμασι
2591 3307 2683 3361 τὸν
2727 3307 3057 3378 ἠδικημένον
3105 3308 3424 3379 ὲπιρρώσας
3464 3309 3543 3372 εἰς
3582 3308 3845 3371 Ἀλεξάν-

2250 3399 2437 3469 δρειαν
2465 3398 2811 3462 ἀποστέλλει,
2837 3399 2896 3452 έν
2924 3394 3006 3461 οἷς
3037 3401 3128 3452 καὶ
3159 3401 3287 3463 τοὺς
3312 3400 3475 3453 αὐτὸν
3495 3400 3842 3464 καθελόντας

2251 3488 2437 3543 δικαία
2471 3492 2565 3544 καὶ
2595 3491 2656 3543 ού
2699 3491 2873 3561 μικρά
2911 3490 3121 3561 μέμψις
3147 3494 3473 3563 μετήρχετο.

2326 3582 2469 3637 Ἀλλ’
2531 3584 2582 3635 οἱ
2633 3584 2731 3654 τῆς
2756 3583 2969 3653 ’Λρείου
3018 3582 3223 3654 λύσσης
3264 3585 3693 3659 ύποφθείραντες
3736 3589 3849 3641 ἐπὶ

2252 3675 2418 3728 πλέον
2466 3676 2557 3728 τὸν
2612 3676 3012 3739 Κωνστάντιον,
3060 3675 3121 3729 ὃν
3167 3676 3322 3730 αὐτοὶ
3350 3679 3847 3750 κεχειροτονήκασι

2256 3764 2562 3836 Γρηγόριον
2594 3766 2687 3818 ἐπὶ
2714 3766 2813 3835 τὴν
2844 3764 3258 3835 Ἀλεξάνδρειαν
3288 3773 3653 3841 στρατιωτικῇ
3683 3774 3851 3841 χειρὶ

2253 3856 2638 3925 ἐκπεμφθῆναι
2668 3857 3160 3926 καταπράττονται’
3196 3858 3456 3929 Συριανὸς
3484 3855 3551 3931 ἦν
3586 3878 3849 3933 στρατη-

2252 3950 2350 4017 γὸς
2396 3952 2493 4019 τῆς
2544 3948 2798 4021 τοιαύτης
2842 3952 3221 4021 παρατάξεως,
3271 3953 3367 4006 καλ⁵
3398 3953 3427 4005 ὀ
3464 3956 3692 4025 στρατὸς
3750 3959 3850 4022 εἰς

2253 4042 2415 4094 πέντε
2460 4041 2703 4111 χιλιάδας
2748 4043 3101 4113 ἀπηρτίζετο.
3152 4044 3449 4115 Διαφεύγει
3476 4046 3522 4099 δ’
3553 4046 3697 4101 οὗνὸ
3741 4067 3854 4101 σο·-

2253 4133 2355 4203 φὸς
2386 4133 2703 4197 Ἀθανάσιος
2739 4135 2830 4188 τόν
2858 4154 2918 4187 τε
2952 4136 3254 4207 στρατηγὸν
3278 4138 3372 4190 καὶ
3404 4141 3529 4201 τοὺς
3560 4140 3848 4209 στρατιώ-

2252 4244 2351 4289 τας
2374 4227 2639 4289 πνέοντας
2670 4228 2790 4279 κατ’
2814 4226 2981 4281 αὐτοῦ
3011 4230 3102 4281 τὸν
3143 4229 3324 4298 φόνον,
3354 4232 3451 4283 καὶ
3488 4232 3547 4285 τὸ
3569 4232 3848 4302 δεύτερον

2253 4318 2346 4369 ἐπὶ
2372 4316 2471 4387 τὴν
2508 4316 2727 4387 Ῥώμην
2761 4317 3070 4389 ἀνατρέχει.
3112 4319 3171 4372 ’0
3208 4319 3267 4373 δὲ
3305 4320 3570 4393 δυσσεϐὴς
3614 4324 3847 4393 Γρηγό-

2254 4428 2368 4481 ριος
2390 4412 2489 4481 τῆς
2510 4410 2909 4483 Ἀλεξανδρέων
2936 4414 3232 4485 ἐκράτησε·
3256 4417 3350 4469 καὶ
3372 4417 3405 4485 ὴ
3436 4415 3590 4478 πόλις
3610 4415 3671 4469 τὸ
3696 4433 3849 4468 συν-

2254 4501 2471 4571 ενεχθὲν
2503 4503 2605 4555 οὐκ
2635 4504 2693 4556 ἐν
2735 4503 2814 4572 τῷ
2866 4503 3079 4575 ἀνεκτῷ
3130 4505 3328 4576 θεμένη
3353 4506 3450 4577 τὴν
3478 4506 3851 4577 καλουμένην

2247 4593 2524 4646 Διονυσίου
2574 4594 2871 4664 ἐκκλησίαν
2916 4596 3247 4667 ἐνέπρησαν.
3276 4598 3522 4668 Συνῆσαν
3560 4598 3691 4669 [785
3730 4600 3847 4671 ΙΙ.]

2248 4676 2340 4736 οὖν
2371 4682 2619 4750 ἀλλήλοις
2652 4685 2889 4753 φυγάδες
2934 4686 3086 4750 ὄντες
3115 4688 3142 4739 ὃ
3164 4704 3224 4739 τε
3260 4686 3552 4757 σεϐάσμιος
3590 4688 3849 4743 Ἀθανά-

2251 4790 2365 4837 σιος
2405 4775 2501 4827 καὶ
2548 4774 2781 4840 Παῦλος,
2826 4781 2940 4840 τοῖς
2988 4780 3125 4842 ἴσοις
3176 4780 3471 4849 ἀριστείοις
3509 4782 3850 4850 κοσμούμε-

2248 4884 2328 4920 νοι
2377 4869 2442 4923 ⁸³.
2469 4868 2673 4939 Γράφει
2714 4869 2770 4921 δὲ
2826 4868 3089 4935 Κώνστας
3133 4873 3212 4943 τῷ
3267 4873 3479 4943 ἀδελφῷ
3529 4875 3852 4927 Κώνσταν-

2248 4959 2385 5029 τίῳ,
2440 4961 2948 5033 συμπαρορμῶντος
2999 4965 3163 5018 αὑτὸν
3222 4966 3319 5019 καὶ
3364 4966 3459 5018 τοῦ
3516 4967 3846 5037 ἀρχιερέως

2263 5050 2509 5115 Ἰουλίου,
2544 5051 2685 5105 ὥστε
2744 5053 2841 5115 τάς
2876 5054 3009 5119 ἰδίας
3042 5056 3346 5119 ἐπισκοπάς
3376 5057 3663 5110 ἀναλαϐεῖν
3694 5061 3850 5125 τοὺς

2250 5142 2631 5211 ἠδικημένους.
2671 5144 2758 5208 Ὠς
2786 5146 2831 5199 δ’
2857 5146 3008 5199 οὐδὲν
3062 5149 3243 5218 ἤνυεν,
3290 5149 3533 5213 ἀξιοῦσιν
3580 5150 3753 5204 αὐτὸν
3786 5158 3851 5207 οἱ

2250 5235 2381 5304 περὶ
2407 5233 2723 5288 Ἀθανάσιον
2763 5239 3115 5310 οἱκουμενικῇ
3142 5240 3345 5311 συνόδῳ
3371 5241 3442 5294 τά
3470 5242 3595 5313 περὶ
3621 5242 3853 5311 αὐτούς

2249 5339 2313 5374 τε
2343 5322 2439 5375 καὶ
2475 5324 2573 5393 τῆς
2616 5328 3161 5402 συνεπηρεαζομένης
3191 5332 3427 5395 πίστεως
3447 5332 3850 5406 ἐπικριθῆναι.

1744 5516 1983 5573 ΥΑΒΙᾹΞΞ
2049 5519 2432 5577 LECTIONES

653 5678 701 5711 ⁸⁸
729 5678 958 5732 ἐπέϐαλε
986 5694 1047 5742 ς.

587 5749 806 5805 nomine
834 5758 954 5819 post
1006 5748 1226 5818 μᾶλλον,
1283 5746 1340 5798 Β.
1419 5746 1463 5777 ⁶¹
1494 5747 1866 5816 κοσμούμενος
1898 5747 1958 5803 Β.

1146 5680 1191 5711 ⁵⁸
1222 5675 1319 5766 τοῖς
1346 5691 1462 5766 ora;
1574 5675 2143 5766 ἐκεῖνος
2175 5682 2235 5737 Β.
2312 5687 2354 5719 ⁶¹
2393 5688 2740 5760 κατάκρισιν]
2768 5692 3096 5763 κατάκρισιν
3134 5695 3475 5766 Ἀθανασίου,
3504 5695 3718 5754 omisso
3769 5716 3861 5759 eo
