4152 6476
278 419 374 487 145

1319 424 1851 487 BIBLIOTHECA.
1880 425 2140 488 --.COD.
2204 424 2509 487 CCLVIII.

3416 416 3518 484 ιω

273 531 417 605 [MM
457 531 553 603 ἢ]
583 532 692 587 Καὶ
726 533 1061 605 κηρύσσεται
1091 535 1285 609 γνώμῃ
1313 537 1425 590 τῶν
1452 538 1547 593 δύο
1573 537 1839 610 βασιλέων

1945 536 2133 609 patris.
2162 536 2354 607 Itaque
2372 551 2404 592 e
2434 535 2685 607 partibus
2717 532 3024 591 Occidentis
3052 549 3217 605 supra
3245 542 3520 591 trecentos

273 628 401 682 κατά
426 626 697 700 Σαρδικὴν
726 628 773 660 ⁸³
819 629 1171 703 οίκουμενικὴ
1205 630 1445 695 σύνοδος·
1477 633 1766 688 ἑνδέκατον
1792 633 1837 686 δ’

270 715 333 790 ἦν
364 719 486 783 έτος
512 719 622 772 ἀπὸ
638 720 741 792 τῆς
772 721 1028 793 τελευτῆς
1066 724 1482 779 Κωνσταντίνου
1513 726 1609 778 τοῦ
1634 724 1842 795 πατρὸς

272 811 371 865 τῶν
404 810 689 882 βασιλέων.
734 814 831 867 Ἐκ
856 815 953 884 μὲν
1002 814 1065 885 δὴ
1085 817 1184 886 τῆς
1225 817 1516 888 Ἐσπερίας
1544 816 1686 889 ὑπὲρ
1713 818 1842 881 τοὺς

272 902 609 973 τριακοσίους
638 904 901 974 συνῆλθον
930 906 1241 967 ἐπίσκοποι.
1260 909 1323 961 ὲκ
1349 908 1406 962 δὲ
1435 908 1844 979 τῆςἈνατολῆς

273 991 325 1056 ἒξ
351 993 502 1061 μόνοι
536 994 629 1046 καὶ
656 994 1047 1066 ἐϐδομήκοντα,
1084 998 1142 1049 ὲν
1171 991 1250 1058 οἷς
1285 997 1382 1049 καὶ
1416 998 1445 1050 6
1476 997 1571 1051 τοῦ
1602 999 1839 1071 Μαρεώο

270 1101 355 1136 του
386 1083 643 1155 ’ἰσχύρας
671 1086 954 1157 ἠριθμεῖτο
976 1087 1051 1151 ὡς
1077 1088 1394 1153 ἐπίσκοπος.
1438 1088 1527 1152 Ὠς
1556 1084 1649 1143 οὖν
1687 1092 1743 1143 ὲν
1776 1091 1843 1161 τῇ

271 1178 502 1250 Σαρδικῇ
531 1180 797 1252 συνῄεσαν
833 1181 1094 1246 ἅπαντες,
1117 1184 1166 1237 οἱ
1192 1182 1599 1254 τῆςἈνατολῆς
1616 1184 1695 1247 είς
1718 1184 1843 1254 ὄψιν

267 1268 364 1321 τῶν
410 1267 720 1341 Ἐσπερίων
751 1271 925 1325 ἐλθεῖν
957 1273 1355 1345 ἀπηρέσκοντο,
1383 1275 1432 1327 εί
1461 1275 1539 1345 μὴ
1576 1275 1843 1346 πρότερον

269 1361 386 1422 τοὺς
417 1362 549 1433 περὶ
574 1362 899 1417 Ἀθανάσιον
953 1366 1049 1419 καὶ
1080 1365 1290 1419 Παῦλον
1318 1366 1412 1419 τοῦ
1441 1366 1701 1436 συλλόγου
1741 1368 1847 1421 άπ-

272 1450 497 1504 ελάσωσι
514 1453 580 1508 ⁸⁵.
610 1455 970 1527 Πρωτογένης
988 1458 1047 1510 δὲ
1073 1459 1102 1511 6
1133 1458 1403 1530 Σαρδικῆς
1428 1459 1724 1522 ἐπίσκοπος
1751 1461 1847 1513 καὶ

274 1539 453 1605 Ὅσιος
484 1544 517 1595 6
556 1544 911 1619 Κουδρούϐης
933 1548 1028 1602 καὶ
1064 1548 1114 1603 οἱ
1140 1549 1319 1603 λοιποὶ
1340 1549 1597 1621 ἑπόμενοι
1628 1550 1747 1603 οὐδ’
1766 1552 1848 1615 είς

272 1632 432 1704 ἀκοὴν
485 1634 591 1706 τὴν
648 1636 916 1708 ἔκθεσμον
956 1640 1137 1695 αὐτῶν
1176 1641 1405 1708 ἀξίωσιν
1458 1640 1843 1712 παρεδέξαντο,

274 1725 459 1795 ἄνδρας
482 1726 581 1799 οὓς
610 1730 871 1802 συνῆλθον
895 1734 1098 1803 κρῖναι,
1127 1733 1369 1805 ἀκρίτως
1399 1737 1726 1806 κατακρϊναι
1754 1736 1849 1789 καὶ

1943 637 2324 687 convenerunt
2362 628 2629 699 episcopi,
2678 642 2744 684 ex
2792 626 3017 682 Oriente
3042 642 3173 682 vero
3200 636 3415 682 tantum
3442 642 3523 683 sc-

1942 722 2227 793 ptuaginta
2257 736 2374 788 sex,
2406 721 2463 775 in
2494 719 2696 791 quibus
2740 727 2795 775 et
2822 719 2939 791 ipse
2968 719 3216 791 lschyras
3254 718 3520 787 Mariotis,

1942 813 2104 885 quasi
2133 814 2426 884 episcopus
2463 810 2917 867 numerabantur.
2956 810 3133 882 Igitur
3164 810 3294 867 dum
3326 826 3524 868 conve-

1945 907 2159 963 nissent
2189 906 2445 972 Sardicze,
2491 902 2800 961 Orientales
2843 905 2901 959 in
2930 912 3291 977 conspectum
3337 904 3527 959 venire

1945 1000 2377 1058 Occidentalium
2406 1000 2743 1056 recusabant
2769 1037 2785 1065 ,
2815 999 2921 1054 nisi
2979 1000 3134 1069 prius
3190 998 3419 1055 Paulum
3472 1006 3530 1054 et

1945 1092 2311 1149 Athanasium
2345 1092 2579 1148 concilio
2612 1091 2925 1163 ejecisscnt.
2971 1091 3307 1163 Protogenes
3339 1100 3526 1145 autem

1948 1185 2296 1242 Sardicensis
2326 1185 2641 1256 episcopus,
2675 1193 2729 1240 et
2753 1184 2956 1241 Hosius
2983 1184 3375 1249 Cordubensis,
3405 1183 3526 1238 alii-

1946 1295 2055 1351 que
2084 1278 2329 1351 episcopi
2355 1278 2559 1352 482α
2583 1277 2873 1349 postulatis
2907 1293 3016 1335 non
3047 1286 3362 1333 annuerunt
3392 1294 3408 1331 :
3440 1275 3527 1331 ni-

1946 1372 2150 1427 mirum
2214 1370 2387 1439 viros,
2445 1386 2587 1441 quos
2633 1370 2935 1442 iudicaturi
2994 1376 3285 1434 venerant,
3323 1366 3527 1424 indicta

1947 1479 2115 1520 causa
2144 1463 2396 1519 damnari
2428 1477 2493 1518 ac
2530 1463 2743 1534 repelli.
2777 1462 3103 1519 Secessione
3138 1461 3323 1531 itaque
3360 1460 3526 1524 facta,

1947 1552 2308 1610 Orientalium
2355 1555 2736 1626 episcoporum
2778 1555 2848 1610 ab
2894 1552 3207 1610 Occidentis
3231 1551 3526 1623 episcopis,

1947 1646 2220 1718 Philippis
2259 1656 2684 1718 congregantur,
2743 1660 2922 1717 neque
2954 1646 3193 1714 amplius
3224 1653 3367 1700 tecta
3396 1658 3527 1698 sen-

1952 1737 2139 1801 tentia,
2185 1738 2278 1792 sed
2326 1746 2521 1807 aperte
2569 1748 2622 1794 et
2654 1738 2921 1794 audacter
2948 1735 3236 1807 ὁμοούσιον
3265 1733 3528 1791 condem-

273 1818 549 1873 ἀπελάσαι.
567 1821 661 1888 Ἐξ
685 1817 760 1876 ὧν
784 1825 832 1877 οἱ
855 1826 954 1894 μὲν
977 1825 1385 1897 τῆςἊνατολῆς
1403 1826 1715 1899 σχισθέντες
1734 1828 1842 1882 τῶν

1953 1835 2168 1891 nantes,
2206 1826 2634 1897 inaequalitatem
2671 1828 2973 1884 decernunt
2998 1836 3052 1882 et
3092 1826 3318 1897 impiam
3354 1824 3529 1880 hzere-

274 1913 324 1965 ἑν
352 1914 590 1987 Σαρδικῇ
639 1917 700 1970 ὲν
738 1919 805 1989 τῇ
849 1919 1118 1973 Φιλίππου
1162 1922 1315 1976 πόλει
1364 1920 1839 1994 συναθροίζονται,

1945 1919 2046 1974 sim
2104 1918 2308 1990 ubique
2359 1920 2742 1976 disseminant.
2792 1919 2902 1975 Sed
2963 1920 3021 1975 in
3071 1917 3389 1975 Sardicensi
3431 1917 3527 1988 qui

274 2006 425 2060 καὶτὸ
444 2008 777 2077 όμοούσιον
801 2011 985 2065 οὐκέτι
1014 2012 1207 2085 γνώμῃ
1237 2014 1444 2087 ύφάλῳ,
1469 2014 1582 2068 ἀλλ’
1600 2016 1842 2086 ἐμφανε-

1945 2024 2117 2080 erant,
2171 2016 2411 2086 primum
2471 2016 2694 2087 quidem
2748 2016 3021 2086 privatam
3070 2014 3221 2069 illam
3256 2014 3525 2085 synodum

274 2098 425 2170 στάτῃ
452 2101 552 2153 καὶ
579 2101 837 2174 γλώσσης
877 2102 1180 2175 θρασύτητι
1225 2107 1706 2177 ἀναθεματίζουσι,
1744 2108 1840 2161 καὶ

1945 2105 2396 2162 condemnarunt.
2426 2106 2633 2163 Deinde
2656 2114 3010 2163 accusatores
3033 2104 3211 2160 sancti
3230 2102 3526 2159 Athanasii

275 2190 329 2244 τὸ
346 2191 592 2262 ἀνόμοιον
612 2194 1026 2266 δογματίζουσι,
1048 2198 1146 2253 καὶ
1162 2198 1232 2253 τὰ
1250 2199 1486 2270 δυσσεϐῆ
1508 2199 1839 2271 ψηφίσματα

1945 2196 2224 2252 calumniae
2252 2212 2378 2253 reos
2400 2198 2665 2268 dignitate
2698 2197 2983 2268 privarunt
3022 2215 3036 2250 ;
3067 2205 3121 2251 et
3151 2195 3377 2252 tertium
3412 2193 3526 2265 jam

282 2284 530 2354 πανταχοῦ
584 2286 1011 2358 διαπέμπονται.
1063 2290 1128 2345 οι
1158 2290 1215 2344 δὲ
1247 2292 1305 2344 ὲν
1338 2292 1576 2364 Σαρδικῇ
1620 2292 1839 2363 πρῶτον

1945 2286 2169 2344 Nicmnai
2190 2290 2384 2360 synodi
2412 2288 2689 2344 decretum
2718 2290 3069 2349 conﬁrmant.
3094 2298 3148 2343 et
3181 2287 3530 2358 promulgant

293 2374 378 2442 μὲν
397 2376 495 2429 τῶν
518 2377 931 2449 ἀποσχισάντων
957 2382 1057 2454 ὲρή
1067 2400 1177 2453 μην
1202 2382 1671 2455 κατεψηφίσαντο,
1711 2378 1833 2437 εἶτα

1945 2381 2200 2435 omnibus
2226 2381 2530 2451 όμοούσιον,
2560 2382 2826 2450 ἱηαεηιιιιιθ
2856 2396 2984 2437 vero
3012 2382 3065 2434 in
3097 2379 3368 2436 Trinitate
3395 2394 3527 2434 con-

296 2466 405 2529 τοῦς
441 2468 749 2526 ’Δθανασίου
799 2476 1143 2548 κατηγόρους
1197 2476 1568 2545 συκοφαντίας
1601 2475 1834 2540 ἁλόντας

1945 2473 2202 2527 demnant
2250 2481 2414 2542 atque
2471 2473 2781 2540 repudiarit,
2830 2474 3284 2543 conscriptasque
3318 2481 3373 2527 et
3422 2471 3527 2526 insi

295 2558 575 2633 καθαιροῦσι
599 2563 698 2617 τοῦ
725 2564 1054 2639 ἀξιώματος,
1079 2569 1173 2623 καὶ
1209 2567 1393 2641 τρίτον
1421 2569 1519 2640 τῆς
1546 2569 1603 2621 ἐν
1624 2567 1834 2638 Νικαίᾳ

1945 2564 2201 2635 epistolas
2228 2564 2428 2633 ubique
2458 2563 2759 2633 divulgant.

287 2652 475 2708 συνόδου
502 2656 593 2710 τὸν
618 2657 750 2729 ὅρον
782 2659 1134 2730 κρατύνουσι,
1175 2660 1274 2715 καὶ
1334 2660 1776 2732 ἀποκηρύττουσι
1814 2658 1860 2690 ⁸⁸
1895 2658 1956 2709 τὸ
2018 2655 2293 2727 ἀνόμοιον,
2338 2655 2433 2708 ἐπὶ
2482 2656 2617 2710 πᾶσι
2653 2654 2711 2707 δὲ
2761 2652 2821 2707 τὸ
2853 2652 3178 2724 ὀμοούσιον
3216 2650 3529 2724 ἀνακηρύτ-

276 2762 408 2800 τουσι
434 2749 500 2815 ⁸⁸,
540 2751 636 2804 καὶ
654 2752 962 2823 γράμματα
1007 2752 1146 2825 πρὸς
1187 2754 1370 2818 πάσας
1396 2754 1498 2819 τὰς
1518 2756 1617 2827 τῆς
1646 2757 1690 2788 ⁸⁷
1719 2754 2046 2825 οἰκουμένης
2064 2752 2399 2823 Ἐκκλησίας
2426 2749 2854 2821 διαπέμπονται.

333 2838 485 2904 Γωὺς
529 2840 580 2896 δ’
612 2844 644 2896 6
696 2844 804 2897 τῶν
858 2844 1163 2916 Ἐσπερίων
1197 2844 1452 2916 βασιλεὺς
1474 2846 1546 2901 τὰ
1574 2847 1718 2902 κατὰ
1746 2846 1842 2916 τὴν

2016 2844 2153 2900 Cum
2200 2850 2383 2898 autem
2431 2841 2793 2898 intellexisset
2842 2838 3155 2895 Occidentis
3200 2838 3526 2910 imperator,

273 2928 521 3004 Σαρδικὴν
573 2936 965 3008 συνενεχθέντα
998 2936 1241 2993 διδάσκει
1274 2938 1374 3009 μὲν
1413 2940 1729 3009 παραυτίκα
1754 2940 1842 2993 τὸν

1945 2948 2067 3003 quae
2116 2934 2170 2987 in
2220 2932 2537 2989 Sardicensi
2580 2933 2823 2988 concilio
2871 2940 2994 2988 acta
3044 2931 3286 3001 fuerant,
3340 2932 3527 2988 statim

270 3020 499 3092 ἀδελφὸν,
537 3025 875 3098 ἀποδοθῆναι
910 3028 967 3081 δὲ
1012 3028 1215 3101 Παύλῳ
1269 3030 1366 3084 καὶ
1398 3030 1710 3101 Ἀθανασίῳ
1743 3032 1841 3084 καὶ

1945 3026 2169 3082 fratrem
2203 3026 2496 3081 certiorem
2531 3026 2789 3092 reddidit,
2819 3035 2875 3082 et
2904 3025 3095 3094 Paulo,
3119 3036 3171 3081 et
3202 3026 3529 3095 Athanasio,
3640 3070 3643 3073 .

266 3114 366 3176 τοῖς
392 3115 533 3186 περὶ
565 3116 766 3181 αὐτοὺς
809 3117 856 3149 ⁸⁸
887 3119 1015 3183 τοὺς
1055 3121 1292 3186 οἰκείους
1325 3121 1547 3193 θρόνους
1589 3123 1708 3193 ἃμα
1746 3122 1842 3195 μὲν

1945 3124 1999 3170 ct
2027 3116 2168 3181 suis,
2202 3115 2457 3187 proprias
2490 3115 2643 3170 reddi
2678 3116 2836 3171 sedes
2866 3116 3065 3186 partim
3096 3116 3374 3182 monebat,
3398 3132 3529 3187 par-

264 3206 504 3303 παρῄνει,
543 3207 675 3278 ἅμα
720 3210 780 3263 δὲ
804 3212 901 3265 καὶ
931 3213 1353 3283 παρεκελεύετο.
1389 3194 1842 3277 ΚαὶἈθανάσιος

1950 3209 2047 3264 tim
2083 3208 2401 3264 mandabat.
2432 3208 2737 3264 Athanasio
2766 3219 2950 3263 autem
2986 3208 3187 3263 iterum
3224 3208 3532 3265 sustinente

262 3293 352 3364 μὲν
390 3296 767 3351 ὑπεστέλλετο
796 3299 894 3362 τὰς
919 3300 1027 3354 τῶν
1061 3301 1360 3372 Ἀρειανῶν
1393 3303 1716 3369 επιϐουλὰς,
1749 3305 1842 3358 καὶ

1949 3299 2182 3355 insidias
2204 3299 2563 3365 Arianorum,
2593 3308 2648 3355 et
2673 3297 2904 3355 Romam
2943 3300 3218 3365 veniente,
3251 3296 3529 3356 Occiden-

257 3391 316 3460 τῇ
351 3389 548 3463 Ῥώμῃ
599 3393 994 3463 προσήδρευενο
1040 3395 1070 3448 6
1112 3396 1170 3448 δὲ
1213 3396 1311 3467 τῆς
1346 3396 1562 3461 Δύσεως
1593 3396 1842 3467 βασιλεὺς

1948 3391 2018 3446 tis
2045 3390 2349 3462 imperator
2380 3406 2603 3447 rursum
2630 3390 2824 3447 scribit
2857 3390 3039 3459 fratri,
3067 3392 3114 3447 si
3140 3390 3317 3448 virum
3338 3392 3531 3448 libenti

259 3483 409 3538 πάλιν
427 3484 652 3557 γράφει
670 3486 920 3557 τάδελφῷ
935 3487 1034 3555 ὡς,
1050 3489 1098 3542 εί
1128 3489 1227 3560 μὲν
1255 3489 1553 3559 προθύμως
1572 3490 1780 3559 δέχοιτο
1800 3490 1842 3522 ⁸⁸

1946 3484 2134 3537 animo
2182 3482 2508 3553 susciperet,
2565 3483 2708 3537 etin
2757 3482 2886 3539 sede
2931 3498 3032 3538 sua
3098 3485 3419 3549 collocaret,
3471 3501 3533 3542 se

259 3573 336 3626 τὸν
372 3576 566 3648 ἄνδρα.
594 3574 693 3629 καὶ
724 3576 817 3631 τὸν
868 3579 1256 3650 ἀρχιερατικδν
1294 3580 1589 3634 ἀποδίδωσι
1631 3582 1842 3653 θρόνον,

260 3663 461 3737 ἕτοιμός
506 3668 670 3722 ἐστιν
716 3669 1024 3740 ἐκπέμπειν
1077 3671 1169 3726 τὸν
1196 3672 1535 3738 Ἀθανάσιον,
1582 3675 1633 3726 εί
1674 3674 1732 3727 δὲ
1768 3674 1845 3745 μὴ

256 3755 517 3827 βούλοιτο,
554 3761 722 3824 αὐτὸς
754 3761 823 3813 δι’
852 3763 1047 3816 ἑαυτοῦ
1077 3763 1170 3817 τοῦ
1200 3764 1410 3818 δικαίου
1444 3765 1732 3835 γενήσοιτο
1760 3784 1844 3819 τι·

255 3853 449 3921 μωρός.
486 3851 847 3908 Καθίσταται
889 3853 954 3926 δὴ
979 3857 1007 3908 6
1036 3857 1422 3922 Κωνστάντιος
1455 3858 1537 3921 εἰς
1576 3858 1718 3923 δέος,
1747 3859 1844 3911 καὶ

250 3942 333 3997 διὰ
361 3944 752 4017 γραμμάτων,
808 3944 908 4017 οὐχ
942 3947 1088 4014 ἅπαξ
1127 3948 1267 4002 ἀλλά
1314 3951 1410 4004 καὶ
1458 3950 1539 4014 δὶς
1585 3951 1681 4004 καὶ
1719 3951 1844 4022 τρὶς

252 4036 591 4101 σταλέντων,
617 4037 926 4105 ἐπαγωγῶν
956 4054 1018 4090 τε
1042 4039 1137 4092 καὶ
1159 4039 1497 4112 θελκτηρίων
1518 4042 1678 4096 καλεῖ
1703 4040 1844 4113 πρὸς

249 4128 435 4183 ἑαυτὸν
458 4129 572 4183 τὸν
614 4127 918 4187 πολύαθλον
943 4128 1286 4189 Ἀθανάσιον.
1327 4132 1441 4185 Καὶ
1469 4132 1605 4203 μετά
1640 4132 1845 4202 πολλῆς

248 4216 591 4291 δορυφορίας
617 4216 748 4291 [786
780 4218 880 4291 Η.]
900 4218 1224 4277 ἀποστέλλει
1260 4221 1450 4276 τοῦτον
1471 4223 1501 4276 6
1528 4222 1629 4293 τῆς
1642 4224 1844 4278 Ἑσπέ-

248 4324 345 4376 ρας
374 4308 673 4378 βασιλεὺς,
715 4307 811 4361 καὶ
850 4307 1074 4362 Ἰουλίου
1107 4308 1205 4363 τοῦ
1245 4308 1550 4381 ἀρχιερέως
1580 4309 1847 4380 γράμμα-

250 4414 333 4452 σιν
369 4401 550 4456 αὐτὸν
605 4400 888 4471 διαφόροις
935 4401 1332 4471 ὲφοδιάζοντος.
1375 4402 1759 4467 Κωνστάντιυς
1786 4402 1845 4456 δὲ

246 4493 685 4563 παραγεγονότα
713 4493 795 4556 είς
817 4493 911 4547 τὸν
939 4493 1139 4546 οἰκεῖον
1170 4492 1358 4565 θρόνον
1385 4492 1844 4561 ἀποκαθίστησιν,

1946 3582 2201 3644 prompte
2231 3589 2358 3628 eum
2405 3575 2729 3641 missurum,
2762 3574 2849 3630 sin
2896 3575 3100 3640 minus,
3150 3592 3211 3632 se
3257 3577 3528 3633 vindicem

1945 3665 2085 3720 fore.
2118 3664 2365 3720 Metuens
2410 3664 2597 3736 itaque
2650 3665 3006 3722 Constantius
3069 3674 3233 3722 vocat
3277 3665 3527 3724 Athana-

1945 3757 2113 3825 sium,
2145 3757 2387 3827 propriis
2417 3756 2617 3813 litteris
2651 3771 2759 3812 non
2805 3757 2998 3823 semel,
3037 3758 3135 3813 sed
3175 3757 3402 3824 iterum,
3453 3767 3532 3813 at-

1950 3864 2058 3921 que
2088 3850 2256 3906 etiam
2293 3849 2456 3905 tertio
2496 3848 2768 3915 scribens,
2816 3849 3156 3921 mittensque
3200 3850 3297 3920 qui
3342 3849 3534 3906 allice-

1945 3949 2069 3996 rent
2107 3951 2162 3995 et
2229 3940 2581 3996 adducerent.
2636 3939 2940 3996 Confestim
2991 3949 3175 3996 autem
3224 3940 3527 4011 imperator

1943 4033 2241 4101 Constans,
2261 4034 2534 4105 adjunctis
2554 4033 2745 4089 multis
2774 4033 3124 4101 satellitibus,
3157 4034 3385 4090 dimittit
3420 4050 3532 4089 ma-

1945 4140 2113 4197 gnum
2146 4124 2533 4189 Athanasium,
2567 4132 2624 4178 et
2661 4121 2844 4178 Julius
2885 4122 3135 4193 pontifex
3179 4124 3371 4179 multis
3400 4140 3528 4180 eum

1944 4216 2140 4273 litteris
2189 4215 2447 4271 munivit.
2494 4213 2817 4270 Venientem
2864 4216 3033 4284 igitur
3064 4224 3317 4271 sanctum
3356 4216 3530 4287 Atha-

1946 4310 2164 4364 nasium
2195 4309 2397 4378 accipit
2417 4306 2776 4363 Constantius
2804 4306 3125 4378 imperator,
3160 4315 3215 4363 et
3241 4324 3356 4364 suae
3401 4324 3529 4364 eum

1947 4401 2208 4458 Ecclesia:
2251 4400 2513 4466 restituit,
2554 4400 2817 4455 comitate
2863 4399 3276 4469 exprobrationi
3330 4400 3531 4472 adjun‘

1946 4505 2056 4551 cta.
2104 4493 2250 4548 Nam
2278 4493 2336 4548 in
2371 4493 2745 4548 contumeliam
2788 4509 2981 4560 meam,
3030 4493 3232 4565 inquit,
3264 4496 3531 4565 ejusmodi

246 4583 531 4657 ύφειμένῳ
567 4584 841 4656 πρότερον
882 4584 1170 4656 ὀνειδισμῷ
1212 4582 1632 4639 καθυποδαλών.
1672 4584 1842 4639 Ἀπο-

1948 4587 2077 4657 fuga
2111 4603 2238 4641 usus
2262 4602 2340 4641 es.
2387 4600 2509 4638 cum
2549 4600 2641 4653 ego
2670 4592 2894 4652 paratus
2937 4600 3104 4638 essem
3150 4584 3435 4639 humanius
3482 4594 3531 4640 te

243 4671 387 4743 δρὰς
428 4675 586 4747 γὰρ,
638 4672 815 4743 ἔλεγε,
832 4673 1107 4744 μεγάλην
1153 4672 1302 4742 ἐμοῦ
1332 4672 1642 4741 λοιδορίαν
1674 4671 1840 4726 κατέ-

244 4780 387 4833 χεας
415 4766 465 4799 ⁷ο
494 4765 703 4821 καίτοι
739 4781 807 4833 τε
838 4764 972 4833 περὶ
1008 4763 1124 4818 σοῦ
1149 4763 1194 4796 ⁷⁸
1234 4762 1631 4833 φιλάνθρωπα
1660 4766 1842 4834 μελε-

240 4857 491 4927 τῶντος·
524 4856 709 4925 πλὴν
732 4857 893 4912 ἀλλὰ
922 4874 989 4927 τε
1013 4857 1129 4911 νῦν
1143 4857 1290 4928 μίαν
1320 4873 1426 4926 μοι
1446 4855 1618 4909 δίδου
1640 4854 1837 4924 χάριν.

250 4952 310 5006 'O
364 4952 427 5006 δὲ
480 4952 601 5023 τὴν
646 4950 791 5005 κατά
841 4950 1072 5021 δύναμιν
1100 4950 1319 5021 ἕτοιμος
1349 4945 1492 5003 εἶναι
1519 4946 1841 5018 διωμολόγει

240 5042 608 5115 χαρίζεσθαι·
640 5042 740 5095 καὶ⁸
770 5043 799 5095 6
831 5042 1205 5105 Κωνστάντιος
1233 5040 1366 5111 μίαν
1404 5030 1699 5107 ἐκκλησίαν
1730 5039 1837 5092 τῶν

244 5134 296 5187 ὲν
316 5133 729 5205 Ἀλεξανδρείᾳ
760 5131 1012 5203 ἐπιζητεῖ
1049 5133 1094 5164 ⁷⁸
1124 5133 1234 5195 τοῖς
1278 5131 1584 5203 Ἀρειανοϊς
1616 5130 1838 5200 δοθῆναι

245 5228 655 5299 συνακτήριον.
691 5225 749 5280 'O
781 5224 839 5278 δὲ
864 5226 911 5257 ⁷³
936 5225 1037 5279 οὐκ
1074 5225 1339 5289 ἀπεῖπεν,
1372 5222 1637 5277 συνάπτει
1675 5221 1735 5276 δὲ
1771 5223 1838 5292 τῇ

246 5318 577 5383 καταθέσει,
609 5320 662 5372 εί
695 5319 792 5372 καὶ
824 5317 1201 5381 Κωνστάντιος
1239 5316 1300 5370 ὲν
1334 5315 1841 5370 Κωνσταντινουπό-

245 5407 320 5465 λει
346 5411 489 5485 μίαν
520 5414 643 5476 τοῖς
670 5410 970 5481 ὀμοδόξοις,
1003 5411 1071 5482 ἢν
1100 5408 1256 5464 οὔπω
1285 5404 1457 5480 εἶχον,
1487 5408 1838 5479 ὲγχειρίσειε.

1943 4682 2241 4752 complecti.
2284 4680 2479 4735 Verum
2522 4679 2653 4733 mihi
2697 4695 2805 4733 una
2844 4696 2900 4733 re
2931 4679 3268 4750 gratiﬁcare.
3300 4680 3394 4735 llle
3424 4695 3530 4735 au-

1943 4783 2055 4831 tem
2086 4774 2155 4829 ad
2202 4788 2369 4829 eum:
2402 4773 2678 4838 Libenter,
2716 4771 2919 4842 inquit,
2957 4772 3251 4841 praestabo,
3294 4772 3529 4844 impera-

1942 4878 2050 4934 tor,
2100 4874 2370 4937 quantum
2424 4879 2673 4936 possum,
2724 4864 2873 4935 quod
2926 4878 3111 4934 rogas.
3171 4863 3527 4923 Constantius

1944 4966 2128 5013 autem
2161 4974 2176 5012 :
2204 4955 2383 5013 Unam
2428 4956 2721 5013 ecclesiam
2767 4971 2835 5011 ex
2888 4957 2958 5011 iis
3005 4972 3130 5028 quae
3177 4957 3530 5015 Alexandria:

1944 5059 2096 5117 sunt,
2148 5049 2372 5106 Arianis
2418 5049 2710 5105 concedas.
2759 5048 2856 5104 Ille
2911 5065 3043 5105 vero
3076 5050 3527 5120 dixitzFaciam,

1946 5146 2265 5215 imperator,
2311 5142 2576 5214 utjubes,
2625 5143 2674 5198 si
2724 5151 2779 5198 et
2808 5151 2866 5198 tu
2907 5143 3043 5198 mihi
3086 5142 3330 5200 vicissim
3374 5143 3524 5201 Con-

1946 5236 2300 5307 stantinopoli
2380 5234 2679 5307 praebueris
2744 5234 3066 5302 ecclesiam,
3134 5251 3243 5307 qua
3298 5245 3528 5304 carent,

1946 5332 2016 5389 ad
2075 5338 2407 5386 conventum
2471 5327 2938 5384 orthodoxorum.
3006 5325 3364 5385 Constantius
3425 5344 3525 5385 au-

1947 5436 2057 5482 tem
2084 5421 2285 5497 ωλι»
2326 5431 2578 5494 prompte
2628 5421 2917 5493 promisit,
2965 5419 3190 5491 ignarus
3243 5420 3478 5478 Arianos
3504 5461 3523 5489 ,

1474 5540 1718 5597 VARIIE
1774 5539 2180 5597 LECTIONES.

310 5658 359 5692 ⁸³
389 5657 675 5733 Σεεδικήν
703 5661 922 5733 Δ,ηυί
984 5662 1067 5718 sic
1124 5674 1181 5719 et
1241 5663 1404 5720 infra.

246 5728 707 5810 ἀνακηρύττωσι
761 5732 825 5810 τὲ
845 5728 1189 5810 Ἂμᾼοούσιον-
1225 5736 1317 5787 ἐπὶ
1380 5736 1549 5810 πᾶσι-,Δ
1590 5734 1670 5810 τδ-
1710 5734 1964 5810 dvorton
1996 5729 2524 5810 sednoanpdrfouat
2556 5746 2617 5791 ς.
2716 5729 2756 5808 ⁸]

1508 5798 1553 5837 ⁷ο
1587 5798 1823 5875 ἐξέχεας
1842 5804 1949 5860 AB.
2028 5807 2069 5838 ⁷³
2092 5803 2210 5874 σοῦ]
2241 5798 2405 5853 αὑτοῦ
2446 5799 2523 5853 A:
2560 5798 2757 5851 σαυτοῦ
2790 5798 2847 5852 Β.

245 5798 617 5877 ξεέεαριτυρς
645 5814 759 5860 0m.
787 5801 847 5857 Β.
917 5798 967 5837 ’θ’
995 5805 1341 5877 προσδέχοιτο
1371 5823 1428 5869 ς.

246 5868 290 5901 τι
311 5868 398 5940 δι]
421 5870 493 5939 δή
522 5870 593 5922 υ.

1515 5663 1561 5695 ⁸⁵
1621 5662 1955 5717 ἀπελάσουσι
2000 5665 2063 5719 B.
2138 5664 2186 5696 ⁵⁸
2255 5657 2700 5728 ἀποκηρύττουσι
2728 5656 2867 5728 -9δ
2897 5653 3515 5728 ἀνακηρύττουσιμΔΒ)

2716 5729 2759 5759 ⁸⁷
2791 5727 2889 5797 τῆς
2915 5727 3039 5781 add.
3212 5723 3269 5797 φ-
3291 5724 3383 5797 καὶ
3404 5724 3519 5797 τοῖς

2927 5796 2968 5829 ⁷³
3002 5793 3271 5865 ἐπιζητεῖ]
3292 5795 3434 5847 αἰτεῖ
3454 5792 3522 5848 Β.
