4036 6318
582 363 687 441 ,147

1734 338 1997 407 ΡΗΟΤΙΙ
2029 330 2535 395 ΡΑΤΒΙΑΒΟΗᾹΞ
2571 331 2678 390 ΟΡ.

3730 318 3836 386 148

589 477 684 551 qui
722 486 903 531 secum
945 472 1236 530 sentirent,
1269 475 1487 520 summa
1529 445 1730 515 dolore
1764 466 1887 510 sese
1930 446 2159 503 affectu-

2274 440 2642 502 Κωνστάντιος
2682 436 2739 491 δὲ
2769 434 3066 507 προθύμως
3105 452 3166 489 τε
3203 435 3299 489 καὶ
3326 433 3423 488 σὺν
3449 433 3611 505 ἡδονῇ
3654 432 3839 506 twn?-

588 543 735 631 θύω.
764 565 953 635 itaque
982 563 1297 632 imperator,
1318 553 1422 613 viri
1458 548 1804 623 prudentiam
1838 543 2161 602 admiratus,

590 678 658 720 ac
698 631 1001 722 solertiam,
1044 631 1194 719 eum,
1235 663 1433 720 magno
1484 646 1691 701 honore
1729 639 1939 702 habito,
1987 631 2167 695 dimit-

592 755 659 811 tit
689 770 705 808 :
733 750 983 808 scribens
1012 746 1176 804 etiam
1206 738 1501 815 (Nestorio)
1538 729 1848 803 Augustali,
1891 728 2032 781 inter
2067 738 2164 779 cae-

591 855 709 902 tera
743 853 805 900 ut
847 856 1046 911 magno
1096 838 1306 893 honore
1350 845 1474 887 eum
1523 825 1843 885 deduceret,
1879 830 1933 875 et
1980 815 2167 873 omnia

591 954 715 1010 quae
744 938 862 1008 ipse
894 929 1267 994 Constantius,
1293 934 1349 981 et
1383 920 1573 979 Ariani
1614 925 1805 974 contra
1847 913 2005 970 illum
2050 917 2166 965 sta-

594 1004 851 1092 tuissent,
883 1025 1042 1081 irrita
1079 1021 1308 1077 haberet
1336 1036 1352 1072 :
1383 1014 1513 1087 quin
1547 1021 1599 1067 et
1626 1014 1834 1065 clerum
1864 1004 1983 1074 ejus
2015 1017 2168 1058 eam-

591 1123 713 1177 dem
741 1120 903 1193 jubet
938 1115 1190 1172 obtinere
1229 1109 1577 1181 dignitatcm,
1622 1103 2036 1175 libertatemque
2081 1108 2169 1150 res

591 1230 782 1273 sacras
813 1211 1030 1284 publice
1056 1201 1501 1268 administrandi,

657 1469 996 1534 Athanasius
1044 1467 1229 1536 itaque
1285 1477 1411 1518 cum
1461 1457 1799 1530 pervenisset
1849 1450 2166 1522 Hierosoly-

587 1580 755 1627 mam,
798 1560 1037 1624 Maximo
1079 1557 1340 1628 episcopo
1385 1562 1440 1607 et
1492 1546 1821 1610 confessori,
1860 1554 1988 1600 nota
2033 1542 2167 1597 facit

532 1726 535 1729 _
588 1666 709 1714 acta
769 1650 1117 1718 Sardicensis
1182 1646 1426 1712 concilii,
1490 1642 1751 1714 quodque
1805 1635 2165 1694 Constantius

588 1752 886 1822 imperator
929 1759 1060 1814 erga
1106 1757 1167 1798 se
1195 1741 1336 1797 bene
1361 1739 1637 1799 animatus
1679 1733 1773 1789 sit.
1807 1730 2012 1787 Deinde
2040 1743 2167 1784 con-

586 1820 774 1911 gregat
799 1834 1070 1908 synodum
1094 1831 1511 1903 episcoporum,
1533 1840 1655 1897 quae
1678 1825 1839 1887 beato
1862 1820 2164 1884 Athanasio

587 1909 645 1985 et
692 1924 1136 1985 communionem
1180 1929 1237 1975 et
1292 1919 1612 1989 dignitatem
1662 1913 2030 1989 episcopalem
2067 1909 2168 1973 de-

588 2020 800 2084 cernit,
849 2030 905 2075 et
952 2016 1149 2072 scribit
1193 2013 1312 2083 ipsa
1363 2008 1609 2081 synodus
1656 2003 2065 2067 Alexandrinis,
2118 2012 2171 2058 et

591 2111 851 2175 omnibus
894 2110 950 2164 in
1012 2106 1249 2178 {Egypto
1288 2113 1342 2158 et
1385 2100 1555 2171 Libya
1600 2097 1896 2169 episcopis,
1941 2109 2063 2166 quae
2102 2094 2171 2148 de

590 2202 896 2265 Athanasio
919 2201 1136 2257 decreta
1167 2205 1355 2253 essent
1379 2204 1435 2250 et
1461 2202 1633 2265 gesta.

663 2381 1004 2445 Athanasius
1050 2372 1234 2439 autem
1286 2372 1672 2441 Alexandriam
1720 2384 1847 2425 cum
1903 2366 2168 2429 venisset,

591 2484 895 2531 conventus
929 2472 1310 2542 episcoporum
1346 2468 1402 2522 in
1426 2464 1661 2538 Egypto
1686 2462 1817 2534 egit,
1845 2476 1969 2531 qua:
1995 2474 2167 2530 syno-

590 2567 694 2629 dus
722 2562 1097 2626 consentiebat
1145 2560 1215 2616 iis
1270 2574 1392 2634 quae
1428 2557 1483 2617 in
1531 2553 1845 2611 Sardicensi
1876 2560 1932 2607 et
1977 2549 2172 2606 Hiero-

590 2656 924 2728 solymitana
951 2652 1164 2726 synodo
1208 2651 1431 2709 decreta
1460 2655 1667 2709 essent.
1703 2645 1836 2708 Sed,
1857 2642 2168 2715 Magnentio

591 2746 933 2827 tyrannidem
984 2744 1307 2809 affectante,
1355 2751 1410 2797 et
1451 2740 1749 2801 Constante
1799 2737 2172 2813 interempto,

590 2839 781 2901 Ariani
831 2838 1033 2903 iterum
1066 2837 1256 2892 dolose
1288 2845 1480 2893 contra
1507 2830 1877 2888 Athanasium
1924 2827 2175 2883 concita-

592 2938 725 2986 runt
767 2927 1179 2992 Coostantium,
1221 2939 1286 2979 ac
1331 2938 1527 2983 rursus
1559 2920 1728 3000 impia
1766 2920 2006 2985 decreta,
2044 2933 2173 2971 rur—

592 3036 690 3081 sus
718 3019 867 3090 fuga,
908 3033 1105 3077 rursus
1144 3015 1451 3095 inquisitio,
1486 3024 1541 3071 et
1575 3012 1750 3069 sancti
1778 3011 1838 3069 ﬁt
1867 3009 2170 3083 indagatio.

591 3112 865 3182 Georgius
907 3124 1040 3170 vero
1068 3107 1451 3172 Alexandrinae
1478 3104 1997 3166 Ecclesiaeinvasor,
2039 3101 2170 3156 item
2203 3134 2246 3195 ϐ

590 3205 850 3270 Acacius,
891 3212 947 3259 et
998 3202 1348 3279 Patrophilus
1391 3207 1693 3256 sectatores
1739 3197 1878 3263 Arii,
1922 3206 2171 3259 sanctum

594 3298 894 3360 Maximum
923 3294 1483 3367 Hierosolymitanum
1514 3291 1864 3363 expulerunt,
1899 3297 1955 3344 et
1991 3286 2169 3359 Cyril-

594 3389 712 3450 lum
750 3388 1172 3450 substituerunt.
1205 3385 1474 3455 Georgius
1500 3398 1635 3441 vero
1667 3390 1747 3437 tot
1770 3380 1909 3435 mala
1932 3378 2173 3434 Alexan-

592 3480 728 3539 driae
770 3481 974 3556 intulit,
1008 3489 1069 3535 ut
1118 3494 1182 3534 ea
1236 3493 1359 3548 quae
1416 3478 1473 3531 in
1518 3474 1864 3530 Christianos
1914 3472 2173 3529 iecerunt

598 3572 831 3637 ethnici,
866 3572 1109 3633 humana
1143 3581 1324 3647 putes.
1363 3566 1529 3624 Novae
1558 3566 1944 3638 excogitantur
1970 3579 2168 3636 pinnae,

592 3664 708 3735 igni
736 3664 976 3735 virgines
1008 3647 1169 3723 nuda:
1206 3660 1648 3738 apponebantur,
1694 3667 1748 3714 et
1776 3672 1929 3721 mors
1968 3657 2172 3711 multos

590 3758 754 3822 alios,
779 3768 834 3813 et
868 3758 976 3812 vita
1012 3767 1067 3819 et
1096 3770 1257 3837 ptena
1287 3754 1510 3829 eripuit.
1542 3752 1879 3816 Exsulabant
1915 3751 1970 3813 in
1997 3748 2170 3821 Egy-

589 3860 685 3924 pto
717 3852 934 3921 triginta
967 3851 1077 3916 duo
1111 3850 1373 3921 episcopi,
1405 3860 1461 3905 et
1493 3847 1826 3909 sacerdotes.

2266 532 2503 599 γείλατο’
2538 530 2723 601 ἠγνόει
2753 529 2810 583 δὲ
2838 529 2946 599 ἄρα
2979 527 3165 581 λυπῶν
3192 527 3260 580 τά
3294 522 3524 596 μέγιστα
3554 542 3679 590 τους
3703 526 3843 597 ὁμό-

2266 639 2489 693 φρονας.
2523 622 2669 692 Πλὴν
2702 620 3081 689 καταπλαγεὶς
3102 619 3199 689 τὴν
3233 617 3327 671 τοῦ
3353 617 3674 672 Ἀθανασίου
3704 618 3842 671 σύν-

2266 715 2381 767 εσίν
2407 731 2467 766 τε
2501 714 2598 767 καὶ
2627 712 2936 783 ἀγχίνοιαν,
2981 710 3057 772 ὡς
3102 709 3448 781 προείρηται,
3481 708 3620 779 μετὰ
3653 708 3843 777 πάσης

2265 804 2423 876 δόξης
2464 804 2557 857 καὶ
2600 804 2763 873 τιμῆς
2795 801 3094 871 ἐκπέμπει,
3137 801 3364 872 γράφων
3415 801 3509 855 καὶ
3564 800 3700 871 πρὸς
3744 800 3845 853 τὸν

2266 894 2665 965 Αύγουστάλιον
2698 892 2860 965 [1444
2894 891 2989 965 R.]
3015 892 3085 950 τά
3104 909 3164 949 τε
3192 892 3328 954 ἄλλα
3355 891 3441 950 διὰ
3472 890 3845 962 σεϐασμιὸτη-

2266 1006 2357 1055 τος
2395 990 2550 1064 ἄγειν
2588 987 2771 1052 αὑτὸν,
2798 985 2895 1039 καὶ
2922 986 3123 1052 πάντα,
3149 979 3232 1049 οἷς
3257 984 3420 1040 αὑτὸν
3461 985 3621 1047 αὑτός
3650 999 3711 1038 τε
3742 983 3846 1036 καὶ

2267 1082 2317 1140 oi
2363 1080 2460 1134 σὺν
2508 1078 2658 1149 αὺτῷ
2712 1076 3174 1148 κατεψηφίσαντο,
3200 1076 3259 1130 τὸ
3306 1075 3511 1146 ἄκυρον
3558 1075 3652 1129 καὶ
3680 1075 3846 1128 ἀνεν-

2267 1174 2498 1245 έργητον
2525 1171 2695 1243 ἔχειν,
2754 1169 2893 1224 ἀλλά
2916 1186 2977 1238 γε
3007 1168 3073 1240 δὴ
3090 1168 3185 1223 καὶ
3215 1167 3306 1225 τὸν
3340 1168 3430 1220 ὑπ’
3453 1165 3604 1238 αὐτῷ
3631 1166 3679 1198 ’δ
3707 1165 3849 1235 κλῆ.

2274 1286 2366 1339 ρον
2389 1266 2489 1339 τὴν
2515 1264 2791 1337 προτέραν
2816 1264 2984 1334 τιμὴν
3014 1263 3111 1316 καὶ
3137 1262 3319 1334 πάσης
3344 1261 3605 1333 δημοσίου
3632 1260 3849 1332 ὑπηρε-

2269 1363 2390 1425 σίας
2413 1359 2700 1416 ἁναλαϐεἶν
2735 1358 2836 1428 τὴν
2862 1356 3199 1428 ἐλευθερίαν.

2338 1450 2677 1507 Καταλαϐὼν
2710 1449 2802 1503 οὖν
2831 1450 2861 1501 ό
2893 1447 3211 1512 Ἀθανάσιος
3235 1446 3307 1501 τά
3350 1445 3712 1518 Ἱεροσόλυμα,
3741 1444 3848 1499 καὶ

2265 1545 2503 1616 Μαξίμῳ
2540 1542 2619 1614 τῷ
2647 1542 2897 1615 ἀρχιερεῖ
2925 1539 3020 1594 τοῦ
3048 1539 3184 1593 Θεοῦ
3212 1538 3310 1593 καὶ
3328 1537 3632 1609 όμολογητῇ
3657 1535 3851 1589 συνελ-

2269 1638 2378 1693 θὼν
2414 1638 2496 1702 είς
2527 1635 2650 1707 δψιν
2691 1652 2751 1689 τε
2795 1635 2892 1688 καὶ
2923 1632 3162 1704 ὁμιλίαν,
3193 1631 3263 1686 τά
3281 1649 3342 1685 τε
3366 1633 3426 1684 ὲν
3460 1629 3696 1701 Σαρδικῇ
3726 1629 3851 1682 δια-

2268 1727 2637 1802 πεπραγμένα
2661 1727 2758 1780 καὶ
2777 1726 2853 1789 ὡς
2870 1727 3008 1797 πρὸς
3033 1724 3196 1779 αὑτὸν
3226 1722 3603 1785 Κωνστάντιος
3630 1720 3852 1789 διετέθη

2198 1785 2241 1847 Β
2270 1785 2751 1894 ἀναδιδάὲάμενος,
2802 1785 3020 1876 σύνοδον
3071 1818 3329 1889 ἀθροῖσαι
3364 1817 3458 1870 τὸν
3506 1785 3854 1885 όμολογητὴν

2270 1917 2736 1990 καταπράττεται.
2768 1916 2881 1972 Καὶ
2906 1916 2941 1986 ἡ
2968 1912 3188 1976 σύνοδος
3234 1910 3312 1981 τῷ
3353 1908 3650 1980 θαυμαστῷ
3682 1907 3854 1961 Ἀθά-ν

2270 2008 2439 2081 νασίῳ
2472 2007 2569 2067 καὶ
2592 2006 2690 2079 τὴν
2715 2005 3001 2063 κοινωνίαν
3033 2003 3130 2058 καὶ
3171 2001 3233 2055 τὸ
3264 2000 3649 2071 ἀρχιερατικδν
3683 1998 3859 2064 ἀξίω·

2274 2119 2350 2174 μα
2372 2098 2764 2171 ὲπιψηφίζεται
2800 2098 2869 2163 ⁷⁸,
2894 2098 2990 2149 καὶ
3014 2095 3219 2165 γράφει
3244 2096 3356 2157 τοῖς
3387 2094 3445 2144 ὲν
3465 2089 3860 2161 Ἀλεξανδρείᾳ

2272 2194 2366 2247 καὶ
2387 2192 2538 2265 πάσῃ
2566 2192 2635 2262 τῇ
2664 2206 2725 2243 τε
2757 2187 3021 2258 Αἰγύπτῳ
3061 2187 3158 2242 καὶ
3185 2185 3361 2257 Λιϐύῃ
3390 2184 3427 2238 ὃ.
3460 2185 3589 2255 περὶ
3616 2183 3861 2238 Ἀθανα-

2276 2283 2391 2337 σίου
2431 2282 2573 2350 ἔγνω
2608 2297 2670 2333 τε
2701 2279 2799 2333 καὶ
2834 2276 3183 2348 διεπράξατο.

2354 2373 2413 2427 '0
2455 2371 2514 2425 δὲ
2566 2370 2812 2440 γενναῖος
2861 2362 3016 2430 οὗτος
3071 2363 3315 2435 ἀθλητὴς
3355 2365 3422 2435 τῇ
3475 2360 3865 2433 Ἀλεξανδρείᾳ

2273 2460 2500 2525 ἐπιστὰς
2544 2457 2756 2523 καθίζει
2794 2458 2889 2510 καί
2937 2457 3101 2519 αὐτὸς
3143 2454 3446 2527 ἀρχιερέων
3485 2453 3547 2519 ἐξ
3574 2453 3865 2520 Αἰγύπτου

2272 2569 2333 2604 τε
2363 2551 2458 2605 καὶ
2499 2548 2707 2619 Λιϐύης
2749 2547 3030 2616 σύλλογον·
3063 2545 3157 2599 καί
3221 2543 3365 2614 αὕτη
3402 2544 3503 2608 τὰς
3532 2543 3723 2614 ὁμοίας
3759 2543 3867 2597 καὶ

2275 2642 2724 2713 ἀπαραλλάκτους
2759 2640 2977 2712 ψήφους
3018 2640 3139 2701 ταῖς
3192 2638 3250 2692 ὲν
3290 2636 3532 2711 Σαρδικῇ
3572 2638 3665 2690 καὶ
3700 2638 3759 2689 ὲν
3804 2636 3864 2669 ’⁸

2286 2736 2683 2810 Ἰεροσολύμοις
2719 2735 2957 2797 συνόδοις
2986 2731 3301 2804 ψηφίζεται.
3352 2730 3520 2785 Ἀλλὰ
3545 2730 3655 2801 γάρ
3693 2731 3871 2797 Μαγ-

2274 2831 2484 2893 νεντίου
2529 2826 2803 2899 τυραννίδι
2848 2825 3173 2896 ἐπιθεμένου
3228 2823 3323 2877 καὶ
3359 2822 3450 2877 τὸν
3505 2821 3873 2892 βασιλεύοντα

2273 2923 2373 2993 τῆς
2422 2921 2639 2984 Δύσεως
2670 2916 3104 2988 διαφθείραντος,
3133 2915 3182 2968 οί
3235 2912 3293 2980 ἐξ
3321 2911 3533 2985 Ἀρείου
3568 2911 3730 2968 πάλιν
3765 2910 3872 2965 τὸν

2276 3012 2552 3087 κονιορτὸν
2594 3010 2974 3073 Κωνστάντιον
3027 3006 3168 3061 κατὰ
3210 3004 3303 3059 τοῦ
3340 3003 3639 3057 πολυάθλου
3688 3004 3875 3072 άναρ-

2283 3104 2556 3179 ριπίζουσι
2579 3120 2594 3133 °
2626 3102 2720 3157 καὶ
2771 3100 2934 3154 πάλιν
2965 3099 3035 3155 τά
3069 3099 3171 3170 τῆς
3221 3096 3478 3161 ἀσεϐείας
3504 3094 3870 3165 ψηφίσματα,

2282 3198 2375 3259 καὶ
2402 3196 2563 3250 πάλιν
2595 3192 2765 3264 φυγὴ,
2795 3192 2891 3249 καὶ
2913 3192 3079 3246 πάλιν
3100 3189 3315 3261 ἔρευνα,
3348 3187 3447 3242 καὶ
3479 3186 3639 3240 πάλιν
3660 3183 3875 3257 ἀναζή-

2275 3307 2456 3362 τησις.
2515 3287 2627 3343 Καὶ
2680 3286 2748 3359 δὴ
2800 3286 2895 3342 καὶ
2940 3282 3212 3355 Γεώργιος
3259 3284 3287 3335 ό
3322 3281 3424 3352 τῆς
3458 3276 3875 3348 ’Δλεξανδρὲων

2279 3386 2487 3447 πόλεως
2527 3380 2781 3453 ἁρπάσας
2802 3377 2894 3437 τὸν
2926 3376 3137 3450 θρόνον,
3166 3374 3283 3446 ἅμα
3300 3375 3415 3435 τοῖς
3443 3371 3573 3443 περὶ
3595 3371 3874 3423 Ἀκάκιον

2279 3479 2376 3541 καὶ
2401 3475 2767 3548 Πατρόφιλον,
2801 3474 2848 3533 oi
2876 3471 2976 3541 τῆς
3001 3470 3212 3541 Ἀρείου
3253 3465 3508 3537 φατρίας,
3547 3462 3881 3534 ὲξωθήσαν-

2278 3588 2373 3635 τες
2406 3567 2796 3642 Ἱεροσολύμων
2840 3563 2931 3617 τὸν
2981 3558 3324 3634 ὁμολογητὴν
3350 3556 3605 3629 Μάξιμον
3637 3557 3877 3610 ἀντεισ-

2278 3665 2472 3734 άγουσι
2515 3659 2805 3727 Κύριλλον.
2848 3656 2906 3711 Ὀ
2941 3654 3001 3715 δὲ
3048 3653 3092 3686 ⁷⁷
3124 3650 3391 3722 δυσσεϐὴς
3434 3648 3709 3718 Γεώργιος
3769 3662 3880 3698 το-

2280 3756 2487 3820 σούτων
2514 3753 2562 3785 ⁷⁸
2590 3752 2690 3823 τὴν
2712 3746 3110 3817 Ἀλεξανδρέων
3140 3742 3406 3814 ἐνέπλησε
3451 3739 3659 3805 κακῶν,
3691 3737 3769 3801 ὡς
3795 3736 3883 3792 τὰ

2274 3847 2388 3911 τοῖς
2407 3842 2639 3909 Ἕλλησι
2665 3837 2804 3899 κατὰ
2825 3832 3169 3910 Χριστιανῶν
3190 3829 3530 3902 τολμηθέντα
3553 3825 3845 3899 φιλανθρω
3859 3867 3881 3878 -

590 3919 728 3996 θείαν
761 3919 1098 4010 νομίζεσθαι.
1131 3919 1386 4009 Ᾱίκισμοί
1415 3956 1476 4001 τε
1519 3938 1628 4014 γὰρ
1696 3938 1967 4009 σωμάτων
2003 3944 2219 4009 καιναῐς
2279 3939 2544 4000 ἐπινοίαις
2586 3932 2900 4004 ἀφορήτους
2948 3927 3208 3998 φέροντες
3243 3923 3343 3987 τὰς
3398 3919 3698 3991 ἀλγηδόνας
3723 3935 3878 3972 κατ-

590 4038 829 4107 έξαινον,
896 4038 993 4091 καὶ
1042 4036 1155 4117 πῦρ
1189 4040 1427 4108 γυμναῖς
1470 4010 1592 4099 ταῖς
1664 4035 1960 4105 παρθένοις
2026 4039 2422 4109 προσεφέρετο,
2456 4034 2554 4088 καὶ
2611 4028 2841 4086 θάνατος
2874 4024 2920 4057 ⁷⁸
2952 4020 3181 4082 πολλοὺς
3228 4015 3425 4079 ἄλλους
3483 4016 3577 4067 καὶ
3619 4010 3715 4066 τοῦ
3758 4010 3879 4082 ζῇν

594 4105 725 4211 [787
764 4129 859 4205 H.]
890 4131 985 4185 καὶ
1012 4105 1412 4204 τῆςἸτιμωρίας
1442 4130 1560 4200 ἃμα
1586 4127 1634 4163 θθ
1669 4128 1967 4201 ἐξήρπαξε·
2010 4105 2288 4201 γεῖγόνᾳσι
2312 4130 2406 4191 καὶ
2444 4121 2734 4195 ὑπερορίαι
2768 4118 2878 4172 τῶν
2945 4114 3090 4170 κατὰ
3156 4110 3257 4184 τὴν
3319 4110 3595 4178 Αἴγυπτον
3665 4105 3876 4176 ἱερέων

592 4239 656 4288 τε
691 4239 785 4276 και
816 4221 1120 4297 ἀρχιερέων
1144 4219 1238 4273 δύο
1268 4220 1364 4273 καὶ
1392 4218 1710 4291 τριάκοντα.

665 4312 869 4389 483a
906 4311 1285 4377 Constantius,
1335 4327 1462 4371 cum
1504 4309 1716 4369 videret
1745 4324 1803 4364 se
1815 4310 1929 4381 jam
1980 4310 2170 4369 fratris

594 4405 890 4483 imperium
925 4414 1168 4469 nactum,
1206 4404 1497 4475 episcOpos
1525 4400 1910 4461 Occidentales
1939 4413 2175 4463 conatur

594 4498 877 4566 inducere,
920 4507 979 4552 ut
1007 4496 1380 4564 Athanasium
1416 4496 1871 4564 condemnarent,
1916 4507 1973 4553 et
2012 4498 2175 4557 Aria.

598 4605 729 4653 nam
773 4598 982 4647 sectam
1033 4588 1399 4664 susciperent,
1451 4595 1509 4642 et
1544 4595 1834 4656 propterea
1878 4587 2175 4644 concilium

2364 4305 2423 4359 '0
2457 4301 2514 4354 δὲ
2552 4293 2931 4355 Κωνστάντιος
2974 4286 3300 4360 προσλαϐὼν
3328 4284 3426 4341 καὶ
3466 4282 3568 4355 τὴν
3599 4281 3881 4351 τάδελφοῦ

2279 4396 2477 4470 ἀρχὴν,
2502 4392 2598 4449 καὶ
2628 4389 2753 4451 τοὺς
2766 4382 3087 4454 Ἐσπερίους
3116 4380 3448 4442 ἐπισκόπους
3480 4376 3766 4447 μεθέλκειν
3789 4375 3885 4439 εἷς

2279 4468 2481 4559 τεντὴν
2541 4479 2862 4537 Ἀθανασίου
2917 4475 3241 4544 κατάκρισιν
3297 4472 3393 4528 καὶ
3442 4470 3523 4534 είς
3561 4468 3661 4539 τὴν
3725 4468 3879 4521 ίδίαν

2281 4558 2614 4639 ἐσπούδαζεν
2636 4571 2849 4643 αἵρεσιν
2881 4581 2895 4595 ·
2919 4565 3001 4619 διὸ
3032 4564 3127 4618 καὶ
3154 4562 3369 4616 σύνοδον
3398 4560 3487 4614 διὰ
3523 4558 3697 4612 ταῦτα
3720 4558 3879 4612 κατὰ

595 4680 956 4745 convocabat.
1020 4650 1307 4737 Mediolani
1369 4650 1427 4733 in
1475 4650 1666 4737 italiae
1706 4680 1961 4746 civitate,
2008 4681 2172 4738 etiam

2286 4667 2618 4725 Μεδιόλανον
2650 4660 2806 4727 πόλιν
2843 4657 2943 4727 τῆς
2980 4654 3216 4716 Ἰταλίας
3254 4652 3519 4723 ἀθροίζει.
3556 4650 3664 4703 Καί
3711 4667 3879 4712 τινας

594 4773 801 4836 multos
847 4772 907 4829 in
957 4786 1113 4830 suam
1168 4770 1497 4829 sententiam
1548 4771 1809 4826 traduxit.
1876 4771 2171 4844 Dionysius

2283 4760 2382 4830 μὲν
2403 4755 2539 4828 πρὸς
2560 4753 2623 4807 τὸ
2644 4752 2843 4805 οίκεῖον
2871 4745 3183 4815 διαστρέφει
3202 4742 3464 4814 βούλημα·
3490 4740 3767 4802 Διονύσιος
3785 4740 3878 4806 δὲ,

600 4874 808 4931 autem,
841 4872 898 4920 et
922 4862 1217 4926 Eusebius,
1258 4862 1586 4929 Rhodanus,
1608 4863 1894 4929 Paulinus,
1925 4862 2171 4927 Lucifer.

595 4957 741 5027 piam
767 4954 1097 5018 sententiam
1127 4969 1251 5009 cum
1286 4954 1539 5010 deserere
1565 4954 1792 5019 nollent,
1813 4969 1993 5024 neque
2019 4953 2174 5009 dam-

594 5048 715 5106 nari
780 5045 1142 5107 Athanasium
1196 5045 1531 5103 sustinerent
1583 5047 1863 5116 (videbant
1903 5046 2047 5102 enim
2089 5047 2176 5102 in-

596 5140 821 5199 teritum
858 5136 983 5193 iidei
1018 5152 1142 5191 cum
1179 5136 1468 5193 Athanasii
1514 5136 1736 5201 interitu
1778 5152 1903 5193 esse
1945 5138 2175 5209 conjun-

593 5234 792 5303 ctum),
836 5230 1143 5289 Ariminum
1176 5230 1230 5284 in
1261 5229 1514 5288 exsilium
1546 5229 1891 5302 ablegantur.
1936 5228 2175 5287 Sanctus

594 5331 780 5381 autem
809 5320 1307 5386 Athanasius,cum
1328 5322 1525 5377 iterum
1553 5321 1910 5397 comperisset
1938 5322 2173 5378 Arianos

594 5413 650 5477 in
680 5414 1052 5485 sequerendo
1094 5413 1332 5484 amplius
1369 5413 1632 5485 grassari,
1660 5425 1825 5485 atque
1865 5416 2166 5479 crudelius,

2275 4851 2371 4907 καὶ
2388 4838 2670 4910 Εὐσέϐιος,
2688 4841 2785 4899 καὶ
2810 4837 3081 4902 Ῥοδανδς,
3099 4834 3359 4897 Παυλῖνός
3388 4852 3450 4887 τε
3479 4834 3575 4887 καὶ
3589 4832 3880 4901 Λουκίφερ

2277 4943 2339 4996 τὸ
2363 4944 2560 5005 οἰκεῖον
2590 4939 2686 4993 καὶ
2721 4936 2820 5005 τῆς
2856 4930 3135 4994 εὐσεϐείας
3165 4928 3241 5000 μὴ
3289 4925 3721 4998 καθυϐρίσαντες
3743 4924 3883 4994 φρό-

2273 5035 2556 5108 νημα,καὶ
2591 5030 2702 5097 οὐδ’
2754 5026 3074 5083 Ἀθανασίου
3110 5022 3458 5092 καταγνῶναι
3503 5020 3879 5090 ἀνασχόμενοι

2280 5129 2498 5201 (ᾔδεσαν
2528 5126 2635 5197 γὰρ
2654 5123 2756 5192 τὴν
2786 5119 3106 5175 Ἀθανασίου
3130 5116 3457 5186 κατάκρισιν
3485 5113 3585 5184 τὴν
3614 5111 3713 5181 τῆς
3767 5108 3875 5163 πί-

2280 5235 2451 5282 στεως
2477 5212 2930 5289 προοιμιάζεσθαι
2965 5206 3305 5277 καθαίρεσιν)
3321 5208 3377 5259 ἐν
3406 5204 3683 5275 Ἀριμήνῳ
3701 5202 3807 5255 ύπε
3818 5218 3883 5272 ρο

2281 5310 2571 5381 ορίζονται.
2595 5306 2761 5369 Γνοὺς
2783 5304 2828 5355 δ’
2843 5304 2872 5356 ό
2888 5300 2982 5357 τοῦ
3005 5298 3140 5353 Θεοῦ
3159 5298 3411 5375 θεράπων
3445 5294 3764 5354 ’Δθανάσιος
3792 5291 3882 5355 ὡς

2284 5400 2446 5456 πάλιν
2470 5398 2588 5453 κατ’
2617 5396 2781 5451 αύτοῦ
2811 5391 3139 5465 πικρότερὼ
3169 5406 3229 5444 τε
3259 5388 3354 5442 καὶ
3406 5383 3772 5457 φονικώτερον
3808 5381 3880 5435 τὸ

1822 5577 2060 5635 VARUE
2139 5580 2547 5639 LECTIONES.

668 5689 1027 5785 :‘A‘féﬁ‘iB;
1085 5691 1561 5785 ’ζῆὲξξῗημξζξτεξι
1584 5693 1691 5748 ΑΒ.
1769 5694 1814 5727 ⁷⁸
1844 5694 2071 5755 alterum
2110 5701 2168 5754 ἐν
2196 5699 2322 5759 add.
2358 5698 2421 5760 Α.
2515 5695 2560 5729 ⁷⁷
2593 5693 2652 5755 δὲ
2689 5691 2816 5755 add.
2850 5691 2917 5747 A.
3020 5690 3066 5725 ⁷⁸
3094 5686 3349 5751 τοσοῦτον
3380 5683 3449 5745 Β.
3527 5681 3574 5715 ⁷⁸
3606 5677 3871 5747 θανάτοις

600 5764 686 5827 vel
718 5762 953 5819 θανάτου
987 5763 1048 5819 Β.
1122 5763 1169 5795 ⁸⁰
1200 5762 1471 5837 annm»
1503 5766 1564 5817 Β.
