4152 6414
236 333 342 398 149

1267 332 1788 395 BIBLIOTHECA.
1827 362 1890 372 --
1924 337 2086 396 COD.
2131 337 2428 401 CCLVIII.

3401 336 3499 400 150

235 445 520 518 αἱρετικὸν
544 442 904 514 παροξύνεται
938 443 1143 511 στῖφος,
1173 440 1355 494 λαθὼν
1395 440 1641 504 ἅπαντας
1685 443 1810 505 τοὺς
1839 497 1842 504 η

1947 445 2053 499 lam
2083 447 2340 500 omnibus
2367 448 2421 499 in
2462 447 2594 500 urbe
2621 447 2686 500 ad
2718 447 2980 517 virginem
3015 448 3302 516 quamdam
3339 449 3498 519 fugit,

239 543 304 594 ὲν
339 542 407 610 τῇ
433 536 583 592 πόλει
611 534 866 604 παρθένῳ
892 531 999 587 τινὶ
1020 531 1374 600 καταφεύγει,
1405 532 1485 602 τῷ
1517 534 1817 602 ἀνυπόπτῳ

1947 537 2066 591 nulla
2103 539 2416 607 suspicione
2445 539 2554 592 illic
2588 539 2826 594 latitans.
2858 539 2986 592 Erat
3013 540 3157 592 enim
3211 539 3498 608 juvencula

234 635 337 702 τῆς
366 630 537 700 κόρης
577 625 829 679 κλέπτων
863 624 964 694 τὴν
1011 621 1250 693 εῦρεσιν.
1282 619 1392 676 Ἦν
1419 625 1526 694 γὰρ
1578 626 1611 694 ἡ
1634 627 1816 690 νεᾶνις

1947 637 1973 680 τι
2002 627 2423 698 formosissima,
2467 638 2527 682 ut
2564 629 2880 683 cohabitare
2920 629 2992 681 illi
3027 628 3203 681 virum
3241 629 3497 704 aliquem,

240 729 337 779 καὶ
363 724 466 794 τὴν
504 723 626 790 ὄψιν
653 719 852 790 ὡραία,
878 718 971 770 καὶ
1024 719 1293 772 συνοικεῖν
1347 719 1486 789 αὐτῇ
1539 718 1676 790 μηδὲ
1728 719 1821 770 τὸν

1947 729 2017 774 ιυι
2043 721 2360 793 episcopum
2408 737 2571 778 nemo
2613 723 3020 791 suspicaretur,
3061 736 3182 790 quae
3228 737 3495 775 annorum

242 814 473 884 τυχόντα
522 813 712 882 ἄνδρα,
745 812 878 881 μήτι
930 826 994 878 γε
1042 809 1330 881 ἀρχιερέα,
1377 810 1578 881 πολλὴν
1605 812 1699 865 καὶ
1728 810 1821 880 βε-

247 907 406 959 ϐαίαν
437 905 535 974 τὴν
584 901 961 973 πληροφορίαν
1017 902 1153 954 πᾶσι
1204 900 1521 971 παρέχουσα
1555 917 1568 930 ⁸
1601 901 1722 965 ἔτος
1760 902 1819 955 δὲ

243 999 343 1067 τῆς
381 996 599 1066 ἡλικίας
633 994 878 1046 εἰκοστὸν
902 989 1046 1065 ἦγεν.
1072 992 1254 1047 δι’ἀπὸ
1280 991 1552 1060 γενέσεως
1582 1009 1597 1024 ·
1640 993 1826 1046 ἀνατί-

247 1089 405 1156 Θησιν
425 1081 518 1140 οῦν
545 1087 682 1156 αὐτῇ
713 1087 740 1136 6
768 1085 867 1153 τῆς
891 1083 1189 1154 παρθενίας
1243 1085 1334 1137 καὶ
1381 1084 1701 1145 διδάσκαλος
1732 1087 1826 1137 καὶ

241 1179 425 1246 ¹φύλαξ
470 1174 540 1231 τὸ.
581 1178 704 1230 καθ’
734 1175 944 1240 ἑαυτὸν,
975 1177 1057 1229 ὅτι
1109 1177 1247 1247 πρδς
1299 1174 1616 1246 μιαιφονίαν
1659 1174 1824 1228 αὑτοῦ

249 1269 586 1336 ὲξοπλίζοιτο
630 1268 688 1320 τὸ
721 1266 1014 1339 αἱρετικὸν,
1041 1267 1136 1320 καὶ
1169 1269 1244 1331 ὼς
1280 1267 1458 1322 πάντα
1490 1267 1558 1323 τὰ
1603 1266 1710 1334 ἔξω
1733 1267 1830 1336 τῆς

247 1361 459 1420 πόλεως
503 1359 968 1429 προκατείληπται
1021 1358 1291 1425 ὲρεύναις,
1329 1360 1424 1412 καὶ
1471 1360 1546 1422 ὼς
1581 1361 1645 1412 ὲκ
1679 1359 1828 1422 θείας

249 1453 425 1520 ὂψεως
459 1450 560 1518 τὴν
584 1451 857 1519 σωτηρίαν
886 1447 1033 1518 αὐτῷ
1059 1449 1508 1520 πρυτανευούσης
1552 1450 1687 1520 πρὸς
1731 1451 1832 1503 αύ-

248 1544 346 1614 τὴν
375 1545 525 1613 ἥκοι.
584 1543 652 1595 Ἦ
684 1542 739 1594 δὲ
768 1540 906 1611 μετὰ
943 1541 1117 1610 χαρᾶς
1141 1539 1508 1610 άνεκλαλήτου
1559 1543 1653 1594 καὶ
1695 1541 1831 1595 ύποοο

247 1635 462 1703 δέχεται
491 1633 590 1687 καὶ
615 1633 776 1697 ὲπὶέξ
792 1633 886 1704 ἐτη
916 1631 1316 1702 κατακρύπτει·
1347 1632 1440 1683 καὶ
1459 1633 1492 1698 ἡ
1521 1631 1815 1685 Κωνσταν-

1924 812 2114 883 viginti
2144 823 2282 869 erat.
2335 815 2505 884 Igitur
2538 816 2586 870 ei
2623 814 2954 884 virginitatis
2981 824 3193 878 custos,
3227 823 3283 868 et
3330 815 3502 885 magi-

1927 911 2039 957 ster
2086 905 2424 959 Athanasius
2465 917 2706 959 armatos
2746 913 3138 959 commemorat
3180 904 3245 958 ad
3296 905 3497 959 eadem

1928 993 2191 1058 Arianos,
2232 1006 2390 1049 extra
2434 997 2624 1049 urbem
2654 996 2706 1049 in
2743 995 2999 1049 omnibus
3031 1010 3089 1049 se
3126 995 3260 1050 locis
3298 996 3502 1064 quaesi-

1929 1093 2068 1152 tum,
2099 1097 2154 1140 et
2191 1085 2282 1140 Dei
2327 1087 2549 1140 monitis
2583 1086 2812 1140 salutem
2861 1085 2910 1139 ei
2937 1087 3307 1156 procurantis,
3343 1101 3402 1140 se
3433 1087 3497 1139 ad

1931 1176 2078 1232 illam
2115 1179 2352 1232 venisse.
2399 1178 2488 1232 Illa
2537 1178 2781 1248 gaudens
2819 1179 3096 1232 hominem
3141 1179 3405 1247 suscepit,
3453 1186 3507 1231 et

1932 1269 2072 1337 apud
2106 1269 2253 1322 illam
2303 1285 2398 1324 sex
2439 1285 2614 1324 annos
2655 1271 2889 1332 delituit,
2941 1270 3116 1324 donec
3171 1285 3318 1324 mors
3361 1270 3506 1322 Con-

1934 1357 2122 1412 stantii
2155 1357 2516 1412 Athanasium
2570 1359 2840 1414 liberavit.
2879 1358 3016 1414 Toto
3070 1359 3215 1412 enim
3262 1371 3506 1428 tempore

1937 1459 2186 1520 prompte
2231 1460 2286 1506 et
2326 1452 2582 1521 religiose
2627 1462 2819 1506 sancto
2859 1453 2979 1505 viro
3028 1452 3117 1506 illa
3157 1451 3506 1511 ministravit,

1940 1542 2084 1611 quod
2123 1545 2273 1612 parvi
2319 1554 2372 1598 et
2397 1543 2601 1612 magni,
2632 1543 2794 1596 amici
2827 1542 3144 1612 inimicique
3165 1542 3317 1612 juxta
3351 1543 3506 1611 igno-

1935 1634 2153 1689 rabant.

249 1728 359 1784 τίου
391 1725 622 1796 τελευτὴ
637 1724 789 1788 λύσις
822 1725 1148 1794 γίνεταιτῆς
1182 1723 1522 1794 ἀποκρυϐἦς.
1550 1722 1714 1795 [1445
1731 1723 1823 1796 IL]
1864 1726 1951 1778 Ἐν
1986 1729 2122 1780 πᾶσι
2149 1728 2206 1781 δὲ
2238 1727 2530 1799 προθύμως
2550 1727 2645 1782 καὶ
2674 1727 2981 1797 σεϐασμίως
3003 1729 3035 1796 ἡ
3056 1727 3322 1798 παρθένος
3348 1725 3515 1791 ἐξυπ-

248 1821 436 1888 ηρέτει
467 1819 562 1870 τὸν
600 1818 766 1882 ὅσιον,
802 1818 1016 1880 πάντας
1047 1817 1174 1880 τοὺς
1222 1817 1287 1869 ἐν
1311 1818 1378 1888 τῇ
1406 1815 1559 1871 πόλει
1608 1816 1838 1887 μικρούς
1873 1833 1932 1869 τε
1966 1821 2060 1875 καὶ
2100 1821 2390 1890 μεγάλους,
2455 1821 2703 1884 καὶτοὺς
2766 1818 3053 1890 φιλοῦντας
3087 1820 3333 1883 καὶτοὺς
3381 1820 3508 1874 διώ-

249 1927 408 1974 κτας,
441 1908 896 1963 διαλανθάνουσα.

316 2001 661 2070 Προστάττει
698 1999 744 2050 δ’
767 1995 860 2051 οῦν
902 1999 928 2050 6
957 1995 1334 2060 Κωνστάντιος
1366 1997 1493 2061 τοὺς
1529 1996 1606 2068 μὴ
1650 1995 1834 2067 βουλο-

2009 1993 2190 2061 Quare
2222 1993 2579 2048 Constantius
2634 2007 2731 2047 eos
2772 1991 2865 2062 qui
2915 1991 3121 2046 nollent
3169 2008 3257 2061 per
3305 1993 3509 2048 Italiam

247 2091 449 2164 μένους
478 2091 590 2144 τῶν
616 2089 758 2142 κατὰ
784 2089 884 2160 τὴν
919 2088 1150 2142 Ἰταλίαν
1185 2088 1492 2158 ἀρχιερέων
1523 2091 1592 2160 τῇ
1617 2088 1830 2159 Ἀρείου

1947 2087 2156 2141 Arianae
2206 2095 2369 2142 sectae
2411 2086 2782 2150 subscribere,
2825 2085 3058 2140 ecclesia
3101 2086 3421 2155 ejiciendos,
3454 2097 3508 2141 et

248 2184 707 2258 καθυπογράφειν
746 2180 1063 2246 ἐξωθεῖσθαι
1091 2179 1201 2233 τῶν
1238 2180 1595 2252 Ἐκκλησιῶν,
1646 2182 1741 2234 καὶ¹
1789 2181 1834 2213 ⁸¹

1947 2182 2078 2237 alios
2114 2195 2304 2236 eorum
2340 2180 2463 2234 loco
2495 2179 2877 2250 subrogandos
2908 2195 3031 2235 esse
3082 2189 3286 2234 censet.
3331 2179 3509 2234 Exsu-

257 2277 385 2331 ἀντ’
421 2277 642 2328 ἐκείνων
665 2273 791 2336 τοὺς
820 2272 1096 2336 δυσσεϐεῖς
1137 2271 1588 2340 έγκαθίστασθαι.
1633 2271 1834 2341 Ὑπερ-

1947 2273 2070 2327 lavit
2103 2281 2236 2326 tunc
2275 2270 2439 2325 etiam
2478 2270 2750 2335 Liberius,
2801 2272 2891 2340 qui
2927 2281 3049 2340 post
3076 2269 3276 2324 Julium
3327 2269 3512 2324 Eccle-

267 2365 498 2436 ωρίζετο
554 2365 641 2418 καὶ
669 2361 922 2432 Λιϐέριος
954 2362 1075 2415 τότε
1099 2363 1127 2414 6
1155 2362 1293 2432 μετὰ
1331 2362 1550 2416 Ἰούλιον
1591 2362 1681 2413 τὸν
1712 2360 1832 2429 θρό-

1947 2365 2075 2419 siam
2110 2362 2356 2434 pontifex
2385 2363 2585 2427 tenuit,
2617 2371 2674 2416 et
2699 2378 2797 2431 pro
2829 2362 2922 2415 illo
2961 2373 3182 2416 creatur
3213 2363 3388 2421 Felix,
3417 2363 3507 2430 qui

269 2475 365 2510 νον
406 2456 609 2526 Ῥώμης
654 2455 871 2515 ίθύνων,
901 2453 994 2507 καὶ
1039 2454 1550 2523 άντιχειρυτονεῖται
1577 2451 1741 2522 Φῆλιξ
1769 2452 1837 2518 ⁸³,

1947 2458 2122 2514 statim
2154 2457 2442 2511 oculorum
2473 2454 2785 2524 privatione
2811 2452 3076 2506 divinitus
3118 2453 3364 2508 immissa
3402 2464 3514 2506 Ior-

267 2549 330 2612 δς
361 2551 692 2620 παραχρῆμα
719 2547 818 2617 μὲν
842 2547 1002 2615 ποινῇ
1039 2543 1287 2616 θεηλάτῳ
1304 2545 1373 2614 τῇ
1401 2543 1510 2596 τῶν
1539 2544 1836 2614 ὀφθαλμῶν

1947 2560 2160 2620 quetur,
2193 2559 2380 2619 postea
2413 2544 2690 2618 pestilenti
2721 2544 2914 2598 morbo
2938 2556 3300 2611 consumptus
3330 2547 3512 2613 periit.

257 2641 508 2712 πηρώσει
543 2639 928 2702 ὑποϐάλλεται,
965 2638 1193 2706 ὕστερον
1226 2636 1282 2689 δὲ
1319 2635 1414 2689 καὶ
1442 2634 1662 2705 λοιμικῇ
1701 2636 1840 2709 νόσῳ

251 2734 620 2804 κατασχεθεὶς
661 2732 1056 2803 διαφθείρεται.
1086 2730 1169 2783 Τὰ
1201 2728 1338 2782 αὐτὰ
1366 2728 1422 2781 δὲ
1447 2728 1543 2781 καὶ
1581 2726 1842 2789 Μελέτιος

253 2829 285 2879 6
315 2823 658 2893 ’Δντιοχείας
689 2822 979 2890 ὑφίσταται
1021 2837 1035 2851 ο
1071 2819 1164 2873 καὶ
1184 2817 1541 2888 ἀντικαθιστᾷ
1569 2819 1602 2889 ὴ
1632 2818 1842 2887 αἵρεσις

256 2919 349 2969 τὸν
377 2916 650 2979 Εύςώῖον,
682 2914 740 2966 ὲν
769 2911 1340 2970 Κωνσταντινουπόλει
1366 2909 1424 2963 δὲ
1451 2911 1542 2964 τὸν
1566 2909 1841 2976 Εὐδόξιον,

260 3008 460 3077 ἄνδρας
482 3003 765 3067 δυσσεϐεῖς
795 3004 889 3057 καὶ
909 3003 1002 3055 τὸν
1027 3003 1140 3072 βίον
1159 3001 1416 3068 ὲπαξίους
1442 3003 1539 3073 τῆς
1555 3003 1841 3074 αίρέσεως.

328 3098 470 3151 Κατ’
499 3098 682 3150 ἐκεῖνο
705 3094 900 3166 καιροῦ
937 3095 1030 3147 καὶ
1060 3095 1350 3149 Ἰουλιανδν
1401 3097 1430 3149 6
1467 3095 1844 3159 Κωνστάντιος

258 3187 592 3258 ἀναγορεύει
625 3187 898 3257 Καίσαρα,
923 3185 1015 3239 καὶ
1043 3186 1181 3254 πρὸς
1201 3186 1299 3250 τὰς
1317 3185 1549 3249 Γαλλίας
1579 3186 1624 3218 ⁸⁸
1637 3185 1846 3257 ἐκπέμ-

259 3300 374 3337 πει.
393 3280 731 3350 Ἐγκαινίζει
747 3280 801 3333 δὲ
829 3279 955 3351 [788
977 3277 1071 3350 Η
1090 3282 1182 3332 καὶ
1201 3280 1303 3349 τὴν
1331 3279 1389 3331 ἐν
1415 3280 1846 3332 Κωνσταντινου-

1944 2642 2142 2697 Eadem
2185 2639 2433 2693 Meletius
2473 2635 2779 2692 Antiochia:
2809 2635 3006 2704 prazsul
3035 2633 3259 2703 patitur,
3292 2641 3348 2687 et
3395 2633 3515 2702 ejus

1942 2734 2062 2788 loco
2099 2732 2363 2786 Euzoium
2419 2727 2659 2784 haeretici
2693 2725 2990 2790 sufficiunt,
3034 2725 3513 2795 Constantinopoli

1944 2823 2278 2887 Eudoxium,
2317 2821 2470 2874 viros
2516 2817 2735 2888 impios,
2788 2825 2843 2872 et
2868 2817 2939 2871 ob
2985 2815 3307 2887 ﬂagitiosam
3347 2819 3514 2872 vitam

1945 2915 2139 2973 hazresi
2174 2911 2555 2982 dignissimos.

2015 3084 2212 3156 “3b
2265 3083 2469 3139 Eodem
2523 3092 2766 3152 tempore
2810 3082 3162 3137 Constantius
3223 3081 3522 3150 imperator

1944 3163 2226 3232 Iulianum
2253 3175 2526 3231 Caasarem
2559 3182 2726 3240 creat,
2763 3185 2817 3230 et
2856 3175 2908 3228 in
2949 3174 3150 3229 Gallias
3194 3175 3383 3228 mittit.
3419 3173 3524 3229 Eo-

1954 3272 2076 3326 dem
2107 3280 2353 3339 tempore
2387 3280 2441 3323 et
2476 3269 2724 3324 ecclesiae
2763 3283 2937 3338 nuper
2964 3268 3264 3334 aediﬁcatae,
3295 3267 3384 3322 cui
3417 3273 3520 3320 uo-

260 3375 419 3428 πόλει
438 3343 572 3444 παρ’
589 3343 752 3426 αὑτοῦ
771 3343 1194 3442 νεουργηθεῖσαν
1226 3343 1540 3439 ὲκκλησίανο
1561 3371 1842 3439 ἐπώνυμον

1952 3379 2076 3418 men
2109 3362 2336 3432 Sep/tite,
2382 3361 2780 3416 dedicationem
2827 3361 3126 3415 innovavit.
3159 3360 3365 3430 Impius
3417 3360 3527 3414 Eu-

263 3468 399 3537 αύτῇ
444 3466 480 3536 ἡ
506 3464 605 3518 τοῦ
637 3463 770 3516 Θεοῦ
823 3465 1036 3532 Σοφία.
1069 3462 1182 3516 Καὶ
1210 3462 1239 3514 6
1272 3460 1541 3531 δυσσεϐὴς
1573 3460 1853 3526 Εύδόξιος,

267 3558 408 3611 κατὰ
445 3558 515 3611 τὰ
543 3555 795 3624 ὲγκαίνια
825 3553 1211 3625 ὲνθρονισθεὶς,
1242 3551 1468 3623 πρώτην
1510 3552 1728 3624 ἐκείνην
1755 3553 1853 3623 τὴν

267 3650 554 3719 τολμηρὰν
583 3649 674 3702 καὶ
695 3647 1102 3719 ἀφρονεστάτην
1125 3649 1304 3718 ἀφῆκε
1338 3646 1542 3718 φωνὴν,
1561 3645 1624 3700 '0
1653 3646 1854 3716 Πατὴρ

269 3742 539 3807 ἀσεϐὴς,
581 3741 608 3792 6
649 3740 783 3805 Υἱὸς
820 3739 1100 3805 εὐσεϐής.
1141 3737 1385 3809 Θορύϐου
1435 3739 1491 3791 δὲ
1524 3739 1734 3793 δικαίου
1793 3739 1855 3792 τὸ

269 3831 484 3900 πλῆθος
511 3829 922 3900 περιλαϐόντος,
946 3830 1104 3900 κακῷ
1131 3829 1192 3883 τὸ
1221 3831 1390 3884 κακὸν
1422 3833 1632 3885 ἐπενόει
1655 3849 1851 3886 κατευ-

270 3922 481 3985 νάζειν,
537 3922 651 3984 καὶ,
707 3919 916 3988 Μηδὲν
943 3918 1125 3988 ὑμᾶς,
1191 3921 1346 3991 φησὶ,
1404 3921 1734 3989 ταραττέτω
1770 3937 1783 3950 ·
1822 3924 1856 3976 ὀ

267 4014 389 4083 μὲν
434 4013 547 4084 τὰρ
594 4011 798 4080 Πατὴρ
849 4011 1100 4080 ἀσεϐὴς,
1128 4010 1219 4064 ὅτι
1251 4010 1471 4064 οὐδένα
1498 4012 1680 4069 σέϐει.
1708 4013 1741 4064 ό
1789 4010 1857 4063 δὲ

1952 3453 2168 3516 doxius,
2207 3467 2330 3506 cum
2371 3453 2627 3506 thronum
2668 3450 3519 3520 Constantinopolisuscepisset,

1953 3544 2006 3597 in
2041 3543 2157 3612 ipsa
2201 3541 2545 3596 dedicatione
2576 3545 2807 3612 primam
2853 3541 3000 3593 illam
3045 3542 3328 3605 audacem,
3359 3552 3524 3610 atque

1954 3633 2324 3702 impudentem
2370 3631 2551 3685 emisit
2598 3647 2807 3696 vocem,
2867 3630 3025 3683 Pater
3066 3632 3260 3698 impius
3291 3646 3310 3684 :
3345 3629 3525 3685 Filius

1953 3726 2092 3796 pius.
2137 3722 2392 3779 Tumultu
2443 3724 2610 3794 igitur
2656 3737 2871 3790 magno,
2939 3732 2992 3775 et
3039 3723 3308 3776 seditione
3360 3737 3526 3791 super

1955 3816 2058 3869 hac
2088 3829 2148 3869 re
2177 3823 2317 3878 orta,
2348 3813 2491 3868 malo
2529 3812 2731 3866 malum
2768 3813 3105 3881 restinguere
3134 3820 3367 3865 conatur
3399 3809 3530 3866 :.Ne

1957 3910 2157 3974 turbet,
2193 3907 2390 3977 inquit,
2446 3922 2534 3959 vos
2564 3906 2763 3959 dictum
2795 3920 2986 3957 meum.
3017 3901 3180 3956 Pater
3207 3903 3346 3956 enim
3385 3904 3528 3957 ἀσε-

1958 3996 2070 4064 ϐὴς
2111 4005 2210 4061 est,
2241 3997 2366 4066 quia
2397 3997 2651 4050 neminem
2693 3995 2860 4048 colit:
2905 3992 2952 4046 F
2957 3995 3079 4047 ilius
3133 4003 3308 4047 autem
3355 3995 3529 4046 εὐσε-

282 4105 421 4171 Υιὸς
461 4103 746 4170 εὐσεϐὴς,
779 4103 870 4156 ὅτι
932 4103 1094 4157 σέϐει
1144 4103 1252 4156 τὸν
1295 4103 1547 4170 Πατέρα.
1581 4101 1768 4155 Ταῦτα
1812 4103 1842 4134 ³¹

1957 4089 2070 4157 ϐἠς
2091 4090 2216 4160 quia
2245 4088 2370 4143 colit
2403 4087 2640 4142 Patrem.
2671 4089 2887 4142 Dicente
2913 4088 3025 4141 haec
3053 4087 3220 4156 impio
3251 4085 3528 4151 Eudoxio,

274 4198 370 4251 τοῦ
425 4196 722 4260 δυσσεϐοῦς
769 4198 942 4249 εἰπεῖν
989 4194 1370 4264 ἑπιμανέντος,
1421 4195 1450 4246 6
1497 4193 1727 4264 θόρυϐος
1779 4197 1859 4260 εἰς

278 4289 484 4359 χλεύην
510 4289 605 4340 καὶ
634 4287 1012 4358 μυκτηρισμδν
1048 4287 1294 4350 ὲκλυθεὶς
1315 4287 1442 4349 τοὺς
1474 4285 1702 4348 πολλοὺς
1747 4286 1854 4338 τῶν

283 4381 718 4448 συνειλεγμένων
747 4379 1058 4432 διεσκέδασε
1087 4379 1186 4448 τῆς
1205 4378 1520 4444 ἐκκλησίας.

364 4472 424 4524 '0
459 4471 640 4541 μέντοι
669 4487 734 4538 γε
774 4469 1060 4533 Ἰουλιανὸς
1092 4470 1233 4521 κατὰ
1263 4469 1361 4532 τὰς
1383 4468 1613 4531 Γαλλίας
1642 4467 1851 4538 διατρί-

277 4560 414 4622 ϐων,
445 4560 540 4613 καὶ
579 4559 736 4622 νίκας
781 4559 1191 4628 ἀναδησάμενος
1217 4558 1359 4611 κατὰ
1404 4557 1714 4629 βαρϐάρων,
1751 4559 1854 4611 ὑπὸ

1957 4184 2223 4238 tumultus
2265 4181 2484 4250 quidem
2530 4181 2750 4236 sedatus
2800 4189 2902 4241 est,
2951 4179 3098 4233 risus
3145 4193 3278 4233 vero
3330 4177 3533 4232 multus

1957 4291 2057 4348 pro
2084 4275 2317 4330 tumultu
2354 4275 2684 4329 subsecutus
2725 4281 2827 4333 est,
2868 4272 3005 4324 adeo
3045 4280 3104 4325 ut
3149 4271 3303 4326 multi
3337 4286 3527 4326 eorum

1961 4369 2200 4422 ridentes
2224 4382 2288 4421 ex
2319 4365 2550 4420 ecclesia
2577 4366 2923 4420 decederent.

2030 4456 2234 4513 Verum
2271 4459 2325 4512 in
2357 4453 2548 4510 Galliis
2593 4453 2843 4509 Julianus
2897 4471 3085 4522 agens,
3132 4455 3303 4526 partis
3331 4456 3539 4514 multis

1962 4549 2030 4605 de
2065 4549 2320 4604 Barbaris
2349 4546 2596 4602 victoriis
2631 4555 2951 4610 coronatus,
2984 4562 3014 4600 a
3045 4548 3312 4601 militibus
3342 4548 3536 4616 Augu-

276 4652 390 4704 τῶν
406 4649 755 4720 στρατιωτῶν
777 4649 1212 4720 άνακηρύττεται
1238 4648 1508 4719 βασιλεύς.
1538 4650 1645 4702 Καὶ
1694 4651 1842 4702 Κων-

1965 4651 2084 4698 stus
2119 4650 2357 4697 creatur.
2409 4638 2566 4704 Quod
2620 4652 2745 4692 cum
2794 4638 3116 4693 rescisceret
3153 4637 3562 4704 Constantius,

280 4743 532 4804 στάντιος
581 4741 768 4811 μαθὼν
805 4741 906 4810 τὴν
935 4742 1236 4812 ἀνάρρησιν
1267 4739 1590 4811 βαπτίζεται
1644 4741 1742 4811 μὲν
1787 4743 1852 4810 τῇ

277 4833 540 4904 θεομάχῳ
593 4833 737 4903 χειρὶ
817 4831 1103 4899 Εὑζωῒου,
1168 4833 1507 4897 ἑξοπλίζεται
1585 4832 1641 4884 δὲ
1719 4835 1859 4884 κατὰ

273 4925 375 4978 τοῦ
403 4924 830 4986 ἐπαναστάντος.
859 4923 1155 4993 Γενόμενος
1182 4923 1241 4976 δὲ
1275 4925 1333 4976 ὲν
1373 4922 1561 4991 Μόψου
1587 4921 1634 4953 ⁸⁸
1675 4922 1853 4991 κρήνῃ

276 5018 583 5090 (πολίχνιον
609 5018 667 5071 δὲ
692 5015 849 5071 τοῦτο
870 5017 968 5088 τῆς
989 5016 1265 5084 Κιλικίας)
1290 5014 1395 5069 ὑπὸ
1419 5013 1735 5086 φροντίδων,
1771 5008 1859 5076 αἷς

1967 4736 2277 4805 baptizatus
2302 4733 2369 4787 ab
2401 4731 2606 4788 Euzoio
2637 4731 2727 4786 Det
2755 4733 3070 4787 adversario
3099 4731 3199 4801 (5),
3228 4731 3294 4785 ad
3331 4729 3532 4784 bellum

1965 4836 2156 4884 contra
2197 4825 2374 4890 illum,
2409 4824 2500 4894 qui
2527 4824 2876 4894 exsurgebat,
2906 4822 3163 4883 accinxit.
3188 4822 3259 4875 At
3292 4837 3412 4875 cum
3445 4835 3537 4876 es-

1966 4926 2050 4973 set
2090 4917 2145 4970 in
2184 4914 2388 4970 Ciliciae
2427 4915 2684 4984 oppidulo
2725 4913 3079 4984 Mopsocrene
3138 4913 3377 4974 nomine,
3427 4925 3539 4980 pra:

1967 5008 2336 5066 sollicitudine
2365 5006 2439 5063 ob
2473 5006 2674 5062 bellum
2705 5007 2992 5076 ap0plexia
3035 5013 3324 5074 correptus
3349 5003 3533 5072 exspi-

1578 5213 1809 5271 VARUE
1880 5212 2174 5269 LECTION
2183 5212 2262 5268 ES

365 5394 574 5472 “ﬁxa:
633 5400 720 5456 A:
759 5399 952 5466 ἠνύετο
984 5401 1121 5472 αὐτῇ
1158 5418 1216 5465 ς’.
1294 5401 1339 5432 υ
1363 5400 1459 5453 καὶ
1483 5413 1593 5453 om.
1646 5415 1727 5469 pr.
1797 5397 1860 5450 A.
1935 5396 1983 5428 ⁸³
2020 5399 2169 5462 Φίλιξ
2223 5415 2282 5461 ς.
2357 5399 2405 5430 ⁸⁵
2451 5394 2708 5459 Γαλλίους
2763 5394 2828 5448 Δ.
2907 5392 2957 5422 ⁸⁸
3001 5388 3181 5444 ταῦτα
3219 5388 3276 5442 δὲ
3324 5387 3417 5446 τοῦ
3480 5401 3544 5454 ς.

282 5468 333 5504 ι·
354 5468 591 5540 nomen
616 5472 682 5529 A.

1806 5632 2039 5688 ΝΟΤᾸΞ.

365 5774 445 5844 (3)
484 5772 758 5830 Baronius
797 5770 1020 5828 Cardin.
1059 5781 1206 5826 tomo
1244 5768 1309 5824 lli
1361 5768 1556 5824 Annal.
1607 5768 1835 5834 Ecrlcs.,
1875 5784 1996 5838 pag.
2029 5765 2153 5820 675.
