4152 6468
563 348 668 418 151

1721 345 1986 408 ΡΗΟΤΙΙ
2026 344 2540 407 ΡΑΤΒΙΑΗΟΗΕ
2561 345 2672 405 CP.

3721 340 3835 409 152

558 474 668 534 rat,
695 460 889 535 vlglnti
918 475 1161 534 quinque
1195 460 1356 517 annis
1392 467 1518 533 post
1546 468 1781 515 mortem
1819 460 1991 530 patris
2036 474 2162 520 sua

2257 458 2442 513 ιύτδνό
2486 458 2726 529 πόλεμος
2772 456 3039 529 συνεῖχεν,
3094 454 3406 530 ἀποπληξίᾳ
3466 455 3694 529 ληφθεὶς
3731 474 3834 513 τε-

560 568 791 631 perstes,
828 562 993 613 natus
1021 570 1199 612 annos
1228 553 1593 627 quadraginta
1624 553 1890 624 quinque.

630 840 897 912 Georgius
922 837 1268 895 Alexandriae
1309 845 1571 908 templum
1600 835 1881 892 desertum
1916 833 1996 904 (in
2026 849 2138 904 quo

561 942 751 1004 gentes
780 932 934 997 olim,
973 931 1189 987 Mithrae
1232 930 1505 990 sacriﬁcia
1534 928 1822 993 facientes,
1862 928 2032 995 viros,
2060 926 2140 984 l‘e-

561 1026 743 1083 minas
773 1036 829 1082 et
868 1040 1073 1097 pueros
1116 1025 1449 1087 mactabant,
1483 1020 1658 1077 exstis
1700 1019 1963 1091 inspectis
1995 1019 2140 1073 divi-

562 1117 781 1189 nantes)
808 1118 1031 1188 expiare
1059 1115 1295 1181 volebat,
1337 1122 1400 1170 ut
1436 1112 1740 1168 oratorium
1770 1119 2139 1167 construeret.

566 1210 801 1283 Expiato
833 1220 1018 1269 autem
1059 1209 1181 1265 loco
1214 1206 1570 1265 inveniuntur
1613 1204 1913 1260 multorum
1960 1202 2142 1273 capita

567 1302 899 1359 occisorum.
930 1298 1226 1355 Christiani
1261 1297 1452 1368 igitur,
1494 1295 1646 1352 hisce
1677 1294 1936 1363 inventis,
1954 1302 2144 1349 osten-

571 1400 750 1447 tantes
797 1389 1040 1461 gentium
1082 1390 1342 1460 mysteria
1388 1387 1555 1442 veluti
1605 1386 1663 1441 in
1698 1399 1918 1454 pompa,
1969 1383 2147 1439 nudas

569 1483 772 1553 papulo
806 1482 1114 1538 calumnias
1145 1480 1480 1537 exhibebant
1517 1479 1572 1535 in
1614 1478 1935 1534 ludibrium.
1971 1475 2148 1533 Graeci

573 1576 767 1647 pagani
807 1591 915 1632 non
950 1574 1186 1631 ferentes
1214 1574 1591 1645 opprobrium,
1626 1573 1706 1628 ira
1747 1571 2146 1638 accenduntur,

573 1675 629 1722 et
660 1667 926 1738 quidquid
976 1667 1046 1723 ad
1090 1682 1317 1722 manum
1364 1674 1485 1721 erat
1530 1680 1632 1735 pro
1680 1664 1804 1720 telis
1849 1664 2145 1733 rapientes,

573 1762 839 1830 impetum
869 1758 1081 1815 faciunt
1124 1759 1180 1814 in
1235 1756 1607 1817 Christianos.
1658 1755 1880 1828 ﬂosque
1929 1756 2146 1827 gladiis,

574 1853 700 1910 illos
723 1853 1015 1924 lapidibus,
1045 1853 1184 1909 alios
1212 1853 1404 1920 clavis,
1434 1854 1577 1909 alios
1601 1852 1778 1909 obviis
1806 1851 2150 1922 quihuscun-

574 1964 686 2020 que
727 1947 1145 2011 interfecerunt,
1182 1948 1444 2018 quosdam
1477 1946 1645 2003 etiam
1689 1946 1744 2001 in
1778 1959 2000 2000 crucem
2027 1958 2156 2013 ege-

576 2053 727 2100 runt.
758 2042 1057 2115 Georgium
1092 2059 1221 2099 vero
1253 2041 1489 2099 ecclesia
1532 2041 1811 2103 eductum,
1845 2047 1899 2093 et
1942 2037 2155 2092 camelo

579 2132 883 2205 alligatum,
929 2147 985 2191 et
1011 2133 1368 2206 discerptum,
1401 2147 1525 2189 cum
1569 2131 1662 2187 illo
1706 2130 2152 2187 combusserunt.

646 2427 897 2486 Julianus
915 2436 1120 2491 autem,
1168 2422 1399 2494 imperio
1442 2421 1649 2491 potitus
1686 2420 1868 2477 adhuc
1916 2419 2156 2492 gentilis,

581 2521 799 2579 studuit
822 2521 1007 2574 omnia
1036 2515 1345 2573 Constantii
1376 2513 1519 2571 facta
1541 2514 1833 2584 abrogare,
1863 2511 2069 2585 484a
2093 2527 2160 2569 ac

578 2615 851 2684 relegatos
911 2626 1105 2667 omnes
1153 2606 1452 2664 revocavit.
1508 2604 1847 2660 Athanasius
1896 2612 2161 2674 concepta

577 2721 677 2777 spe
721 2704 901 2761 exite
939 2702 1106 2759 domo
1156 2699 1408 2771 virginis,
1464 2697 1557 2752 ubi
1593 2696 1851 2761 latuerat,
1897 2705 1951 2750 et
2000 2704 2162 2749 nocte

581 2799 839 2854 inventus
864 2803 950 2851 est
987 2796 1043 2851 in
1071 2794 1324 2855 ecclesia,
1357 2806 1521 2861 quem
1554 2787 1911 2844 Alexandrini
1959 2786 2160 2843 festum

581 2899 807 2962 agentes
863 2888 1105 2946 libenter
1160 2894 1527 2953 acceperunt,
1580 2880 1750 2941 veluti
1810 2894 1879 2935 ex
1929 2881 2162 2936 mortuis

582 2982 1019 3037 reviviscentem.
1066 2976 1392 3045 Quicunque
1436 2973 1632 3028 Ariani
1676 2972 1732 3029 in
1773 2974 1908 3030 urbe
1965 2974 2163 3045 reliqui

581 3086 760 3138 erant,
789 3088 892 3145 pro
917 3069 1153 3142 Georgio
1176 3067 1411 3124 Lucium
1434 3074 1644 3122 creant.

2237 550 2425 622 λευτᾷ,
2455 550 2577 614 ἔτος
2606 551 2707 622 μὲν
2757 549 2908 619 ἄγων
2956 549 3066 604 ἀπὸ
3104 550 3375 620 γενέσεως
3411 549 3664 620 πέμπτον
3722 550 3831 604 καὶ

2237 642 2697 714 τεσσαρακοστὸν,
2730 641 3060 713 βασιλεύσας
3096 641 3156 696 δὲ
3185 642 3327 713 μετά
3369 642 3470 714 τὴν
3490 639 3587 696 τοῦ
3614 641 3835 713 πατρὸς

2236 734 2496 805 τελευτὴν
2523 733 2618 807 ἐτη
2642 734 2808 789 πέντε
2837 736 2932 789 καὶ
2958 736 3157 791 εἰκοσι.

2306 848 2585 921 Γεώργιος
2615 849 2660 902 δ’
2690 850 2720 903 ὁ
2748 849 2807 901 ὲν
2829 847 3210 919 ’Δλεξανδρείᾳ
3231 847 3279 881 θ’
3303 846 3434 907 ναὸν
3446 846 3768 920 Ἑλληνικὸν
3784 849 3837 883 ⁸⁸

2240 939 2343 1011 ἢδη
2377 940 2423 973 ⁸⁸
2452 939 2963 1009 κατηρειπωμένον,
2988 939 3046 990 ὲν
3074 929 3120 1006 ᾧ
3161 937 3223 989 τὸ
3244 937 3475 992 παλαιὸν
3497 938 3547 991 οἱ
3566 938 3839 1010 Ἕλληνες

2239 1027 2464 1093 τελετάς
2484 1029 2701 1083 ἐτέλουν
2738 1028 2816 1100 τῷ
2870 1028 3078 1101 Μίθρᾳ,
3126 1027 3348 1093 θύοντές
3371 1045 3433 1085 τε
3479 1029 3702 1102 ἄνδρας,
3736 1032 3839 1085 καὶ

2242 1122 2458 1186 παῖδας,
2486 1120 2581 1176 καὶ
2616 1123 2903 1191 γυναῖκας,
2936 1122 3032 1175 καὶ
3054 1122 3101 1155 ⁸ο
3147 1122 3263 1185 τοῖς
3296 1120 3624 1193 σπλάγχνοις
3653 1123 3839 1177 αὐτῶν

2247 1212 2661 1285 μαντευόμενοι,
2703 1212 2893 1266 τοῦτον
2918 1212 3314 1286 ἀνακαθαίρειν
3365 1213 3686 1285 ἐπεμελεῖτο
3738 1215 3841 1271 ἐπὶ

2243 1306 2322 1377 τῷ
2351 1306 2773 1377 ἀνοικοδομῆσαι
2828 1306 3141 1379 εὐκτήριον.
3206 1307 3745 1378 Ἀνακαθαιρομένου
3772 1308 3841 1365 δὲ

2246 1398 2475 1469 εὓρηται
2532 1398 2704 1453 πολλὰ
2756 1398 2957 1469 κρανία
3002 1399 3111 1454 τῶν
3164 1399 3554 1472 ἀνῃρημένων,
3591 1400 3689 1453 καὶ
3724 1398 3841 1453 τῶν

2248 1489 2593 1562 Χριστιανῶν
2616 1491 2666 1543 οί
2694 1489 2938 1560 ζηλωταὶ
2963 1490 3407 1562 ὲκπομπεύοντες
3444 1488 3516 1547 τὰ
3543 1485 3659 1543 τῶν
3711 1490 3838 1544 Ἐλ-

2249 1578 2423 1649 λήνων
2453 1579 2751 1650 μυστήρια,
2788 1580 2869 1643 είς
2898 1580 3111 1648 γέλωτα
3131 1579 3209 1651 τῷ
3228 1581 3385 1653 δήμῳ
3409 1580 3507 1635 καὶ
3537 1580 3738 1653 χλεύην
3764 1580 3839 1635 τά

2251 1671 2451 1742 κρανία
2471 1672 2795 1741 προάγουσι.
2825 1672 2900 1725 Τὸ
2938 1672 2997 1726 δὲ
3042 1671 3355 1745 Ἑλληνικὸν
3391 1674 3493 1746 τὴν
3545 1672 3703 1743 ὓϐριν
3730 1673 3838 1728 οὐκ

2182 1807 2225 1865 Β
2253 1761 2591 1829 ἐνεγκόντες,
2620 1762 2793 1833 ὀργῆς
2835 1762 3021 1828 αὐτοῖς
3046 1763 3208 1818 ἀθέου
3270 1762 3703 1834 στρατηγούσης,
3736 1763 3840 1832 όρ-

2257 1856 2401 1923 μῶσι
2450 1855 2594 1910 κατά
2639 1856 2747 1909 τῶν
2785 1856 3152 1927 Χριστιανῶν,
3181 1856 3432 1920 καὶτοὺς
3484 1854 3586 1927 μὲν
3628 1853 3837 1925 ξίφεσι,

2254 1945 2381 2010 τοὺς
2409 1945 2467 2000 δὲ
2498 1946 2776 2017 ῥοπάλοις,
2792 1947 2949 2010 τινὰς
2978 1946 3038 2001 δὲ
3060 1946 3254 2012 λίθοις,
3285 1946 3479 2011 ἄλλους
3495 1946 3554 1999 δὲ
3579 1948 3691 2009 τοῖς
3727 1963 3837 2001 πα-

2259 2037 2584 2108 ρατυχοῦσιν
2620 2038 2956 2093 ἀπέκτειναν
2986 2078 3004 2104 ,
3058 2041 3235 2103 ἐνίους
3293 2039 3341 2091 δ’
3364 2038 3545 2093 αὐτῶν
3592 2039 3692 2092 καὶ
3740 2039 3838 2092 ἀν·

2255 2129 2611 2197 εσταύρωσαν
2636 2146 2652 2162 θ
2677 2129 2768 2184 τὸν
2798 2130 2857 2184 δὲ
2877 2129 3156 2201 Γεὼργιον
3183 2130 3282 2201 τῆς
3307 2129 3605 2202 ἐκκλησίας
3621 2128 3839 2196 ἐξελκύ-

2257 2239 2448 2286 σαντες
2473 2220 2706 2293 καμήλῳ
2750 2238 2810 2274 τε
2840 2221 3215 2294 προσέδησαν,
3252 2220 3840 2293 καὶδιασπαραχθέντα

2260 2315 2357 2369 σὺν
2391 2314 2533 2385 αὐτῇ
2573 2313 2711 2385 πυρὶ
2741 2313 3072 2384 παρέδοσαν.

2341 2427 2624 2491 Ἰουλιανός
2650 2443 2716 2496 γε
2758 2427 2866 2498 μὴν
2904 2426 2966 2479 τὸ
2991 2426 3090 2498 τῆς
3121 2425 3405 2498 βασιλείας
3433 2426 3636 2500 κράτος
3658 2422 3841 2479 λαϐὼν

2257 2520 2330 2573 τὰ
2361 2520 2460 2592 μὲν
2494 2518 2767 2590 Ἐλλήνων
2794 2519 3149 2586 ἐσπούδαζεν,
3171 2520 3279 2575 eae
3305 2519 3672 2590 Κωνσταντίῳ
3702 2517 3843 2572 κατά

2258 2619 2369 2671 τῶν
2397 2615 2492 2671 τοῦ
2516 2616 2652 2671 Θεοῦ
2699 2617 3004 2689 ἀρχιερέων
3049 2618 3433 2690 πεπαρῴνητο,
3488 2618 3738 2690 στέργειν
3781 2616 3843 2670 ού

2260 2707 2553 2780 προῃρεῖτο
2580 2705 2627 2737 ’ί
2663 2723 2678 2737 ·
2709 2705 2791 2760 διὸ
2814 2706 2945 2770 τοὺς
2970 2708 3028 2761 ὲν
3047 2706 3368 2778 ύπερορίαις
3394 2706 3604 2768 πάντας
3642 2706 3846 2775 φωναῖς

2261 2798 2669 2869 φιλανθρώποις
2712 2799 3104 2854 ἀνεκαλέσατο.
3153 2800 3243 2866 Ἐξ
3286 2794 3351 2853 οὗ
3388 2800 3485 2853 καὶ
3528 2796 3846 2861 ’Δθανάσιος

2264 2891 2547 2964 θαρρήσας
2564 2889 2732 2956 ἔξεισι
2760 2891 2861 2961 μὲν
2888 2892 2990 2961 τῆς
3018 2890 3196 2956 οἰκίας
3223 2886 3337 2963 ὲνῇ
3368 2890 3783 2961 κατεκρύπτετο
3797 2889 3845 2922 ⁸⁸

2262 2980 2361 3050 τῆς
2399 2980 2702 3051 παρθένου,
2738 2980 2885 3034 κατὰ
2911 2980 3084 3037 νύκτα
3111 2981 3168 3034 δὲ
3216 2980 3364 3035 ἔνδον
3390 2979 3550 3051 ὤφθη
3588 2979 3691 3050 τῆς
3753 2979 3849 3032 ὲκ-

2267 3073 2515 3144 κλησίας.
2556 3074 2669 3127 Καὶ
2692 3075 2721 3126 ὁ
2761 3072 3162 3144 Ἀλεξανδρέων
3197 3074 3371 3144 δῆμος
3406 3073 3664 3145 ἀσμένως
3688 3070 3852 3126 αὐτὸν

582 3166 772 3234 καὶὼς
803 3169 870 3228 εκ
905 3164 1115 3236 νεκρῶν
1139 3162 1321 3229 ζῶντα
1380 3161 1528 3216 κατά
1571 3161 1767 3232 ἑορτῆς
1819 3161 2159 3235 φαιδρότητα
2233 3168 2564 3234 ὑπεδέξαντο
2600 3185 2616 3200 ·
2654 3167 2817 3242 [1448
2858 3166 2953 3239 IL]
3016 3169 3141 3223 ὅσον
3185 3169 3242 3222 δὲ
3290 3167 3604 3240 ἀρειανίζον
3666 3167 3726 3221 έν
3783 3168 3853 3240 τῇ

583 3266 740 3323 πόλει
782 3261 1130 3330 ὑπελείπετο,
1160 3261 1242 3325 είς
1297 3258 1389 3312 τὸ)
1420 3257 1696 3329 Γεωργίου
1738 3258 1901 3311 τόπον
1931 3258 2163 3318 Λούκιον
2200 3263 2643 3337 προχειρίξονται
2667 3265 2733 3317 ³³.

655 3362 727 3417 At
765 3357 1038 3425 Julianus,
1092 3354 1187 3427 qui
1241 3352 1404 3409 idolis
1453 3350 1846 3417 delectabatur,
1904 3352 2162 3408 sacriﬁcia

2358 3355 2641 3421 Ἰουλιανὸς
2671 3356 2729 3410 δὲ
2759 3355 3043 3428 πανταχοῦ
3071 3355 3175 3427 μὲν
3204 3355 3251 3389 ⁸⁸
3272 3355 3433 3409 ἔσεσε
3460 3355 3532 3409 τά
3560 3354 3852 3427 Ἑλλήνων,

587 3448 1069 3521 Constantinopoli
1124 3447 1387 3503 Fortuna:
1417 3442 1682 3499 otl'erebat
1749 3442 1985 3512 publice.
2049 3444 2162 3510 Qua

2275 3447 2399 3505 ἔθυε
2423 3448 2483 3503 δὲ
2507 3448 2649 3503 κατά
2675 3450 2720 3481 ⁸⁸
2755 3449 2856 3520 τὴν
2890 3448 3466 3503 Κωνοταντινούπολιν
3503 3448 3741 3520 δημοσίᾳ
3775 3446 3856 3519 τῷ

590 3557 840 3615 tempore
886 3546 1052 3598 etiam
1119 3538 1299 3594 Mares
1347 3535 1720 3591 Chalcedonis
1764 3536 2057 3606 episcOpus
2086 3536 2162 3607 (4)

2272 3541 2375 3611 τῆς
2401 3540 2591 3612 Τύχης
2625 3541 2925 3613 ἀγάλματι,
2966 3541 3130 3611 ἡνίκα
3155 3541 3253 3594 καὶ¹
3287 3540 3488 3611 ’Δάρης
3514 3541 3545 3593 ό
3575 3539 3857 3610 Καλχηδό-

591 3653 758 3694 manu
782 3636 984 3691 ductus
1010 3630 1317 3705 (laborabat
1342 3630 1491 3684 enim
1522 3641 1635 3695 prae
1672 3634 1956 3684 senectute
1977 3627 2162 3682 oculo-

2275 3649 2367 3696 νος
2400 3633 2448 3665 ⁸⁸
2493 3633 3007 3706 χειραγωγούμενος
3051 3628 3142 3704 (ἦν
3172 3634 3280 3704 γὰρ
3305 3633 3412 3689 ὑπὸ
3458 3630 3553 3686 τοῦ
3588 3632 3777 3703 γήρως
3804 3632 3852 3664 ον

590 3744 712 3784 rum
765 3724 1120 3794 hebetudine)
1189 3723 1583 3793 imperatorem
1648 3727 1950 3789 apostatam
1992 3718 2162 3789 jurgic

2277 3723 2541 3793 ὑπόχυσιν
2570 3724 2712 3793 ἔχων
2740 3725 2800 3779 ὲν
2825 3727 2941 3787 τοῖς
2982 3722 3308 3795 ὀφθαλμοῖς)
3360 3723 3535 3777 πολλά
3564 3722 3657 3777 τὸν
3720 3724 3856 3776 ἀπο-

592 3818 889 3877 lacessivit.
948 3816 1039 3872 llle
1084 3829 1218 3870 vero
1267 3814 1511 3869 vicissim
1558 3812 1809 3869 convicia
1861 3813 2162 3883 regerebat,

2280 3815 2483 3889 στάτην
2512 3815 2787 3881 ἐκάκιζεν.
2807 3816 2866 3871 '0
2900 3817 2959 3870 δὲ
2984 3816 3186 3887 τυφλὸν
3210 3816 3308 3870 καὶ
3337 3816 3575 3888 πονηρὸν
3614 3815 3857 3869 ἀντελοι-

591 3926 798 3969 caecum
841 3921 897 3965 et
947 3908 1254 3978 improbum
1304 3922 1431 3962 eum
1491 3920 1720 3972 vocans,
1771 3920 1872 3960 nec
1915 3920 2080 3974 posse
2123 3906 2162 3960 ei

2278 3904 2510 3974 δορεῖτο,
2533 3906 2629 3959 καὶ
2652 3906 2727 3968 ὡς
2751 3908 2781 3960 ὁ
2811 3906 3094 3971 Γαλιλαῖος
3139 3905 3307 3961 αὐτοῦ
3338 3907 3468 3970 Θεὸς
3501 3907 3604 3960 οὐκ
3630 3905 3859 3977 ἐκθερα-

593 4004 876 4064 Galilaeum
902 4000 1075 4058 Deum
1118 3998 1324 4054 mederi
1380 3997 1768 4068 exprobrabat.
1820 3995 2000 4052 Mares
2047 4010 2178 4053 vero

595 4098 766 4155 libere
812 4095 929 4167 regi
975 4092 1306 4165 respondit:
1337 4089 1556 4147 Gratias
1605 4105 1728 4160 ago,
1780 4088 1985 4159 inquit,
2036 4087 2173 4155 Dea,

594 4192 687 4262 qui
715 4188 991 4247 occwcnvit
1020 4202 1123 4253 me,
1156 4200 1219 4239 ne
1254 4193 1405 4241 tuum
1436 4182 1711 4246 impudens
1751 4197 1809 4234 as
1861 4197 1923 4235 ac
1953 4180 2182 4239 tenebri-

598 4297 780 4336 cosum
803 4278 1054 4334 viderem.
1085 4276 1244 4331 Tunc
1276 4289 1409 4328 sane
1438 4282 1494 4327 et
1520 4269 1866 4337 Jovinianus,
1904 4280 1959 4325 et
1988 4268 2184 4325 Valen-

600 4373 863 4436 tinianus,
897 4368 994 4439 qui
1026 4375 1152 4439 post
1185 4365 1332 4419 hunc
1371 4363 1535 4418 etiam
1572 4362 1932 4432 imperarunt,
1965 4361 2179 4419 solutas

600 4477 772 4523 zonas
797 4460 1145 4531 proiecerunt
1185 4464 1422 4528 tyranno
1460 4463 1589 4510 ante
1636 4453 1825 4524 pedes.
1883 4452 2132 4509 dicentes
2163 4469 2179 4508 :

599 4553 789 4623 Accipe
807 4565 1004 4624 aonas,
1039 4547 1173 4602 habe
1213 4546 1308 4601 tibi
1340 4546 1561 4599 honores
1614 4554 1775 4599 tuos:
1805 4544 2053 4613 exposita
2082 4543 2182 4600 tibi

600 4646 766 4703 etiam
791 4650 915 4698 sunt
944 4656 1169 4712 corpora
1201 4646 1405 4704 nostra,
1435 4637 1481 4692 si
1514 4636 1713 4706 punire
1749 4635 1858 4692 vis.

2277 3996 2588 4049 πεύσειενθθ
2606 3998 2767 4052 αὐτὸν
2788 3998 3206 4064 ὲπωνειδίζει⁰⁹.
3224 3999 3283 4053 '0
3303 3998 3361 4053 δὲ
3377 3997 3507 4070 [789
3521 3996 3615 4069 IL]
3634 3998 3855 4069 Μάρης·

2284 4088 2467 4144 Τοῦτό
2493 4106 2569 4160 με
2596 4090 2612 4121 ³
2636 4089 2786 4159 πρὸς
2804 4092 2920 4160 τὴν
2943 4092 3247 4162 μεγίστην
3272 4088 3666 4160 εὐχαριστίαν
3707 4087 3861 4142 κινεῖ

2280 4179 2387 4235 τοῦ
2413 4179 2581 4247 Θεοῦ,
2601 4180 2690 4234 ὅτι
2699 4198 2777 4252 με
2800 4182 3036 4254 τυφλὸν
3053 4182 3361 4250 ἐθετο,”ῖνα
3379 4182 3448 4235 τὸ
3471 4180 3591 4236 σὸν
3617 4178 3860 4247 ἀναιδὲς

2282 4270 2434 4326 οὕτω
2453 4270 2526 4324 δι’
2560 4271 2839 4340 ἀσεϐείας
2862 4274 3216 4345 ἀμαυρωθὲν
3227 4272 3314 4343 μὴ
3343 4271 3646 4342 θεάσωμαι
3674 4271 3861 4340 πρόσ-

2281 4378 2465 4419 ωπον.
2492 4364 2626 4423 Τότε
2658 4366 2748 4435 δὴ,
2769 4367 2890 4419 τότε
2928 4368 3024 4422 καὶ
3065 4366 3325 4431 Ἰοὸιανδς
3354 4366 3452 4420 καὶ
3480 4365 3861 4419 Οὑαλεντινιαι⁸

2282 4452 2394 4519 νὸς,
2432 4456 2483 4509 οἱ
2537 4458 2678 4527 μετά
2708 4458 2879 4512 ταῦτα
2932 4457 3073 4512 κατά
3116 4458 3371 4529 διαδοχὴν
3420 4457 3859 4529 βασιλεύσαντες,

2282 4546 2545 4612 λύσαντες
2596 4549 2774 4603 αὐτῶν
2802 4549 2903 4612 τὰς
2932 4548 3110 4615 ζώνας
3151 4551 3229 4622 τῷ
3259 4552 3280 4586 ³
3312 4551 3564 4623 τυράννῳ
3617 4550 3861 4622 προσέρ-

2288 4637 2475 4708 ριψαν,
2495 4641 2661 4709 Ἔχε,
2676 4640 2944 4709 λέγοντες,
2963 4642 3180 4710 καὶτὰς
3204 4641 3411 4711 ζώνας³
3427 4642 3651 4711 καὶτὰς
3666 4641 3857 4712 τιμάς-⁸

602 4738 657 4796 ει
674 4735 895 4802 βούλει
915 4734 983 4789 δὲ
1002 4733 1103 4788 καί
1162 4728 1456 4794 κολάζειν,
1514 4726 1828 4796 προθύμως
1859 4738 1999 4791 σοι,
2039 4725 2119 4795 τῷ
2141 4725 2163 4755 ⁵
2205 4726 2480 4784 Ἰουλιανῶ
2531 4732 2910 4803 παραστάντες
2960 4734 3170 4804 ἔφασαν
3194 4736 3237 4803 ⁸,
3279 4734 3620 4805 παρέχομεν
3670 4736 3767 4790 καὶ
3793 4734 3866 4789 τὰ

605 4829 869 4900 σώματα.

678 4922 981 4996 imperator
1006 4932 1137 4989 ergo
1177 4930 1303 4974 cum
1353 4912 1520 4971 sociis
1545 4911 1887 4979 deliberavit,
1928 4918 1990 4968 ut
2013 4910 2184 4965 Atha-
2218 4913 2262 4968 D

2374 4909 2433 4960 '0
2475 4909 2659 4979 μέντοι
2708 4908 3022 4980 ἀποστάτης
3058 4910 3158 4965 σὺν
3194 4912 3307 4977 τοῖς
3353 4911 3624 4983 δμόφροσι
3673 4912 3867 4987 βουλὴν

1849 5081 2087 5138 νΑιιιιΕ
2143 5076 2554 5136 LECTIONES.

681 5275 729 5308 "
768 5268 1167 5343 Ἀλεξανδρείᾳ]
1182 5267 1487 5343 Ἀντιοχείᾳ,
1506 5267 1573 5322 Α.
1614 5268 1693 5343 __“
1741 5264 2018 5343 Ἑλλήνων
2045 5266 2111 5315 Α.
2186 5260 2233 5292 ⁸⁸

944 5344 991 5421 ξ³
1019 5332 1537 5421 κατ’έκέκρυπλῖἱοβι
1612 5337 1659 5372 ⁸³
1684 5332 2179 5421 προχειξίζξταιηςο

614 5363 753 5474 gito
782 5361 845 5409 ς.
946 5361 991 5376 ’⁸
1019 5361 1437 5413 κατεκεκρυτπο
1457 5361 1518 5394 υ,
1613 5361 1659 5372 ’-
1684 5361 2093 5421 πρυχιιριεξτυιι
2118 5361 2179 5396 5.
2278 5361 2287 5363 ἡ
2326 5361 2455 5417 ’μιν
2488 5361 2599 5387 υιιι.
2670 5361 2736 5386 n.
2819 5361 2851 5362 π
2895 5361 3059 5402 λιμοι]
3123 5361 3218 5383 οιυιι

676 5433 766 5480 νος
798 5413 861 5469 B.
918 5414 963 5447 "
997 5415 1198 5484 γήρους
1229 5427 1289 5484 ς,
1366 5409 1420 5484 ³⁸.
1445 5403 1925 5484 ἐκθεραπευσειεν]
1983 5421 2052 5458 αν
2081 5404 2493 5484 ⁸θεραπεύσειεν
2521 5402 2582 5457 Β.
2658 5404 2703 5436 ⁸⁸
2730 5401 3110 5467 κατωνείδιςεν
3171 5416 3236 5467 ς.

615 5492 639 5529 ⁸
666 5474 838 5559 viii—4
867 5474 1191 5551 ζὼνᾶςῖηιιξ
1224 5474 1333 5537 ΑΒ.
1410 5481 1432 5513 ⁵
1459 5474 1634 5551 “up—3‘
1661 5478 1871 5544 ἔφασαν
1904 5474 2033 5530 “οω.
2065 5474 2134 5529 Α.

2260 5260 2363 5363 ηδη
2400 5261 2485 5317 A:
2526 5262 2589 5332 δή
2616 5278 2680 5326 ς.
2753 5260 2802 5294 ⁹⁰
2830 5260 2925 5313 καὶ
2966 5268 3095 5316 ante
3150 5261 3262 5324 τοῖς
3300 5261 3423 5316 add.
3454 5260 3521 5314 A.

2299 5330 2322 5361 ι
2357 5333 2455 5363 ..λη
2488 5348 2575 5363 Α...
2678 5333 2706 5363 Δ
2813 5331 2861 5362 Β.
2893 5330 3058 5363 ..-ι-ΑΛ
3130 5331 3212 5363 ,νηὶ
3265 5332 3402 5363 υκαι-ιι
3436 5331 3473 5363 Ιὶ

2356 5280 2363 5330 ι
2400 5262 2485 5317 A:
2526 5262 2589 5332 δή
2616 5278 2680 5326 ς.
2753 5262 2802 5294 ⁹⁰
2830 5262 2925 5313 καὶ
2966 5268 3095 5316 ante
3150 5262 3262 5324 τοῖς
3300 5262 3423 5316 add.
3454 5262 3521 5314 A.
3623 5262 3667 5295 "
3694 5276 3864 5334 προη-

2356 5333 2455 5402 μὲν
2488 5348 2599 5387 om.
2670 5333 2736 5386 Α.
2813 5331 2861 5362 ⁸⁸
2893 5330 3059 5402 κατὰ]
3123 5331 3218 5383 καὶ
3265 5332 3406 5385 κατά
3432 5331 3495 5387 Β.
3570 5333 3618 5365 ⁵⁸
3643 5331 3865 5401 Χαλκη-

3341 5402 3554 5474 ²μεΛ
3615 5418 3746 5474 εγε
3802 5418 3864 5469 ς’.

2134 5627 2363 5685 ΝΟΤᾸΞ.

693 5811 772 5884 (ti)
811 5814 990 5872 Mares
1041 5814 1219 5884 Episc.
1273 5828 1451 5870 cmcus
1504 5811 1565 5865 D.
1610 5809 1880 5866 Baronius
1922 5815 2070 5862 temo
2119 5805 2183 5861 ιν
2223 5805 2511 5862 Annalium
2560 5800 2761 5857 Eccles.
2799 5799 2867 5857 ad
2901 5812 3106 5865 annum
3130 5795 3259 5854 Chr.
3289 5796 3415 5855 562.
