4152 6414
250 329 352 399 153

1301 344 1827 411 BIBLIOTHECA.
1840 376 1911 387 -
1940 350 2103 416 COD.
2141 356 2437 422 CCLVIII.

3394 354 3493 420 I54

246 452 570 526 βουλεύεται
600 454 919 511 Ἀθανάσιον
940 456 1184 513 ἐκποδὼν
1204 460 1454 532 ποιῆσαι,
1476 464 1824 537 ἐννοούμενος

1934 478 2140 533 nasium
2172 479 2417 548 ejiceret,
2451 486 2606 535 ratus
2635 458 2981 534 Christianos
3002 475 3161 531 aliter
3191 473 3259 530 ad
3295 474 3492 544 impie-

243 549 344 614 ὡς,
374 548 538 619 εἴπερ
570 548 605 619 ἠ
647 548 998 621 Ἀλεξάνδρου
1036 551 1191 617 πόλις
1214 553 1428 609 ἐκείνου
1454 557 1820 632 ἀπαλλαγείη,

246 640 457 713 ῥᾳδίως
484 640 613 704 τοὺς
643 642 702 693 ὲν
733 644 872 714 αὐτῇ
902 644 1262 714 Χριστιανοὺς
1289 649 1372 711 είς
1391 650 1453 703 τὸ
1465 651 1665 704 οἰκεῖον
1687 652 1822 722 μεθ-

244 733 825 807 ελκύσειδυσσέδημα.
850 736 941 791 Διὸ
957 738 1118 793 πάλιν
1155 742 1508 811 συκοφάνται,
1532 746 1625 799 καὶ
1659 746 1824 800 πάλιν

246 825 581 897 στρατηγὸς,
609 827 704 881 καὶ
729 827 892 882 πάλιν
913 830 1165 901 στρατὸς,
1194 834 1288 887 καὶ
1308 834 1471 889 πάλιν
1509 835 1825 902 Ἀθανάσιος

244 916 674 988 ἑκζητούμενος,
704 920 801 974 καὶ
827 920 990 977 πάλιν
1018 924 1190 993 φυγή.
1234 925 1346 980 Καὶ
1377 928 1476 997 τῆς
1529 928 1825 999 ἐκκλησίας

245 1008 425 1079 λάθρα
440 1009 665 1080 διαδρὰς
688 1011 913 1077 ὁλκάδος
936 1013 1206 1069 ἐπιϐαίνει
1230 1015 1328 1070 καὶ
1345 1016 1440 1070 ἐπὶ
1466 1018 1565 1090 τὴν
1581 1017 1826 1090 Θηϐαΐδα

246 1100 513 1166 ἰθύνεται,
532 1101 626 1155 καὶ
651 1103 679 1154 ό
711 1104 994 1176 σατράπης
1013 1104 1236 1160 ὄπισθεν
1264 1107 1287 1139 ⁸
1313 1108 1641 1162 καταδιώκει
1670 1126 1685 1144 ~
1730 1111 1824 1163 καὶ

243 1191 518 1262 μηνύεται
545 1192 707 1246 τοῦτο
733 1194 762 1245 6
801 1193 1148 1267 διωκόμενος,
1180 1200 1276 1252 καὶ
1319 1200 1443 1270 ὄψις
1501 1199 1666 1254 αὐτὸν
1704 1201 1826 1256 θεία

243 1282 689 1353 παρακελεύεται
707 1286 1132 1359 ἀντιστρέψαιτὸ
1147 1290 1330 1344 πλοῖον
1353 1293 1449 1346 καί(⁵
1466 1291 1563 1363 τὴν
1576 1293 1825 1346 ἐναντίαν

244 1376 569 1441 πλοῖζεσθαι
597 1379 641 1433 ⁷.
670 1379 792 1432 Τῶν
822 1381 879 1434 δὲ
904 1383 1173 1437 συνόντων
1206 1384 1525 1438 κωλυόντων
1547 1387 1607 1438 οὐ
1630 1385 1813 1454 λόγοις

249 1472 412 1540 μόνον
435 1470 578 1525 ἀλλά
597 1471 695 1524 καὶ
722 1471 973 1543 δάκρυσι,
1003 1474 1130 1545 μηδ’
1157 1475 1239 1538 εἰς
1266 1475 1487 1547 ὄλεθρον
1516 1475 1657 1530 οὕτω
1690 1494 1824 1549 προς

249 1556 392 1628 φανῆ
424 1558 624 1612 ἑαυτὸν
674 1575 736 1611 τε
765 1559 788 1591 ⁸
834 1562 1120 1626 κάκείνους
1150 1563 1421 1628 ἐκδοῦναι,
1470 1565 1735 1638 ἐθάρρυνέ
1764 1584 1823 1619 τε

252 1648 419 1722 μηδὲν
444 1650 467 1681 ⁹
500 1649 755 1713 δεδιέναι,
789 1652 884 1705 καὶ
907 1652 1252 1708 ἀνεδίδασκεν
1280 1655 1356 1715 ὡς
1380 1656 1441 1710 τὸ
1466 1657 1621 1710 Θεῖον
1644 1659 1827 1722 αὐτοῖς

248 1744 330 1811 ειη
366 1740 687 1812 σύμμαχον.
741 1742 836 1808 Ἐξ
866 1744 1213 1817 ὑποστροςρῆς
1244 1747 1338 1801 οὖν
1371 1749 1507 1821 πρὸς
1532 1751 1633 1822 τὴν
1647 1751 1826 1819 Ἀλεξ-

247 1833 500 1904 άνδρειαν
536 1834 899 1904 ἀναγομένοις
947 1838 1281 1893 συναντῶσιν
1310 1841 1361 1893 οί
1404 1840 1692 1906 διώκοντες
1732 1843 1828 1897 καὶ
1860 1829 1902 1883 Β

248 1924 606 1995 ἐπερωτῶσιν
627 1925 682 1979 εί
712 1944 816 1981 που
848 1927 1007 1982 ἴδοιεν
1066 1929 1388 1986 Ἀθανάσιον
1442 1933 1712 2003 φεύγοντα
1736 1952 1751 1966 ο
1776 1936 1826 1990 οἱ

248 2016 301 2068 δὲ
321 2015 624 2086 ήμείὸοντο
655 2019 751 2071 καὶ
792 2017 923 2071 ίδετν
957 2019 1146 2090 αὐτὸν,
1182 2021 1278 2074 καὶ
1305 2020 1384 2085 ὡς
1415 2024 1464 2075 εί
1497 2022 1541 2055 ³ο
1570 2024 1830 2096 ἐπιταχύ-

248 2128 397 2168 νειαν
416 2112 612 2166 τοῦτον
634 2114 1069 2186 καταλήψεσθαι.
1098 2116 1212 2171 Καὶ
1239 2118 1465 2184 τούτους
1488 2119 1589 2190 μὲν
1610 2121 1829 2176 πλανω-

260 2205 453 2274 μένους
496 2206 858 2277 ἀπέπεμπον,
888 2209 1047 2262 αὐτοὶ
1072 2209 1130 2263 δὲ
1159 2209 1353 2264 θᾶττον
1400 2212 1480 2275 είς
1510 2212 1611 2283 τὴν
1680 2213 1831 2267 Ἀλε-

265 2297 487 2367 ξάνδρου
510 2299 883 2371 κατήχθησαν.
912 2301 1022 2355 Καὶ
1043 2300 1251 2372 βραχὺν
1278 2301 1468 2372 χρόνον
1495 2304 1833 2375 ἀποκρυ6ε“ις

268 2388 297 2439 6
323 2387 618 2453 θεσπέσιος,
657 2389 950 2445 Ἰουλιανοῦ
970 2390 1069 2447 τοῦ
1116 2391 1451 2445 Ἀποστάτου
1478 2392 1575 2464 τὴν
1595 2394 1749 2462 δίκην
1774 2396 1833 2448 ἐν

271 2478 510 2547 Πέρσαις
529 2480 956 2552 ἀπαιτηθέντος,
993 2482 1446 2555 ὲπαρρησιάσατό
1489 2501 1550 2538 τε
1595 2485 1688 2539 καὶ¹
1733 2485 1833 2557 τὴν

263 2573 355 2627 τοῦ
385 2576 679 2640 σεσωκότας
699 2575 885 2631 πίστιν
908 2576 1231 2647 ἐδογμάτιζέ
1247 2595 1304 2631 τε
1329 2578 1424 2632 καὶ
1443 2579 1608 2648 ἀνεκή
1619 2596 1830 2649 ρυττεν.

340 2667 501 2720 Ἀλλά
522 2668 633 2739 γὰρ
664 2668 953 2732 Ἰουλιανὸς
977 2667 1075 2739 μὲν
1097 2670 1157 2723 ὲν
1185 2669 1407 2740 Περσίδι
1436 2669 1699 2741 ἀνῃρέθη,
1723 2672 1833 2725 τῶν

254 2758 355 2829 μὲν
376 2760 461 2822 είς
496 2758 720 2828 Πέρσην
738 2758 861 2811 τινὰ
894 2759 1005 2811 τῶν
1057 2759 1376 2829 αὐτομόλων
1397 2759 1497 2826 τὴν
1548 2760 1833 2831 ἀναίρεσιν

254 2848 659 2918 ἀναφερόντων,
677 2848 786 2901 τῶν
807 2849 865 2902 δὲ
886 2848 966 2912 είς
991 2866 1114 2902 τινα
1133 2849 1242 2901 τῶν
1261 2848 1539 2904 ὑποτελῶν
1565 2867 1835 2920 στρατιω-

254 2940 360 2992 τῶν
396 2955 416 2974 ο
447 2940 477 2993 6
506 2940 568 2993 δὲ
597 2940 768 3003 πολὺς
796 2940 891 2994 καὶ
917 2942 1018 3012 τῆς
1065 2940 1327 3012 ἀληθείας
1352 2942 1647 3014 ἐγγύτερος
1676 2942 1834 3013 λόγος

254 3031 520 3101 θεήλατον
558 3032 723 3086 αὐτὸν
767 3033 1069 3103 ὑποστῆναι
1120 3036 1221 3104 τὴν
1255 3035 1472 3106 σφαγὴν
1506 3036 1832 3094 ἐκδιδάσκει.

1924 582 2089 629 tatem
2134 573 2358 628 minime
2398 571 2610 628 traduci
2651 586 2836 642 posse,
2881 570 2990 626 nisi
3018 567 3351 624 Alexandria
3401 567 3494 621 ille

1925 666 2235 737 pelleretur.
2262 663 2443 732 Quare
2476 664 2671 719 iterum
2708 662 2961 717 oriuntur
2985 668 3359 725 accusatores,
3389 657 3494 735 itc-

1922 775 2047 815 rum
2069 758 2201 824 dux,
2229 767 2288 813 et
2308 758 2507 813 milites
2541 773 2557 811 :
2586 770 2807 811 rursum
2843 752 3181 809 Athanasius
3206 751 3495 822 quaeritur,

1924 864 1979 909 et
2006 852 2163 923 fugit.
2193 848 2402 905 Furtim
2436 850 2621 920 itaque
2661 864 2728 903 ex
2756 846 2889 902 urbe
2923 846 3139 916 fugiens
3174 846 3499 900 conscendit

1924 961 2139 1009 navem,
2175 945 2230 1000 in
2260 943 2589 1000 Thebaidem
2618 944 2785 999 venit.
2818 940 3046 1011 Satrapa
3082 941 3233 995 illum
3269 956 3300 994 a
3340 950 3496 1009 tergo

1923 1047 2146 1095 secutus
2172 1046 2258 1093 est
2288 1055 2303 1091 ι
2337 1036 2482 1107 quod
2507 1052 2631 1091 cum
2670 1035 2761 1091 ille
2794 1034 3139 1104 intelligeret,
3171 1033 3352 1087 divina
3398 1047 3495 1087 vo—

1924 1133 2133 1188 luntate
2183 1130 2349 1183 vertit
2406 1129 2718 1199 navigium,
2789 1135 2846 1182 et
2903 1124 3125 1180 obviam
3182 1122 3497 1193 insequenti

1926 1224 2166 1294 navigat.
2190 1221 2304 1277 Illis
2328 1237 2479 1287 vero,
2506 1222 2600 1291 qui
2621 1227 2812 1276 sancto
2836 1219 3067 1274 aderant
3095 1216 3495 1281 inhibentibus,

1923 1317 2058 1385 quin
2106 1315 2269 1371 etiam
2318 1314 2679 1384 plorantibus,
2723 1328 2792 1367 ne
2825 1312 2879 1367 in
2911 1322 3158 1382 apertum
3200 1309 3496 1367 discrimen

1925 1424 1985 1463 se
2043 1422 2287 1477 suosque
2328 1406 2643 1476 conjiceret,
2701 1405 2779 1459 ait
2835 1415 3060 1459 sanctus
3116 1400 3494 1456 Athanasius:

1924 1499 2216 1566 Contidite,
2252 1499 2422 1554 nolite
2454 1498 2669 1560 timere,
2694 1496 2839 1552 Deus
2878 1496 3025 1551 enim
3061 1510 3165 1549 una
3205 1492 3496 1547 nobiscum

1925 1604 2148 1663 pugnat.
2215 1592 2421 1661 Itaque,
2475 1604 2743 1646 converso
2787 1602 2953 1643 cursu
3013 1598 3182 1649 retro,
3246 1584 3499 1638 feruntur

1926 1682 2313 1737 Alexandriam
2357 1694 2567 1735 versus.
2627 1680 2935 1732 Occurrunt
2984 1684 3398 1745 persecutores,
3443 1681 3501 1726 et

1928 1783 2123 1844 rogant
2146 1789 2277 1828 num
2308 1771 2670 1826 Athanasium
2694 1767 2890 1841 48ήὸ
2916 1766 3211 1839 fugientem
3240 1764 3495 1819 viderint.

1929 1864 2011 1920 Illi
2068 1875 2251 1920 autem
2310 1863 2713 1933 responderunt
2758 1878 2816 1915 se
2862 1858 3099 1922 vidisse,
3154 1871 3256 1911 nec
3309 1853 3499 1926 procul

1928 1957 2116 2012 abesse
2145 1974 2159 2011 :
2190 1957 2237 2011 si
2263 1962 2601 2011 maturarent
2641 1960 3012 2007 assccuturos.
3041 1948 3133 2004 Sic
3160 1948 3284 2003 illos
3308 1962 3500 2000 erran-

1929 2057 2012 2104 tes
2063 2048 2414 2103 dimiserunt.
2461 2045 2567 2116 Ipsi
2630 2060 2762 2107 vero,
2814 2043 3064 2097 celeriter
3113 2037 3497 2093 Alexandriam

1928 2156 2122 2195 navem
2194 2138 2541 2210 appulerunt.
2607 2135 2894 2202 Parvoque
2963 2139 3211 2200 tempore
3280 2128 3501 2181 latitans

1930 2236 2285 2298 Athanasius,
2314 2232 2538 2288 Juliano
2566 2233 2619 2285 in
2650 2229 2837 2285 Persia
2868 2227 3129 2283 divinitus
3152 2225 3499 2289 interempto,

1930 2347 2056 2386 cum
2106 2329 2356 2383 libertate
2389 2325 2619 2380 verbum
2657 2322 2754 2378 Dei
2795 2319 3149 2391 praedicabat,
3203 2323 3257 2372 et
3302 2314 3501 2370 saluta-

1931 2438 2045 2479 rem
2073 2423 2234 2478 lidem
2262 2418 2589 2477 enuntiavit.

1996 2664 2250 2721 Julianus
2309 2660 2454 2717 enim
2507 2659 2563 2714 in
2621 2653 2848 2711 Perside
2904 2651 3157 2708 sublatus
3204 2654 3316 2712 est,
3375 2645 3499 2701 aliis

1932 2756 2154 2831 quidem
2183 2756 2361 2811 Persae
2390 2752 2606 2809 cuidam
2636 2747 2937 2817 transfugae
2960 2751 3194 2799 mortem
3218 2742 3510 2811 imputan—

1935 2830 2101 2915 tibus,
2145 2847 2273 2902 aliis
2302 2859 2431 2901 vero
2463 2842 2627 2899 alicui
2674 2856 2707 2896 e
2754 2837 3041 2893 militibus.
3089 2833 3197 2889 Sed
3233 2830 3513 2887 verisimi-

1935 2942 2042 2997 lius
2086 2950 2169 2994 est
2224 2952 2255 2991 a
2309 2935 2669 3006 pluribusque
2718 2929 2984 2986 creditum
3040 2924 3305 2982 divinitus
3354 2923 3512 2976 illum

1938 3030 2284 3087 interfectum
2320 3043 2460 3083 esse.
2507 3024 2695 3094 Itaque
2729 3022 2923 3094 viginti
2947 3026 3160 3075 tantum
3207 3030 3427 3071 menses
3455 3013 3511 3067 in

253 3122 651 3193 Καταστρέφει
680 3120 726 3175 δ’
768 3121 863 3176 οὖν
899 3124 944 3158 η
989 3125 1082 3178 τὸν
1122 3124 1237 3195 βίον
1282 3126 1342 3179 ἓν
1374 3127 1469 3180 καὶ
1505 3127 1834 3196 τριακοστὸν

1937 3123 2151 3194 imperii
2204 3121 2421 3191 fastigio
2460 3118 2565 3174 fuit
2594 3117 2850 3174 Julianus
2881 3132 2895 3170 :
2943 3114 3081 3169 vixit
3116 3117 3298 3165 autem
3334 3120 3513 3163 annos

254 3180 507 3277 διαϐιοὺς
534 3180 681 3281 ἔτος,
718 3213 779 3268 ὲν
806 3214 865 3275 δὲ
896 3217 962 3287 τῇ
997 3180 1245 3286 βασιλείᾳ
1299 3217 1475 3288 μῆνας
1507 3180 1700 3271 είκοσι.

1941 3180 2109 3271 unum
2169 3224 2223 3269 et
2267 3214 2511 3285 triginta.
2561 3210 2609 3265 Α
2651 3219 2825 3265 morte
2873 3206 3039 3278 igitur
3078 3202 3281 3259 Juliani
3311 3240 3328 3265 ,
3374 3214 3510 3256 con—

254 3303 569 3376 διαδέχεται
613 3304 715 3375 τὴν
740 3305 1053 3378 Ῥωμαϊκὴν
1085 3305 1360 3376 βασιλείαν
1388 3307 1552 3377 ψήφω
1568 3310 1660 3361 τοῦ
1694 3322 1832 3362 παν-

1941 3324 2105 3367 sensu
2145 3307 2313 3363 totius
2345 3304 2617 3361 exercitus
2648 3301 2914 3357 Jovianus
2955 3308 3188 3364 regnum
3247 3290 3512 3361 capessit,

255 3398 349 3461 τδς
391 3396 811 3468 στρατεύματος
873 3399 1151 3465 Ἶοὸιανδς,
1180 3397 1242 3453 οὗ
1288 3400 1383 3453 καὶ
1446 3400 1668 3472 μνήμην
1722 3402 1764 3435 ³⁸
1809 3404 1836 3455 ό

1942 3400 2099 3469 cujus
2128 3398 2292 3469 paulo
2321 3404 2449 3451 ante
2479 3391 2850 3448 meminimus.
2882 3386 2991 3442 Sed
3021 3386 3112 3441 ille
3138 3391 3266 3437 octo
3292 3387 3515 3435 menses

260 3489 417 3559 λόγος
473 3491 639 3560 ἔσχεν
700 3491 1027 3563 ἔμπροσθεν.
1073 3492 1213 3545 Ἀλλ’
1261 3486 1415 3556 οὗτος
1463 3492 1609 3545 ὀκτὼ
1659 3494 1836 3563 μῆνας

1943 3502 2157 3549 tantum
2185 3489 2415 3558 imperio
2447 3486 2650 3556 potitus
2681 3484 2737 3538 in
2768 3479 3023 3551 Bithynia
3061 3476 3199 3532 obiit
3228 3490 3245 3529 :
3281 3474 3371 3531 cui
3409 3472 3515 3526 Vas

264 3582 466 3652 μόνους
525 3583 587 3637 ὲν
628 3584 694 3654 τῇ
737 3561 991 3655 βασιλείᾳ
1045 3585 1340 3654 διαρκέσας
1403 3586 1544 3638 κατά
1589 3561 1836 3639 Βιθυνίαν

1946 3581 2281 3641 lentinianus
2310 3576 2571 3641 succedit,
2601 3573 2821 3644 pietatis
2848 3575 3249 3640 propugnator,
3276 3572 3331 3618 et
3360 3561 3515 3631 regni

261 3674 553 3728 ἀπολείπει
581 3676 650 3730 τὰ
670 3676 1006 3747 ἀνθρώπινα.
1044 3679 1178 3732 Μετ’
1204 3679 1414 3731 ἐκεῖνον
1447 3678 1504 3732 δὲ
1548 3678 1836 3732 Οὑαλεντι-

1948 3677 2162 3734 socium
2207 3672 2429 3728 fratrem
2479 3667 2759 3723 Valentem
2806 3662 2977 3735 (quod
3032 3658 3243 3713 utinam
3288 3655 3519 3708 minime

261 3766 471 3832 νιανὸς,
504 3765 668 3839 ἀνὴρ,
713 3767 906 3839 ὥσπερ
951 3768 983 3821 6
1033 3768 1141 3840 πρὸ
1161 3768 1349 3835 αὐτοῦ,
1401 3771 1501 3841 τῆς
1561 3769 1836 3834 εὐσεϐείας

1952 3766 2180 3837 factum)
2209 3763 2431 3833 accipit.
2464 3760 2572 3816 Sed
2602 3755 3023 3813 Valentinianus
3054 3748 3279 3818 triginta
3301 3754 3515 3800 tantum

263 3838 637 3929 ύπέρμαχοςέ
693 3860 789 3914 καὶ
829 3838 1097 3927 λαμϐάνει
1141 3860 1400 3916 κοινωνὸν
1453 3838 1550 3931 ζὼς
1598 3860 1712 3914 εἴθε
1766 3861 1836 3934 μή

1946 3863 2063 3918 dies
2096 3854 2565 3925 Constantinopoli
2615 3849 2946 3910 subsistens,
2985 3840 3201 3899 Valenti
3239 3838 3519 3895 Orientem

266 3948 473 4018 ὢφελε)
519 3950 631 4003 τῶν
693 3951 1019 4023 Ῥωμαϊκῶν
1067 3952 1365 4023 σκήπτρων
1410 3953 1690 4008 Οὐάλεντα
1746 3955 1840 4009 τὸν

1950 3951 2239 4015 concessit,
2273 3950 2394 4019 ipse
2424 3946 2493 4002 ad
2526 3942 2876 4001 Occidentem
2908 3953 2969 3994 se
2997 3935 3223 4005 recepit.

266 4016 521 4110 ἀδελφόν.
562 4043 673 4097 Καὶ
711 4016 858 4114 μῆνα
906 4043 1130 4116 ἡμερῶν
1159 4016 1269 4098 ,ἐν’
1302 4045 1877 4102 Κωνσταντινουπόλει
1928 4042 2214 4115 διατρίψας
2264 4016 2515 4111 ἁῲορίζει
2568 4036 2667 4107 μὲν
2726 4031 2993 4088 Οὐάλεντι
3040 4025 3141 4100 τὴν
3225 4016 3517 4089 ἀνατολῆνν

266 4133 419 4204 αύτῷ
446 4133 502 4186 δὲ
526 4133 699 4187 λείπει
729 4134 829 4204 τῆς
853 4134 1071 4199 Δύσεως
1097 4135 1198 4205 τὴν
1228 4137 1422 4208 ἀρχήν.

352 4228 511 4283 Ἐπεὶ
538 4228 596 4281 δὲ
656 4222 809 4291 οὗτος
839 4230 917 4291 εἰς
943 4229 1106 4285 Δύσιν
1135 4231 1366 4301 ἀπῆρεν,
1391 4232 1418 4283 6
1456 4229 1684 4299 ἀδελφὸς
1744 4227 1846 4299 μὲν

265 4321 393 4383 ταῖς
455 4322 749 4391 μητρικαῖς
784 4320 990 4389 ὠδῖσιν,
1024 4322 1125 4375 οὐκ
1166 4322 1394 4392 ἀδελφὸς
1435 4323 1512 4387 δὲ,
1559 4322 1695 4376 ἀλλὰ
1746 4321 1843 4375 καὶ

593 4413 727 4508 Δ,τὴ-ν
753 4413 961 4508 Δπίστιν
985 4452 1003 4481 ,
1066 4415 1304 4486 πόλεμον
1374 4414 1636 4469 ἄσπονδον
1689 4413 1841 4468 κατά
1864 4435 1921 4508 D

268 4505 406 4579 [790
434 4503 529 4577 IL]
558 4505 658 4576 τῆς
679 4505 987 4576 ὀρθοδοξίας
1010 4510 1170 4562 κινεῖ.
1190 4507 1350 4580 [1449
1364 4506 1456 4577 R.j
1487 4507 1597 4562 Καὶ
1624 4508 1845 4578 πρῶτον

274 4600 377 4669 μὲν
405 4598 501 4651 τὸν
528 4597 839 4668 θαυμαστὸν
861 4598 1121 4653 Μελέτιον
1149 4599 1255 4654 ὑπὸ
1294 4598 1580 4653 Ἰουλιανού
1607 4598 1846 4670 ἀνακλη-

268 4687 439 4741 θέντα
465 4689 560 4741 καὶ
586 4689 677 4747 τὸν
704 4690 904 4744 οἰκεῖον
919 4691 1257 4762 ἀπειληφότα
1282 4691 1469 4763 θρόνον
1520 4690 1842 4762 ὑπερορίζει

273 4780 417 4851 μετά
444 4780 540 4833 καὶ
590 4781 801 4836 πολλῶν
843 4781 1022 4836 ἄλλων
1052 4783 1355 4855 ἀρχιερέων
1401 4801 1462 4837 τε
1493 4783 1588 4837 καὶ
1634 4783 1745 4836 τῶν
1786 4784 1845 4837 ἐν

268 4869 462 4939 κλήρῳ
483 4869 740 4938 λογάδων.
764 4872 954 4925 ἔπειτα
988 4872 1044 4925 δὲ
1080 4874 1173 4925 καὶ
1219 4871 1317 4945 τὴν
1364 4873 1638 4942 Αίγυπτον
1681 4874 1849 4926 ἐκτα-

270 4962 471 5030 ράσσει
498 4963 562 5016 ίδ.
592 4964 704 5017 Καὶ
750 4964 966 5028 στάσεις
1020 4965 1113 5019 καὶ
1179 4965 1396 5035 θόρυϐοι
1479 4964 1850 5036 χαλεπώτεροι

268 5054 382 5105 τῶν
438 5054 759 5121 φθασάντων
819 5054 1050 5112 διέσειον
1103 5057 1203 5126 τὴν
1286 5056 1679 5127 Ἀλεξανδρέων
1752 5054 1849 5109 πό-

273 5143 376 5200 λιν.
440 5144 637 5210 Δεδιὼς
688 5147 747 5200 δὲ
800 5148 831 5201 6
868 5147 1163 5219 θεόληπτος
1214 5150 1291 5221 μὴ
1346 5150 1455 5218 ἄρα
1504 5150 1605 5220 τῆς
1652 5150 1713 5211 ὲν
1769 5146 1848 5217 τῷ

273 5236 474 5308 τλήθει
543 5238 786 5305 στάσεως
835 5241 997 5307 αὐτὸς
1044 5241 1144 5315 τὴν
1194 5242 1371 5299 αἰτίαν
1412 5242 1604 5310 λάϐοι,
1656 5240 1849 5297 τέσσα-

2011 4226 2264 4292 Cumque
2317 4219 2372 4273 in
2435 4214 2786 4274 Occidentem
2840 4206 3120 4269 venisset,
3172 4202 3345 4256 frater
3398 4199 3522 4269 ejus

1942 4291 2188 4371 uteriuus
2222 4311 2469 4382 quidem,
2515 4306 2610 4363 sed
2640 4304 2745 4358 fide
2785 4299 2985 4363 hostis,
3032 4292 3382 4365 implacabile
3412 4291 3520 4344 bel-

1939 4412 2063 4466 tum
2100 4404 2422 4462 orthodoxae
2444 4396 2698 4455 Ecclesia:
2726 4393 2914 4450 movit.
2941 4392 3018 4447 Ac
3038 4388 3273 4459 primum
3303 4385 3523 4457 quidem

1952 4507 2200 4558 sanctum
2229 4494 2469 4550 Melitum
2494 4506 2525 4545 a
2554 4487 2772 4544 Juliauo
2804 4493 3145 4548 revocatum,
3188 4488 3244 4535 et
3271 4476 3507 4550 propria:

1951 4593 2069 4652 sedi
2102 4590 2416 4646 restitutum
2448 4593 2505 4640 et
2549 4582 2688 4637 alios
2717 4579 2920 4635 multos
2956 4577 3266 4648 episcopos,
3305 4579 3362 4625 et
3390 4568 3524 4625 cleri

1949 4683 2254 4756 praecipuos
2279 4675 2474 4734 exsilio
2500 4672 2716 4728 multat.
2738 4668 2942 4725 Deinde
2974 4674 3143 4721 totam
3173 4662 3338 4717 etiam
3364 4658 3525 4729 Egy-

1952 4754 2105 4853 ptum
2136 4773 2343 4836 turbat,
2365 4767 2653 4829 tumultus,
2680 4761 3099 4836 persecutioque
3128 4754 3327 4826 major,
3357 4765 3522 4853 quam

1952 4843 2111 4926 antea
2146 4878 2413 4934 unquam,
2438 4858 2822 4919 Alexandriam
2880 4851 3110 4911 invadit,
3140 4848 3386 4903 Metuens
3421 4843 3526 4896 ita-

1952 4977 2059 5033 que
2106 4955 2460 5019 Athanasius,
2506 4966 2577 5008 ne
2624 4951 2681 5005 in
2743 4962 2804 5005 se
2853 4944 3053 5001 seditio
3103 4939 3513 5001 transferretur,

1956 5062 2099 5110 totos
2145 5057 2380 5121 quatuor
2438 5058 2658 5100 menses
2713 5041 2768 5096 in
2818 5037 3058 5109 patrium
3106 5037 3519 5087 monumentum

1954 5147 2191 5215 seipsum
2249 5139 2481 5201 abdidit.
2536 5134 2822 5198 Tatianus,
2860 5141 2989 5185 tunc
3044 5122 3263 5196 Egypti
3301 5133 3521 5215 praeses,

1953 5211 2210 5301 caedium,
2239 5235 2440 5307 quibus
2470 5228 2660 5286 multis
2696 5225 2980 5296 Egyptios
3006 5218 3292 5281 alﬂixerat,
3335 5211 3519 5270 statim

1524 5435 1610 5492 VA
1618 5432 1762 5495 RIIE
1824 5427 2218 5489 LECTIONES.

344 5623 365 5653 ⁸
394 5619 587 5674 ὄπιθεν
618 5618 688 5674 Δ.
760 5620 783 5652 ⁷
812 5618 1143 5685 πλωῖζεσθαι
1173 5641 1237 5687 ς.
1309 5622 1333 5654 ⁸
1370 5640 1430 5676 τε
1502 5637 1612 5677 om.
1649 5618 1715 5675 A.
1791 5621 1813 5653 ν
1843 5617 2009 5688 μηδέν
2060 5616 2106 5670 Λ
2136 5632 2149 5688 ς
2185 5613 2263 5688 μή,
2286 5631 2346 5678 ς·

2438 5611 2482 5643 ¹⁰
2509 5609 2558 5662 εί
2601 5622 2711 5663 om.
2752 5606 2815 5660 A.
2916 5603 2957 5635 ¹¹
2988 5603 3034 5656 δ’
3060 5595 3155 5655 οὖν
3180 5598 3225 5654 Δ
3254 5615 3268 5653 :
3301 5595 3429 5663 γοῦν
3456 5614 3519 5658 ς.

274 5692 320 5723 "
713 5667 1293 5768 W'ET'E'EEa‘x'ﬁ;
1315 5667 1432 5768 696'.
1452 5667 1751 5749 Αἴξ-’κατὰ
1778 5667 2213 5761 τῆξάίέκκλη-σίαξ
2240 5667 2406 5755 ἤγουν
2426 5678 2669 5751 τῆςόρθ.
2704 5693 2763 5751 ς.
2790 5676 2831 5707 ⁸⁵
2864 5667 3213 5749 ὲκταράσσει]
3247 5667 3515 5740 καταράσκρ

275 5778 359 5821 σει
388 5761 433 5821 Α
470 5781 482 5819 :
511 5760 731 5837 καταρῤ
762 5762 915 5818 ἀσσει
949 5760 1008 5818 Β.
