4036 6318
612 266 719 336 155
1763 273 2025 335 ΡΗΟΤΙΙ
2057 271 2565 334 ΡΑΤΒΙΑΒΟΗΒ
2591 271 2700 333 CP.
3757 262 3872 329 156

607 397 805 457 poenas
855 381 1043 439 divina
1074 382 1320 441 vindicta
1372 384 1544 443 dedit.
1607 383 1786 441 Simul
1817 386 1962 441 enim
1994 384 2175 457 digni-

2281 403 2379 457 ρας
2424 386 2579 451 ὅλους
2619 387 2796 458 μῆνας
2824 378 3016 444 ἐαυτδν
3064 389 3125 442 ἐν
3150 387 3391 460 πατρῴῳ
3420 388 3464 422 *⁸
3501 384 3657 454 τάφῳ
3685 400 3872 437 κατα-

608 482 744 537 tate.
789 481 844 531 et
878 475 1129 547 pecuniis
1160 477 1409 550 privatus
1457 479 1651 550 stipem
1694 479 1870 550 petiit,
1898 479 2098 550 “5a
2126 486 2183 536 et

2280 476 2539 550 κρύπτει.
2585 480 2643 533 '0
2681 480 2739 533 δὲ
2760 481 2888 546 τούς
2917 482 3060 537 κατὰ
3092 480 3190 554 τὴν
3211 481 3489 550 Αἴγυπτον
3519 476 3712 548 φόνους
3751 491 3872 527 πα-

610 586 791 627 cazcus
818 570 1187 642 ignominiose
1211 580 1460 629 mortuus
1477 582 1581 629 est.
1609 569 1800 627 Tantis
1829 571 1994 641 igitur
2025 571 2184 628 malis

2282 562 2607 643 λαμὼμενος
2638 573 2902 635 Τατιανὸς
2960 570 3029 647 ἦν
3081 575 3112 629 δ
3154 573 3360 645 ταύτης
3413 573 3653 642 ἔπαρχος
3703 568 3773 635 ⁸⁸,
3807 566 3875 620 ὃν

610 662 820 732 ubique
871 663 1296 734 grassantibus,
1362 671 1711 719 terraemotus
1793 662 2187 732 superveniens

2286 666 2322 737 ἢ
2355 664 2473 720 θεία
2540 665 2663 737 δίκη
2709 666 2803 720 καὶ
2847 667 2946 738 τῆς
2997 666 3309 738 μιαιφονίας
3360 666 3455 719 καί
3515 663 3618 733 τῆς
3670 660 3878 714 δυσσε-

614 756 967 821 universalis,
1016 757 1219 813 multas
1262 758 1425 813 urbes
1454 757 1672 823 evertit,
1717 764 1771 812 et
1801 756 1988 812 decem
2015 754 2093 826 (5)
2131 757 2189 812 in

2289 755 2440 820 ϐείας
2467 757 2658 811 θᾶττον
2714 755 2946 826 μετῆλθε
2977 773 2992 789 ⁸
3033 757 3127 812 τοῦ
3165 775 3226 811 τε
3260 756 3371 827 γὰρ
3403 752 3717 824 ἀξιώματος
3768 747 3877 802 καὶ

615 847 774 904 Creta
822 865 839 903 :
879 864 1033 906 mare
1085 851 1251 906 etiam
1308 848 1572 921 terminos
1624 848 1877 905 excessit.
1928 847 2191 916 Quaedam

2290 845 2398 900 τῶν
2441 846 2649 901 πολλῶν
2695 845 2950 902 ἐκπίπτει
2999 848 3320 920 χρημάτων,
3353 846 3446 899 καὶ
3502 844 3600 914 τῆς
3657 839 3880 913 τροφῆς

618 940 765 1004 enim
794 941 913 995 loca
950 942 1083 996 adeo
1109 939 1416 1003 inundavit,
1446 947 1507 992 ut
1530 954 1653 1007 qua:
1680 939 1892 993 consita
1920 946 2045 993 ante
2074 937 2194 993 fue-

2293 938 2462 1005 αὐτῆς
2494 938 2723 1009 ἐπαίτης
2744 936 2814 1012 ἦν
2840 954 2857 970 ο
2892 939 3033 995 ἀλλὰ
3062 939 3160 993 καὶ
3185 938 3312 1000 τοὺς
3360 935 3673 1005 ὀφθαλμοὺς
3727 933 3880 986 ἁπο-

617 1042 763 1097 rant,
802 1035 1213 1101 navigarentur.
1263 1031 1400 1086 Aliis
1449 1042 1634 1086 autem
1678 1031 1817 1086 locis
1846 1040 2057 1086 tantum
2101 1045 2192 1086 re-

2296 1030 2472 1084 ϐαλὼν
2486 1032 2574 1087 τὸν
2600 1032 2713 1103 βίον
2734 1032 2998 1103 ἀλγεινῶς
3012 1049 3072 1086 τε
3095 1031 3190 1087 καί
3204 1029 3443 1100 αἰσχρῶς
3469 1025 3875 1096 καταστρέφει.

618 1123 806 1187 cessit,
830 1132 891 1179 ut
926 1124 982 1179 in
1016 1125 1167 1179 sicco
1191 1122 1393 1193 reperti
1435 1122 1545 1178 sint
1587 1122 1927 1193 navigantes.
1963 1121 2070 1177 Sed
2108 1122 2197 1178 his

2308 1125 2397 1178 ‘Ev
2416 1126 2625 1188 τούτοις
2650 1125 2707 1179 δὲ
2736 1125 3155 1198 κυμαινομένων
3182 1122 3290 1177 τῶν
3321 1122 3459 1176 ὅλων
3492 1116 3715 1188 σεισμὸς
3742 1119 3878 1170 ἐπι-

619 1213 877 1269 omnibus
935 1230 1045 1268 non
1100 1214 1337 1284 resipuit
1402 1213 1623 1269 Valens.
1680 1212 1952 1280 Quoniam
2012 1221 2197 1271 autem

2299 1218 2531 1286 σκήπτει
2568 1215 2675 1269 τῶν
2710 1216 2933 1270 πώποτε
2984 1214 3370 1286 γεγενημένων
3392 1212 3423 1265 ό
3459 1210 3745 1281 μέγιστος,
3775 1204 3882 1259 καὶ

622 1315 845 1376 propter
874 1304 1180 1361 absentiam
1231 1306 1408 1362 sancti
1451 1306 1740 1361 Athanasii
1782 1312 1934 1361 totus
1963 1306 2199 1376 populus

2299 1306 2498 1368 πολλὰς
2531 1307 2775 1376 ὲδαφίζει
2801 1307 2912 1362 τῶν
2940 1307 3171 1371 πόλεων,
3200 1304 3343 1376 ἀτὰρ
3371 1302 3435 1376 δὴ
3466 1305 3565 1356 καὶ
3592 1300 3694 1369 τῆς
3725 1298 3884 1369 Κρή-

620 1395 969 1452 Alexandriae
1001 1398 1121 1466 ejus
1149 1396 1423 1453 desiderio
1458 1398 1920 1461 tumultuabatur,
1949 1396 2199 1452 dicebat-

2298 1416 2399 1470 της
2440 1399 2538 1463 τὰς
2563 1400 2695 1454 δέκα
2737 1400 2920 1464 πόλεις
2957 1398 3342 1471 κατηρείπωσε
3373 1412 3389 1428 ·
3419 1395 3514 1449 καί
3540 1395 3575 1464 ἡ
3629 1392 3886 1446 θάλασσα

618 1503 730 1558 que
764 1502 875 1542 non
906 1496 1118 1544 tantum
1164 1504 1225 1543 se
1262 1489 1545 1544 onerarias
1584 1503 1773 1553 naves,
1807 1502 1996 1543 verum
2033 1487 2199 1544 etiam

2299 1490 2408 1544 τῶν
2435 1490 2578 1545 ἰδίων
2604 1492 2745 1562 ὅρων
2783 1492 3151 1563 ὐπερχυθεῖσα
3174 1489 3372 1561 πολλὴν
3398 1487 3498 1558 μὲν
3519 1487 3617 1553 τῆς
3645 1484 3884 1555 ἠπείρου

621 1579 844 1650 publica
871 1581 1102 1637 aediﬁcia
1136 1582 1263 1653 igne
1303 1590 1781 1651 consumpturum,
1814 1580 1922 1635 nisi
1953 1579 2203 1636 Athana-

2303 1581 2715 1654 ἁποτεμομένη,
2769 1582 3044 1637 θάλασσαν
3086 1582 3215 1637 νέαν
3244 1580 3432 1644 ἔδειξε,
3465 1577 3666 1648 πολλὴν
3697 1575 3755 1628 δέ
3776 1572 3886 1658 τῆς

623 1672 768 1727 sium
799 1675 1092 1745 reciperet,
1123 1689 1247 1729 cum
1278 1673 1602 1729 rescisceret
1630 1673 1831 1741 impius
1861 1670 2080 1737 Valens,
2103 1688 2204 1743 per

2306 1673 2633 1745 ὐποϐρυχίου
2693 1675 2909 1747 ἀρότρῳ
2958 1674 3258 1745 ὑπέθηκεν.
3288 1670 3431 1727 Ἀλλ’
3483 1669 3635 1723 οὐδὲν
3672 1664 3888 1721 τούτων

622 1764 838 1820 litteras
869 1724 1215 1837 signiﬁcavit,
1254 1774 1315 1820 ut
1352 1764 1623 1837 intrepide
1663 1764 1943 1822 Ecclesias
1986 1724 2203 1836 regerret

2307 1724 2644 1833 saepe...
2696 1724 2903 1817 iis?
2917 1724 3410 1818 orassis...»
3452 1759 3513 1812 δι
3558 1759 3587 1811 δ
3631 1754 3890 1820 Ἀλεξαν-

621 1856 982 1915 Athanasius.

2307 1854 2476 1926 δρέων
2498 1856 2670 1927 δῆμος
2698 1855 2848 1927 πόθῳ
2870 1855 2965 1911 καὶ
2993 1857 3175 1910 πίστει
3194 1853 3288 1908 τοῦ
3311 1852 3565 1923 ποιμένος
3594 1847 3891 1911 ἐστασίαζέ

621 1965 682 2002 τε
716 1950 811 2004 καί
845 1950 1023 2004 πάντα
1057 1949 1289 2020 πράξειν
1314 1948 1551 2019 ἠπείλει,
1593 1945 1687 2002 καὶ
1711 1947 1779 2001 τά
1803 1964 1862 2000 τε
1890 1945 2090 2018 σιτηγά
2125 1944 2236 1999 τῶν
2270 1944 2471 2001 πλοίων
2533 1949 2629 2001 καὶ
2673 1948 2872 2011 αὐτοὺς
2908 1948 3037 2011 τοὺς
3064 1945 3357 2016 δημοσίους
3422 1941 3801 2006 σιτοϐολῶνας,
3837 1934 3892 1992 εἰ

626 2039 704 2110 μὴ
732 2040 824 2094 τὸν
860 2040 1177 2095 διδάσκαλον
1206 2040 1588 2111 ἀπολήψοιντο,
1615 2038 1750 2108 πυρί
1787 2038 1971 2092 δοῦναι
2000 2040 2043 2070 ¹⁸
2105 2036 2447 2102 διετείνοντο,
2472 2040 2636 2107 γνοὺς
2694 2038 2870 2093 ταῦτα
2893 2040 2922 2093 ό
2951 2037 3218 2109 δυσσεϐὴς
3292 2034 3536 2105 Οὐάλης,
3575 2033 3667 2088 διὸ.
3709 2049 3896 2104 γραμ-

627 2132 813 2203 μάτων
844 2133 1059 2186 δίδωσιν
1073 2133 1378 2203 Ἀθανασίῳ
1424 2134 1605 2186 πᾶσαν
1634 2132 1821 2186 ἄδειαν
1848 2132 1949 2195 τὰς
1964 2131 2297 2204 Ἐκκλησίας
2329 2132 2552 2189 ἰθύνειν.
3548 2148 3551 2149 ⁷

695 2226 1039 2282 Antiochiam
1081 2237 1260 2282 autem
1291 2226 1637 2298 profecturus
1684 2226 1980 2296 imperator
2006 2266 2021 2292 ,
2072 2240 2201 2281 cum

2392 2227 2658 2299 Ἐξορμᾷν
2680 2226 2738 2279 δὲ
2780 2226 2990 2297 μέλλων
3027 2226 3107 2290 εἰς
3149 2225 3505 2296 Ἀντιόχειαν,
3533 2220 3661 2276 ἐπεὶ
3716 2219 3892 2274 Εὐδό-

623 2318 830 2389 lmpius
873 2318 1175 2383 Eudoxius,
1227 2319 1319 2389 qui
1354 2318 1728 2373 novemdecim
1796 2332 1971 2372 annos
2006 2326 2202 2374 contra

2310 2318 2424 2386 ξιος
2458 2319 2487 2372 ό
2520 2318 2866 2390 μισόχριστος
2895 2320 2924 2372 ό
2950 2318 3081 2372 δέκα
3106 2318 3150 2350 ¹⁹
3175 2318 3270 2372 καί
3299 2316 3455 2371 ἐννέα
3481 2314 3576 2387 ἐτη
3615 2313 3757 2368 κατὰ
3776 2312 3896 2366 τῶν

624 2411 747 2479 pios
783 2410 1127 2479 implacabile
1146 2419 1392 2479 gesserat
1412 2410 1637 2476 bellum,
1669 2419 1922 2466 mortuus
1953 2416 2116 2473 esset.
2146 2411 2204 2465 in

2310 2409 2551 2464 εὐσεϐῶν
2577 2409 2840 2464 ἄσπονδον
2862 2409 3098 2480 πόλεμον
3127 2408 3416 2463 ἀναλαϐὼν
3443 2405 3761 2478 ἀπεφθάρη,
3788 2407 3892 2474 τῆς

624 2503 712 2558 via
744 2502 811 2557 ad
847 2501 1221 2557 Nicomediam
1255 2502 1530 2558 detinetur
1558 2519 1574 2556 :
1604 2512 1720 2557 tum
1764 2517 1896 2557 vero
1928 2502 2116 2557 Ariani
2148 2502 2205 2558 in

2310 2501 2619 2573 ὁδοιπορίας
2664 2501 2808 2555 κατὰ
2857 2500 2956 2572 τὴν
3001 2500 3371 2571 Νικομήδειαν
3430 2496 3748 2569 ἐπεσχέθη.⁵
3778 2495 3895 2548 Καὶ

624 2593 831 2649 mortui
882 2593 1065 2649 locum
1111 2593 1496 2664 Demophilum
1544 2593 1866 2663 subrogant.
1901 2593 2205 2650 Orthodoxi

2313 2594 2362 2645 οἰ
2402 2590 2503 2662 μὲν
2531 2591 2592 2657 ἐξ
2627 2590 2837 2663 Ἀρείου
2867 2591 3177 2663 Δημόφιλον
3204 2589 3625 2662 χειροτονοῦσιν,
3652 2587 3703 2641 οἰ
3728 2586 3787 2640 δέ
3829 2585 3898 2639 τδ

625 2706 755 2746 vero
787 2689 1081 2760 Evagrium
1113 2688 1405 2759 quemdam
1432 2729 1451 2754 ,
1502 2688 1590 2745 cui
1644 2705 1844 2744 manus
1875 2689 2068 2744 beatus
2092 2687 2208 2743 Eu-

2310 2683 2596 2755 όμοούσιον
2626 2682 3022 2755 πρεσϐεύοντες
3054 2682 3329 2753 Εὐάγριόν
3369 2699 3517 2747 τινα,
3570 2679 3666 2734 τοῦ
3715 2694 3904 2748 μακα-

628 2777 871 2833 stathius
898 2778 1204 2833 ordinando
1234 2777 1486 2847 imponit,
1523 2777 1619 2848 qui
1637 2777 1768 2833 olim
1790 2787 1915 2832 ante
1931 2778 2207 2834 Meletium

2318 2775 2433 2845 ρίου
2462 2775 2761 2829 Εὐσταθίου
2809 2775 2909 2847 τὴν
2942 2772 3352 2844 τελεσιουργίαν
3402 2770 3808 2844 χειρισαμένου,
3832 2768 3900 2834 δς

635 2868 1023 2924 Alexandrinae
1076 2868 1388 2937 praefuisset
1422 2868 1720 2935 Ecclesiae,
1773 2876 1828 2923 et
1875 2868 1945 2923 ab
1996 2866 2215 2923 Arianis

2317 2867 2425 2937 πρὸ
2455 2866 2719 2921 Μελετίου
2779 2866 2877 2938 τὴν
2922 2865 3242 2936 Ἀντιοχέων
3282 2863 3614 2935 Ἐκκλησίαν
3666 2862 3900 2932 ποιμαί-

631 2960 861 3030 ejectus,
891 2960 961 3015 ab
999 2962 1197 3016 exsilio
1226 2970 1406 3017 autem
1435 2971 1725 3016 revocatus
1744 2999 1761 3024 ,
1795 2975 1825 3014 a
1858 2958 2094 3016 Joviano
2122 2961 2212 3030 pio

2317 2974 2425 3012 νων
2454 2958 2523 3024 ’⁸,
2553 2957 2657 3010 ύπὺ
2686 2955 2796 3011 τῶν
2841 2957 3136 3028 ’Δρειανῶν
3170 2954 3601 3027 συνεσκευάσθη,
3657 2954 3750 3009 καὶ
3798 2953 3905 3024 τῆς

634 3050 1115 3122 Constantinopoli
1159 3061 1292 3107 tunc
1340 3051 1681 3106 morabatur.
1715 3049 1928 3117 Quibus
1955 3049 2211 3121 cognitis,

2322 3051 2618 3122 ὑπερορίας
2644 3052 2957 3122 ψηφίσματι
3006 3050 3101 3104 τοῦ
3158 3049 3418 3113 εὐσεϐοῦς
3462 3047 3718 3105 ἰοϐιανοῦ
3768 3048 3908 3101 ἁνα-

635 3141 837 3198 Valens
861 3142 1002 3198 facta
1026 3144 1357 3198 Arianorum
1386 3159 1511 3198 cum
1533 3142 1734 3215 gaudio
1755 3141 2008 3214 probavit
2034 3158 2049 3195 :
2077 3157 2217 3212 pra:-

2320 3142 2545 3213 κληθείς
2590 3144 2648 3195 ἐν
2677 3141 3246 3197 Κωνσταντινουπόλει
3276 3140 3562 3213 διέτριϐεν.
3601 3140 3661 3194 '0
3686 3139 3744 3194 δὲ
3774 3139 3909 3193 δυσ-

637 3253 805 3295 cones
839 3247 1021 3293 autem
1053 3237 1294 3307 pictatis,
1326 3235 1677 3293 Eustathium
1724 3236 1943 3307 quidem
1983 3235 2078 3306 qui
2122 3250 2216 3290 or-

2321 3234 2488 3306 σεϐὴς
2524 3233 2760 3305 Οὐάλης,
2798 3233 2988 3305 μαθὼν
3014 3234 3083 3288 τὰ
3132 3233 3468 3306 πραχθέντα,
3504 3228 3585 3297 οἷς
3623 3232 3720 3303 μὲν
3742 3232 3793 3285 οἰ
3843 3230 3908 3296 ἐξ

635 3328 943 3395 dinaverat,
980 3338 1190 3385 armata
1226 3344 1395 3384 manu
1428 3327 1630 3401 Bizyen
1657 3327 1906 3384 Thracia:
1932 3327 2126 3381 urbem
2161 3327 2216 3382 in

2331 3325 2543 3398 Ἀρείου
2578 3325 2845 3396 ἔπραξαν,
2902 3324 3147 3397 συνήσθη
3198 3343 3262 3379 τε
3306 3325 3403 3380 καί
3457 3324 3736 3395 ἠγάπησε,
3794 3323 3906 3376 τῶν

635 3422 885 3477 exsilium
918 3422 1105 3492 pellit,
1148 3420 1443 3492 Evagrium
1470 3435 1602 3477 vero
1634 3420 1943 3477 ordinatum
1972 3420 2082 3476 alio
2119 3420 2217 3475 ab-

2321 3418 2380 3473 δέ
2410 3418 2457 3450 ⁸⁸
2481 3417 2740 3490 κηρύκων
2772 3418 2872 3489 τῆς
2900 3417 3186 3482 εὐσεϐείας
3207 3416 3508 3473 Εὐστόιθιον
3536 3416 3636 3487 μὲν
3667 3415 3759 3469 τὸν
3788 3432 3915 3487 χει-

636 3514 803 3584 legat.
830 3511 930 3569 His
962 3514 1033 3567 ita
1066 3511 1356 3579 confectis,
1393 3509 1599 3568 Valens
1628 3512 1832 3583 impius
1862 3512 2212 3569 Antiochiam

2330 3511 2695 3581 ροτονήσαντα
2720 3509 2811 3564 διὰ
2837 3511 3234 3582 στρατιωτικῆς
3267 3510 3451 3582 χειρὸς
3473 3511 3532 3564 ἐν
3560 3508 3728 3580 Βιζύῃ
3752 3508 3915 3561 πόλει

636 3606 810 3668 venit,
850 3602 1042 3658 eadem
1086 3604 1140 3658 in
1167 3603 1289 3675 pios
1323 3603 1559 3669 faciens,
1587 3614 1642 3661 et
1672 3605 1991 3676 excogitans
2011 3646 2026 3672 ,
2057 3615 2111 3661 et
2136 3606 2221 3661 his

2334 3604 2435 3673 τῆς
2487 3602 2709 3674 Θρᾴκης
2738 3602 3059 3674 περιορίζει,
3094 3603 3365 3675 Εὐάγριον
3394 3601 3453 3656 δὲ
3480 3601 3574 3655 τὸν
3599 3617 3918 3673 χειροτονης

638 3696 812 3752 multo
848 3694 1147 3752 deteriora.
1193 3694 1421 3751 Diversa
1456 3696 1605 3751 enim
1632 3706 1808 3753 morte
1861 3696 2211 3754 Christianos

2329 3694 2490 3749 θέντα
2523 3695 2661 3767 ἄλλῃ
2692 3697 2936 3766 συνεῖχεν
2963 3694 3253 3768 ὑπερορίᾳ.
3288 3695 3403 3749 Kal
3438 3694 3613 3749 ταῦτα
3642 3691 3856 3765 πράξας
3884 3694 3917 3746 ό

639 3787 826 3853 allicit,
856 3797 912 3841 et
934 3787 1138 3842 multos
1170 3784 1227 3841 in
1264 3786 1490 3842 ﬂuvium
1523 3788 1787 3844 Orontem
1822 3788 2044 3859 mergit.

2327 3787 2592 3858 δυσσεϐὴς
2620 3789 2715 3842 ἐπὶ⁵
2740 3787 2838 3860 τὴν
2853 3787 3129 3859 Ἀντιόχου
3171 3790 3504 3858 ἀφικνεῖται,
3526 3788 3595 3841 τὰ
3608 3787 3747 3840 αὐτὰ
3766 3785 3920 3840 κατὰ

638 3880 751 3937 τῶν
804 3878 1173 3933 εὐσεϐούντων
1219 3880 1316 3934 καί
1360 3880 1618 3951 πράττων
1677 3881 1771 3935 καὶ
1826 3880 2245 3951 διανοούμενοις,
2285 3878 2488 3949 μᾶλλον
2529 3879 2587 3933 δὲ
2630 3879 2814 3952 πολλῷ
2845 3881 3086 3952 χείρονα.
3151 3882 3265 3935 Καὶ
3319 3881 3431 3952 γὰρ
3472 3879 3749 3950 διαφόροις
3812 3876 3925 3931 θα-

640 3974 823 4038 νάτοις
848 3974 972 4036 τοὺς
1007 3971 1367 4039 εὐσεϐοῦντας
1395 3973 1574 4043 ὑπῆγε
1593 3992 1608 4006 ο
1669 3973 1910 4045 μάλιστα
1977 3972 2033 4029 δὲ
2091 3972 2201 4027 τῶν
2264 3972 2444 4041 φόνων
2476 3973 2628 4044 αὐτῷ
2657 3974 2718 4029 τὸ
2748 3975 3173 4045 προχειρότατον
3199 3969 3268 4028 ὗν
3301 3974 3347 4005 ¹¹
3377 3973 3623 4045 ποταμὸς
3653 3973 3684 4027 ό
3720 3970 3915 4043 Ὀρόν-

639 4086 763 4141 της.

715 4163 995 4220 Seditione
1042 4164 1227 4236 itaque
1283 4165 1427 4221 hanc
1478 4180 1635 4220 oram
1685 4174 1994 4236 occupante
2023 4206 2039 4233 ,
2099 4162 2304 4236 postD

2398 4159 2512 4231 Τῆς
2550 4156 2868 4228 συγχύσεως
2920 4150 3015 4210 οὖν
3062 4155 3158 4209 καί
3197 4154 3443 4225 ταραχῆς
3479 4153 3528 4186 ³³
3564 4150 3769 4222 ταύτης
3809 4149 3921 4221 τὴν

644 4258 817 4313 multa
868 4267 925 4313 et
962 4258 1220 4314 diuturna
1249 4273 1351 4328 pro
1382 4258 1585 4329 pietate
1616 4262 1941 4325 certamina,
1981 4268 2037 4314 et
2065 4258 2223 4313 labo-

2327 4250 2649 4323 οἰκουμένην
2676 4246 3095 4320 ἀνατρεπούσης
3125 4245 3247 4319 [791
3283 4243 3398 4318 IL],
3456 4243 3599 4315 μετὰ
3622 4243 3749 4305 τοὺς
3781 4243 3921 4296 πολ-

644 4364 756 4413 res,
781 4347 849 4403 ad
875 4363 1226 4404 communem
1252 4347 1534 4404 dominum
1558 4389 1574 4414 ,
1622 4361 1785 4418 quem
1819 4347 2124 4415 dilexerat,
2171 4356 2227 4405 et

2327 4345 2469 4411 λούς,
2505 4343 2602 4397 καί
2633 4342 2880 4413 μακροὺς
2922 4339 3065 4413 ὑπὲρ
3096 4339 3194 4411 τῆς
3230 4338 3514 4402 εὐσεϐείας
3572 4337 3772 4400 ἄθλους
3811 4338 3921 4391 καὶ

645 4457 746 4515 pro
760 4457 869 4514 quo
891 4456 1089 4513 passus
1109 4450 1226 4496 erat
1242 4441 1488 4513 gaudens
1516 4441 1741 4508 athleta,
1761 4449 1822 4496 ut
1845 4456 2079 4498 coronas
2101 4457 2229 4498 con-

2330 4438 2627 4517 καμάτους,
2668 4436 2750 4499 εἰς
2795 4435 2889 4490 τὸν
2942 4433 3125 4489 κοινὸν
3159 4432 3460 4503 Δεσπότην,
3498 4431 3558 4485 ὃν
3610 4429 3786 4501 ἐφίλει
3815 4430 3924 4483 καὶ

647 4540 933 4603 sequatur,
959 4532 1298 4588 Athanasius
1334 4533 1741 4605 commigravit,
1768 4532 2111 4603 consumptis
2152 4531 2227 4605 (6)

2330 4530 2468 4603 ὑπὲρ
2500 4522 2561 4584 οὗ
2592 4529 2820 4601 ἔπασχε,
2860 4527 3070 4600 χαίρων
3125 4528 3155 4581 ό
3188 4525 3451 4597 ἀθλητὴς,
3501 4524 3590 4579 ῐνα
3622 4524 3761 4594 τύχῃ
3802 4522 3924 4577 τῶν

646 4623 1011 4697 quadraginta
1041 4624 1241 4697 4851»
1265 4619 1440 4681 annis
1466 4626 1521 4681 in
1560 4626 1871 4683 sacerdotio
1926 4627 2010 4683 vel
2042 4627 2226 4699 potius

2332 4622 2600 4687 ἐπάθλων,
2632 4621 3009 4692 ἀπεδήμησεν,
3039 4617 3135 4689 ἔτη
3172 4613 3469 4687 διαρκέσῖις
3497 4617 3559 4670 ὲν
3621 4618 3688 4687 τῇ
3722 4616 3926 4686 ἀρχιε-

646 4717 705 4774 in
735 4718 923 4775 labore
954 4735 1056 4791 pro
1091 4720 1198 4776 ﬁde
1225 4719 1555 4777 orthodoxa.

2334 4716 2533 4788 ρατικῇ
2558 4712 2772 4784 τελετῇ,
2807 4711 3007 4783 μᾶλλον
3031 4710 3077 4764 δ’
3107 4712 3166 4765 ἐν
3193 4709 3307 4773 τοῖς
3365 4708 3505 4780 ὑπὲρ
3534 4706 3708 4775 αὐτῆς
3759 4707 3920 4775 ἀγω-

2333 4806 2581 4878 νίσμαοι,
2613 4805 3051 4876 τεσσαράκοντα.

718 4896 884 4955 Liber
919 4897 1067 4955 unde
1107 4898 1226 4955 haec
1261 4900 1656 4972 excerpsimus,
1704 4899 2091 4974 negligentiam
2123 4914 2225 4972 po-

2404 4900 2529 4955 ὐτι
2556 4900 2594 4971 ἡ
2631 4898 2925 4971 συγγραφὴ
2964 4896 3024 4964 ἐξ
3081 4891 3152 4970 ἦς
3182 4895 3218 4967 ῆ
3252 4892 3592 4968 προκειμένη
3644 4888 3927 4962 προῆλθεν

1954 5101 2193 5160 VARIIE
2249 5100 2660 5159 LEGTIONES.

728 5196 771 5272 ξ’
800 5192 1074 5265 πατρῴων
1098 5211 1163 5272 ς,
1242 5197 1288 5230 ⁸⁸
1337 5198 1597 5272 ἐπάρχων
1622 5199 1833 5272 A.___"_
1886 5198 2190 5272 ἐσωφρόνει
2248 5196 2371 5272 B.__
2408 5197 2464 5272 ’ᾗ
2518 5194 2708 5272 δούναι
2753 5192 3247 5272 Αεητεαραδοῦναι
3311 5207 3398 5272 ς’.Δ
3475 5190 3569 5272 ¹⁸.ό
3608 5188 3744 5243 δέκα
3774 5186 3922 5242 AB:

651 5265 867 5401 δῴξεὲιῐῗι
1049 5260 1155 5392 A“
1185 5260 1648 5341 mapalvui'v"mg.
1713 5268 1836 5327 libri
1892 5260 2220 5341 ποιμαίνειν.
2330 5269 2374 5301 ¹¹¹
2419 5267 2479 5323 δὲ
2526 5265 2655 5325 add.
2679 5264 2743 5320 A.
2858 5264 2905 5297 “
2927 5260 3002 5338 ἦν
3018 5263 3144 5320 add.
3203 5263 3267 5317 Β.
3377 5263 3399 5293 ⁸
3482 5260 3676 5332 τῆς-
3737 5274 3928 5330 ταρα-

2149 5540 2379 5603 NOTAE.

732 5688 806 5762 (5)
832 5687 1069 5749 Centum
1098 5689 1262 5748 habet
1280 5688 1700 5762 Metaphrastes.
1918 5728 1923 5731 -
2407 5686 2487 5761 (6)
2521 5685 2629 5745 Sex
2656 5694 2709 5744 et
2738 5684 3117 5757 quadraginta,
3146 5682 3368 5742 Simeon
3405 5678 3829 5752 Metaphrastes.
