4152 6418
245 361 351 427 157

1372 367 1901 429 BIBLIOTHECA.
1927 393 1997 404 -
2028 366 2192 428 COD.
2220 366 2461 428 CCLIX.

3411 360 3514 429 158

239 472 475 544 ἐκλογὴ,
506 472 709 544 μᾶλλον
741 475 836 529 ἐπὶ
858 476 920 531 τὺ
957 475 1298 549 ἠμελημένον
1339 479 1373 550 ἢ
1431 480 1492 533 τὸ
1533 480 1827 553 διηκριϐω-

1956 482 2042 537 ius
2102 497 2268 551 quam
2302 480 2639 552 diligentiam
2686 479 2930 546 redolet,
2964 480 3203 536 maxime
3233 494 3363 535 vero
3394 481 3515 538 dis-

244 564 412 637 μένον
459 563 575 635 ἔχει
603 564 703 636 τὴν
737 566 934 637 ῥοπὴν,
964 567 1200 636 μάλιστα
1225 567 1268 621 δ’
1318 569 1376 622 ὲν
1429 573 1494 640 τῇ
1536 568 1645 622 τῶν
1700 588 1835 639 νοη-

245 658 441 728 μάτων
465 656 772 727 οἰκονομίᾳ.
819 658 907 712 Ἐν
938 659 982 691 ³⁸
1025 659 1241 723 πολλοῖς
1270 660 1329 713 δὲ
1360 660 1682 730 κεφαλαίοις
1736 662 1838 716 καὶ

241 750 541 823 καινότερα
567 749 717 818 παρὰ
745 750 873 815 τοὺς
904 749 1101 816 ἄλλους
1134 753 1340 824 ἱστορεῖ

247 909 486 969 ΛΟῙὊῙ
516 908 659 961 ΤΩΝ
682 909 881 961 ΔΕΚΑ
911 910 1248 963 ΡΗΤΟΡΩΝ
1298 910 1436 963 ΤΗΣ
1483 908 1841 975 ΕΛΛΔΔΟΣ,

469 996 887 1067 Ἀντιφῶντος.
1103 1001 1419 1070 Δισχίνου.

472 1088 891 1158 Ἰσοκράτους.
1103 1093 1553 1163 Δημοσθένους.

476 1181 853 1239 Ἀνδοκίδου.
1124 1184 1138 1204 ⁹
1150 1186 1465 1254 Υπερίδου.

465 1274 724 1330 Λυσίου.
1108 1278 1464 1352 Δεινάρχου,

476 1367 729 1429 Ἰσαίου.
1118 1372 1491 1443 Λυκούργου.

949 1498 1125 1558 ΣΝΘ’.

736 1616 1134 1685 Ἀντιφῶντος
1188 1620 1384 1689 λόγοι.

317 1730 486 1806 [1452
521 1730 614 1804 8.]
656 1730 1107 1801 Ἀνεγνώσθησαν
1155 1731 1519 1801 Ἀντιφῶντος
1540 1734 1690 1803 λόγοι
1733 1736 1849 1791 διά-

1941 574 2240 629 tributioue
2267 589 2531 631 sensuum
2566 574 2751 629 multis
2795 574 3066 642 capitibus
3121 574 3358 631 recentia
3404 590 3515 647 pm

1940 666 2063 722 aliis
2085 674 2274 721 narrat

1946 908 2081 965 ORA
2094 908 2375 965 TIONES
2397 908 2645 964 DECEM
2671 906 2987 965 GR£CI£
3008 908 3394 966 ORATORUM
3415 909 3515 981 (7),

2189 1000 2548 1069 Antiphontis.
2892 996 3141 1053 λΕετΙιὶηἱ

2197 1091 2474 1146 Isocratis.
2505 1132 2511 1137 .
2890 1090 3286 1150 Demosthenis.

2194 1185 2503 1239 Andocidaa.
2893 1185 3201 1254 Hyperidis.

2191 1272 2386 1345 Lysiae.
2895 1276 3177 1331 Dinarchi.

2192 1364 2349 1423 Istei.
2893 1364 3148 1439 Lycurgi.

2621 1501 2848 1560 CCLIX.

2384 1617 2726 1688 Antiphontis
2772 1619 3057 1673 orationes.

2021 1732 2202 1789 Lecta:
2239 1741 2365 1789 sunt
2406 1732 2760 1803 Antiphontis
2814 1732 2978 1786 variae
3026 1710 3319 1787 Orationes
3348 1750 3362 1787 :
3395 1747 3523 1801 quin

251 1842 431 1895 φοροι.
472 1824 599 1877 Εἰσὶ
621 1823 671 1877 δ’
702 1823 870 1876 αὐτοῦ
895 1825 945 1876 οἱ
972 1823 1125 1891 λόγοι
1151 1824 1214 1877 τὸ
1247 1824 1475 1897 ἀκριϐὲς
1528 1827 1622 1880 καὶ
1678 1829 1841 1882 πιθα-

1953 1824 2373 1888 accusationem,
2413 1822 2848 1894 persuasionem,
2874 1832 2929 1877 et
2961 1823 3014 1876 in
3039 1822 3367 1877 inveniendo
3401 1838 3527 1893 gra-

249 1915 339 1968 νὺν
381 1916 484 1969 καὶ
524 1916 658 1983 περὶ
686 1914 785 1985 τὴν
820 1914 1038 1984 εὕρεσιν
1067 1916 1243 1970 δεινὸν
1268 1917 1657 1987 οἰκειούμενοι.
1686 1920 1843 1973 Ἔστι

246 2005 305 2059 δὲ
330 2008 360 2059 ό
411 2006 561 2076 ἀνὴρ
594 2006 693 2068 καὶ
726 2007 784 2059 ἑν
810 2009 923 2071 τοῖς
985 2006 1214 2080 ἀπόροις
1266 2010 1534 2078 τεχνικὸς,
1599 2010 1695 2063 καὶ
1750 2011 1849 2077 τὰς

246 2099 628 2168 ἐπιχειρήσεις
668 2096 728 2161 ἐξ
775 2097 975 2169 ἀδήλου
1025 2096 1374 2167 ποιούμενος,
1417 2098 1510 2152 καὶ
1568 2100 1664 2152 ἐπὶ
1719 2100 1850 2167 τοὺς

246 2187 453 2257 νόμους
498 2191 599 2240 καὶ
629 2187 701 2240 τὰ
736 2188 885 2257 πάθη
913 2186 1134 2258 τρέπων
1176 2189 1303 2251 τοὺς
1337 2187 1554 2259 λόγους,
1607 2189 1703 2242 τοῦ
1756 2192 1850 2244 εὑ.

258 2278 507 2348 πρεποῦς
545 2278 783 2348 μάλιστα
811 2277 1235 2349 στοχαζόμενος.
1281 2279 1339 2332 Ὀ
1373 2281 1559 2350 μέντοι
1588 2279 1849 2335 Σικελιώ-

210 2417 219 2426 .
264 2386 371 2438 της
419 2370 697 2433 Καικίλιος
729 2370 779 2401 ’⁸
820 2371 894 2441 μὴ
942 2370 1246 2441 κεχρῆσθαι
1308 2388 1443 2442 φησι
1492 2372 1585 2424 τὸν
1645 2374 1851 2444 ῥήτορα

265 2463 386 2522 τοῖς
424 2460 561 2513 κατὰ
586 2461 821 2515 διάνοιαν
871 2462 1169 2531 σχήμασιν,
1228 2460 1367 2514 ἀλλὰ
1423 2462 1661 2517 κατευθὺ
1700 2464 1850 2535 αὐτῷ

264 2554 362 2606 καὶ
392 2553 700 2617 ἀπλάστους
730 2556 831 2617 τὰς
877 2556 1094 2625 νοήσεις
1125 2553 1481 2623 ἐκφέρεσθαι,
1534 2556 1743 2628 τροπὴν
1793 2558 1851 2611 δὲ

251 2648 320 2699 ἐκ
366 2648 464 2700 τοῦ
498 2647 815 2720 πανούργου
846 2648 940 2700 καὶ
982 2647 1266 2715 ἐνάλλαξιν
1291 2648 1415 2702 οὔτε
1469 2649 1708 2724 ζητῆσαι
1758 2652 1851 2706 τὸν

248 2739 428 2809 ἄνδρα
452 2739 584 2792 οὔτε
633 2740 969 2811 χρήσασθαι,
1006 2740 1143 2795 ἀλλὰ
1171 2742 1238 2795 δι’
1268 2742 1446 2797 αὐτῶν
1472 2743 1538 2817 δὴ
1570 2744 1682 2797 τῶν
1721 2762 1848 2815 νοη-

258 2831 451 2901 μάτων
476 2831 577 2885 καὶ
614 2833 715 2902 τῆς
746 2834 982 2905 φυσικῆς
1011 2833 1193 2887 αὐτῶν
1217 2835 1543 2903 ἀκολουθίας
1576 2836 1732 2908 ἄγειν
1759 2837 1853 2892 τὸν

256 2923 541 2995 ἀκροατὴν
576 2924 713 2994 πρὸς
740 2924 801 2976 τὸ
832 2922 1107 2997 βούλημα.
1140 2926 1202 2978 0i
1226 2926 1336 2995 γὰρ
1398 2925 1566 2981 πάλαι
1623 2928 1855 2999 ῥήτορες

261 3014 447 3068 ἱκανὸν
477 3015 673 3077 αὐτοῖς
702 3015 953 3085 ἐνόμιζον
982 3019 1166 3088 εὑρεῖν
1194 3035 1255 3070 τε
1275 3017 1344 3071 τὰ
1373 3018 1732 3089 ἐνθυμήματα
1759 3020 1854 3073 καὶ

254 3108 322 3175 τῇ
354 3105 566 3175 φράσει
592 3106 868 3175 περιττῶς
915 3108 1275 3178 ἀπαγγεῖλαι.
1322 3110 1687 3181 Ἐσπούδαζον
1742 3112 1853 3184 γὰρ

1946 1918 2174 1972 vitatem
2212 1916 2515 1971 continent.
2554 1914 2612 1968 In
2639 1915 3034 1983 questionibus
3060 1914 3243 1970 dubiis
3262 1915 3525 1969 artiﬁcio-

1946 2026 2062 2077 sus,
2092 2018 2150 2065 et
2185 2024 2253 2087 ex
2285 2008 2538 2064 obscuris
2572 2008 2928 2074 ratiocinans,
2968 2016 3023 2062 et
3049 2009 3115 2060 ad
3148 2007 3328 2078 leges,
3360 2016 3415 2061 et
3443 2006 3528 2061 at-

1948 2102 2129 2158 fectus
2146 2099 2424 2155 orationes
2455 2110 2805 2161 c0nvertens,
2830 2098 3032 2153 decoro
3056 2098 3295 2152 maxime
3322 2098 3526 2152 studet.

1947 2193 2199 2248 Caecilius
2228 2191 2446 2261 quidem
2476 2190 2694 2244 Siculus
2727 2191 2801 2244 ait
2829 2205 2939 2243 non
2978 2189 3057 2243 uti
3084 2190 3233 2243 hunc
3254 2197 3529 2243 oratorem

1951 2285 2142 2357 ﬁguris
2188 2273 2622 2345 sententiarum,
2655 2281 2747 2336 sed
2780 2280 2987 2336 directe
3019 2281 3088 2334 ab
3118 2280 3212 2334 illo
3252 2295 3362 2333 non
3409 2279 3530 2332 licte

1951 2377 2118 2432 animi
2154 2376 2391 2443 cogitata
2432 2372 2635 2428 eﬂerri.
2667 2371 3093 2426 Conversionem
3118 2385 3250 2425 vero
3272 2369 3527 2425 callidam

1949 2480 2003 2523 et
2037 2467 2421 2532 mutationem,
2452 2479 2629 2534 neque
2669 2463 2821 2517 illum
2857 2477 3123 2534 quaerere,
3157 2477 3257 2515 nec
3293 2461 3392 2522 uti,
3433 2459 3530 2515 sed

1951 2575 2049 2630 per
2072 2558 2220 2628 ipsos
2248 2570 2468 2620 sensus,
2514 2564 2569 2609 et
2618 2554 2926 2608 naturalem
2961 2568 3151 2606 eorum
3189 2567 3532 2621 consequen-

1953 2652 2084 2706 tiam
2112 2688 2128 2714 ,
2176 2664 2286 2720 quo
2340 2647 2473 2702 velit
2508 2645 2808 2699 auditorem
2842 2644 3078 2699 trahere.
3114 2643 3336 2711 Antiqui
3384 2644 3530 2696 enim

1953 2755 2202 2799 oratores
2241 2740 2492 2797 suﬂicere
2534 2739 2635 2793 sibi
2679 2737 3085 2791 arbitrabantur
3140 2735 3383 2789 invenire
3427 2732 3535 2787 En-

1951 2838 2307 2910 tbymemata,
2329 2843 2383 2890 et
2405 2833 2589 2905 pbrasi
2610 2832 2808 2886 eximia
2835 2830 3213 2901 pronuntiare.
3239 2827 3361 2882 Τοιί
3385 2827 3532 2882 enim

1954 2932 2100 2986 circa
2130 2929 2423 2984 dictionem
2462 2925 2872 2995 occupabantur
2898 2964 2914 2990 ,
2967 2930 3021 2976 et
3082 2921 3202 2992 ejus
3254 2928 3533 2974 ornatum.

1953 3021 2198 3076 Primum
2229 3016 2474 3086 quidem,
2502 3031 2608 3086 qua
2644 3014 2855 3068 ratione
2898 3020 3048 3067 esset
3073 3010 3434 3080 signiﬁcatita
3477 3018 3532 3063 et

1954 3118 2233 3164 venusta:
2266 3106 2462 3162 deinde
2496 3104 2779 3159 modulata
2831 3116 3021 3157 eorum
3070 3099 3421 3170 compositio.
3476 3095 3535 3152 ln

255 3195 319 3247 τδ
362 3195 492 3249 ὅλον
515 3198 653 3267 περὶ
683 3197 784 3268 τὴν
815 3198 963 3263 λέξιν
997 3201 1044 3233 ³⁸
1090 3201 1303 3255 καὶτὸν
1355 3201 1563 3275 ταύτης
1618 3203 1844 3276 κόσμον,

1956 3203 2058 3256 hoc
2082 3200 2228 3255 enim
2259 3214 2319 3255 se
2354 3198 2423 3253 ab
2452 3197 2634 3251 idiotis
2673 3196 2830 3250 dill‘er
2846 3210 2902 3249 re
2948 3208 3016 3248 ac
3058 3201 3322 3262 praestare
3348 3188 3540 3243 crede--

258 3286 484 3357 πρῶτον
513 3288 617 3359 μὲν
640 3290 790 3352 ὅπως
822 3291 907 3361 εἴη
936 3292 1246 3362 σημαντικὴ
1276 3293 1372 3346 καὶ
1401 3293 1702 3369 εὐπρεπὴς,
1734 3288 1853 3348 εῐτα

258 3378 316 3431 δὲ
344 3381 391 3411 ⁸⁷
421 3381 525 3434 καὶ
547 3383 871 3451 ἐναρμόνιος
924 3385 957 3456 ἡ
988 3384 1194 3441 τούτων
1247 3385 1499 3448 σύνθεσις
1529 3401 1541 3415 ·
1576 3385 1635 3437 ἐν
1678 3385 1853 3455 τούτῳ

262 3471 371 3541 γὰρ
432 3474 624 3536 αὐτοῖς
678 3475 773 3527 καὶ⁸
826 3475 926 3545 τὴν
966 3476 1103 3545 πρὸς
1147 3476 1277 3539 τοὺς
1319 3476 1537 3540 ἰδιώτας
1588 3475 1855 3547 διαφορὰν

266 3564 358 3616 ἐπὶ
383 3565 451 3616 τὸ
470 3568 720 3635 κρεῖττον
753 3568 1147 3640 περιγίνεσθαι.
1186 3565 1320 3629 Εῐτα
1351 3567 1522 3622 εἰπὼν
1567 3568 1642 3632 ὡς
1680 3570 1856 3641 ἀσχη-

269 3656 541 3724 μάτιστος
588 3656 677 3724 εἴη
708 3660 852 3711 κατὰ
879 3659 1122 3720 διάνοιαν
1152 3661 1181 3713 6
1211 3659 1304 3712 τοῦ
1349 3659 1710 3729 Ἀντιφῶντος
1772 3660 1857 3716 λό-

266 3764 386 3816 γος,
436 3746 631 3817 ῶσπερ
659 3748 1130 3822 ἐπιδιορθούμενος
1155 3752 1375 3817 ἑαυτὸν,
1411 3754 1495 3807 Οὐ
1527 3753 1706 3807 τοῦτο
1757 3753 1858 3808 λέ-

261 3856 365 3907 γω,
393 3838 586 3907 φησὶν,
605 3839 687 3904 ὡς
715 3840 897 3894 οὐδὲν
962 3844 1306 3909 εὑρίσκεται
1370 3845 1640 3913 διανοίας
1696 3850 1859 3917 παρὰ

277 3928 637 3997 ’Δγ-τιφῶντι
669 3930 879 4001 σχῆμα
899 3950 914 3964 ο
948 3934 1045 3988 καὶ
1076 3938 1185 4006 γὰρ
1251 3935 1543 4005 ἐρώτησίς
1575 3951 1695 3995 που
1753 3937 1858 3991 καὶ

265 4018 636 4087 παράλειψις
664 4021 709 4053 ⁸⁸
731 4022 829 4075 καὶ
869 4022 1041 4092 ἕτερα
1100 4024 1344 4078 τοιαῦτα
1379 4024 1609 4079 ἔνεισιν
1670 4026 1858 4083 αὑτοῦ

267 4104 394 4170 τοῖς
432 4108 641 4176 λόγοις
662 4123 676 4138 ο
727 4108 889 4163 ἀλλὰ
922 4111 979 4163 τί
1003 4128 1151 4179 φημι
1175 4128 1195 4175 ;
1218 4111 1310 4164 ὅτι
1356 4112 1442 4181 μὴ
1474 4114 1602 4169 κατ’
1659 4114 1863 4182 ἐπιτή-

269 4196 497 4249 δευσιν
534 4197 687 4267 μήτε
750 4201 1027 4270 συνεχῶς
1056 4203 1361 4271 ἐχρήσατο
1416 4212 1671 4274 τούτοις,
1719 4207 1859 4260 ἀλλ’

268 4289 419 4343 ἔνθα
446 4288 523 4342 ἂν
555 4292 596 4359 ἡ
634 4293 819 4359 φύσις
845 4294 999 4362 αὑτὴ
1024 4296 1338 4364 μεθοδείας
1391 4297 1555 4364 τινὸς
1595 4300 1775 4369 χωρὶς
1809 4299 1859 4345 «ν

272 4379 517 4447 ἀπῆγεν
540 4397 556 4412 ο
584 4381 615 4434 ὃ
641 4382 718 4450 δὴ
746 4384 845 4436 καὶ
879 4385 1014 4455 περὶ
1046 4386 1190 4453 τοὺς
1226 4390 1523 4457 τυχόντας
1556 4388 1677 4443 τῶν
1705 4387 1860 4443 ιδιω-

270 4470 395 4524 τῶν
423 4472 597 4526 ἐστιν
631 4474 797 4543 όρᾷν.
833 4479 935 4532 Διὰ
982 4479 1163 4533 τοῦτο
1209 4480 1308 4534 καὶ
1361 4479 1509 4535 ὅταν
1551 4498 1643 4548 τις
1674 4481 1860 4551 ἀσχη-

1955 3293 2105 3349 bant.
2142 3290 2348 3345 Deinde
2375 3304 2497 3343 cum
2530 3288 2760 3343 dixisset
2792 3285 2912 3340 sine
2932 3284 3120 3354 ﬁguris
3144 3282 3538 3338 sententiarum

1954 3398 2078 3439 esse
2115 3380 2470 3452 Antiphontis
2525 3381 2872 3439 orationem,
2940 3386 3201 3443 tanquam
3256 3372 3539 3441 corrigens

1956 3472 2200 3542 seipsum
2236 3490 2250 3527 :
2286 3470 2407 3524 Non
2436 3470 2557 3533 hoc,
2593 3468 2794 3536 inquit,
2827 3466 2946 3519 dico
2978 3464 3134 3533 quasi
3165 3463 3317 3515 nulla
3346 3462 3401 3513 in
3433 3462 3541 3513 An-

1956 3564 2189 3634 tiphonte
2249 3562 2422 3631 ﬁgura
2482 3560 2869 3614 sententiarum
2925 3556 3259 3617 inveniatur;
3334 3552 3530 3605 etenim

1956 3654 2304 3724 interrogatio
2330 3662 2380 3706 et
2408 3651 2705 3721 responsio,
2728 3658 2778 3703 et
2816 3648 2926 3701 alia
2955 3646 3159 3700 similia
3200 3652 3455 3713 apparent
3484 3643 3543 3696 in

1955 3746 2069 3817 ejus
2099 3744 2426 3799 orationibus
2450 3757 2468 3795 :
2491 3741 2580 3795 sed
2629 3740 2757 3811 quia
2790 3753 2895 3793 non
2926 3737 2992 3791 de
3021 3735 3291 3789 industria
3311 3772 3327 3797 ,
3376 3746 3541 3800 neque

1958 3841 2290 3895 continenter
2321 3853 2450 3890 usus
2478 3845 2555 3890 est
2589 3834 2697 3888 illis
2720 3875 2735 3900 ,
2786 3832 2876 3886 sed
2908 3846 3009 3901 quo
3042 3839 3239 3883 natura
3269 3828 3385 3896 ipsa
3425 3825 3541 3879 sine

1958 3932 2141 4001 aliqua
2169 3927 2417 3983 methodo
2441 3926 2620 3988 duxit,
2668 3924 2807 3995 quod
2831 3922 3004 3977 videre
3025 3930 3103 3975 est
3124 3921 3177 3974 in
3209 3915 3541 3973 orationibus

1959 4023 2161 4094 passim
2190 4021 2356 4074 obviis
2382 4018 2772 4088 imperitorum,
2801 4016 2915 4069 ideo
2972 4022 3022 4068 et
3058 4028 3178 4067 cum
3211 4010 3407 4081 aliquis
3430 4008 3545 4061 sine

1962 4115 2148 4185 ﬁguris
2186 4114 2381 4170 dixerit
2417 4126 2528 4165 esse
2556 4094 2848 4173 orationes,
2880 4123 2985 4160 non
3004 4106 3217 4159 dmnino
3243 4111 3388 4174 putet
3416 4100 3543 4155 illas

1961 4206 2147 4276 ﬁguris
2171 4219 2349 4259 carere
2392 4203 2519 4272 (hoc
2551 4202 2697 4256 enim
2728 4200 2843 4254 ﬁeri
2877 4197 3109 4275 nequit),
3153 4196 3247 4250 sed
3291 4193 3419 4264 quia
3453 4206 3548 4245 ar-

1965 4299 2188 4367 tiﬁcium
2212 4306 2592 4366 perpetuusque
2610 4295 2801 4347 ductus
2820 4308 2883 4345 ac
2904 4290 3231 4345 vehementia
3249 4288 3549 4357 ﬁgurarum

1962 4391 2017 4444 in
2076 4389 2204 4457 ipsis
2260 4404 2366 4442 non
2397 4396 2676 4456 apparent.
2731 4382 2987 4439 Dicuntur
3062 4379 3207 4433 illius
3264 4375 3549 4429 orationes

1967 4480 2269 4551 sexaginta,
2292 4492 2527 4549 quarum
2560 4473 2816 4529 Otacilius
2845 4470 3042 4542 viginti
3071 4470 3316 4540 quinque
3349 4464 3553 4538 4860

266 4565 604 4631 ματίστσυς
627 4564 778 4621 εἶναι
815 4570 966 4639 λέγῃ
1008 4573 1252 4641 λόγους,
1287 4574 1359 4629 οὐ
1416 4573 1697 4638 καθάπαξ
1727 4576 1852 4642 oln-

1966 4571 2105 4626 l'also
2155 4570 2232 4625 illi
2283 4568 2485 4624 ascribi
2535 4565 2650 4632 ait,
2708 4572 2768 4618 ut
2823 4570 3030 4617 restent
3075 4569 3289 4615 tantum
3322 4556 3549 4627 triginta

270 4654 415 4707 τέον
441 4655 487 4687 ³⁸
517 4655 636 4710 τῶν
694 4660 1023 4729 σχημάτων
1056 4664 1277 4731 αὐτοὺς
1335 4665 1860 4737 ἀπεστερημένους
1969 4664 2235 4734 quinque.

271 4740 433 4797 εἶναι
458 4746 636 4815 (τοῦτο
663 4750 772 4818 γὰρ
811 4752 1119 4823 ἀδύνατον),
1163 4754 1303 4809 ἀλλ’
1344 4755 1433 4810 ὅτι
1496 4757 1565 4810 τό
1606 4755 1938 4833 ἑμμέθοδον
1991 4754 2090 4808 καὶ
2160 4751 2424 4821 συνεχὲς
2477 4746 2576 4805 καὶ
2636 4745 2971 4816 ἐρρωμένον
3036 4741 3158 4796 τῶν
3229 4738 3556 4833 amid!“

272 4838 387 4889 οὐκ
418 4838 594 4893 ἐστιν
652 4843 953 4912 ὁρώμενον
1016 4845 1088 4898 ἐν
1131 4845 1361 4913 αὐτοῖς.
1393 4830 1653 4917 Φέρονται
1679 4848 1736 4901 δὲ
1783 4845 1948 4900 αὐτοῦ
1985 4845 2133 4913 λόγοι
2168 4844 2231 4910 ξ’,
2261 4839 2337 4898 ὧν
2362 4840 2697 4903 όΚαικίλιος
2753 4843 2801 4891 κ’
2837 4836 2932 4890 καὶ
2979 4840 3022 4916 εξ
3047 4834 3210 4904 φησὶν
3236 4829 3406 4887 αὑτοῦ
3455 4847 3558 4884 κα·

272 4929 662 4998 ταψεὺδεσθαι,
696 4934 773 4999 ὡς
817 4932 958 5001 εἶναι
1000 4938 1129 5002 τοὺς
1183 4939 1549 5009 διαφυγόντας
1593 4939 1655 4993 τὸ
1708 4940 1862 4994 νόθον
1900 4944 1941 4991 ε’
1972 4937 2066 4991 καὶ
2092 4934 2158 4991 λ’.

1196 5165 1206 5177 .
1568 5116 1803 5173 VARIAE
1869 5116 2275 5175 LECTIONES.

347 5224 396 5255 ἰ
445 5226 507 5306 εν
554 5225 717 5306 εεᾳδέ
760 5226 886 5282 add.
933 5230 1000 5285 Α.
1077 5231 1122 5263 ἰ
1144 5231 1266 5286 libri
1320 5231 1593 5294 Κεκίλιος.
1670 5233 1717 5266 ἰ
1739 5233 1868 5305 περι
1919 5251 1983 5286 τε
2040 5232 2138 5306 τὴν
2164 5251 2226 5298 ς.
2300 5232 2427 5287 "se
2468 5230 2594 5287 add.
2625 5229 2693 5287 Α.
2768 5229 2815 5264 η
2841 5225 3158 5302 παράληψις
3187 5240 3249 5292 ς.
3324 5221 3555 5294 ¹⁹κωρίθ

275 5310 421 5354 τινος
454 5295 517 5350 Β.
591 5296 639 5328 ⁸⁸
663 5297 843 5367 οἴηται
870 5316 932 5363 ς.

1810 5387 2050 5446 NOTAE.

355 5503 438 5579 (7)
471 5502 669 5579 Decem
692 5502 916 5561 Graecia:
943 5512 1222 5561 oratorum
1261 5509 1377 5563 haac
1399 5506 1605 5577 Elegia,
1640 5505 1853 5564 Plutar-

279 5574 374 5648 cbi
404 5574 914 5648 nominegmagnam
940 5585 1176 5645 partem,
1212 5574 1522 5648 opusculis,
1546 5586 1605 5630 ut
1636 5584 1854 5640 vocant,

280 5644 582 5717 ﬂoralibus
597 5644 1098 5717 circumferuntur.
1134 5648 1203 5701 At
1234 5644 1323 5703 liic
1352 5649 1534 5717 longe,
1556 5662 1720 5715 quam
1757 5648 1854 5714 ibi,

1956 5523 2078 5564 esse
2104 5516 2375 5579 putasset.
2407 5522 2531 5562 cum
2555 5522 2677 5579 non,
2704 5506 2863 5579 longe
2896 5506 3027 5563 hinc
3063 5520 3096 5561 e
3138 5501 3422 5579 Parallelis
3446 5516 3536 5559 ex-

1958 5572 2145 5648 cerpta
2174 5577 2410 5639 dederit,
2459 5578 2604 5631 haud
2649 5572 2824 5631 dubie
2843 5593 2953 5631 non
2978 5576 3349 5648 pmteriisset.
3381 5572 3546 5648 Lam-

1961 5641 2106 5718 prias
2129 5656 2335 5718 tamen,
2363 5663 2445 5718 ne
2485 5648 2617 5716 quid
2648 5641 2994 5703 dissimulem
3021 5646 3123 5718 ,Ain
3155 5660 3380 5718 censum
3413 5641 3544 5718 Plu-

278 5714 554 5795 auctiora.
584 5714 745 5795 certe
775 5715 1062 5786 utrobique
1085 5711 1855 5795 collectaneafverius,quam
1962 5711 2172 5795 iarchi_
2206 5716 2454 5795 recipit,
2480 5711 2867 5795 etsiﬂuazdam
2921 5718 2975 5770 in
3025 5711 3397 5772 Demosthene
3456 5711 3546 5771 hic

284 5785 520 5853 integra,
549 5785 781 5855 scriptio
812 5785 1057 5856 apparet,
1087 5802 1207 5859 qua:
1237 5787 1482 5853 Pbotius,
1503 5788 1549 5843 si
1580 5785 1859 5844 Plutarchi
1963 5804 2126 5859 quam
2161 5787 2215 5843 in
2243 5785 2363 5858 ejus
2400 5787 2540 5853 Vita,
2578 5786 2790 5845 diverse
2818 5795 3127 5843 narrantur.
