4036 6318
592 283 700 351 159

1748 277 2014 341 ΡΗΟΤΙῙ
2040 275 2550 339 PATRIARCH/E
2577 275 2688 338 CP.

3743 266 3857 333 160

662 399 763 456 llic
806 396 951 469 patri
988 410 1094 452 suo
1130 394 1360 467 Sopliilo
1382 408 1613 467 operam
1647 393 1706 448 in
1740 393 1942 449 studiis
1999 392 2170 449 dedit.

2346 383 2515 453 Οὗτος
2546 388 2627 459 τῷ
2647 386 2833 454 οἰκείῳ
2868 385 3037 457 πατρὶ
3064 384 3275 455 Σοφίλῳ
3309 382 3683 453 σοφιστεύοντι
3742 400 3856 453 μα-

588 494 845 552 ϐιεοίιίυε
864 506 996 548 vero
1014 491 1183 561 hujus
1209 488 1447 545 oratoris
1479 486 1803 556 magistrum
1835 485 1969 542 facit
1994 485 2167 540 histo-

590 589 769 646 ricum
807 585 1207 657 Thucydidem.
1254 581 1600 639 Dissensisse
1636 593 1768 635 vero
1810 579 1964 634 illum
2000 595 2031 634 a
2070 578 2172 633 So-

591 691 743 739 crate
774 694 883 734 non
904 675 1309 742 contentionis,
1368 674 1464 730 sed
1498 672 1887 744 investigandae
1925 671 2173 728 veritatis

593 773 790 844 gratia.
837 770 1088 825 Primum
1143 778 1325 823 autem
1368 763 1681 821 condidisse
1723 764 1854 819 dicit
1895 763 2173 819 orationes

587 864 903 937 iudiciales.
945 861 1381 919 Praecedentium
1425 858 1572 913 enim
1620 873 1781 913 nemo
1824 857 1931 912 hoc
1975 871 2174 926 genere

590 952 861 1008 orationis
896 967 1030 1006 usus
1062 964 1186 1005 esse
1215 946 1643 1019 deprehenditur
1676 965 1691 1001 :
1722 960 1903 1015 neque
1929 945 2174 1015 reperias

587 1043 906 1116 judicialem
937 1042 1243 1098 orationem
1279 1040 1539 1110 scriptam
1571 1044 1697 1092 ante
1731 1045 1975 1106 tempora
2017 1034 2176 1088 Anti-

592 1135 837 1207 phontis.
865 1134 1111 1190 Primum
1141 1146 1360 1203 quoque
1393 1140 1565 1185 artem
1595 1127 1881 1183 rhetorica:
1931 1124 2177 1181 referunt

595 1227 890 1284 tradidisse
914 1268 930 1293 ,
962 1226 1137 1280 solers
1178 1239 1302 1278 cum
1334 1231 1500 1285 esset,
1530 1230 1585 1276 et
1616 1221 1743 1275 inde
1784 1218 2036 1274 Nestoris
2089 1231 2178 1272 co-

595 1331 835 1388 gnomen
864 1314 1144 1370 sortitum.
1180 1311 1334 1366 Plato
1373 1311 1429 1364 in
1460 1308 1728 1364 Pisandro
1769 1308 1921 1362 illum
1952 1316 2011 1359 ut
2042 1320 2177 1360 ava-

595 1422 717 1461 rum
748 1404 996 1461 incessit.
1032 1403 1201 1459 Fama
1224 1414 1308 1456 est
1339 1401 1490 1456 illum
1512 1400 1676 1455 etiam
1707 1398 1999 1469 tragoedias
2021 1411 2176 1451 com-

596 1492 1141 1565 posuisse,privatim
1160 1490 1406 1561 quidem,
1430 1497 1484 1542 et
1500 1503 1625 1541 cum
1647 1484 1905 1555 Dionysio
1919 1482 2177 1554 Tyranno

596 1585 1026 1641 cohabitantem.
1052 1582 1373 1638 Studentem
1405 1594 1536 1633 vero
1563 1576 1716 1647 prius
1745 1574 1899 1645 poesi
1926 1611 1943 1638 ,
1998 1578 2173 1627 artem

596 1678 754 1732 aiunt
782 1676 935 1730 illum
969 1674 1243 1746 reperisse
1264 1688 1373 1743 qua
1410 1669 1632 1726 tristitia
1666 1664 2071 1737 depelleretur,
2119 1667 2175 1716 et

591 1769 754 1837 juxta
784 1768 966 1822 forum
994 1732 1246 1822 Chrinthi
1276 1732 1624 1819 domuncula:
1651 1757 1870 1814 cuidam
1893 1769 1926 1810 a
1950 1768 2013 1810 se
2042 1766 2178 1809 con-
2200 1732 2252 1794 Β

596 1867 821 1915 structae
850 1859 933 1914 sic
973 1856 1324 1927 inscripsisse
1356 1870 1371 1907 :
1409 1852 1479 1908 Se
1510 1852 1759 1907 oratione
1790 1862 1894 1903 sua
1924 1844 2175 1902 dolorem

594 1964 758 2019 posse
787 1948 1009 2020 pellere.
1033 1948 1250 2003 Etenim
1275 1944 1665 2015 interrogando
1695 1941 1954 1999 maeroris
1977 1954 2178 1998 causas

598 2043 786 2097 tristes
828 2040 1238 2096 consolabatur.
1271 2039 1389 2093 Hoc
1427 2037 1666 2093 studium
1710 2034 1900 2092 minus
1926 2048 2050 2091 esse
2077 2048 2179 2104 pu-

597 2142 721 2187 tans
745 2170 763 2197 ,
813 2147 978 2201 quam
1028 2131 1236 2201 ingenii
1268 2129 1356 2185 sui
1387 2128 1757 2200 praestantiam
1788 2126 2051 2192 deceret,
2107 2122 2178 2179 ad

599 2224 897 2279 oratoriam
931 2223 1133 2278 iterum
1166 2238 1226 2278 se
1262 2222 1554 2286 convertit,
1587 2220 1822 2289 Scripsit
1849 2218 2016 2275 etiam
2055 2231 2178 2273 ora-

596 2316 801 2371 tionem
832 2326 1025 2372 contra
1062 2315 1449 2385 Hippocratem
1481 2313 1780 2377 medicum,
1814 2310 2056 2368 etillum
2088 2309 2179 2365 in-

594 2408 741 2464 dicta
768 2423 935 2463 causa
966 2407 1271 2462 damnavit.
1315 2405 1529 2460 Floruit
1559 2414 1740 2459 autem
1768 2419 1831 2458 ea
1855 2409 2179 2473 tempestate

592 2516 703 2570 qua
738 2500 938 2555 bellum
958 2510 1173 2571 gestum
1203 2515 1326 2556 cum
1349 2498 1741 2569 Persis,paulo
1769 2507 1895 2553 ante
1919 2497 2178 2567 Gorgiam

595 2589 901 2659 sophistam
942 2599 1126 2646 natus.
1172 2590 1431 2647 Extendit
1459 2604 1591 2645 vero
1626 2591 1796 2644 vitam
1827 2604 2003 2659 usque
2037 2588 2092 2643 in
2124 2588 2179 2643 id

596 2690 838 2753 tempus,
870 2698 982 2753 quo
1005 2683 1285 2754 popularis
1309 2694 1486 2740 status
1510 2692 1595 2739 est
1629 2698 1660 2738 a
1719 2683 1825 2739 400
1862 2682 1937 2753 (8)
1968 2680 2178 2753 Tyran-

596 2776 686 2830 nis
725 2776 995 2842 sublatus,
1032 2777 1193 2847 cujus
1229 2777 1549 2833 mutationis
1605 2785 1661 2831 et
1722 2776 1905 2846 ipsum
1954 2790 2175 2831 causam

594 2879 704 2918 una
732 2863 904 2921 fuisse
940 2866 1117 2921 aiunt.
1156 2864 1522 2932 Quamobrem
1556 2874 1612 2921 et
1643 2865 1824 2921 soluta
1866 2864 2060 2918 horum
2095 2873 2179 2935 ty-

597 2956 860 3023 rannide,
891 2957 945 3011 in
980 2957 1070 3027 jus
1099 2966 1329 3014 vocatus
1365 2957 1698 3023 damnatur,
1747 2963 1802 3011 et
1835 2954 2178 3026 proditorum

594 3060 759 3116 paena
793 3047 1101 3117 insepultus
1138 3047 1420 3120 proiectus
1448 3059 1566 3116 est,
1598 3057 1654 3103 et
1692 3046 1917 3103 infamia
1952 3056 2178 3102 notatus

588 3154 710 3193 non
742 3139 906 3194 modo
932 3140 1070 3209 ipse,
1096 3141 1192 3195 sed
1224 3141 1344 3211 ejus
1377 3140 1543 3195 etiam
1583 3155 1777 3195 omnes
1810 3138 2041 3209 posteri.
2075 3137 2183 3208 Ly-

598 3230 711 3284 sias
733 3244 866 3283 vero
884 3239 1075 3284 contra
1103 3239 1292 3284 narrat
1316 3229 1470 3285 illum
1496 3230 1680 3300 potius
1702 3245 1733 3284 a
1765 3228 2181 3299 quadringentis

597 3320 852 3391 tyrannis
869 3320 1218 3376 interfectum
1247 3336 1392 3377 esse.
1422 3321 1530 3375 Alii
1555 3322 1738 3375 ferunt
1762 3306 1915 3375 illum
1937 3320 2179 3388 legatum

598 3411 667 3466 ad
694 3410 1016 3483 Dionysium
1047 3410 1364 3482 Tyrannum
1400 3410 1729 3482 profectum,
1784 3420 1838 3467 et
1880 3411 2185 3483 qumstioue

600 3500 838 3570 quadam
889 3500 1212 3571 proposita,
1247 3502 1523 3571 quodnam
1577 3510 1725 3557 esset
1771 3503 2035 3571 optimum
2083 3516 2182 3565 aes,

602 3592 737 3647 illud
768 3592 1036 3662 optimum
1064 3607 1188 3648 esse
1222 3593 1451 3659 dixisse,
1488 3608 1557 3649 ex
1584 3609 1694 3664 quo
1729 3603 1924 3650 statuae
1949 3594 2185 3649 Hermo-

599 3684 693 3739 dio
743 3692 797 3738 et
823 3683 1184 3754 Aristogitoni
1227 3683 1385 3740 facta:
1408 3692 1617 3740 essent.
1666 3686 1996 3741 Audientem
2052 3700 2184 3741 vero

600 3773 947 3846 Dionysium,
976 3784 1031 3831 et
1054 3776 1108 3829 in
1137 3791 1197 3831 se
1224 3775 1344 3832 haec
1382 3776 1491 3832 dici
1522 3779 1918 3847 suspicantem,
1949 3784 2005 3831 et
2034 3776 2185 3832 necis

597 3883 715 3924 suae
759 3868 1177 3923 incitamentum
1216 3883 1380 3936 esse,
1420 3869 1618 3940 capitis
1665 3878 1944 3925 oratorem
1984 3868 2183 3940 4866

597 3960 1021 4016 condemnasse.
1072 3959 1181 4014 Alii
1223 3976 1356 4016 vero
1386 3971 1679 4033 prepterea
1729 3962 1974 4017 occisum
2026 3977 2183 4018 com-

602 4061 937 4119 memorant,
966 4053 1112 4123 quod
1140 4051 1392 4126 Dionysii
1429 4055 1578 4113 illius
1612 4053 1911 4127 tragtndias
1951 4054 2185 4113 liberius

600 4140 1042 4212 perstrinxisset.

1292 4434 1496 4493 CCLX.

1106 4529 1367 4587 Isocratis
1392 4529 1681 4584 orationes.

669 4622 929 4696 Legimus
955 4622 1140 4680 varias
1166 4623 1450 4680 orationes
1473 4621 1753 4679 Isocratis.
1787 4621 2057 4678 Dicuntur
2080 4636 2184 4677 nu-

2217 4438 2263 4500 D

2274 480 2536 553 θητεῦσαι
2592 479 2811 549 λέγεται
2841 494 2857 510 ο
2892 476 3180 540 Καικίλιος
3209 475 3268 530 δέ
3299 474 3626 530 Θουκυδίδου
3680 474 3729 505 ³⁸
3756 471 3861 526 τοῦ

2275 570 2640 644 συγγραφέως
2673 566 2922 639 μαθητὴν
2958 566 3243 637 γεγονέναι
3299 567 3435 639 φησὶ
3477 564 3572 619 τὸν
3618 563 3857 637 ῥήτορα.

2272 662 2626 733 Διενεχθῆναι
2669 660 2728 714 δέ
2785 675 2952 729 φασιν
3000 657 3160 712 αὐτὸν
3219 658 3313 712 καὶ
3363 657 3644 728 Σωκράτει
3678 654 3728 686 ³⁸
3774 651 3865 723 τῷ

2274 734 2573 824 φιλοσόφῳ,
2604 752 2665 806 οὐ
2699 750 2835 822 πρὸς
2864 748 2910 781 ³⁸
2936 748 3443 821 φιλονεικίαν,ἀλλὰ
3470 748 3609 819 πρὸς
3630 747 3865 820 ἔλεγχον

2272 845 2487 918 ὁρῶντα
2510 845 2575 899 ³⁸.
2611 842 2878 908 Συντάξαι
2907 842 2965 896 δὲ
2994 841 3158 896 αὐτὸν
3188 841 3282 897 καὶ
3312 840 3530 913 πρῶτόν
3556 857 3689 909 φασι
3726 841 3868 904 τοὺς

2273 941 2334 994 ἐν
2360 941 2472 1002 τοῖς
2502 935 2873 1007 δικαστηρίοις
2903 934 3297 1003 ἁγωνιστικοὺς
3340 932 3468 1006 [792
3498 932 3591 1006 Η.]
3620 932 3822 1002 λόγους
3844 947 3864 963 ⁸

2274 1031 2385 1085 τῶν
2426 1030 2536 1100 γὰρ
2573 1028 2680 1101 πρὸ
2725 1027 2889 1083 αὑτοῦ
2927 1026 3104 1091 οὐδεὶς
3138 1026 3391 1097 φαίνεται
3440 1025 3630 1088 καθεὶς
3662 1023 3870 1078 ἐαυτὸν

2276 1124 2358 1186 εἰς
2405 1121 2595 1176 τοῦτον
2648 1121 2741 1174 τὸν
2773 1120 2981 1189 ἀγῶνα,
3020 1118 3132 1173 οὐδ’
3179 1118 3297 1172 ἐστι
3345 1116 3533 1172 λαϐεῖν
3575 1116 3870 1171 δικανικὸν

2278 1213 2436 1282 λόγον
2485 1214 2594 1268 τῶν
2642 1212 2962 1283 Ἀντιφῶντι
3008 1211 3055 1244 ³⁸
3117 1211 3388 1284 πρότερον
3420 1209 3867 1281 γεγραμμένων.

2276 1307 2503 1376 Πρῶτον
2543 1307 2601 1360 δὲ
2633 1305 2796 1361 αὑτὸν
2846 1305 2942 1360 καὶ
2975 1304 3272 1377 ῥητορικὰς
3313 1302 3678 1370 συντάξασθαί
3723 1318 3873 1372 φασι

2278 1401 2494 1469 τέχνας,
2548 1398 2805 1469 ἀγχίνουν
2852 1396 3137 1466 γεγονότα·
3164 1397 3252 1451 διὰ
3306 1394 3466 1449 τοῦτο
3515 1393 3702 1448 λαϐεῖν
3759 1396 3872 1446 ἐπ-

2278 1491 2494 1562 ώνυμον
2519 1491 2615 1544 καί
2651 1491 2743 1543 τὸν
2768 1488 3039 1561 Νέστορα.
3065 1487 3338 1559 Κωμῳδεῖ
3363 1488 3421 1542 δὲ
3443 1485 3603 1539 αὐτὸν
3626 1486 3706 1547 εἰς
3737 1483 3871 1555 φιλ-

2285 1584 2557 1656 αργυρίαν
2600 1583 2829 1637 Πλάτων
2866 1586 2925 1645 ἐν
2968 1581 3306 1653 Πεισάνδρῳ.
3357 1581 3533 1648 Λόγος
3582 1579 3641 1633 δὲ
3695 1577 3871 1633 αὑτὸν

2278 1676 2375 1731 καὶ
2397 1664 2706 1748 τραγῳδίας
2734 1674 3027 1742 συνθεῖναι,
3060 1674 3166 1745 ἰδίᾳ
3186 1690 3246 1726 τε
3288 1673 3385 1727 καὶ
3425 1671 3687 1741 Διονυσίῳ
3735 1688 3875 1726 συν-

2280 1768 2625 1839 διατρίϐοντα
2662 1768 2742 1838 τῷ
2782 1767 3055 1840 τυράννῳ.
3110 1765 3452 1836 Σχολάζοντα
3501 1765 3560 1818 δὲ
3594 1764 3875 1836 πρότερον

2282 1864 2349 1934 τῇ
2402 1863 2618 1933 ποιήσει
2649 1860 2844 1932 τέχνην
2872 1860 3037 1930 φασὶν
3062 1859 3226 1912 αὐτὸν
3258 1856 3501 1928 ἐξευρεῖν
3524 1858 3566 1891 ³⁷
3602 1857 3874 1923 ἀλυπίας,

2284 1953 2378 2008 καί
2400 1951 2543 2006 κατὰ
2567 1951 2667 2020 τὴν
2698 1951 2906 2022 ἀγορὰν
2932 1952 2992 2005 ἐν
3020 1948 3271 2023 Κορίνθῳ
3301 1948 3467 2021 [1455
3493 1946 3587 2020 8.]
3620 1946 3873 2018 οἰκημά-

2284 2042 2397 2095 τιόν
2422 2060 2477 2095 τι
2502 2041 2999 2113 οἰκοδομησάμενον
3029 2038 3337 2113 ἐπιγράψαι
3378 2038 3640 2094 δύνασθαι
3697 2035 3876 2091 αὑτὸν

2281 2132 2411 2196 τοὺς
2448 2131 2824 2201 λυπουμένους
2842 2129 2933 2184 διὰ
2976 2129 3153 2200 λόγων
3182 2130 3229 2162 ⁸⁸
3258 2128 3615 2202 θεραπεύεινο
3653 2127 3749 2182 καὶ
3797 2124 3875 2196 δὴ

2282 2225 2377 2280 καί¹
2419 2224 2824 2295 πυνθανόμενος
2847 2223 2947 2287 τὰς
2989 2222 3172 2288 αἰτίας
3195 2223 3295 2295 τῆς
3333 2222 3513 2300 λύπης
3533 2222 3657 2285 τοὺς
3694 2222 3872 2275 ἀνιω-
3952 2296 3955 2297 ν

2286 2322 2483 2392 μένους
2510 2319 2906 2392 παρεμυθεῖτο.
2933 2319 3107 2375 Τοῦτο
3129 2320 3188 2374 δὲ
3220 2320 3283 2373 τὸ
3313 2319 3654 2391 ἐπιτήδευμα
3696 2312 3872 2391 ἦττον

2283 2409 2423 2467 εἶναι
2453 2411 2684 2482 νομίσας
2713 2411 2811 2483 τῆς
2864 2412 3059 2466 ἐαυτοῦ
3092 2410 3477 2484 μεγαλονοίας,
3505 2411 3600 2464 ἐπὶ
3640 2411 3873 2482 ῥητορι-

2285 2503 2387 2574 κὴν
2410 2503 2644 2575 ἐτράπη.
2675 2503 3064 2575 Συνεγράψατο
3096 2503 3155 2558 δὲ
3183 2503 3278 2558 καὶ
3307 2502 3449 2558 κατὰ
3462 2501 3875 2573 Ἱπποκράτους

2283 2595 2378 2651 τοῦ
2425 2595 2612 2668 ἰατροῦ
2651 2595 2832 2666 λόγον,
2889 2596 2985 2652 καὶ
3034 2590 3179 2651 εἶλεν
3212 2595 3378 2652 αὐτὸν
3424 2595 3486 2662 ἐξ
3528 2595 3759 2668 ἐρήμου.
3800 2591 3878 2650 Ὁ

2284 2688 2341 2741 δὲ
2367 2688 2557 2760 χρόνος
2577 2685 2669 2761 ἦν,
2693 2687 2817 2742 καθ’
2858 2687 2918 2742 δν
2956 2686 3230 2759 ἢκμαζεν,
3268 2688 3328 2741 ἐν
3360 2679 3406 2757 ᾧ
3454 2685 3877 2756 διαπέπρακται.

2283 2777 2355 2831 τὰ
2390 2778 2656 2849 Περσικὰ,
2689 2778 2855 2850 ὀλίγῳ
2883 2778 3150 2850 πρότερον
3192 2777 3422 2850 Γοργίου
3449 2776 3545 2831 τοῦ
3609 2774 3873 2847 σοφιστοῦ

2285 2870 2526 2941 γεγονώς
2553 2888 2569 2903 ’
2598 2872 2888 2944 παρέτεινε
2916 2870 2975 2925 δέ
2996 2872 3088 2926 τὸν
3125 2871 3239 2942 βίον
3271 2872 3378 2937 ἕως
3406 2871 3508 2942 τῆς
3548 2870 3655 2925 ὑπὸ
3682 2869 3793 2925 τῶν
3819 2877 3875 2924 υ⁹

2285 2964 2658 3036 γεγενημένης
2682 2963 3032 3029 καταλύσεως
3077 2967 3178 3037 τῆς
3209 2964 3618 3038 δημοκρατίας,
3651 2960 3719 3036 ἧς
3770 2963 3877 3019 καὶ

2287 3058 2449 3114 αὑτὸν
2477 3057 2656 3112 αἰτίαν
2686 3060 3083 3130 μετεσχηκέναι
3113 3058 3250 3129 φασὶ
3277 3059 3583 3130 παρασχεῖν
3606 3074 3621 3089 ’
3650 3056 3730 3111 διὸ
3772 3056 3878 3111 καὶ

2289 3150 2429 3221 μετὰ
2461 3149 2562 3221 τὴν
2594 3149 2896 3204 κατάλυσιν
2927 3149 3038 3204 τῶν
3060 3156 3105 3205 υ⁹
3147 3150 3525 3221 εἰσαγγελθεὶς
3562 3149 3742 3216 ἐάλω,
3771 3148 3878 3203 καὶ

2283 3244 2398 3305 τοῖς
2448 3241 2558 3295 τῶν
2598 3241 2873 3313 προδοτῶν
2903 3241 3205 3314 ἐπιτιμίοις
3262 3241 3599 3312 ὑποδληθεὶς
3658 3241 3874 3311 ἄταφος

2284 3332 2509 3406 ἐρρίφη,
2555 3332 2653 3384 καὶ
2680 3331 2904 3400 γέγονεν
2930 3331 3147 3404 ἄτιμος,
3178 3332 3280 3387 οὐκ
3299 3331 3462 3397 αὐτὸς
3509 3331 3668 3403 μόνον
3690 3368 3707 3395 ,
3731 3329 3881 3383 ἀλλὰ

2285 3426 2381 3487 καὶ
2417 3426 2466 3479 οἰ
2510 3423 2570 3490 ἐξ
2601 3423 2767 3480 αὐτοῦ
2802 3422 3021 3493 φύντες.
3069 3423 3276 3489 Λυσίας
3307 3424 3365 3479 δὲ
3391 3423 3700 3478 τούναντίον
3726 3424 3881 3477 ἱστο-

2291 3518 2375 3589 ρεῖ
2401 3533 2414 3547 ’
2451 3518 2588 3588 φησί
2613 3515 2724 3587 γὰρ
2756 3515 2959 3587 μᾶλλον
2987 3515 3151 3571 αὐτὸν
3172 3517 3278 3571 ὑπὸ
3304 3517 3414 3570 τῶν
3463 3522 3509 3570 υ¹
3535 3516 3876 3588 ἀνῃρῆσθαι.

2286 3611 2350 3684 ρί
2379 3609 2441 3663 δέ
2492 3625 2659 3680 φασιν
2688 3608 2851 3663 αὑτὸν
2889 3607 3235 3681 πρεσϐευτὴν
3264 3608 3405 3681 πρὸς
3453 3609 3731 3663 Διονύσιον
3775 3608 3882 3662 τὸν

2284 3701 2549 3774 τύραννον
2578 3702 3023 3777 παραγεγονότα,
3080 3702 3175 3756 καὶ
3224 3699 3506 3773 ζητήσεώς
3554 3718 3703 3765 τινος
3756 3718 3878 3755 πα-

2289 3793 2640 3867 ραπεσούσης
2671 3797 2756 3860 τίς
2795 3795 3017 3867 ἄριστός
3040 3795 3156 3848 ἐστι
3189 3793 3413 3865 χαλκὸς,
3443 3793 3606 3848 αὐτὸν
3647 3794 3881 3864 ἄριστον

2286 3880 2429 3940 εἶναι
2472 3886 2639 3956 φάναι
2662 3886 2725 3952 ἐξ
2756 3880 2818 3942 οὗ
2846 3886 3037 3959 στῆλαι
3072 3884 3350 3955 Ἀρμοδίῳ
3395 3885 3720 3957 πεποίηνται
3774 3886 3885 3937 καὶ

2299 3979 2747 4050 Ἀριστογείτονισ
2772 3979 3083 4035 ἀκούσαντα
3125 3977 3183 4032 δὲ
3209 3978 3303 4031 τὸν
3325 3980 3625 4045 Διονύσιον,
3660 3978 3755 4032 καὶ
3776 3978 3882 4041 είς

2285 4071 2454 4125 αὑτὸν
2522 4070 2903 4141 ὑπονοήσαντα
2988 4071 3081 4126 τὸν
3154 4069 3314 4142 λόγον
3364 4071 3702 4142 ἀπερῤῖφθαι
3775 4070 3884 4125 καὶ

2286 4163 2605 4235 προτροπὴν
2675 4158 2817 4218 εἶναι
2884 4165 2985 4236 τῆς
3047 4162 3215 4218 αὐτοῦ
3286 4162 3637 4225 καταλύσεως
3665 4202 3684 4228 ,
3769 4162 3882 4232 τὴν

2285 4252 2381 4305 ἐπὶ
2405 4251 2622 4323 θανάτῳ
2666 4252 2758 4307 τὸν
2798 4254 3008 4324 ῥήτορα
3066 4253 3453 4307 καταδικάσαι.
3503 4253 3568 4305 Οἱ
3615 4253 3673 4306 δὲ
3708 4251 3880 4316 διότι,

2287 4343 2445 4415 φασὶ,
2469 4343 2571 4408 τὰς
2590 4344 2896 4417 τραγῳδίας
2923 4344 3091 4399 αὐτοῦ
3114 4342 3385 4416 διασύρων
3409 4343 3877 4416 ἐπαρρησιάζετο.

3021 4436 3115 4471 VT!

2786 4527 3167 4597 Ἰσοκράτους
3194 4529 3386 4600 λόγοι.

2362 4619 2797 4692 Ἀνεγώσθησαν
2821 4620 3164 4694 Ἰσρκράτους
3189 4621 3341 4690 λόγοι
3369 4620 3641 4692 διάφοροι.
3663 4620 3877 4692 Φέρον-

600 4732 757 4775 mero
788 4717 1093 4788 sexaginta,
1115 4731 1349 4788 quarum
1374 4716 1615 4787 quinque
1638 4715 1903 4787 etviginti
1927 4714 2180 4787 Dionysio

2284 4730 2373 4766 ται
2410 4712 2468 4767 δὲ
2504 4713 2672 4766 αὐτοῦ
2700 4712 2794 4765 τὸν
2841 4712 3080 4783 ἀριθμὸν
3110 4712 3172 4779 ξ’,
3202 4707 3277 4768 ὧν
3314 4713 3615 4784 ἐκρίθησαν
3653 4712 3885 4782 γνήσιοι

599 4807 836 4878 egitimae
855 4814 1006 4872 sunt,
1040 4804 1263 4862 Caecilio
1284 4805 1478 4877 viginti
1496 4815 1646 4862 octo.
1675 4805 1976 4877 Scripsisse
2005 4814 2180 4861 autem

2284 4805 2422 4859 κατὰ
2454 4805 2557 4875 μὲν
2588 4803 2866 4859 Διονύσιον
2897 4803 2993 4858 ἐπὶ
3021 4805 3132 4869 τοῖς
3159 4809 3203 4857 ε’
3230 4810 3279 4859 κ’
3312 4804 3382 4869 ³⁸,
3415 4805 3560 4859 κατὰ
3590 4804 3649 4858 δὲ
3676 4804 3882 4857 Καικί-

599 4898 752 4960 illum
779 4908 953 4953 artem
984 4896 1277 4953 rhetoricae
1294 4897 1536 4966 tradunt,
1557 4912 1723 4969 quam
1750 4897 1937 4969 etejus
1966 4896 2180 4953 nomine

2284 4898 2397 4951 λιον
2434 4904 2483 4969 η’
2505 4898 2603 4952 καὶ
2634 4897 2707 4954 κ’.
2757 4897 3102 4970 Γεγραφέναι
3150 4897 3211 4951 δὲ
3262 4897 3429 4951 αὑτὸν
3452 4897 3548 4955 καὶ
3576 4897 3625 4929 ⁸ο
3673 4897 3882 4967 τέχνην

602 4990 930 5061 inscriptam
942 4988 1171 5045 scimus.
1200 4988 1453 5045 Aliivero
1468 4989 1697 5047 tradunt
1714 4991 1860 5047 hunc
1886 4990 1944 5046 in
1978 4990 2187 5047 oratio-

604 5084 772 5141 nibus
795 5081 973 5154 magis
1004 5080 1402 5139 exercitatione
1429 5096 1596 5154 quam
1619 5091 1738 5140 arte
1764 5098 1928 5140 usum
1967 5097 2113 5141 esse.

2287 4989 2588 5063 ῥητορικὴν
2624 4990 2899 5059 λέγουσιν,
2930 4992 3000 5061 ἣν
3033 4990 3130 5044 καὶ
3167 4990 3330 5062 ἡμεῖς
3356 4987 3519 5060 ῐσμεν
3542 4986 3637 5042 τοῦ
3679 4986 3881 5057 ἀνδρὸς

2285 5081 2739 5155 ἐπιγραφομένην
2774 5082 2857 5155 τῷ
2879 5082 3110 5155 ὀνόματι
3140 5098 3158 5115 '
3191 5082 3245 5138 οί
3271 5081 3330 5140 δὲ
3357 5081 3692 5153 συνασκήσει
3731 5078 3880 5151 μᾶλ-

1917 5200 2153 5257 ΥΔΒΙΑΞ
2214 5200 2624 5261 LECTIONES.

677 5301 722 5333 ⁸¹
754 5302 849 5357 καὶ
876 5318 989 5361 om.
1019 5304 1081 5360 Β.
1157 5303 1203 5337 ⁸³
1231 5300 1563 5371 Θουκυδίδην
1594 5316 1656 5365 ς.
1689 5297 1762 5355 cf.
1791 5296 2176 5381 Wyttenbach.
2237 5295 2516 5353 Plutarch.
2571 5299 2627 5365 4,
2754 5274 2881 5355 διὶ.
2956 5296 3003 5331 ⁸³
3061 5296 3344 5381 ξωκράτει
3368 5295 3413 5350 Β
3464 5314 3480 5351 ι
3511 5294 3780 5380 Σωκράτη
3803 5312 3878 5365 ς.

686 5371 748 5421 οὐ
776 5373 985 5421 ποόε-
1007 5375 1053 5409 ³³
1079 5372 1316 5421 ὁρῶντα]
1348 5370 1486 5421 ποὺς
1517 5370 1739 5421 ἐλεγγον
1773 5370 2009 5421 όοωντα.
2040 5369 2091 5420 οἰ
2117 5368 2255 5421 ποὺς
2278 5368 2612 5421 φιλονεικίαν
2687 5407 2704 5421 .
2786 5368 2832 5402 ³⁸
2874 5368 3194 5421 ’Δντιωωντι
3213 5397 3284 5408 —-
3312 5364 3736 5421 γεγραμμένων]
3761 5381 3878 5421 ιιηο

607 5368 748 5457 110°
776 5373 985 5457 πράς-
1007 5375 1053 5409 ³⁸
1079 5372 1317 5446 δρῶντα]
1335 5370 1486 5457 ,πρδς
1517 5368 1739 5457 Eleum
1764 5368 2263 5457 cessissem
2278 5368 2612 5457 (ξελφνειξξίαι

1680 5388 1739 5422 ον
1773 5388 2009 5437 ορωντα,
2040 5388 2091 5420 οι
2117 5388 2255 5438 προς
2278 5388 2612 5436 φιλονεικιαν
2640 5388 2704 5422 υ.
2786 5388 2832 5402 ’ν
2878 5388 3005 5423 ’Λντι

1646 5388 1864 5511 ξευρείν
1885 5436 2051 5493 αὐτόν
2078 5437 2143 5493 Β.
2220 5438 2264 5471 ³⁸
2289 5437 2451 5509 λόγου
2475 5437 2535 5494 Β.
2601 5440 2646 5473 ³⁸
2677 5438 2715 5494 ε’
2746 5441 2839 5495 καὶ
2861 5436 2911 5495 κ’
2943 5456 3005 5506 ς.

620 5439 1467 5517 Ἀντιφῶντος-γεγραμμένον.
1543 5441 1594 5475 ³⁷
1623 5442 1649 5494 ἐ

2786 5368 2832 5402 ³⁸
2874 5364 3284 5439 Ἀντιφῶντίέ-
3312 5364 3883 5439 γεγρσιμμένωῇἷιηο

3068 5438 3114 5472 ⁸⁸
3149 5438 3243 5495 καὶ
3271 5434 3399 5494 ante
3422 5434 3621 5509 τέχνην
3647 5434 3775 5493 add.
3800 5437 3880 5494 A.

2140 5552 2371 5612 NOTAE.

608 5723 760 5789 dum.

682 5654 759 5723 (8)
786 5654 1160 5726 Quadraginta
1190 5654 1357 5715 habet
1386 5653 1714 5712 Plutarchus
1741 5662 1800 5711 ut
1859 5652 1936 5712 ibi
1968 5652 2184 5713 numeri
2222 5666 2353 5715 nota
2404 5668 2689 5731 peccatum
2733 5665 3031 5731 appareat,
3107 5666 3239 5723 ctu,
3278 5670 3379 5725 pro
3446 5671 3521 5724 μ,
3595 5667 3868 5726 reponen-
