4152 6416
227 381 314 447 161
1329 383 1851 446 BlBLIOTHECA.
1875 408 1947 423 --
1971 384 2135 447 COD.
2165 383 2377 446 CCLX.

3364 383 3468 451 162

222 499 307 551 λον
333 494 371 565 ἢ
396 493 566 565 τέχνῃ
597 493 908 564 χρήσασθαι
936 494 1080 550 κατά
1106 495 1232 559 τοὺς
1261 494 1453 563 λόγους
1488 495 1581 550 τὸν
1620 496 1790 566 ἄνδρα

1963 493 2135 551 Natus
2165 503 2251 551 est
2289 495 2437 551 circa
2488 494 2862 567 Olympiadem
2896 495 3289 566 octogesimam
3342 512 3467 554 sex-

330 589 370 641 ί.

218 606 486 747 pulsaeve
526 676 586 730 δὲ
621 676 763 729 κατά
791 675 890 746 τὴν
919 674 972 729 π’
1012 677 1107 730 καὶ
1134 676 1190 742 ς’
1261 677 1604 748 Ολυμπιάδα,
1660 677 1795 731 νεώ-

218 785 372 839 τερος
396 766 504 836 μὲν
539 764 742 819 Λυσίου
771 764 866 817 ἐπὶ
889 763 1040 817 δυσὶν
1070 762 1215 818 ἔτεσι
1252 766 1347 818 καὶ
1377 771 1447 829 κ’,
1509 762 1793 829 Πλάτωνος

216 863 271 916 δὲ
306 850 683 930 πρεᾱϐύτερος
717 856 749 909 ι’
778 856 1005 911 δεόντων
1037 857 1224 928 τριῶν.
1264 852 1375 910 Ἦν
1403 856 1459 910 δὲ
1483 858 1612 920 παῖς
1667 856 1795 909 Θεο-

218 952 384 1024 δώρου
425 948 697 1021 Ἐρχιέως
726 949 795 1012 δί,
831 948 948 1013 ἑνὸς
974 948 1085 1003 τῶν
1118 947 1356 1019 μετρίων
1410 948 1667 1003 πολιτῶν.
1705 949 1795 1001 Ἐν

217 1044 367 1097 παισί
436 1042 545 1113 μὲν
603 1040 699 1095 οὖν
735 1040 906 1094 τελῶν
967 1042 1277 1112 ἠκροάσατο
1308 1040 1573 1111 Προδίκου
1606 1056 1666 1093 τε
1699 1038 1794 1092 τοῦ

216 1134 459 1194 Κείου⁸²,
492 1132 595 1185 καὶ
620 1131 851 1202 Γοργίου
888 1130 983 1184 τοῦ
1014 1132 1319 1199 Λεοντίνου,
1352 1132 1447 1186 καὶ
1478 1131 1666 1184 Τισίου
1698 1129 1793 1183 τοῦ

215 1221 584 1292 Συρακουσίου
608 1222 786 1288 ⁸³,καὶ
814 1222 905 1277 τοῦ
927 1223 1154 1294 ῥήτορος
1168 1223 1542 1295 Θηραμένους.
1560 1222 1687 1295 [795
1702 1225 1765 1280 ΙΙ.
1776 1223 1793 1293 j

216 1318 300 1379 Εἰς
320 1315 529 1385 ἄνδρας
543 1314 600 1367 δὲ
653 1314 875 1378 τελέσας
904 1317 1245 1388 πραγμάτων
1273 1317 1373 1387 μὲν
1401 1317 1672 1390 ἀναχωρεῖ
1688 1318 1797 1371 τῶν

218 1407 536 1472 πολιτικῶν,
572 1408 655 1461 ὅτι
686 1424 746 1462 τε
774 1408 875 1479 τὴν
914 1408 1097 1478 φωνὴν
1129 1410 1309 1480 ἰσχνὸς
1333 1405 1403 1481 ἦν
1427 1411 1522 1463 καὶ
1544 1410 1635 1463 τὸν
1666 1410 1794 1480 τρό-

221 1515 309 1550 πον
349 1497 637 1569 εὐλαόής·
671 1497 743 1552 τὰ
796 1499 1028 1570 πατρῷα
1092 1498 1275 1568 μέντοι
1311 1500 1704 1570 ἀποϐεϐληκὼς
1737 1502 1797 1553 ὲν

221 1589 290 1659 τῷ
315 1588 451 1660 πρὸς
483 1588 952 1660 Λακεδαιμονίους
983 1590 1229 1661 πολέμῳ,
1262 1591 1359 1644 ἕνα
1389 1591 1550 1661 μόνον
1581 1590 1670 1644 τὸν
1696 1590 1797 1662 τῆς

225 1682 544 1743 ἀντιδόσεως
572 1681 733 1750 λόγον
764 1680 934 1734 εἰπὼν
979 1682 1195 1751 ἀπέστη
1223 1682 1323 1752 τῆς
1354 1681 1611 1753 τοιαύτης
1656 1699 1793 1753 προ-

228 1772 503 1840 αιρέσεως,
543 1770 683 1825 ίδίαν
712 1769 769 1822 δὲ
798 1769 1087 1841 διατριϐὴν
1115 1768 1567 1840 ὑποστησάμενος
1595 1769 1688 1822 ἐπὶ
1734 1768 1795 1823 τὸ

1892 593 2030 642 tam.
2077 585 2273 642 Junior
2324 585 2484 658 Lysia
2529 587 2691 643 annis
2723 587 2914 658 viginti
2943 597 3000 641 et
3033 587 3249 644 duobus
3276 630 3293 653 ,
3349 588 3470 643 Pla-

1893 687 2022 734 tone
2077 688 2286 749 septem
2340 679 2501 734 annis
2561 678 2863 749 antiquior.
2910 678 3043 734 Erat
3096 687 3279 735 autem
3324 679 3471 736 ﬁlius

1896 770 2171 826 Theodori
2200 770 2502 826 sacerdotis
2537 770 2679 825 inter
2706 770 3014 826 mediocres
3048 771 3219 826 cives.
3264 769 3471 827 Etiam-

1896 875 2027 916 num
2054 876 2192 931 puer
2219 860 2437 916 audivit
2468 861 2759 917 Prodicum
2807 859 3043 927 Chium,
3103 871 3159 917 et
3208 860 3470 931 Gorgiam
3509 887 3516 896 -

1894 951 2244 1018 Leontinum,
2276 959 2333 1008 et
2361 951 2567 1007 Tisiam
2611 951 3044 1024 Syracusanum,
3071 962 3127 1007 et
3168 952 3469 1007 Therame-
3508 1009 3523 1015 ,_

1896 1062 2022 1101 nem
2050 1046 2349 1101 rhetorem.
2378 1042 2498 1099 Jam
2528 1045 2613 1099 vir
2649 1045 2969 1116 reipublicae
3002 1060 3192 1101 curam
3222 1060 3331 1099 non
3372 1046 3471 1099 ad-
3528 1048 3531 1051 ’

1895 1136 2088 1202 misit;
2122 1136 2252 1207 quia
2296 1135 2485 1207 gracili
2521 1151 2656 1191 voce
2705 1146 2824 1192 erat
2877 1152 2944 1192 ac
2975 1138 3197 1193 timidus
3231 1156 3245 1191 :
3281 1150 3468 1208 pater-
3531 1122 3535 1127 “

1896 1241 2106 1297 nasque
2145 1226 2448 1297 respiciens
2493 1227 2839 1283 calamitates
2881 1228 3023 1283 bello
3056 1226 3333 1283 Laconico
3372 1245 3470 1284 ac-
3526 1254 3529 1257 λ

1896 1329 2118 1389 ceptas,
2168 1334 2337 1373 uuam
2386 1318 2561 1374 solam
2619 1318 2697 1373 De
2757 1319 3121 1374 retributione
3162 1320 3467 1374 orationem

1896 1407 2110 1471 habuit,
2143 1416 2252 1462 eta
2286 1406 2519 1461 dicendo
2567 1406 2827 1478 deinceps
2859 1407 3147 1462 abstinuit.
3183 1407 3469 1463 lnstituto-

1897 1512 2006 1569 que
2030 1498 2161 1553 ludo
2184 1538 2202 1565 ,
2245 1497 2625 1568 philosophari
2696 1505 2751 1553 et
2777 1498 3018 1554 scribere
3044 1507 3128 1554 est
3152 1514 3471 1570 aggressus.

1902 1603 1967 1645 ac
1989 1589 2404 1660 panegyricum,
2432 1597 2489 1645 et
2517 1588 2784 1659 quasdam
2814 1589 2869 1643 in
2896 1604 3096 1655 genere
3114 1590 3473 1645 deliberativo

1897 1680 2122 1750 scripsit
2153 1681 2455 1747 orationes,
2492 1690 2647 1737 ratus
2673 1681 2747 1736 ita
2776 1680 2995 1737 Graecos
3019 1681 3087 1736 ad
3113 1696 3177 1737 ea
3203 1696 3327 1751 quae
3356 1680 3473 1736 otii-

1897 1769 1987 1828 cio
2016 1769 2407 1841 honestatique
2430 1778 2560 1825 sunt
2586 1777 2978 1835 consentanea,
3023 1786 3187 1840 posse
3226 1770 3470 1827 incitari.

228 1862 531 1932 φιλοσοφεῖν
565 1862 662 1915 καὶ
713 1860 947 1933 γράφειν
983 1862 1233 1934 ὥρμησε,
1273 1863 1367 1915 καὶ⁵
1400 1862 1428 1915 ὃ
1454 1878 1516 1914 τε
1546 1878 1794 1932 πανηγυ-

1898 1863 2055 1930 Quod
2095 1863 2403 1919 institutum
2436 1880 2560 1919 cum
2607 1864 2833 1919 minime
2872 1864 3100 1919 feliciter
3132 1864 3470 1928 succederet,

230 1955 366 2024 ρικὺς
407 1954 565 2024 αύτῷ
608 1953 769 2023 λόγος
814 1954 1085 2026 συνετάγη
1143 1956 1236 2008 καί
1301 1972 1447 2017 τινες
1479 1953 1629 2008 ἄλλοι
1685 1952 1794 2005 τῶν

229 2045 699 2112 συμϐουλευτικῶν
750 2046 1040 2118 ἡγουμένῳ
1094 2050 1216 2110 ταῖς
1274 2047 1630 2117 παραινέσεσι
1667 2047 1794 2111 τοὺς

229 2136 484 2207 Ἕλληνας
514 2139 738 2209 φρονεῖν
785 2138 1061 2206 ἐκδιδάξαι
1099 2140 1166 2193 τά
1219 2140 1588 2210 συμφέροντα.
1630 2140 1795 2193 Ἀπο-

236 2229 397 2298 τυχὼν
432 2230 489 2283 δὲ
518 2231 619 2303 τῆς
650 2230 901 2303 γνώμης,
925 2232 1114 2286 τούτου
1144 2231 1245 2303 μὲν
1285 2233 1495 2303 ἀπέστη
1539 2231 1635 2285 τοῦ
1673 2233 1795 2285 ἐπι-

248 2321 577 2392 τηδεύματος,
612 2322 814 2394 σχολῆς
866 2323 924 2376 δὲ
975 2326 1293 2396 σοφιστικῆς
1329 2327 1539 2394 ἡγεῖτο,
1569 2323 1644 2388 ὡς
1696 2324 1796 2395 μέν

253 2415 385 2477 τινές
411 2432 559 2485 φασι,
584 2416 653 2469 τά
691 2416 886 2487 πρῶτα
919 2416 1013 2468 ἐπὶ
1058 2416 1213 2479 Χίου,
1244 2416 1492 2489 μαθητὰς
1537 2416 1676 2487 ἔχων
1703 2418 1793 2468 ὲν-

252 2507 353 2568 via,
373 2508 517 2578 ἡνίκα
545 2508 631 2562 καὶ
658 2508 754 2562 τὸν
784 2507 975 2579 μισθὸν
1000 2508 1123 2562 ίδὼν
1148 2509 1247 2579 τῆς
1274 2510 1618 2573 διδασκαλίας
1640 2512 1795 2583 ἀριθ-

245 2598 488 2667 μούμενον
507 2600 672 2668 φάναι
700 2600 1066 2671 δακρύσαντα,
1080 2601 1155 2665 ῶς
1175 2601 1305 2656 Νῦν
1318 2601 1579 2671 ἐμαυτὸν
1604 2603 1798 2673 ἔγνων

236 2693 449 2758 τούτοις
491 2693 901 2764 πεπραμένον.
950 2691 1319 2764 Ἦκροάσαντο
1369 2694 1425 2748 δὲ
1477 2695 1643 2748 αὑτοῦ
1702 2696 1796 2750 ἀλ-

231 2783 302 2836 λοι
324 2801 379 2837 τε
422 2785 633 2851 πολλοὶ,
671 2785 748 2849 ὡς
804 2785 899 2839 καὶ
945 2786 1027 2850 είς
1064 2786 1258 2840 ἑκατὸν
1302 2788 1639 2855 συντελέσαι,
1701 2788 1797 2843 καί⁸

229 2874 288 2946 δὴ
335 2877 423 2930 καὶ
455 2878 730 2947 Τιμόθεος
761 2878 790 2931 6
844 2878 1115 2946 Κόνωνος,
1150 2879 1268 2950 μεθ’
1332 2873 1395 2935 οὗ
1450 2882 1546 2935 κοιλ⁹
1595 2882 1797 2947 πολλὰς

230 2966 378 3021 ἐπιὼν
432 2968 625 3033 πόλεις
665 2971 765 3033 τὰς
796 2970 935 3042 πρὸς
973 2971 1292 3042 Ἀθηναίους
1316 2972 1609 3034 ἐπιστολὰς
1672 2990 1797 3028 συν-

226 3060 423 3131 ετίθει,
453 3062 516 3116 αῖ
570 3061 662 3116 τὸν
710 3061 976 3133 Τιμόθεον
1027 3063 1435 3135 ἐπεγράφοντο·
1505 3064 1668 3137 [1456
1704 3064 1796 3139 IL]

221 3150 330 3205 ὅθεν
358 3153 577 3217 ἐκεῖνος
640 3154 887 3227 ταλάντῳ
933 3154 1099 3209 αὑτὸν
1125 3155 1488 3228 ἐδωρήσαντο.
1533 3158 1797 3227 Γεγόνασι

1895 1954 2095 2009 distitit
2124 1966 2316 2024 postea
2351 1954 2489 2009 alias
2514 1954 2799 2008 orationes
2822 1955 3085 2010 scribere.
3126 1954 3339 2009 Ludum
3369 1970 3470 2009 au-

1894 2060 2000 2107 tem
2033 2050 2209 2106 tenuit
2237 2050 2417 2121 primo
2446 2051 2499 2105 in
2531 2051 2669 2105 Chio
2700 2090 2715 2114 ,
2766 2066 2915 2113 cum,
2951 2061 3011 2106 ut
3064 2052 3316 2106 nonnulli
3359 2060 3471 2106 trav

1893 2143 2260 2206 dunt,novem
2289 2142 2513 2196 haberet
2533 2142 2811 2197 auditores
2842 2158 2857 2196 :
2882 2156 2948 2199 ex
2972 2158 3083 2212 quo
3105 2158 3229 2198 cum
3263 2143 3476 2198 videret

1897 2244 2241 2288 numeratam
2289 2232 2636 2296 mercedem,
2681 2234 3082 2305 collacrymans
3110 2234 3186 2288 ait
3215 2252 3229 2290 :
3266 2232 3336 2289 Ut
3372 2250 3477 2289 me-

1893 2325 2072 2395 ipsum
2101 2326 2183 2379 his
2214 2325 2416 2396 prwbui
2444 2324 2789 2380 vendendum.
2829 2327 3124 2384 Auditores
3154 2335 3344 2397 postea
3375 2328 3473 2381 ha-

1892 2417 2015 2474 buit
2049 2426 2266 2473 centum
2293 2460 2310 2483 ,
2361 2418 2567 2473 multos
2612 2417 2833 2489 quidem
2870 2418 3044 2484 alios,
3078 2420 3172 2474 sed
3204 2419 3475 2488 imprimis

1897 2506 2246 2564 Timotheum
2274 2507 2517 2566 Cononis
2564 2509 2734 2564 ﬁlium
2760 2550 2775 2574 ,
2833 2524 3073 2579 quocum
3110 2510 3311 2565 multas
3340 2510 3478 2563 adiit

1896 2601 2171 2667 civitates,
2193 2616 2318 2656 cum
2351 2601 2472 2656 illas
2506 2601 2771 2657 scriberet
2797 2601 3063 2671 epistolas
3086 2639 3103 2664 ,
3129 2616 3250 2671 quae
3273 2609 3406 2656 sunt
3442 2617 3476 2655 a

1895 2690 2188 2747 Timotheo
2210 2693 2393 2749 missa:
2407 2692 2476 2748 ad
2490 2693 2884 2749 Athenienses:
2901 2693 3025 2747 inde
3041 2692 3305 2747 talentum
3329 2691 3477 2746 dono

1896 2786 2126 2855 accepit.
2170 2784 2324 2840 Dedit
2363 2799 2423 2839 se
2451 2800 2673 2854 quoque
2718 2784 2793 2838 illi
2832 2785 2898 2839 ad
2944 2784 3275 2839 audiendum
3295 2784 3478 2838 Xeno-

1896 2874 2044 2945 phon
2082 2874 2253 2946 Grylli
2292 2874 2438 2931 ﬁlius
2471 2875 2858 2946 Theopompus
2881 2875 3086 2941 Chius,
3137 2884 3193 2931 et
3220 2877 3476 2945 Ephorus

1896 2964 2176 3034 Cumaeus,
2210 2982 2349 3038 quos
2386 2967 2453 3021 ad
2490 2967 2837 3023 scribendam
2868 2966 3155 3022 historiam
3199 2967 3475 3032 incitavit,

1896 3058 1962 3113 ad
1993 3068 2211 3129 captum
2241 3059 2508 3129 cujusque
2535 3071 2658 3129 apte
2678 3068 3001 3129 argumenta
3026 3060 3269 3114 historia:
3288 3059 3478 3114 distri-

1898 3148 2072 3205 buens
2094 3167 2109 3203 :
2130 3151 2197 3207 ad
2224 3152 2340 3205 haec
2358 3159 2413 3204 et
2445 3150 2816 3220 Asclepiades,
2838 3151 2932 3220 qui
2954 3151 3248 3221 tragoedias
3272 3150 3475 3223 487a

218 3239 269 3294 δὲ
310 3241 483 3296 αὐτοῦ
517 3244 787 3315 ἀκροαταὶ
810 3246 903 3297 καὶ
925 3245 1175 3315 Ξενοφῶν
1196 3251 1225 3299 ὁ
1254 3245 1493 3318 Γρύλλου
1520 3247 1614 3301 καὶ
1663 3246 1794 3301 Θεό-

1901 3242 2146 3312 scripsit,
2180 3252 2235 3297 et
2263 3241 2603 3297 Theodectes
2634 3243 2958 3310 Phaselites,
2979 3244 3074 3314 qui
3096 3244 3261 3299 etiam
3286 3256 3474 3314 postea

217 3350 432 3404 πομπος
474 3338 503 3390 6
542 3337 674 3401 Χῖος
719 3337 815 3390 καλ⁸
854 3337 1092 3407 Ἔφορος
1132 3338 1162 3392 6
1220 3340 1491 3411 Κυμαῖος,
1523 3335 1603 3403 οἷς
1629 3339 1675 3371 ⁸⁵
1697 3342 1792 3393 καὶ

218 3430 322 3491 ταῖς
344 3431 658 3501 ἱστορικαῖς
693 3433 1037 3501 συγγραφαῖς
1050 3432 1433 3503 -κρούτρέψατο
1460 3432 1788 3504 χρήσασθαι,

220 3521 337 3590 πρὸς
383 3522 498 3593 τὴν
544 3522 775 3576 ἑκάστου
797 3523 959 3591 φύσιν
992 3524 1270 3592 ἀναλόγως
1297 3525 1394 3579 καὶ
1448 3524 1548 3589 τὰς
1592 3525 1790 3578 ὑποθέ-

219 3625 317 3673 σεις
342 3612 457 3681 τῆς
498 3612 743 3681 ἱστορίας
788 3614 974 3676 αὐτοῖς
1031 3612 1447 3685 διανειμάμενος
1472 3629 1487 3643 ⁸
1546 3614 1639 3667 ἐπὶ
1679 3613 1794 3667 τού-

216 3714 311 3764 τοις
357 3702 466 3755 καὶ
501 3700 927 3771 Ἀσκληπιάδης,
953 3702 1011 3766 ὃς
1040 3702 1109 3756 τὰ
1153 3703 1577 3775 τραγῳδούμενα
1606 3704 1650 3736 ⁸⁵
1671 3721 1795 3758 συν-

214 3790 513 3859 εγράψατο,
547 3789 845 3861 Θεοδέκτης
873 3792 932 3844 δὲ
965 3790 1010 3823 ⁸⁸
1038 3791 1065 3842 6
1089 3793 1420 3865 Φασηλίτης,
1476 3795 1573 3849 καὶ
1628 3793 1789 3858 αὐτὸς

211 3878 441 3954 ὕστερον
466 3882 777 3953 τραγῳδίας
813 3884 1212 3956 συνταξάμενος
1230 3904 1245 3919 ο
1273 3887 1408 3941 ἀλλά
1431 3888 1525 3941 καὶ
1580 3887 1789 3942 Λαοδά-

212 3990 313 4042 μας
356 3974 390 4028 6
442 3973 726 4045 Ἀθηναῖος
783 3975 880 4028 καὶ
919 3976 1193 4047 Λάκριτος
1238 3979 1267 4032 ὁ
1324 3979 1693 4048 νομοθετήσας
1741 3981 1788 4014 ιτ

1897 3334 2217 3405 Tragoedias
2240 3335 2572 3405 composuit.
2606 3334 2751 3402 Quin
2785 3338 2950 3392 etiam
2978 3335 3280 3393 Leodamas
3308 3338 3474 3392 Athe-

1897 3427 2125 3492 niensis,
2146 3438 2202 3483 et
2219 3427 2492 3491 Lacritus,
2509 3428 2603 3497 qui
2630 3437 2821 3483 auctor
2844 3429 3023 3499 legum
3044 3430 3474 3487 Atheniensibus

1896 3518 2248 3574 ierendarum
2279 3519 2403 3576 fuit.
2434 3520 2645 3576 Ferunt
2667 3530 2846 3574 autem
2877 3522 3125 3576 nonnulli
3157 3535 3215 3579 et
3241 3522 3472 3592 Hyperi-

1897 3613 2020 3666 dem
2045 3619 2101 3667 et
2131 3612 2322 3667 Isaaum
2370 3612 2649 3667 auditores
2694 3611 2867 3668 fuisse
2890 3652 2906 3676 ,
2960 3622 3016 3667 et
3051 3613 3471 3670 Demosthenem

1899 3702 1967 3757 ad
2009 3717 2136 3758 eum
2177 3704 2429 3760 studiose
2462 3704 2805 3768 accessisse,
2857 3704 3175 3775 dixisseque
3222 3722 3283 3760 se
3322 3708 3473 3761 mille

1902 3793 2229 3858 drachmas,
2276 3807 2387 3864 quo
2417 3793 2593 3863 pretio
2624 3793 2714 3848 ille
2739 3794 2974 3850 docebat
2999 3833 3016 3859 ,
3070 3794 3315 3865 prazbere
3360 3812 3471 3851 non

1894 3900 2095 3957 posse,
2138 3885 2395 3941 daturum
2427 3900 2559 3941 vero
2603 3885 2904 3951 ducentas,
2952 3897 3013 3942 ut
3056 3886 3301 3957 quintam
3335 3889 3471 3944 artis

1896 3986 2105 4048 partem
2159 3976 2417 4032 disceret.
2494 3977 2790 4032 Isocratem
2838 3987 3020 4033 autem
3075 3979 3468 4043 respondisse:

220 4065 556 4155 Ἀθηναίοις,
585 4065 662 4129 ὡς
685 4065 743 4119 δέ
784 4084 951 4145 φασιν
992 4069 1166 4132 ἄλλοι,
1215 4072 1310 4124 καὶ
1345 4070 1670 4143 Ὑπερείδης
1695 4073 1789 4126 κα)⁸

1895 4072 2075 4126 Artem
2112 4088 2217 4126 non
2249 4073 2303 4126 in
2336 4072 2512 4141 frusta
2542 4073 2891 4135 disseramus,
2922 4074 3012 4126 sed
3051 4074 3100 4127 si
3136 4075 3335 4129 discere
3366 4090 3467 4128 ro-

219 4155 440 4221 Ἰσαῖος.
492 4156 849 4227 Δημοσθένης
894 4158 951 4211 δὲ
1004 4159 1282 4231 προσῆλθε
1322 4160 1421 4231 μὲν
1446 4160 1597 4233 αύτῷ
1652 4164 1787 4233 μετά

1895 4163 1991 4229 les,
2016 4173 2183 4218 totam
2218 4166 2343 4219 bene
2372 4165 2582 4219 dicendi
2612 4176 2781 4219 artem
2809 4166 2904 4219 tibi
2929 4166 3167 4221 vendam.

208 4248 493 4319 σπουδῆς,
538 4248 634 4299 καὶ
685 4247 866 4317 χιλίας
913 4248 1011 4318 μὲν
1042 4289 1058 4314 ,
1108 4249 1176 4313 ἃς
1257 4253 1681 4323 εἰσεπράττετο,
1730 4256 1827 4308 ούκ
1900 4255 2046 4327 ἔχειν
2088 4256 2195 4326 ἔφη
2225 4254 2273 4288 ⁸⁸
2305 4258 2634 4327 παρασχεῖν,
2682 4257 2964 4319 διακοσίας
3007 4257 3061 4310 δὲ
3121 4258 3205 4327 ἐφ’
3236 4261 3284 4299 δ⁹
3316 4255 3360 4327 ᾧ
3408 4263 3470 4313 τὸ

207 4340 464 4409 πέμπτον
510 4337 677 4408 μέρος
726 4339 990 4410 ἐκμαθεῖν
1057 4340 1290 4395 δώσειν·
1338 4348 1475 4417 πρὸς
1508 4346 1565 4399 δὲ
1612 4345 1786 4401 ταῦτα
1841 4347 1933 4401 τὸν
1990 4348 2309 4420 Ἰσοκράτην
2367 4349 2787 4418 ἀποκρίνασθαι,
2818 4348 2894 4411 ὡς
2946 4350 3028 4403 Οὐ
3086 4351 3470 4421 τεμαχίζομεν

206 4430 319 4498 tin-
347 4427 783 4503 πραγματείαν,
827 4432 967 4486 ἀλλ’
1018 4434 1068 4485 εί
1092 4435 1371 4498 βούλοιο,
1413 4438 1756 4506 ὁλόκληρόν
1791 4454 1892 4493 σοι
1934 4440 2321 4509 ἀποδώσομαι
2358 4441 2406 4472 ⁸ο
2432 4440 2549 4507 τὴν
2576 4439 2819 4509 τέχνην.

286 4530 394 4582 Τὸν
438 4531 540 4600 μὲν
564 4526 659 4584 οὗν
691 4530 824 4602 περὶ
873 4530 974 4598 τῆς
1019 4532 1343 4594 ἀντιδόσεως
1382 4534 1477 4585 καὶ
1522 4534 1618 4587 τὸν
1653 4553 1787 4589 παν-

1967 4536 2155 4608 ltaque
2185 4537 2490 4591 orationem
2522 4536 2598 4589 De
2612 4536 2974 4604 retributione,
2994 4542 3469 4611 panegyricum,et

211 4620 485 4690 ηγυρικδν
505 4621 601 4673 καί
622 4638 775 4684 τινας
800 4620 909 4673 τῶν
926 4621 1409 4690 συμϐουλευτικῶν
1436 4625 1651 4695 εἴρηταί
1692 4645 1785 4698 μοι

1895 4628 2032 4682 alias
2050 4628 2104 4682 in
2120 4628 2376 4683 suasorio
2390 4636 2676 4697 geuere,ut
2691 4628 2951 4695 diximus,
2970 4632 3232 4699 quasdam
3246 4649 3468 4703 compo-

208 4708 359 4773 ὅπως
398 4727 460 4763 τε
512 4712 609 4764 καὶ
668 4711 757 4763 ὅτε
804 4711 1108 4775 συνέταξεν.
1160 4713 1429 4783 Συνέθηκε
1466 4717 1649 4785 μέντοι
1696 4720 1788 4773 τὸν

1895 4720 2428 4790 suitzpanegyricum
2448 4720 2800 4773 aiuntdeceiu
2821 4722 2981 4775 annis
2998 4723 3110 4786 alii,
3128 4724 3472 4795 aliiquinque

209 4802 619 4873 πανηγυρικὸν,
648 4802 697 4854 oi
742 4802 841 4873 μὲν
877 4802 1021 4857 ἔτεσί
1049 4822 1181 4873 φασι
1214 4813 1267 4871 ι’,
1294 4809 1342 4859 οἱ
1372 4807 1429 4860 δὲ
1460 4808 1553 4861 ἐπὶ
1579 4810 1790 4875 τούτοις
1888 4809 2993 4880 θηηίεειοὺοτοεεε,(ιιιιιηῳιοπηαϐοτςίω
3008 4812 3469 4887 Leontini,etLy-

208 4892 377 4963 ἕτερα
399 4899 464 4947 ε’.
484 4894 680 4947 Καίτοι
704 4896 748 4926 ⁸¹
781 4895 1009 4965 Γοργίου
1041 4896 1125 4949 τοῦ
1157 4899 1443 4953 Λεοντίνου
1460 4901 1555 4954 καὶ
1586 4903 1786 4955 Λυσίου

1895 4902 1984 4956 size
1996 4902 2415 4973 enthymematis
2447 4912 2499 4956 et
2523 4904 2940 4972 cpicherematis
2955 4920 3145 4974 parum
3164 4918 3370 4963 mutata
3385 4920 3469 4965 est

211 4984 319 5037 τῶν
354 4985 764 5055 ἐνθυμημάτων
791 4988 886 5040 καὶ
914 4988 1363 5059 ἐπιχειρημάτων
1394 4993 1592 5063 μικροῦ
1623 5011 1792 5063 μετα-

1895 4994 2068 5048 oratio
2086 4996 2411 5064 panegyrica
2442 4992 2723 5049 Isocratis.
2760 4995 2958 5049 Credat
2974 4996 3098 5063 jure
3129 4998 3329 5067 aliquis
3355 5010 3466 5055 tam

215 5074 344 5146 6ολή
385 5076 692 5146 καθέστηκε
722 5077 815 5130 καὶ
845 5078 1133 5148 μετάθεσις
1166 5081 1195 5133 6
1236 5086 1614 5152 πανηγυρικὸς
1658 5084 1786 5137 Ἰσο-

1896 5086 2058 5155 longo
2085 5094 2329 5155 tempore
2354 5089 2663 5143 orationem
2716 5087 2859 5142 hanc
2892 5088 3140 5144 edolasse
3169 5093 3468 5156 Oratorem,

219 5166 451 5235 κράτους
488 5167 663 5235 λόγος.
716 5168 1003 5239 Διατρῖψαι
1044 5168 1088 5221 δ’
1122 5170 1187 5223 ἄν
1216 5188 1300 5235 τις
1327 5174 1538 5245 οἰηθείη
1576 5176 1786 5245 μακρὸν

1895 5179 2026 5232 dum
2066 5178 2297 5234 inhzeret
2325 5179 2746 5250 compositioni,
2781 5188 3017 5249 propter
3046 5190 3301 5237 ornatqu
3336 5200 3470 5241 ora-

221 5256 359 5310 οὓτω
410 5259 601 5329 χρόνον
647 5259 743 5313 τοῦ
798 5261 1177 5331 πανηγυρικοῦ
1212 5265 1641 5337 προσεδρεύοντα
1694 5268 1786 5321 τὸν

1895 5267 2083 5332 tionis,
2114 5278 2167 5323 et
2200 5269 2610 5335 abundantiam,
2634 5279 2686 5324 et
2710 5278 2932 5339 prapter
2969 5270 3215 5327 sedulam
3241 5276 3467 5332 electio-

223 5349 426 5419 ῥήτορα
449 5353 513 5422 τῇ
539 5350 785 5422 συνθήκῃ
808 5352 896 5405 διὰ
922 5352 982 5405 τὸ
1005 5354 1102 5423 τῆς
1123 5353 1325 5419 λέξεως
1343 5359 1787 5429 κατεσκευασμέ-

1898 5375 2023 5414 nem
2062 5360 2116 5413 in
2151 5362 2355 5424 verbis,
2379 5370 2435 5416 et
2459 5370 2705 5415 mutuam
2745 5361 2983 5431 partium
3014 5365 3465 5434 concinnitatem,

223 5456 311 5493 νον
346 5442 439 5494 καὶ
490 5443 768 5514 περιττὸν,
810 5444 905 5497 καῖ⁹
934 5444 1024 5498 διὰ
1071 5446 1170 5517 τὴν
1219 5448 1299 5511 είς
1356 5449 1639 5522 ἀκρίϐειαν
1677 5451 1787 5503 τῶν

1902 5453 2011 5507 imo
2045 5466 2359 5510 accuratam
2395 5456 2695 5511 iucisorum
2722 5471 2787 5509 ac
2813 5456 3185 5517 membrorum
3212 5472 3467 5519 constru-

1492 5563 1578 5617 VA
1588 5563 1728 5618 Rl/E
1783 5566 2186 5625 LECTIONES.

298 5641 659 5772 Ξοξερέιέως]
702 5648 1035 5772 Ἑρεῇθιέωξ⁸
1052 5652 1109 5707 Β.
1182 5653 1226 5686 ’⁵⁸
1251 5654 1385 5739 ΙςίΟυ
1410 5656 1478 5710 Α.
1554 5657 1600 5688 ⁸³
1628 5660 2037 5730 Συρῤακουσίου
2074 5665 2133 5718 Β.
2205 5664 2249 5697 ⁸⁸
2283 5663 2376 5729 οὒς
2418 5664 2621 5721 Coraes
2654 5666 2880 5723 lsocrat.
2903 5669 2939 5723 2
2960 5711 2974 5733 ,
3004 5683 3040 5738 p
3083 5668 3182 5740 νβ’.
3258 5670 3307 5702 ⁵³
3332 5686 3468 5741 τρα·

370 5732 399 5765 υ
511 5739 539 5771 ν
575 5736 798 5772 συνεγο.
870 5759 883 5772 .
1059 5723 1115 5772 δὲ
1150 5740 1210 5772 τε
1248 5724 1469 5772 (.oraps.
1571 5726 1617 5757 ⁸⁷
1647 5731 1941 5772 νηηηηέτπρ
1986 5735 2016 5772 Δ
2092 5736 2294 5772 Cara-nc
2343 5741 2703 5772 ηηιηικρ-επηημ
2743 5739 3029 5772 anan-..“
3124 5742 3171 5771 ιο
3204 5741 3303 5772 κη..
3338 5742 3438 5772 ...ιι

224 5668 467 5779 rage-np
511 5668 659 5720 πως]
720 5668 1035 5772 δρεῇυιεωξ.
1052 5668 1109 5707 υ·
1182 5668 1226 5686 "
1253 5668 1385 5739 ’μου
1410 5668 1478 5710 Α.
1554 5668 1600 5688 ⁵³
1628 5668 2037 5730 Συρῤακουσίου
2074 5668 2133 5718 Β.
2205 5668 2249 5697 ⁸⁵
2283 5668 2376 5729 οὓς
2418 5668 2621 5721 Coraes
2654 5668 2880 5723 lsocrat.
2903 5669 2974 5733 2,
3004 5683 3040 5738 ρ
3083 5668 3182 5740 νβ’.
3258 5670 3307 5702 ⁸³
3332 5686 3465 5741 τρα.

228 5782 296 5833 Α.
368 5732 411 5818 ῗν
438 5668 897 5841 ἐνμῖἕέἓτέὲνέ.
972 5793 1019 5825 ιο
1049 5723 1489 5841 ἔξεοὲἱέέῗὲνθῗ,
1565 5726 1617 5829 ιῖἶ
1641 5731 1945 5841 litigii?
1981 5735 2043 5789 Α*
2092 5736 2295 5790 Cm“
2343 5741 2703 5804 σοφιστεύσας
2743 5739 3049 5810 Ἀθήνησιν·
3124 5742 3171 5771 ⁸⁸
3203 5741 3307 5811 ἔφη
3336 5742 3465 5795 ιλιι-λ·

529 5791 700 5859 μόνας
731 5791 814 5857 ἐφ’
838 5807 897 5854 ς.
972 5793 1019 5825 ⁵⁸
1049 5793 1401 5865 ἀποδώσομεν
1429 5813 1490 5859 ς.
1565 5797 1608 5829 ⁸⁸
1641 5791 1970 5867 καίτοιγε
