4036 6318
655 371 761 440 163
1809 373 2073 437 ΡΗΟΤΙΙ
2109 372 2612 435 ΡΑΤΒΙΑΒΕΗᾸΞ
2646 376 2754 438 CP.
3825 377 3955 443 164

652 486 951 551 ctionem,‘
994 494 1208 542 tantum
1266 488 1530 560 temporis
1586 487 1805 559 exigere
1854 487 2233 543 arbitrabitur.

2361 488 2620 559 ὶνομάτων
2671 489 2923 561 ἐκλογὴν,
2980 500 3075 544 και
3126 490 3190 560 δὴ
3247 491 3476 562 καὶτῆς
3510 492 3647 563 πρὸς
3705 493 3955 565 ἄλληλα.

652 576 890 633 Maxime
920 591 1053 634 vero
1100 596 1285 636 rerum
1342 581 1584 636 inventio
1616 590 1673 636 et
1740 579 2030 650 dispositio
2096 581 2237 636 lianc

2362 576 2541 630 ὀὑτων
2574 577 2871 651 συνθήκης.
2922 580 3082 633 Ἀλλά
3113 582 3210 634 καὶ
3238 583 3270 653 ἡ
3308 582 3415 636 τῶν
3449 581 3642 637 κώλων
3681 586 3789 638 καὶ
3828 601 3956 638 πε·-

651 670 1078 740 occnpationem
1107 672 1362 743 prmbnit.
1412 672 1607 744 Capita
1660 672 1809 727 enim
1860 681 1916 727 et
1955 672 2239 743 epicbere-

2362 665 2527 719 ιιόδων
2564 666 2659 720 ἐπὶ
2714 667 2972 723 τοσοῦτον
3007 670 3266 741 ἀκρίϐεια
3315 671 3472 744 ίκανὴ
3526 673 3956 728 καταναλῶσαι

652 768 821 826 mata,
851 762 1051 829 quibus
1080 764 1257 819 oratio
1293 764 1497 819 directa
1540 763 1840 832 perﬁcitur,
1876 763 1923 818 si
1960 764 2085 834 quis
2109 763 2235 818 dili-

2358 758 2551 828 (ρόνον.
2582 758 2835 811 Μάλιστα
2863 760 2920 813 δὲ
2946 761 3096 831 αυτῷ
3123 763 3155 831 ἡ
3184 762 3294 816 τῶν
3320 761 3667 833 πραγμάτων
3692 764 3952 836 εὕρεσις

652 863 843 922 genter
876 862 927 908 et
969 853 1214 925 singulas
1264 866 1444 925 partes
1492 856 1811 921 attenderit,
1846 856 2089 910 inveniet
2117 871 2236 911 eam

2355 847 2433 901 ιαὶ
2461 848 2731 919 διοίκησις
2772 851 2818 881 ⁸³
2845 850 2945 922 τὴν
2983 853 3254 923 τοσαύτην
3282 853 3542 923 ἀσχολίαν
3588 856 3906 926 ἐνεποίησε
3932 871 3949 885 ⁸

652 945 876 1000 nonnisi
917 946 1079 1016 longo
1113 955 1359 1016 tempore
1390 947 1598 1001 absolvi
1651 948 1915 1017 potuisse.
1958 947 2141 1014 Quare
2178 957 2235 1002 et

2356 940 2410 993 τὰ
2447 941 2556 1011 γὰρ
2580 941 2852 1011 κεφάλαια
2888 944 2981 997 καὶ
3013 945 3080 997 τὰ
3116 944 3543 1017 ἐπιχειρήματα,
3580 944 3662 1011 οἷς
3692 951 3723 1001 ό
3753 948 3950 1017 λόγος

652 1037 858 1091 multas
894 1038 1084 1092 multis
1104 1038 1395 1108 iudiciales
1426 1039 1707 1094 orationes
1732 1042 1985 1109 praebuit,
2014 1050 2238 1109 propter

2362 1033 2796 1105 ιίκονομούμενος
2845 1037 3241 1108 ἀπαρτίζεται,
3274 1041 3328 1093 εί
3367 1051 3450 1103 τις
3492 1042 3781 1113 ἐπιμελῶς
3836 1045 3956 1096 καὶ

650 1137 870 1182 mutuas
902 1129 1044 1183 inter
1066 1145 1126 1183 se
1148 1129 1542 1194 dissensiones,
1578 1145 1703 1185 cum
1740 1130 1835 1184 alii
1857 1129 2237 1185 exercitationi

2363 1127 2468 1183 794
2509 1125 2599 1200 IL]
2626 1129 2751 1183 καθ’
2793 1128 3023 1183 ἕκαστον
3083 1132 3247 1202 μέρος
3282 1134 3657 1204 ἐπισκέψοιτο,
3690 1136 3953 1209 εὑρήσει

650 1230 705 1273 et
732 1236 880 1276 cura;
914 1221 1234 1275 orationum
1267 1222 1694 1285 incumberent,
1730 1222 1823 1277 alii
1858 1223 2043 1293 specie
2076 1232 2238 1278 tenus

2363 1220 2761 1291 τυντελεσθῆναι
2791 1222 2988 1275 πολλοῦ
3011 1223 3243 1294 δεόμενα
3277 1226 3497 1295 χρόνου.
3530 1228 3624 1280 Διὸ
3655 1228 3757 1281 καὶ
3794 1227 3957 1279 πολ-

653 1312 977 1367 recitabant.
1014 1312 1241 1368 Licebat
1268 1323 1451 1369 autem
1472 1314 1661 1370 videre
1696 1315 1835 1370 alios
1858 1316 1924 1370 ad
1947 1315 2239 1385 iudiciales

2362 1312 2450 1374 ,οἶς
2485 1311 2688 1374 πολλὰς
2717 1313 2763 1345 ⁵³
2797 1314 3042 1385 παρέσχε
3069 1314 3176 1367 τῶν
3205 1315 3470 1387 κριτικῶν
3501 1316 3795 1389 διατριϐάς
3827 1317 3956 1387 μὲν

651 1417 852 1458 causas
877 1413 1036 1474 aptos
1062 1418 1209 1471 esse,
1240 1404 1377 1461 alios
1412 1413 1595 1461 autem
1630 1406 1864 1461 dicendo
1891 1407 1979 1461 his
2007 1405 2235 1461 inferio-

2360 1402 2466 1456 taO‘
2492 1404 2743 1468 ἑαυτοὺς,
2784 1404 3085 1475 διαφωνίας
3104 1406 3162 1460 δὲ
3188 1407 3325 1478 πρὸς
3346 1407 3632 1477 ἀλλήλους,
3662 1409 3784 1462 τῶν
3827 1409 3954 1479 μὲν

654 1510 739 1550 res
762 1510 903 1550 esse.
943 1494 1412 1551 Panathenaicum
1447 1512 1592 1552 anno
1618 1506 1745 1553 ante
1776 1497 2008 1562 obitum,
2040 1498 2147 1562 vel,
2174 1506 2237 1553 ut

2352 1493 2803 1566 ὲμϐαθυνομένων
2837 1499 2905 1568 τῇ
2949 1494 3150 1570 μελέτῃ
3173 1500 3267 1552 καὶ
3293 1498 3579 1568 διασκέψει
3600 1501 3697 1553 τοῦ
3728 1499 3946 1568 λόγου,

655 1584 906 1639 nonnulli
945 1585 1155 1654 ferunt,
1191 1596 1391 1657 quarto
1426 1589 1757 1659 conscripsit
1787 1620 1802 1643 δ
1834 1589 1958 1644 illas
1999 1588 2069 1644 ad
2106 1587 2236 1643 Phi-

2356 1585 2450 1639 τῶν
2474 1585 2532 1639 δὲ
2565 1587 2710 1640 κατὰ
2743 1586 2804 1640 τὸ
2831 1588 3151 1643 ἐπιπόλαιον
3185 1588 3284 1661 τὴν
3314 1590 3622 1659 ἀνάγνωσιν
3652 1589 3950 1661 ποιουμέ-

655 1677 859 1748 lippum
884 1680 1046 1750 paulo
1072 1689 1366 1751 antequam
1393 1689 1479 1736 est
1508 1690 1782 1737 mortuus.

2357 1697 2445 1733 ιων
2470 1696 2485 1711 ·
2536 1679 2653 1733 ἐστι
2702 1681 2747 1735 δ’
2774 1684 2950 1736 εἰπεῖν
2993 1685 3090 1737 καὶ
3117 1684 3253 1737 διότι
3275 1688 3391 1750 τοῖς
3422 1686 3520 1756 μὲν
3543 1684 3721 1739 ένέστι
3759 1684 3951 1755 φύσις

656 1771 716 1825 εὖ
761 1771 963 1843 ἔχουσα
991 1773 1129 1844 πρὸς
1156 1773 1259 1838 τὰς
1285 1773 1518 1845 κρίσεις,
1555 1774 1684 1836 τοὺς
1709 1772 1765 1826 δέ
1820 1771 1850 1825 ό
1910 1771 2303 1843 ἐλαττούμενος
2343 1772 2701 1842 ἐπιγινώσκει
2734 1773 2914 1843 λόγος.
2947 1773 3051 1828 Τὸν
3079 1775 3135 1829 δέ
3157 1776 3450 1847 λεγόμενον
3499 1774 3953 1848 Παναθηναϊκὸν

658 1864 762 1935 πρὸ
800 1866 1047 1919 ἐνιαυτοῦ
1099 1865 1202 1937 τῆς
1254 1866 1516 1935 τελευτῆς
1570 1866 1737 1919 αὑτοῦ
1771 1865 2031 1937 ἔγραψεν,
2060 1866 2122 1938 ἢ,
2167 1864 2244 1929 ὥς
2274 1865 2420 1929 τινές
2484 1883 2639 1936 φασι,
2668 1865 2775 1938 πρὸ
2804 1867 3121 1939 τεσσάρων·
3156 1868 3254 1923 καὶ
3318 1868 3448 1933 τοὺς
3480 1868 3620 1940 πρὸς
3649 1868 3951 1922 Φίλιππον

660 1957 718 2012 δέ
757 1959 924 2032 ὀλίγῳ
964 1962 1233 2033 πρότερον
1260 1961 1357 2015 τοῦ
1392 1963 1649 2018 θανάτου.

726 2050 900 2118 Vixit,
925 2064 984 2108 ut
1002 2054 1286 2110 nonnullis
1306 2056 1504 2127 placet,
1526 2072 1700 2112 annos
1723 2063 1942 2113 centum
1962 2075 1976 2112 :
1994 2066 2058 2113 ut
2088 2056 2234 2121 aliis,
2267 2068 2310 2123 Β

2419 2052 2585 2106 Ἐϐίω
2607 2051 2688 2115 δὲ,
2722 2052 2799 2116 ὡς
2829 2052 2930 2123 μέν
2951 2054 3096 2116 τινές
3131 2069 3316 2121 φασιν,
3341 2052 3437 2122 ἔτη
3465 2056 3529 2122 ρ’,
3552 2052 3629 2116 ὡς
3650 2053 3693 2107 δ’
3713 2053 3947 2124 ἕτεροι,

657 2155 780 2201 octo
809 2156 864 2201 et
891 2148 1214 2217 nonaginta.
1248 2147 1500 2204 Mortuus
1532 2159 1716 2204 autem
1747 2157 1832 2205 est
1869 2147 2068 2220 4871)
2092 2164 2231 2203 nun-

2356 2148 2487 2200 iuoiv
2518 2144 2565 2179 ⁸⁸
2592 2144 2820 2199 δεόντων
2854 2145 3034 2215 μόνον.
3082 2144 3432 2216 Ἐτελεύτησε
3461 2145 3518 2199 δὲ
3538 2145 3950 2215 ἀπαγγελθέν-

657 2238 792 2294 tiata
824 2239 902 2293 illi
938 2240 1092 2295 clade
1123 2239 1504 2304 Cliteronensi,
1541 2256 1664 2296 cum
1703 2242 2072 2311 quadriduum
2111 2240 2234 2295 cibo

2356 2248 2434 2300 ξος
2484 2235 2635 2306 αὑτῷ
2672 2234 2764 2288 τοῦ
2796 2235 2926 2306 περὶ
2974 2233 3318 2306 Χαιρώνειαν
3359 2233 3590 2299 πάθους,
3631 2234 3950 2304 ἐξαγαγων

657 2330 1035 2397 abstinuisset,
1060 2331 1234 2399 utqui
1260 2332 1431 2385 nollet
1452 2332 1562 2401 jam
1594 2341 1791 2401 quarto
1823 2331 2088 2387 Graeciam
2117 2346 2236 2386 ser-

2353 2330 2533 2383 ίαυτὸν
2567 2328 2662 2382 τοῦ
2706 2327 2821 2398 βίου
2850 2329 3106 2399 τέτρασιν
3144 2328 3191 2361 ⁸⁵
3226 2327 3467 2400 ἡμέραις
3499 2329 3792 2400 ἀσιτήσας,
3830 2330 3947 2382 ἅτε

667 2423 840 2476 vitute
866 2437 1184 2492 Oppressam
1208 2423 1412 2478 videre.
1473 2423 1620 2478 Satis
1676 2424 1877 2479 uberes
1900 2438 2236 2495 magnasque

2352 2420 2403 2491 5η
2448 2420 2524 2491 μὴ
2553 2421 2853 2485 ὑπομείνας
2879 2419 3007 2473 ἰδεῖν
3033 2419 3295 2492 τετράκις
3335 2419 3383 2452 ⁵⁸
3416 2418 3789 2492 δουλουμένην
3824 2422 3946 2491 τὴν

657 2511 879 2567 divitias
920 2512 1117 2576 tenuit,
1152 2527 1262 2567 non
1308 2512 1487 2568 solum
1517 2513 1664 2583 quod
1721 2528 1750 2567 a
1785 2514 2151 2571 familiaribus
2182 2523 2237 2569 et

2352 2511 2596 2566 Ἐλλάδα.
2648 2511 2939 2583 Εὑπόρησε
2964 2511 3022 2565 δέ
3070 2511 3337 2583 ἀργύριον
3410 2513 3615 2581 ἱκανὸν,
3672 2514 3738 2567 οὑ
3792 2515 3946 2576 τοὺς

662 2603 795 2674 ipsis
826 2604 972 2659 notis
1000 2604 1242 2674 exigeret
1269 2604 1581 2674 pecuniam,
1614 2620 1804 2660 verum
1834 2605 1995 2660 etiam
2023 2606 2167 2676 quod
2205 2621 2237 2662 a

2352 2603 2651 2673 γνωρίμους
2681 2603 3029 2674 εἰσπράττων
3058 2603 3238 2674 μόνον,
3274 2603 3413 2657 ἀλλὰ
3447 2605 3541 2658 καὶ
3568 2605 3721 2681 παρά
3750 2605 3801 2658 Ν
3808 2622 3946 2658 ικο-

662 2695 879 2751 Nicocle
906 2712 1031 2766 rege
1062 2694 1227 2767 Cypri
1253 2735 1269 2761 ,
1327 2696 1423 2767 qui
1476 2698 1591 2768 ipse
1621 2709 1742 2754 erat
1772 2698 2031 2770 Evagom
2068 2699 2234 2763 ﬁlius,

2351 2695 2550 2761 κλέους,
2601 2693 2660 2758 ὃς
2693 2693 2973 2748 ἐϐασίλευε
3004 2694 3112 2747 τῶν
3138 2696 3183 2730 ⁵⁷
3230 2696 3499 2768 Κυπρίων
3526 2697 3841 2767 (Εὐαγόρου
3880 2694 3945 2748 δὲ

663 2789 851 2860 viginti
872 2787 1075 2843 talenta
1099 2804 1196 2859 pro
1221 2790 1425 2860 scripta
1456 2791 1522 2845 ad
1555 2790 1710 2845 illum
1733 2791 1985 2846 oratione
2014 2790 2235 2861 recepit.

2352 2785 2407 2858 ἣν
2436 2780 2593 2850 οὗτος
2646 2787 2760 2851 υίὸς
2783 2787 2830 2819 ⁵⁸
2854 2788 2895 2857 ),
2930 2787 3072 2859 ὑπὲρ
3095 2787 3190 2841 τοῦ
3226 2788 3364 2859 πρὸς
3413 2789 3577 2842 αὑτὸν
3608 2790 3946 2861 γραφέντος

664 2879 795 2946 Quae
824 2894 914 2935 res
940 2894 1066 2934 cum
1107 2879 1187 2933 illi
1220 2895 1473 2951 magnam
1506 2880 1768 2937 conﬁaret
1799 2881 2058 2936 invidiam
2082 2922 2098 2948 ,
2157 2889 2241 2936 ter

2351 2877 2814 2950 συμϐουλευτικοῦ
2848 2878 3011 2947 λόγου
3034 2879 3277 2933 τάλαντα
3302 2878 3484 2932 λαϐὼν
3524 2880 3755 2936 είκοσιν.
3804 2879 3945 2946 Ἐφ’

663 2974 729 3026 ad
765 2971 1181 3026 trierarchicum
1220 2986 1423 3026 munus
1451 2972 1789 3044 designatus.
1815 2974 2128 3043 bisquidem
2145 2972 2239 3027 lilii

2352 2962 2423 3031 »ῖς
2465 2966 2661 3037 φθόνον
2710 2967 3018 3037 ἐφελκύσας
3063 2972 3426 3040 τριηραρχεῖν
3464 2970 3802 3042 προεϐλήθη,
3839 2972 3946 3024 καὶ

662 3078 851 3134 opera,
907 3063 1301 3118 imbecillitatis
1352 3065 1710 3121 excusatione
1752 3065 2076 3135 deprecatus
2112 3075 2237 3120 est:

2352 3060 2422 3124 5ὶς
2456 3059 2557 3131 μὲν
2594 3060 2878 3115 ἀσθένειαν
2918 3062 3271 3133 σκηψάμενος
3304 3063 3394 3116 διὰ
3429 3062 3525 3116 τοῦ
3556 3062 3745 3127 παιδὸς
3776 3080 3946 3135 πῖαρ⁶

662 3155 823 3212 tertio
888 3169 1019 3210 vero
1083 3170 1208 3211 cum
1278 3156 1617 3227 suscepisset
1721 3156 2063 3227 consumpsit
2128 3170 2241 3211 non

2342 3153 2619 3225 ῃτήσατο,
2655 3152 2716 3206 τὸ
2765 3151 2824 3206 δὲ
2852 3152 3037 3223 τρίτον
3091 3155 3329 3218 ἀναστὰς
3378 3155 3424 3187 ⁸⁸
3468 3154 3749 3225 ἀνήλωσεν
3813 3156 3936 3208 οὑκ

660 3260 855 3317 pauca.

2340 3244 2516 3311 ὀλίγα.

735 3339 799 3393 Et
829 3353 953 3393 cum
977 3338 1433 3409 interrogaretur,
1453 3353 1549 3394 cur
1568 3338 1705 3410 ipse,
1727 3337 1818 3409 qui
1840 3338 2061 3395 doceret
2078 3338 2237 3404 alios,

2413 3328 2584 3399 Οὗτος
2608 3350 2747 3406 προς
2778 3336 2870 3388 τὸν
2894 3335 3299 3407 πυνθανόμενον
3324 3337 3370 3370 ⁸⁰
3397 3337 3485 3391 διὰ
3505 3334 3559 3390 τί
3592 3336 3666 3408 μὴ
3693 3336 3947 3398 δυνατὸς

662 3430 768 3485 sibi
797 3429 1047 3485 docendo
1069 3444 1177 3484 non
1216 3440 1364 3485 esset
1392 3431 1526 3487 satis
1545 3471 1565 3499 ,
1602 3430 1886 3501 respondit
1924 3430 2002 3499 (9)
2033 3431 2243 3485 coticu-

2350 3425 2422 3480 ὢν
2471 3425 2809 3497 δημηγορεῖν
2844 3425 3037 3488 ἄλλους
3069 3429 3213 3478 ποιεῖ
3261 3426 3631 3499 δημηγόρους,
3676 3427 3761 3479 ὅτι
3839 3426 3944 3479 καὶ

664 3522 747 3576 las
767 3523 991 3593 quidem
1034 3522 1181 3593 ipsas
1212 3537 1399 3578 secare
1428 3538 1537 3577 non
1565 3538 1744 3593 posse,
1764 3536 1858 3578 eas
1880 3530 2060 3578 tamen
2094 3522 2239 3578 ferro

2349 3517 2405 3570 αἱ
2439 3516 2654 3582 ἀκόναι,
2690 3517 2817 3587 ἔφη,
2856 3516 3021 3570 αὑταὶ
3072 3516 3116 3550 ⁸⁸
3172 3518 3268 3587 μέν
3294 3517 3513 3587 τέμνειν
3540 3516 3601 3569 οὑ
3641 3515 3943 3577 δύνανται,

665 3612 891 3667 secandi
921 3612 1029 3667 vim
1061 3628 1127 3667 ac
1148 3612 1460 3668 facultatem
1490 3613 1643 3669 dare.
1676 3613 1811 3669 Cum
1838 3622 1996 3681 pater
2016 3614 2237 3683 quidam

2353 3611 2437 3663 τὸν
2492 3611 2550 3664 δέ
2603 3610 2824 3680 σίδηρον
2868 3609 3136 3679 τμητικὸν
3193 3610 3431 3664 ποιοῦσι.
3491 3608 3653 3681 [1457
3682 3606 3781 3679 BC]
3823 3609 3947 3663 Καὶ

664 3705 874 3758 diceret
915 3719 973 3758 se
1009 3702 1189 3758 solum
1218 3718 1439 3758 servum
1489 3719 1613 3761 cum
1645 3704 1756 3759 lilio
1797 3706 2015 3761 misisse
2046 3723 2060 3759 :
2097 3704 2239 3776 Ergo

2354 3702 2482 3773 πρὸς
2512 3701 2603 3756 τὸν
2635 3703 2855 3755 εἰπόντα
2878 3701 2936 3754 δὲ
2961 3703 3176 3772 πατέρα
3209 3702 3286 3765 ὡς
3322 3702 3474 3755 οὐδὲν
3505 3701 3633 3755 ἄλλο
3658 3700 3691 3771 ἦ
3723 3702 3948 3771 ἁνδρά·

661 3794 901 3857 discede,
959 3794 1137 3865 inquit
1173 3812 1188 3851 :
1231 3812 1355 3849 nam
1394 3811 1490 3864 pro
1535 3812 1640 3850 uno
1684 3796 1816 3851 duo:
1859 3797 2138 3850 habiturus
2184 3813 2238 3851 es

2352 3794 2504 3847 ποδον
2530 3791 2841 3863 συνέπεμψε
2867 3791 2946 3862 τῷ
2966 3792 3151 3862 οἰκείῳ
3176 3791 3349 3856 παιδὶ,
3386 3790 3705 3861 Τοιγαροῦν
3730 3790 3946 3856 ἄπιθι,

665 3901 865 3938 seruos.
896 3885 1139 3940 Socratis
1159 3894 1394 3939 mortem
1425 3886 1783 3942 immoderate
1801 3884 1942 3941 ferre
1967 3886 2116 3942 visus
2133 3895 2236 3951 est,

2352 3885 2455 3954 ἔφη
2475 3898 2491 3913 θ
2527 3882 2638 3937 δύο
2659 3888 2768 3953 γὰρ
2794 3884 2925 3939 ἀνθ’
2947 3883 3087 3948 ἐνὸς
3112 3882 3271 3948 ἔξεις
3293 3882 3659 3950 ἀνδράποδα.
3702 3882 3853 3935 Ἐπὶ
3887 3883 3946 3934 δὲ

665 3986 724 4031 ut
783 3984 992 4030 atratus
1028 3976 1145 4046 ipse
1179 3976 1429 4045 sequenti
1459 3976 1547 4031 die
1573 3976 1630 4031 in
1664 3977 1940 4047 publicum
1975 3978 2235 4047 prodiret.

2343 3978 2423 4047 τῷ
2457 3976 2788 4046 Σωκράτους
2827 3976 3041 4048 θανάτῳ
3078 3975 3201 4029 λίαν
3230 3974 3495 4045 ἐλυπήθη,
3546 3975 3638 4028 καὶ
3673 3973 3922 4044 μελανει

664 4065 757 4123 Bis
802 4076 913 4122 tota
964 4067 1073 4121 vita
1128 4067 1182 4121 in
1229 4075 1509 4122 certamen
1558 4077 1643 4122 est
1679 4079 1905 4122 vocatus
1944 4086 1956 4122 :
1998 4067 2237 4137 primum

2351 4069 2528 4140 μονῶν
2554 4068 2797 4139 προῆλθε
2849 4071 2916 4140 τῇ
2949 4069 3231 4141 ὑστεραίᾳ.
3284 4070 3387 4121 Δύο
3412 4067 3469 4121 δὲ
3512 4069 3569 4120 ἐν
3608 4066 3828 4123 ἆπαντι
3866 4069 3945 4136 τῷ

664 4161 885 4232 quidem
913 4200 929 4225 ,
982 4176 1107 4215 cum
1155 4160 1222 4216 ad
1263 4160 1680 4215 retributionem
1716 4160 1865 4214 illum
1915 4160 2238 4231 Megaclides

2353 4159 2447 4229 βίῳ
2472 4160 2805 4228 συνέστησαν
2826 4158 2979 4230 αὑτῷ
3001 4159 3509 4229 ἀγῶνες,πρότερος
3540 4158 3638 4228 μὲν
3667 4158 3747 4220 είς
3777 4158 3947 4212 ἀντί-

666 4254 1033 4319 convocavit,
1092 4253 1178 4307 cui
1221 4252 1570 4322 respondenti
1637 4250 1952 4306 facultatem
2011 4254 2238 4307 morbus

2352 4251 2491 4303 δοσιν
2525 4250 3008 4320 προκαλεσαμένου
3055 4250 3214 4303 αὐτὸν
3250 4248 3637 4317 Μεγακλείδου,
3693 4247 3855 4315 πρὸς
3885 4250 3946 4302 ὃν

666 4346 950 4416 praecidit,
1001 4346 1097 4399 sed
1144 4345 1314 4400 misso
1344 4343 1459 4399 ﬁlio
1483 4345 1733 4415 Aphareo
1759 4344 2011 4414 superior
2054 4343 2238 4399 fuitin

2350 4343 2451 4397 οὑκ
2480 4343 2764 4413 ἀπήντησε
2783 4342 2871 4395 διὰ
2896 4345 3176 4410 νόσον,τδν
3206 4345 3262 4399 δὲ
3282 4344 3434 4396 θετὸν
3465 4344 3582 4396 υίδν
3606 4343 3722 4396 ἀνθ’
3748 4340 3943 4398 αὑτοῦ

677 4448 849 4488 causa
886 4451 900 4487 :
930 4433 1169 4489 secundo
1203 4450 1354 4494 vero.
1383 4448 1507 4488 cum
1539 4434 1604 4488 ad
1629 4434 2043 4489 retributionem
2080 4435 2239 4490 trire-

2351 4435 2793 4507 προϐαλλόμενος
2851 4436 2897 4469 ⁵³
2968 4436 3211 4507 Ἀφαρέα
3269 4436 3522 4507 ἐνίκησεο
3578 4434 3853 4506 δεύτερος
3886 4436 3945 4489 δὲ

667 4527 839 4581 mium
886 4542 1050 4582 causa
1084 4536 1340 4595 suscepta
1371 4536 1455 4581 est
1484 4542 1514 4581 a
1549 4525 1876 4597 Lysimacho
1907 4538 2132 4585 vocatus
2162 4546 2179 4584 :
2206 4543 2239 4584 a

2355 4526 2676 4595 Λυσιμάχου
2709 4524 3188 4595 προκαλεσαμένου
3213 4524 3378 4578 αὑτὸν
3405 4524 3531 4596 περὶ
3558 4524 3945 4594 τριηραρχίας

664 4632 776 4689 quo
803 4633 928 4674 cum
958 4618 1135 4673 victus
1160 4627 1345 4683 esset,
1391 4617 1729 4673 trierarchis:
1747 4633 1887 4673 onus
1907 4619 2095 4673 subiit.

2387 4617 2435 4679 ίς
2490 4615 2783 4679 ἀντίδοσιν,
2824 4616 2882 4668 ἐν
2926 4609 2971 4685 ᾧ
3008 4617 3105 4669 καὶ
3138 4616 3393 4687 ἡττηθεὶς
3421 4615 3519 4686 τὴν
3556 4615 3947 4685 τριηραρχίαν

2348 4708 2578 4763 ὑπέστη.

735 4791 1062 4859 Puritatem,
1100 4791 1574 4861 perspicuitatem,
1622 4800 1678 4847 et
1697 4807 1888 4848 curam
1927 4794 2240 4851 orationum
2276 4770 2320 4828 D

2354 4728 2517 4763 υπεστ
2565 4749 2578 4763 .

2422 4728 2557 4858 Τῶῗ
2576 4806 2633 4859 δὲ
2680 4805 2853 4875 λόγων
2900 4803 3065 4859 αὑτοῦ
3092 4804 3154 4857 τὸ
3203 4803 3448 4872 εὑκρινές
3486 4800 3581 4854 καὶ
3614 4798 3803 4868 σαφὲς
3847 4799 3948 4853 καὶ

671 4882 794 4953 ejus
822 4898 1015 4937 omnes
1040 4891 1266 4944 norunt,
1308 4891 1363 4936 et
1392 4882 1518 4938 illas
1552 4897 1661 4937 non
1706 4894 2044 4940 venustatem
2079 4886 2243 4942 modo

2356 4896 2795 4967 μεμελετημένον
2845 4898 2981 4951 πᾶσι
3020 4897 3201 4967 δῆλον,
3245 4899 3339 4949 καὶ
3364 4895 3438 4959 ὡς
3484 4893 3711 4946 ἐπανθεῖ
3736 4893 3947 4953 αὑτοῖς

674 4977 942 5040 innatam,
970 4974 1064 5029 sed
1095 4989 1216 5042 qua:
1243 4972 1408 5028 etiam
1436 4974 1491 5028 in
1530 4975 1718 5030 incisis
1743 4984 2007 5043 versetur,
2039 4980 2242 5035 conde-

2350 4987 2409 5037 οὑ
2448 4987 2609 5056 μόνον
2635 4988 2902 5059 ἔμφυτον,
2933 4989 3069 5044 ἀλλὰ
3099 4991 3193 5043 καὶ
3228 4986 3573 5059 κομμωτικὸν
3598 4983 3829 5047 κάλλος.
3866 4985 3944 5036 Οὑ

673 5064 1220 5133 corare.Quanquam
1248 5063 1441 5133 ﬁguris
1466 5079 1572 5119 non
1595 5064 1917 5131 abundaret,
1949 5083 2049 5123 nec
2074 5071 2238 5125 etiam

2358 5075 2546 5145 μέντοι
2590 5093 2656 5147 γε
2695 5079 3063 5152 πολυσχήμων
3104 5083 3133 5134 ό
3170 5080 3329 5150 ἀνὴρ,
3385 5078 3505 5132 οὑδὲ
3548 5078 3667 5138 ταῖς
3696 5076 3858 5129 κατὰ
3885 5076 3947 5127 τὸ

1910 5180 2147 5237 νΑιιιλΕ
2219 5184 2626 5246 LECTIONES.

736 5273 784 5358 ’ξ
805 5273 964 5355 διοίκ.
994 5274 1088 5358 καὶ
1130 5275 1322 5358 τήνλς.
1365 5273 1414 5358 ’ξ
1446 5273 1893 5358 πολλάςαπελλοῖς
1911 5293 1996 5358 ςτ.
2046 5278 2092 5311 ⁸⁸
2127 5279 2268 5358 δυεζν
2299 5284 2355 5358 Β.
2405 5286 2451 5317 ⁸⁸
2485 5286 2774 5358 τέσσαρσιν
2808 5286 2867 5343 Β.
2942 5288 2989 5321 ⁸⁸
3013 5288 3291 5358 τετράκις]
3324 5284 3646 5358 γεγηρακὼς
3666 5280 3945 5358 Wytten-

667 5344 914 5399 bacliius.
947 5415 985 5427 ﬂ
1008 5340 1199 5427 ’τ’τῶν
1222 5346 1301 5399 A:
1342 5345 1441 5427 τῂν
1480 5361 1543 5427 (εἴ
1616 5346 1660 5378 ⁵⁸
1687 5340 1842 5427 οὗτος
1926 5347 2039 5410 υίὸς
2068 5367 2131 5413 ς.
2228 5354 2272 5383 ⁵⁹
2303 5355 2563 5427 ἀναστὰς]
2594 5340 2830 5422 ὑποστάς
2855 5340 3347 5418 ἽΟοι-ειοεξΓε-ίξξόί
3402 5340 3947 5425 "ratam—avehens-

664 5430 754 5469 νον
789 5431 850 5479 ς.
947 5415 986 5445 ⁸⁸
1018 5408 1175 5469 αὗται
1204 5431 1264 5479 ς.
1341 5408 1603 5471 ⁸³⁷1ηειίίιη
1646 5408 2067 5488 προϐαλόμενος.

2150 5538 2383 5597 NOTAE.

738 5654 818 5728 (9)
849 5655 1108 5715 Horatius
1137 5656 1403 5727 expressit
1431 5656 1484 5712 in
1518 5654 1647 5711 Arte
1668 5666 1815 5728 poet.

2158 5727 2373 5800 Fungar
2397 5731 2500 5784 vice
2530 5731 2680 5793 cotis,
2715 5740 2927 5783 acutum

1552 5796 1783 5853 Reddere
1818 5814 1934 5868 qum
1962 5800 2159 5868 ferrum
2193 5796 2350 5868 valet,
2383 5817 2562 5855 exsors
2604 5802 2717 5869 ipsa
2748 5802 2978 5855 secandi.
