4152 6420
203 377 307 442 165

1264 378 1791 444 BIBLIOTHECA.
1817 408 1886 420 ·-
1906 383 2074 452 COD.
2104 385 2346 449 CCLXI.

3371 393 3475 459 166

201 492 397 563 σχῆμα
430 494 670 563 τροπαῖς
718 494 1163 567 ποικιλλόμενος⁶
1217 495 1298 549 διὸ
1348 495 1445 552 καὶ
1487 497 1555 551 δι’
1587 496 1799 551 ἔνδειαν

1911 498 2161 555 varietate
2196 514 2386 556 earum
2410 509 2657 559 ornetur.
2691 503 2926 576 Ideoque
2954 516 3177 580 propter
3200 522 3382 564 raram
3410 510 3475 564 li-

201 584 301 653 τῆς
343 585 406 635 ἓν
446 585 671 649 τούτοις
719 587 1029 659 μεταϐολῆς
1057 587 1167 642 οὐδ’
1197 588 1509 656 ἐναγώνιος.
1557 590 1803 659 Ἰσοκρα-

198 675 327 744 τικὴ
360 674 424 728 δὲ
455 677 560 729 καὶ
588 678 704 732 τῶν
736 678 797 732 ὲν
820 680 934 742 τοῖς
983 678 1164 747 λόγοις
1194 679 1549 735 ὑποστάσεων
1591 682 1626 752 ἠ
1675 698 1802 735 συν-

200 766 380 838 ἐχεια.
416 768 585 839 Τάχα
623 769 669 822 δ’
704 769 771 823 ἄν
795 788 880 835 τις
912 770 1077 824 αὐτὸν
1123 772 1431 826 αἰτιάσαιτο
1478 772 1708 841 κλοπῆς,
1744 772 1804 841 te

204 856 278 915 ὧν
306 863 367 913 ὲν
394 860 479 930 τῷ
506 864 883 934 πανηγυρικῷ
911 861 1055 934 λόγῳ
1102 863 1268 917 αὐτοῦ
1318 862 1491 917 πολλὰ
1516 862 1625 917 τῶν
1662 864 1804 919 κατά

204 952 328 1016 τοὺς
355 953 712 1023 ἐπιταφίους
755 953 949 1023 λόγους
982 954 1293 1027 εἰρημένων
1353 956 1584 1027 ’Δρχίνῳ
1614 973 1676 1009 τε
1707 956 1805 1009 καὶ

205 1044 518 1116 Θουκυδίδῃ
546 1047 651 1100 καὶ
680 1046 861 1118 Λυσίᾳ
887 1047 1213 1103 ὑπεϐάλιτο.
1250 1046 1393 1101 Ἀλλ’
1421 1048 1577 1102 οὐδὲν
1604 1047 1803 1100 κωλύει

205 1135 629 1206 παραπλησίων
652 1138 1080 1193 ἁνακυπτόντων
1092 1139 1433 1210 πραγμάτων
1448 1143 1570 1204 ταῖς
1590 1140 1803 1211 ὁμοίαις

204 1227 572 1298 ἐξεργασίαις
595 1229 909 1301 κεχρῆσθαι
939 1231 984 1262 ⁸³
1015 1230 1113 1285 καὶ
1140 1234 1254 1295 τοῖς
1278 1231 1675 1303 ἐνθυμήμασιν,
1706 1232 1806 1303 οὐχ

206 1318 671 1390 ὑποϐαλλόμενον
703 1321 772 1375 τά
805 1321 1085 1393 ἀλλότρια,
1122 1322 1261 1376 ἀλλὰ
1277 1322 1381 1392 τῆς
1405 1323 1515 1377 τῶν
1541 1324 1804 1395 πραγμά-

206 1429 310 1466 των
340 1413 886 1484 ἀναϐλαστανούσης
927 1415 1145 1483 φύσεως
1177 1415 1406 1471 τοιαῦτα
1434 1412 1524 1470 οἷα
1550 1414 1679 1490 [795
1709 1414 1802 1488 H.]

212 1504 302 1559 καὶ
326 1506 443 1567 τοῖς
487 1504 847 1574 προλαϐοῦσι
882 1504 1302 1577 προϐαλλομένη
1325 1505 1717 1562 ἐπιδείκνυται.

291 1594 511 1664 Ἐτάφη
546 1595 611 1649 δὲ
659 1595 996 1667 τελευτήσας
1025 1595 1298 1667 λαμπρῶς
1342 1595 1462 1667 ἅμα
1495 1600 1668 1670 πατρὶ
1712 1598 1806 1651 καὶ

218 1686 375 1755 μητρὶ
398 1688 507 1740 καὶ
531 1688 746 1758 ἀδελφῇ
772 1688 863 1740 καὶ
888 1690 955 1758 τῇ
981 1686 1117 1758 άλλῃ
1139 1686 1455 1759 συγγενείᾳ.
1494 1688 1805 1743 Ἀνάκειται

214 1776 267 1828 δὲ
295 1776 463 1830 αὐτοῦ
500 1778 606 1831 καὶ
645 1780 705 1833 ὲν
755 1778 1021 1834 Ἐλευσῖνι
1050 1779 1096 1811 ⁸⁸
1137 1779 1301 1833 εἰκὼν
1336 1780 1534 1853 χαλκῆ,
1572 1781 1805 1853 ὲπιγρα-

219 1867 315 1939 ςὴν
346 1869 562 1939 ἔχουσα
586 1884 605 1901 ⁶

224 1959 501 2029 Τιμόθεος
536 1962 754 2030 φιλίας
769 1980 836 2017 τε
862 1962 1040 2032 χάριν
1063 1963 1322 2018 σύνεσίν
1348 1964 1393 1995 ⁵⁸
1417 1980 1480 2018 τε
1507 1963 1807 2035 προτιμῶν

188 2062 189 2073 ‘
293 2054 697 2123 Ἰσοκράτους
719 2055 862 2110 είκῶ
894 2057 1061 2124 τήνδ’
1090 2057 1346 2125 ἀνέθηκε
1369 2056 1483 2123 θεῷ
1511 2058 1578 2112 ⁸⁵.
1648 2044 1651 2047 ’

189 2152 197 2175 ί
284 2142 677 2212 Κλεοχάρους
709 2145 753 2176 ⁸⁷
783 2144 983 2215 ἔργον.

295 2235 407 2288 Καὶ
460 2238 665 2307 ἑτέραν
703 2237 761 2291 δὲ
807 2237 993 2291 εἰκόνα
1029 2236 1256 2307 ἔστησεν
1307 2238 1474 2293 αὐτοῦ
1534 2238 1673 2310 πρὸς
1727 2238 1805 2310 τῷ

252 2322 521 2395 Ὀλυμπίῳ
552 2327 599 2357 ⁸⁸
640 2327 735 2379 ἐπὶ
767 2327 947 2390 κίονος
980 2327 1190 2398 χαλκῆν
1218 2329 1247 2382 6
1281 2327 1433 2393 θετὸς
1470 2330 1602 2392 παῖς
1638 2329 1806 2399 ’Λφα-

253 2415 375 2486 psit;
406 2416 474 2479 ⁸³,
508 2418 609 2480 υἱὸς
636 2416 884 2486 γεγονὼς
940 2418 1226 2489 Λαγίσκης
1281 2418 1508 2489 ἑταίρας
1536 2418 1701 2487 τινὸς,
1737 2420 1806 2492 ἢν

246 2509 467 2595 ξχουσαν
501 2512 642 2581 τρεῖς
675 2511 874 2576 παῖδας
920 2511 1147 2583 ὕστερον
1186 2512 1498 2583 Ἰσοκράτης
1540 2514 1801 2595 ἠγάγετο,

240 2594 309 2653 ὧν
336 2597 417 2664 εἷς
447 2596 514 2671 ῆν
541 2605 640 2655 καὶ⁵
665 2605 695 2657 6
742 2604 1017 2675 ’Λφαρεὺς
1055 2607 1083 2657 6
1114 2602 1215 2676 τὴν
1244 2603 1432 2659 εἰκόνα
1464 2594 1807 2679 στησάμενος

230 2694 319 2744 καὶ
341 2694 679 2765 ἐπιγράψας

235 2786 617 2855 Ἰσοκράτους
655 2789 949 2858 Ἀφαρεὺς
1002 2787 1225 2855 πατρὸς
1270 2789 1476 2843 εἰκόνα
1511 2788 1676 2859 τήνδ’
1697 2791 1805 2845 ἀν-

1628 2880 1806 2937 έθηκε

1628 2880 1693 2937 έθ
1737 2898 1804 2936 κε

287 2972 439 3041 Ζηνί
465 3014 482 3040 ,
522 2972 699 3039 θεούς
728 2973 772 3004 ⁷⁰
810 2988 877 3027 τε
930 2973 1126 3029 σέϐων
1174 2973 1273 3029 καί
1338 2880 1804 3044 γονέωνιῂἓετῗῆν.

936 3063 1102 3118 ΣΞΑ’.

744 3155 1087 3212 Ἀνδοκίδου
1109 3158 1301 3230 λόγοι.

304 3250 769 3321 ’Λνεγνὼσθησαν
846 3253 1152 3307 Ἀνδοκίδου
1188 3254 1338 3324 λόγοι
1404 3253 1467 3319 δ’,
1521 3252 1616 3317 οὓς
1671 3251 1810 3316 τέως

211 3343 463 3412 εἴδομεν,
496 3345 525 3395 6
557 3342 686 3413 mp".
720 3342 829 3395 τῶν
862 3343 1199 3416 μυστηρίων,
1234 3345 1263 3397 6
1309 3344 1559 3417 περὶτῆς
1615 3344 1808 3397 ἑαυτοῦ

215 3433 487 3498 καθόδου,
523 3434 552 3484 6
586 3433 715 3503 περὶ
744 3437 843 3504 τῆς
895 3436 1037 3505 πρὸς
1067 3436 1531 3507 Λακεδαιμονίους
1563 3436 1809 3511 εἰρήνης,

214 3528 313 3579 καὶ
353 3526 626 3596 τέταρτος
667 3526 695 3578 6
726 3525 872 3609 κατὰ
908 3526 1273 3582 Ἀλκιϐιάδου.
1308 3530 1465 3581 Ἔστι
1513 3528 1568 3580 δὲ
1604 3531 1662 3581 ἐν
1689 3527 1813 3581 τού-

214 3636 334 3680 τοις
361 3619 394 3670 6
430 3618 576 3688 ἀνὴρ
601 3616 810 3678 ἁπλοῦς
844 3634 902 3670 τε
928 3619 1020 3670 καὶ
1051 3619 1454 3683 ἀκατάσκευος,
1486 3619 1743 3689 ἀφελείας
1765 3620 1809 3649 ’ί

218 3728 285 3763 τε
315 3710 478 3779 φίλος
508 3710 606 3762 καὶ
630 3708 706 3779 τῷ
724 3711 1125 3782 ἀσχηματίστῳ
1149 3711 1647 3781 σχηματιζόμενος.
1680 3712 1813 3764 Συν-

212 3800 481 3870 ακμάσαι
542 3798 598 3851 δὲ
654 3800 937 3869 Σωκράτει
988 3798 1065 3871 τῷ
1112 3800 1389 3871 φιλοσόφῳ
1442 3799 1682 3869 λέγεται,
1719 3800 1813 3853 καὶ

214 3895 404 3964 ἀρχὴν
441 3893 595 3963 αὑτῷ
616 3892 717 3962 τῆς
742 3892 1011 3961 γενέσεως
1037 3894 1293 3962 γενέσθαι
1323 3893 1374 3967 η’
1410 3896 1504 3949 καὶ
1529 3902 1570 3948 o’
1610 3894 1812 3965 Ὀλυμ-

216 3985 415 4038 πιάδα.
476 3986 614 4047 Παῖς
644 3986 699 4039 δὲ
730 3985 1065 4056 ἐχρημάτιζε
1104 3987 1415 4055 Λεωγόρου,
1466 3986 1525 4052 ἐξ
1556 3982 1615 4040 εὖ
1657 4004 1814 4055 γεγοω

220 4076 403 4131 νότων
431 4078 814 4147 καταγόμενος
837 4092 851 4106 ·
890 4078 1201 4143 Ἑλλάνικος
1226 4080 1272 4110 ’⁸
1306 4078 1364 4131 δέ
1398 4096 1530 4150 φησι
1564 4079 1658 4131 καὶ⁵
1689 4079 1814 4140 τοὺς

226 4169 431 4240 πόρρω
473 4168 577 4237 τῆς
626 4169 893 4236 γενέσεως
944 4170 1164 4239 ὀχετοὺς
1217 4170 1374 4241 ἥκειν
1422 4170 1503 4231 είς
1557 4168 1720 4221 αὐτὸν
1757 4168 1816 4232 ἐξ

231 4260 474 4332 Ἑρμοῦ.
529 4261 718 4314 Δίτίαν
768 4261 825 4314 δὲ
854 4260 1039 4314 λαϐὼν
1085 4262 1179 4314 τοῦ
1230 4261 1448 4315 ἀσεϐεῖν
1494 4262 1587 4315 ἐπὶ
1613 4266 1680 4333 τῇ
1708 4262 1815 4314 τῶν

242 4354 476 4423 Ἑρμῶν
508 4356 785 4423 περικοπῇ
825 4355 921 4405 καὶ
946 4354 1013 4424 τῇ
1053 4351 1164 4405 τῶν
1215 4353 1533 4425 μυστηρίων
1576 4352 1676 4422 τῆς
1706 4353 1814 4421 Δή-

228 4462 451 4517 μητρος
511 4442 689 4515 ὕϐρει,
720 4444 970 4512 ἀπέφυγε
1019 4442 1230 4514 κριθεὶς
1285 4444 1379 4496 ἐπὶ
1425 4442 1504 4516 τῷ
1554 4441 1816 4513 μηνύσειν

1832 3199 1879 3262 C

1904 602 2167 659 gurarum
2199 591 2556 647 mutationem
2590 593 2644 648 in
2671 595 2955 663 oratione,
2978 610 3087 652 non
3120 608 3205 653 est
3247 608 3477 653 conten-

1902 680 2041 735 tioni
2071 688 2255 751 aptus.
2287 681 2641 741 Continuatio
2674 701 2807 743 vero
2840 688 2894 743 in
2934 688 3282 743 orationibus
3311 704 3477 758 argu-

1902 782 2215 829 mentorum
2263 778 2486 847 propria
2540 778 2706 835 illius.
2760 779 2926 836 Forte
2972 797 3102 836 vero
3152 781 3278 851 quis
3322 780 3478 835 illum

1901 861 2037 918 furti
2061 863 2378 935 redarguat,
2405 868 2550 937 quod
2582 869 2755 924 multa
2786 870 2841 924 in
2870 874 3124 927 oratione
3151 872 3479 943 panegyrica

1901 969 1970 1010 ex
2003 957 2295 1027 epitaphiis
2344 961 2694 1016 sermonibus
2724 961 2976 1030 Arcnini,
3024 964 3383 1035 Thucydidis,
3425 973 3481 1019 et

1901 1042 2082 1116 Lysia:
2111 1046 2183 1103 sit
2212 1057 2496 1105 mutuatus
2528 1069 2542 1106 :
2577 1067 2768 1106 verum
2808 1054 2949 1108 nihil
2982 1055 3239 1124 prohibet
3283 1056 3477 1109 iisdem

1902 1137 1981 1191 uti
2010 1140 2378 1209 argumentis,
2410 1155 2539 1195 cum
2567 1143 2773 1197 eadem
2797 1159 2887 1199 res
2922 1143 3189 1208 incidant,
3223 1160 3323 1200 nec
3347 1160 3481 1213 sup-

1902 1237 2110 1292 ponere
2147 1225 2350 1290 aliena,
2385 1242 2509 1281 cum
2540 1242 2628 1282 res
2652 1241 2972 1300 argumenta
2994 1232 3124 1286 talia
3153 1232 3478 1302 producant.

1903 1317 2089 1387 qualia
2116 1326 2171 1373 et
2198 1320 2412 1390 priores
2444 1318 2772 1385 habuerunt,
2804 1322 3129 1377 ostenditur.

1975 1579 2179 1652 ἅδεα
2199 1581 2447 1639 Mortuus
2466 1584 2769 1642 honorifice
2790 1586 3038 1658 sepultus
3060 1594 3145 1643 est
3160 1601 3283 1642 cum
3304 1595 3481 1657 patre,

1907 1680 2105 1740 matre,
2131 1689 2343 1740 sorore,
2370 1675 2607 1748 aliisque
2628 1678 2845 1735 amicis.
2874 1678 2971 1735 Est
2991 1688 3046 1735 et
3074 1679 3222 1737 illius
3245 1681 3301 1735 in
3321 1681 3485 1737 Eleu-

1907 1764 2028 1819 sine
2051 1779 2202 1820 atnea
2238 1775 2423 1823 statua
2456 1778 2667 1837 erecta,
2700 1770 2790 1825 cui
2829 1771 2905 1825 ita
2931 1772 3270 1829 inscribitur.

1909 1938 2209 1996 Timotheus
2238 1941 2494 2009 Honoris,
2530 1946 2813 2013 Amicitiae,
2858 1957 3015 2019 atque
3079 1948 3483 2020 Hospitalitatis

1975 2030 2195 2097 deabus,
2243 2033 2525 2104 imaginem
2560 2033 2820 2090 Isocratis
2874 2036 3162 2094 dedicavit.

1975 2123 2242 2179 Cleocaris
2269 2142 2421 2195 opus.

1906 2214 2080 2269 Aliam
2129 2216 2206 2270 illi
2239 2225 2474 2271 statuam
2522 2233 2727 2274 aeneam
2786 2220 3075 2290 adoptatus
3122 2222 3269 2277 filius
3299 2221 3487 2291 Apha-

1907 2322 2034 2362 reus
2061 2310 2254 2363 statuit
2301 2310 2368 2364 ad
2414 2308 2727 2382 Olympium
2764 2314 2818 2367 i‘n
2870 2315 3150 2380 columna,
3188 2316 3285 2386 qui
3322 2324 3487 2372 natus

1905 2407 2078 2452 estex
2108 2399 2287 2454 amica
2321 2398 2580 2470 Lagisca,
2608 2418 2775 2473 quam
2823 2404 2988 2459 trium
3032 2405 3331 2461 liberorum
3368 2421 3488 2460 ma-

1906 2498 2042 2544 trem
2072 2490 2337 2545 lsocrates
2367 2490 2542 2557 duxit,
2572 2508 2806 2562 quorum
2835 2510 2978 2549 unus
3020 2504 3140 2551 erat
3177 2495 3484 2567 Aphareus,

1905 2581 2001 2652 qui
2027 2581 2104 2635 illi
2134 2590 2370 2636 statuam
2398 2582 2606 2652 posuit,
2646 2592 2700 2638 et
2735 2585 3017 2657 inscripsit
3043 2602 3059 2641 :

1905 2759 2180 2831 Aphareus
2209 2759 2395 2815 Patris
2417 2758 2680 2815 Isocratis
2692 2761 2830 2815 Itane
2850 2772 3088 2834 statuam
3112 2764 3301 2818 honori
3336 2762 3487 2820 locis

2043 2862 2422 2925 parentumque
2457 2854 2645 2908 virtuti
2676 2856 2873 2923 posuit.

2262 3054 2492 3111 CCLXI.
2533 3055 2822 3112 Andocidte
2847 3060 3135 3113 orationes.

1984 3252 2246 3326 Legimus
2266 3266 2504 3326 quatuor
2532 3257 2811 3314 orationes
2839 3258 3159 3328 Andocidae,
3195 3276 3334 3332 quas
3365 3261 3490 3334 qui-

1910 3347 2033 3402 dem
2071 3348 2335 3401 hactenus
2382 3348 2653 3412 vidimus,
2702 3366 2890 3413 unam,
2942 3350 3019 3404 De
3065 3354 3368 3421 mysteriis;
3410 3352 3491 3409 De

1910 3440 2085 3493 reditu
2115 3456 2233 3505 suo,
2272 3441 2598 3509 secundam;
2638 3444 2876 3505 tertiam,
2918 3442 2995 3497 De
3022 3461 3153 3513 pace
3179 3461 3297 3499 cum
3323 3446 3487 3500 Athe-

1911 3530 2178 3585 niensibus
2196 3549 2229 3597 ;,
2267 3540 2543 3601 quartam,
2616 3534 2671 3585 in
2734 3533 3087 3590 Alcibiadem.
3138 3531 3195 3587 In
3244 3534 3329 3589 his
3370 3536 3490 3590 sine

1913 3631 2109 3677 ornatu
2147 3629 2203 3676 et
2236 3622 2530 3677 admodum
2569 3622 2773 3688 tenuis,
2814 3623 3085 3691 simplicia
3132 3632 3407 3687 sectatur,
3436 3633 3492 3678 et

1913 3714 2044 3784 quia
2075 3721 2328 3767 ornatum
2364 3729 2470 3767 non
2499 3713 2746 3777 adhibet,
2794 3723 3044 3768 ornatus.
3077 3712 3357 3767 Floruisse
3388 3729 3492 3767 au-

1914 3815 2022 3860 tem
2064 3818 2313 3874 tempore
2345 3804 2588 3859 Socratis
2615 3804 2839 3868 dicitur,
2868 3814 2922 3859 ct
2946 3816 3108 3858 natus
3137 3796 3282 3859 circa
3308 3801 3493 3874 Olym-

1916 3895 2131 3965 piadem
2172 3894 2634 3965 septuagesimam
2665 3903 2935 3955 octavam,
2979 3904 3131 3962 patre
3159 3903 3320 3947 natus
3347 3891 3491 3949 Leo-

1915 4002 2070 4056 gora,
2107 3986 2200 4055 qui
2231 3987 2377 4040 bono
2406 3994 2569 4041 natus
2611 3986 2732 4041 loco
2762 3995 2902 4040 erat.
2935 3983 3136 4039 Scrihit
3178 3982 3491 4038 Hellanicus

1917 4076 2083 4131 altius
2108 4092 2235 4129 eum
2268 4092 2446 4144 genus
2475 4091 2636 4131 suum
2670 4091 2844 4145 usque
2873 4076 2938 4129 ad
2970 4074 3301 4130 Mercurium
3340 4082 3494 4127 retu-

1915 4169 2063 4223 lisse.
2092 4167 2291 4223 Postea
2316 4184 2446 4223 vero
2472 4168 2766 4238 impietatis
2789 4179 3131 4230 accusatum,
3158 4167 3304 4235 quod
3326 4166 3493 4219 etiam

1917 4262 2033 4331 ipse
2068 4260 2430 4317 Mercuriales
2461 4271 2673 4317 statuas
2720 4261 3077 4327 concidisset,
3120 4274 3184 4314 ac
3232 4258 3494 4329 mysteria

1918 4354 2140 4409 Cereris
2174 4355 2455 4409 violasset.
2503 4352 2600 4407 His
2635 4355 2704 4407 de
2752 4351 2917 4407 rebus
2947 4366 3070 4405 cum
3102 4359 3246 4404 csset
3287 4348 3495 4402 factum

1915 4442 2213 4510 judicium,
2246 4445 2470 4514 elapsus
2494 4451 2599 4509 est,
2627 4459 2755 4498 cum
2779 4458 2837 4496 se
2862 4440 3084 4496 sceleris
3115 4448 3373 4493 auctores
3401 4438 3497 4509 ju-

223 4538 361 4599 τοὺς
394 4535 744 4598 ἀδικοῦντας.
777 4535 1028 4606 Σπουδὴν
1056 4536 1112 4589 δὲ
1147 4536 1329 4588 πᾶσαν
1355 4534 1810 4604 εἰσενεγκάμενος

1918 4536 2225 4591 dicaturum
2253 4536 2618 4607 promitteret.
2642 4534 2833 4605 Itaque
2864 4534 3011 4589 omni
3036 4548 3170 4588 cura
3201 4530 3499 4600 studioque

227 4621 362 4701 εὗρε
395 4631 527 4690 τοτις
577 4628 656 4691 είς
703 4628 772 4681 τὰ
811 4626 932 4696 ἱερὰ
962 4628 1411 4699 ἁμαρτήσαντας,
1470 4623 1552 4691 οἷς
1585 4626 1681 4679 καὶ
1725 4625 1815 4677 τὸν

228 4717 437 4771 ἑαυτοῦ
496 4718 715 4786 πατέρα
747 4719 1253 4787 συγκατεμήνυσεν.
1303 4715 1465 4788 [I660
1513 4714 1608 4787 R.]
1656 4713 1817 4767 Ἀλλὰ

227 4814 342 4883 γάρ
369 4813 500 4872 τοὺς
532 4810 632 4880 μὲν
656 4809 854 4873 ἄλλους
884 4809 1095 4872 πάντας
1122 4809 1364 4879 ἐλέγχοις
1393 4810 1653 4881 φωράσας
1681 4809 1819 4862 ἀπο-

228 4903 425 4957 λέσθαι
461 4901 875 4972 κατεπράξατο,
907 4900 999 4954 τὸν
1028 4900 1086 4952 δὲ
1127 4902 1360 4970 πατέρα,
1392 4901 1569 4953 καίτοι
1597 4899 1818 4970 δεδεμέ-

230 5012 321 5046 νον
377 4994 509 5063 ῆδη,
565 4991 800 5056 ἐξείλετο
850 4992 1218 5063 ὑποσχόμενος
1266 4994 1327 5044 ὲν
1380 4992 1593 5056 πολλοῖς
1653 4993 1815 5046 αὑτὸν

231 5087 492 5156 λυσιτελῆ
526 5087 569 5118 ’⁸
599 5085 855 5153 γενέσθαι
903 5089 969 5158 τῇ
1002 5087 1177 5141 πόλει.
1219 5088 1330 5140 Καὶ
1379 5087 1482 5139 οὐκ
1512 5086 1813 5157 ἐψεύσατο*

234 5180 264 5231 6
285 5179 401 5249 γὰρ
435 5177 737 5247 Λεωγόρας
766 5179 997 5241 πολλοὺς
1022 5177 1268 5250 διήλεγξε
1298 5178 1558 5251 χρήματα
1586 5179 1819 5250 δημόσια

234 5270 677 5339 νοσφισαμένους
721 5270 817 5323 καὶ
858 5270 1022 5341 ἔτερα
1070 5270 1297 5324 τοιαῦτα
1343 5272 1819 5343 παρανομοῦντας.

230 5360 562 5433 Εύδοκιμῶν
613 5361 671 5415 δὲ
717 5362 809 5414 ἐπὶ
837 5363 950 5425 τοῖς
1001 5361 1395 5432 πολιτεύμασιν
1436 5359 1464 5410 6
1513 5360 1821 5432 Ἀνδοκίδης

1920 4629 2185 4695 intentus,
2208 4644 2305 4684 eos
2327 4630 2550 4699 reperit.
2575 4630 2668 4698 qui
2689 4628 2742 4681 in
2777 4643 2937 4683 sacra
2964 4625 3215 4695 iniuriosi
3236 4624 3494 4690 fuissent,

1919 4718 1974 4772 in
2009 4719 2211 4789 quibus
2237 4728 2449 4789 patrem
2484 4719 2647 4773 etiam
2672 4719 2952 4773 indicavit.
2984 4718 3238 4787 Cumque
3265 4726 3498 4771 caeteros

1920 4822 2115 4863 omnes
2164 4808 2521 4875 convicissel,
2554 4810 2782 4880 perfecit
2828 4816 2890 4865 ut
2937 4817 3186 4863 extremo
3220 4806 3497 4877 supplicio

1920 4901 2266 4956 adicerentur
2297 4920 2310 4955 :
2350 4912 2557 4971 patrem
2586 4918 2717 4957 vero
2754 4902 2875 4957 licet
2920 4901 3034 4971 jam
3080 4899 3326 4953 vinctum
3358 4896 3497 4951 libe-

1919 4992 2083 5057 ravit,
2108 5008 2231 5046 cum
2263 4993 2413 5047 illum
2439 4995 2642 5049 multas
2668 4994 2928 5049 utilitates
2961 4991 3163 5046 civitati
3200 4990 3497 5045 allaturum

1921 5084 2292 5154 polliceretur,
2339 5102 2442 5141 nec
2485 5085 2679 5141 fefellit
2707 5087 2912 5155 opinio.
2950 5085 3147 5139 Multos
3175 5083 3318 5137 enim
3356 5079 3497 5135 Leo-

1923 5191 2085 5245 goras
2113 5177 2376 5244 convicit,
2421 5180 2513 5248 qui
2548 5179 2809 5249 pecunias
2842 5178 3091 5247 publicas
3136 5177 3191 5228 in
3222 5174 3494 5242 privatum

1923 5283 2084 5323 usum
2110 5271 2518 5335 converterent,
2548 5281 2603 5325 et
2636 5271 2760 5326 aliis
2791 5268 3114 5339 quihusdam
3144 5268 3367 5340 ﬂagitiis
3393 5285 3496 5326 es-

1932 5369 2057 5415 sent
2109 5359 2353 5416 obnoxii.
2400 5362 2539 5417 Cum
2585 5376 2715 5415 vero
2762 5360 3069 5415 Andocides
3116 5360 3187 5415 ob
3240 5374 3337 5415 eas
3383 5376 3495 5426 res,

1475 5540 1714 5596 VARIIE
1778 5541 2188 5600 LECTIONES.

326 5664 375 5696 ⁸³
402 5660 646 5731 χρῆσθαι
708 5678 771 5724 ς’.

885 5660 932 5693 ⁸⁸
977 5660 1288 5730 Ἐλευσινίῳ
1337 5660 1561 5722 (ἷοηυεν
1617 5674 1676 5727 P-
1743 5658 1825 5729 μηδ’

2055 5658 2531 5737 σύνεσινλξενίην
2590 5656 3183 5737 I_’_sep_do-Plularcllkus.
3208 5730 3249 5737 η
3277 5656 3342 5737 Δ⁶⁶

227 5733 382 5795 θεαῖς
405 5701 646 5787 ’δ’δὲὶέἒῖ
710 5701 1810 5803 ifAgmerSLE'rs'Si.ttiil'ﬁﬁfircintsf"
1833 5701 1877 5761 ἱε
1914 5701 2526 5803 ὀλυεῖἕτῐέἴῴἿεόῖηὲὲέξ
2591 5701 3183 5800 ῖῖᾜφὶιὲὲὶῖέ“ἰιῖ”’
3208 5730 3251 5761 το
3274 5701 3497 5783 eccilli

226 5803 272 5836 ’ί
312 5802 509 5868 ἀφελεῖ
536 5804 606 5857 Α.
690 5802 728 5832 ’⁸
759 5800 1063 5865 Ἐλλανικός
1103 5803 1163 5854 Β.
1239 5801 1285 5831 ⁷³
1319 5800 1619 5853 λυσιτελέσι
1654 5815 1712 5859 ς.
