4152 6424
689 338 793 404 167

1844 344 2111 413 ΡΗΟΤΙῙ
2141 351 2254 412 PA'J

2356 353 2645 417 [ARCHIE
2679 356 2790 420 ΟΡ.
3831 371 3921 442 168

686 467 829 523 quas
878 450 932 506 in
976 454 1252 525 republica
1274 455 1555 526 gessisset,
1585 472 1842 529 magnam
1866 462 2099 532 gloriam
2123 476 2254 520 esset

2376 468 2606 526 ἐπέθετο
2642 471 2980 544 ναυκληρίαν
3010 472 3079 538 ’⁸,
3130 476 3365 542 καὶτοῖς
3388 494 3451 532 τε
3491 480 3752 554 Κυπρίων
3779 486 3916 556 ﬁdem

683 552 1041 612 consecutus,
1080 546 1301 601 navium
1343 557 1398 603 et
1428 550 1546 620 ipse
1590 552 1952 622 gubernator,
2000 565 2054 611 et
2085 557 2263 613 admi-

684 636 948 692 nistrator
994 634 1173 694 factus
1215 648 1321 706 est,
1359 655 1426 696 ac
1461 640 1623 713 Cypri
1680 643 1925 713 regibus,
1962 648 2264 719 multisque

683 729 808 785 aliis
838 728 1145 787 illustribus
1174 731 1413 802 hospitio
1438 733 1540 789 fuit
1570 735 1920 803 coniunctus,
1948 754 2075 803 eum
2130 743 2260 798 Ari-

683 817 842 872 stidis
874 818 1064 887 tiliam,
1096 834 1261 875 unam
1285 838 1351 875 ex
1384 824 1601 881 civibus
1644 828 2031 884 consobrinam
2072 846 2255 897 suam,

681 910 823 964 clam
856 911 1182 969 domesticis
1212 922 1267 969 et
1293 914 1656 974 familiaribus
1686 919 1896 987 eduxit,
1923 932 1978 978 et
1996 924 2066 979 ad
2098 926 2263 999 Cypri

682 1014 864 1070 regem
892 1001 1040 1056 dono
1072 1002 1243 1057 misit.
1278 1004 1450 1074 Cujus
1482 1006 1563 1061 rei
1590 1022 1753 1065 causa
1790 1027 1914 1067 cum
1959 1015 2171 1071 videret
2200 1032 2261 1073 se

681 1087 736 1141 in
764 1089 856 1158 jus
887 1106 1013 1144 mox
1052 1102 1303 1148 vocatum
1336 1095 1425 1162 iri,
1456 1112 1650 1154 rursus
1681 1099 1828 1155 illam
1862 1118 1893 1157 e
1918 1103 2118 1176 4881)
2152 1107 2261 1179 Cy-

680 1195 783 1249 pro
811 1191 895 1237 cst
927 1181 1164 1249 furatus,
1195 1200 1433 1257 eumque
1460 1189 1862 1259 deprehensum
1906 1211 2005 1251 rex
2039 1198 2096 1252 in
2134 1202 2260 1253 vin-

678 1273 801 1328 cula
834 1276 1079 1346 conjicit.
1126 1276 1265 1333 Cum
1300 1296 1429 1335 vero
1474 1277 1796 1354 aufugisset,
1825 1288 1969 1342 venit
2018 1289 2075 1344 in
2106 1290 2249 1347 civi:-

678 1374 846 1419 tatem
882 1382 992 1435 quo
1021 1376 1267 1440 tempore
1292 1374 1677 1447 quadringenti
1712 1377 1815 1432 viri
1864 1382 2260 1451 rempublicam

677 1456 1179 1514 administrabant:
1215 1476 1247 1516 a
1288 1464 1491 1533 quibus
1525 1482 1651 1521 cum
1688 1478 1837 1525 esset
1879 1471 2120 1539 vinctus,
2156 1488 2257 1528 au-

675 1543 834 1617 fugit,
870 1562 936 1602 ac
981 1564 1171 1607 rursus
1195 1568 1388 1610 everso
1420 1557 1515 1612 illo
1552 1572 1852 1628 paucorum
1888 1561 2171 1619 dominatu
2203 1566 2259 1621 in

672 1639 929 1694 exsilium
964 1643 1155 1712 pulsus
1203 1653 1307 1701 est.
1356 1646 1470 1705 Hoc
1517 1652 1695 1707 exsilii
1744 1662 1988 1725 tempore
2047 1658 2259 1714 Elidem

674 1729 929 1799 incoluit,
962 1745 1020 1791 et
1047 1750 1174 1791 cum
1201 1735 1531 1811 Thrasybuli
1558 1743 1855 1802 familiares
1883 1747 1937 1802 in
1975 1749 2257 1806 civitatem

2365 564 2521 620 λεῦσι
2565 564 2715 632 ξένος
2766 566 2985 635 ἐγένετο
3031 568 3125 622 καὶ
3172 569 3391 635 πολλοῖς
3442 572 3624 640 ἄλλοις
3670 577 3914 653 δοκίμοις,

2363 657 2530 730 ἡνίκα
2586 659 2695 725 καὶ,
2734 659 3013 732 θυγατέρα
3072 662 3173 732 μὲν
3222 663 3556 734 ’Δριστείδου
3601 668 3819 740 ἀνεψιὰν
3864 675 3918 729 δὶ

2367 751 2538 806 αὑτοῦ
2574 750 2686 805 τῶν
2736 754 2955 808 οἰκείων
3004 754 3357 825 ύπεκκλέψας
3393 757 3566 828 δῶρον
3598 760 3807 834 έπεμψε
3843 768 3917 839 τῷ

2363 846 2629 918 Κυπρίων
2666 847 2895 918 βασιλεῖ.
2944 849 3171 903 Μέλλων
3210 850 3270 904 δὲ
3309 852 3390 917 εἰς
3440 851 3787 927 δικαστήριον
3835 860 3919 915 ἐπὶ

2361 941 2429 1011 τῇ
2460 940 2775 1014 κακουργίᾳ
2804 941 3151 1010 εἰσάγεσθαι,
3182 943 3345 999 πάλιν
3366 943 3537 1018 αὐτὴν
3562 947 3670 1002 ἀπὸ
3707 949 3917 1021 Κύπρου

2363 1030 2608 1095 κλέπτει,
2632 1032 2744 1095 ,καὶ
2786 1032 2948 1097 ἁλοὺς
3006 1034 3113 1088 ὑπὸ
3183 1034 3278 1089 τοῦ
3347 1036 3634 1109 Κυπρίων
3677 1039 3920 1109 βασιλέως

2363 1120 2586 1194 δεσμοῖς
2616 1124 2919 1196 παρεδόθη.
2954 1125 3227 1180 Κάκεῖθεν
3259 1126 3319 1180 δὲ
3360 1127 3583 1198 διαδρὰς
3622 1130 3918 1203 ἐπεδήμησε

2361 1219 2429 1287 τῇ
2466 1217 2623 1271 πόλει
2654 1216 2783 1272 κατ’
2805 1218 2985 1271 ἐκεῖνο
3014 1218 3235 1290 καιροῦ,
3274 1218 3441 1289 ἡνίκα
3466 1222 3580 1283 τοῖς
3608 1227 3653 1274 υ’
3694 1222 3761 1276 τὰ
3782 1225 3920 1278 πολι-ι

2361 1309 2494 1364 τικὰ
2543 1308 2953 1380 μετεχειρίζετο
2998 1309 3303 1381 πράγματα
3330 1325 3346 1342 ’
3398 1310 3570 1374 δεθεὶς
3610 1310 3667 1365 δὲ
3711 1314 3802 1365 καὶ
3828 1315 3919 1370 ὑπὸ

2360 1400 2569 1455 τούτων
2622 1401 2787 1456 πάλιν
2823 1400 3101 1470 διέφυγεν.
3147 1400 3343 1456 Ἦνίκα
3390 1401 3451 1455 δὲ
3498 1404 3534 1473 η
3581 1402 3626 1435 ⁷⁸
3653 1402 3919 1475 ὀλιγαρχία

2364 1490 2663 1563 κατελύθη,
2719 1491 3065 1561 ἐφυγαδεύθη
3110 1492 3210 1562 τῆς
3264 1491 3498 1558 πόλεως,
3534 1493 3631 1547 καὶ
3671 1494 3729 1547 ἐν
3757 1495 3919 1551 Ἤλιδι

2360 1584 2456 1639 τὸν
2486 1585 2587 1655 τῆς
2622 1585 2802 1655 φυγῆς
2838 1585 3031 1656 χρόνον
3056 1586 3349 1658 διατρίψας
3385 1584 3498 1639 τῶν
3543 1585 3674 1658 περὶ
3723 1586 3919 1658 Θρασύ-

2366 1675 2557 1731 ϐουλον
2604 1676 3053 1747 κατεληλυθότων
3084 1678 3181 1732 καὶ
3231 1677 3396 1742 αὐτὸς
3444 1678 3918 1749 συγκατελήλυθεν.

2362 1767 2620 1840 Αίρεθεὶς
2659 1766 2787 1840 [796
2809 1763 2902 1839 IL]
2927 1768 2985 1821 δὲ
3010 1768 3140 1839 περὶ
3165 1770 3267 1838 τῆς
3310 1768 3536 1839 εἰρήνης
3573 1769 3655 1832 εἰς
3677 1767 3921 1822 Λακεδαί-

674 1822 944 1889 redirent,
997 1826 1117 1896 ipse
1155 1844 1381 1900 quoque
1415 1843 1501 1888 est
1550 1851 1830 1891 reversus.
1878 1838 2078 1895 Missus
2127 1857 2254 1898 vero

2366 1822 2504 1932 μονα
2532 1822 2859 1932 πρεσϐεύειν
2883 1822 2988 1914 καὶ
3012 1822 3231 1914 ἀδίκεῖν.
3248 1822 3629 1929 δόξοίςιέιέυγε.
3652 1857 3847 1912 Τούτου
3871 1858 3922 1912 δέ

676 1927 781 1983 pro
809 1929 947 1984 pace
979 1915 1047 1969 ad
1074 1914 1520 1979 Lacedaemonios
1550 1939 1674 1980 cum
1707 1928 1954 1998 improbe
1986 1930 2259 1986 videretur

676 2005 733 2060 in
760 2005 865 2061 hoc
894 2007 1083 2061 studio
1113 2020 1385 2077 versatus,
1413 2013 1572 2084 fugit.
1606 2015 1776 2071 Porro
1799 2018 1868 2071 ab
1897 2018 1990 2072 illo
2010 2020 2258 2076 denomi-

673 2107 839 2153 natur
854 2100 1016 2155 etiam
1031 2100 1286 2160 Mercurii
1309 2116 1510 2163 statua.
1528 2108 1602 2164 Ea
1616 2111 1760 2165 enim
1772 2112 2023 2181 quamvis
2057 2128 2088 2168 a
2110 2114 2257 2168 tribu

670 2188 899 2259 ABgeide
924 2195 1101 2262 posita
1132 2210 1197 2253 ac
1228 2197 1482 2255 dedicata
1524 2203 1618 2266 sit,
1665 2202 1735 2258 ab
1767 2204 2048 2261 Andocide
2072 2216 2254 2262 tamen

671 2295 874 2337 nomen
912 2284 1092 2354 habet,
1117 2289 1263 2359 quod
1290 2291 1384 2348 ille
1421 2300 1618 2350 statuae
1644 2297 1895 2365 proxime
1928 2297 2218 2354 habitaret.

1340 2471 1591 2530 CCLXII.

1197 2561 1376 2637 Lysia:
1404 2568 1695 2625 orationes.

741 2649 871 2724 Legi
902 2654 1086 2712 varias
1130 2655 1311 2727 Lysiae
1347 2661 1650 2727 orationes,
1684 2678 1808 2733 quae
1837 2664 2097 2721 dicuntur
2128 2682 2250 2724 esse

667 2755 903 2797 numero
931 2751 1188 2799 trecentae
1219 2755 1274 2801 et
1312 2748 1800 2820 vigintiquinque,
1840 2768 2085 2823 quarum
2116 2755 2252 2826 legi-

668 2830 821 2885 tiniae
884 2842 1015 2887 sunt
1060 2835 1307 2891 ducenta:
1370 2848 1424 2893 et
1474 2841 1699 2912 triginta
1752 2852 1890 2899 tres.
1948 2844 2008 2899 In
2049 2847 2255 2917 quibus

669 2922 776 2986 bis,
839 2931 1050 2979 tantum
1110 2926 1340 2984 dicendo
1385 2930 1564 2988 victus
1598 2934 1818 3002 dicitur,
1877 2951 2001 2991 cum
2066 2946 2249 2993 tamen

670 3011 874 3080 schius
904 3027 1030 3068 cum
1076 3014 1411 3074 adversariis
1438 3023 1801 3079 contenderit.
1837 3025 1935 3081 Est
1960 3024 2016 3079 in
2046 3027 2250 3081 oratio-

669 3100 833 3156 nibus
859 3102 977 3159 suis
1021 3103 1403 3173 brevissimus,
1458 3120 1515 3165 et
1553 3112 1619 3167 ad
1640 3115 2077 3184 persuadendum
2127 3133 2252 3189 per—

2363 1953 2514 2005 ὲστιν
2559 1951 2849 2022 ἐπώνυμος
2895 1952 2992 2005 καὶ
3051 1951 3294 2022 Ἑρμῆς,
3347 1950 3605 2020 ἀνάθημα
3644 1950 3741 2020 μὲν
3767 1948 3921 2018 φυλῆς

2364 2044 2642 2115 Αἰγηΐδος,
2692 2043 3013 2114 ἔπικληθεὶς
3052 2042 3113 2098 δὲ
3163 2043 3492 2110 Ἀνδοκίδου,
3532 2040 3667 2096 διότι
3711 2040 3923 2114 πλησίον

2362 2133 2528 2189 αὑτοῦ
2568 2131 2877 2203 ’Δνδοκίδης
2914 2132 3070 2205 ᾤκει.

3062 2464 3225 2521 ΣΞΒθ.

2912 2557 3148 2611 Λυσίου
3175 2558 3369 2629 λόφοι.

2442 2644 2888 2715 ’Λνεγνώσοησαν
2941 2647 3142 2701 Λυσίου
3175 2650 3324 2719 λόγοι
3352 2650 3637 2724 διάφορον
3680 2650 3919 2723 φέρονται

2356 2731 2415 2785 δὲ
2441 2732 2609 2786 αὑτοῦ
2636 2739 2715 2785 κε’
2747 2734 2841 2787 καὶ
2879 2740 2947 2798 u',
2992 2730 3069 2789 ὧν
3108 2740 3224 2799 τοῖς
3251 2740 3504 2809 γνησίοις
3553 2746 3603 2810 γ’
3636 2740 3731 2794 καὶ¹
3756 2739 3799 2793 λ’
3837 2738 3922 2793 καὶ

2357 2823 2667 2887 διακοσίους
2698 2826 2743 2857 ⁷⁸
2776 2828 3147 2898 ἐγκρίνουσιν,
3180 2832 3238 2881 ὲν
3267 2828 3349 2895 οἷς
3385 2832 3471 2895 δὶς
3506 2832 3669 2903 μόνον
3690 2832 3749 2885 τὸ
3776 2831 3921 2883 ἔλατ·-

2354 2935 2450 2971 τον
2481 2920 2730 2986 ἐνεγκεῖν
2761 2922 2828 2991 τῇ
2864 2920 3008 2987 λέξει
3041 2922 3179 2993 πρὸς
3203 2923 3331 2987 τοὺς
3361 2923 3773 2993 ἀνταγωνιστὰς
3804 2920 3919 2976 πολέ

2354 3008 2516 3072 λάκις
2548 3011 2967 3083 ἀγωνισάμενος
3019 3011 3262 3081 λέγεται.
3316 3015 3475 3069 Ἔστι
3521 3017 3579 3070 δὲ
3613 3020 3728 3082 τοῖς
3756 3016 3920 3085 λόγοις

2357 3098 2701 3172 βραχύτατός
2743 3118 2805 3154 τε
2838 3104 2935 3156 καὶ
2970 3104 3375 3171 πιθανώτατος,
3409 3109 3505 3162 κα)⁸
3535 3109 3616 3180 τῷ
3658 3108 3831 3163 δοκεῖν
3853 3106 3919 3177 μὴ

668 3192 974 3263 appositus,
1009 3204 1063 3250 et
1116 3197 1161 3252 si
1186 3201 1311 3268 quis
1343 3202 1485 3259 alius
1509 3207 1748 3275 graviter
1768 3207 1984 3264 dicendi
2012 3211 2244 3280 peritus,

2356 3191 2540 3246 δεινῶς
2572 3192 2772 3260 λέγειν,
2811 3192 2973 3266 εἴπερ
3002 3213 3088 3259 τις
3123 3197 3305 3261 ἄλλος.
3334 3199 3647 3266 δεινότατος
3679 3203 3724 3235 ⁷⁷
3744 3219 3759 3236 ·
3797 3199 3920 3255 ἀλλὰ

671 3283 893 3338 tametsi
950 3300 1061 3340 non
1116 3302 1399 3358 appareat.
1438 3292 1654 3351 Etenim
1698 3312 2016 3368 quanquam
2069 3300 2252 3358 facilis

665 3371 886 3428 videtur
912 3390 1057 3444 esse,
1093 3379 1457 3463 nihilominus
1498 3394 1681 3445 tamen
1724 3392 1940 3448 imitatu
1991 3405 2077 3451 est
2116 3397 2254 3452 ditii-

666 3464 817 3520 cilis.
843 3466 1052 3527 Multas
1080 3473 1361 3531 orationes
1405 3479 1638 3548 privatis
1679 3482 1998 3541 hominibus
2032 3486 2253 3544 dedisse

667 3554 894 3611 dicitur.
929 3556 1172 3631 Scripsit
1196 3562 1326 3619 item
1356 3565 1413 3621 in
1458 3583 1659 3639 genere
1694 3574 1987 3641 orationis,
2032 3580 2253 3634 concio-

668 3661 790 3714 nes,
824 3648 1115 3721 epistolas,
1152 3653 1520 3725 laudationes,
1549 3664 1845 3735 epitaphia,
1881 3672 2175 3737 amatoria,
2197 3680 2252 3726 et

665 3732 915 3792 Socratis
945 3739 1352 3800 defensionem.
1386 3748 1451 3803 1n
1490 3732 1770 3825 plerisque
1801 3732 2253 3817 orationibusest

663 3827 917 3897 moralis,
949 3832 1250 3902 etquidem
1286 3838 1356 3892 ad
1406 3840 1823 3914 intelligentiam
1870 3864 1996 3903 cum
2043 3850 2249 3907 bonum

665 3919 903 3995 sortitur
934 3936 1343 3997 argumentum,
1383 3941 1437 3985 et
1465 3936 1612 4003 quod
1652 3938 1719 3991 ad
1757 3940 1983 3996 meliora
2023 3954 2248 3998 conten-

663 4005 780 4062 dat.
801 4004 957 4063 Unde
991 4027 1100 4066 non
1139 4016 1379 4071 tenuiter
1404 4020 1720 4089 dicendum,
1748 4028 1879 4095 quid
1903 4030 1980 4083 rei
2009 4040 2245 4099 gestum,

662 4097 759 4155 sed
799 4108 855 4154 et
882 4103 1026 4156 ratio
1053 4103 1328 4174 addenda,
1364 4111 1436 4164 ob
1466 4127 1631 4181 quam
1670 4116 1887 4186 singula
1917 4097 2031 4173 sint
2064 4097 2245 4188 gesta;

662 4189 817 4244 verbi
852 4193 1056 4262 gratia,
1101 4198 1147 4251 si
1190 4199 1431 4255 difﬁcilia
1470 4204 1707 4275 dixerit;
1750 4209 1965 4264 causari
2006 4213 2247 4266 necessi-

2353 3281 2463 3355 γὰρ
2490 3282 2585 3336 καὶ
2612 3282 2833 3348 εὔκολος
2872 3280 3014 3339 εἶναι
3046 3286 3219 3341 δοκῶν
3243 3289 3396 3343 οὐδὲν
3418 3290 3642 3345 ἔλαττον
3661 3291 3920 3362 δυσμίμηα

2355 3392 2448 3437 τος
2476 3375 2865 3434 ἐπιδείκνυται.
2899 3379 3041 3443 Τοὺς
3064 3380 3249 3450 μέντοι
3272 3398 3337 3449 γε
3370 3383 3480 3435 τῶν
3512 3384 3689 3453 λόγων
3719 3383 3920 3444 πλείους

2357 3466 2598 3529 ἰδιώταις
2645 3468 3003 3523 ὲκδεδωκὲναι
3060 3470 3300 3539 λέγεται.
3356 3474 3825 3543 Συγκεφαλαιοῠσι
3869 3471 3919 3525 δὲ

2352 3552 2481 3622 τοὺς
2514 3558 2708 3628 λόγους
2726 3560 2891 3613 αὐτοῦ
2925 3562 3282 3634 δημηγορίαι,
3321 3566 3627 3631 ἐπιστολαὶ,
3660 3566 3917 3635 ἐγκώμια,

2351 3650 2659 3717 ἐπιτάφιοι,
2691 3653 2947 3723 ἐρωτικοί
2975 3654 3070 3707 καὶ
3099 3655 3422 3726 Σωκράτους
3449 3658 3737 3727 ἀπολογία.
3776 3657 3919 3709 Ἐστι

2355 3743 2456 3813 μὲν
2502 3744 2561 3795 ἐν
2599 3743 2700 3796 οὐκ
2742 3745 2945 3814 ὀλίγοις
2980 3747 3144 3800 αὐτοῦ
3175 3748 3357 3816 λόγοις
3386 3750 3603 3820 ὴθικὸς,
3638 3751 3840 3819 γίνεται
3867 3746 3919 3801 δὲ

2350 3831 2495 3884 κατὰ
2524 3831 2624 3903 τὴν
2664 3832 2710 3865 ⁷³
2739 3833 2980 3888 διάνοιαν
3025 3837 3052 3889 ὁ
3098 3836 3311 3906 ἡθικδς,
3368 3840 3497 3893 ὅταν
3537 3841 3782 3913 χρηστὴν
3829 3838 3916 3908 ἔχῃ

2350 3926 2675 3997 προαίρεσιν
2701 3928 2795 3980 καὶ
2827 3927 2965 3998 πρὸς
3014 3929 3083 3983 τὰ
3113 3931 3308 4002 βελτίω
3343 3932 3644 4004 ῥέπουσαν.
3682 3934 3840 3987 Ὀθεν
3861 3932 3916 3985 ού

2353 4018 2459 4088 χρὴ
2490 4019 2661 4089 ψιλῶς
2694 4021 2761 4073 τὰ
2794 4022 3113 4093 πραχθέντα
3141 4024 3343 4093 λέγειν,
3374 4026 3510 4081 ἀλλὰ
3541 4028 3637 4081 καὶ
3660 4028 3755 4098 τὴν
3788 4023 3918 4094 γνὼ-

2351 4128 2460 4183 μην
2512 4113 2802 4165 συνάπτειν
2833 4114 2954 4183 μεθ’
2984 4110 3052 4188 ἦς
3088 4115 3390 4186 ἐπράττετο
3417 4118 3674 4185 ἕκαστον,
3698 4113 3826 4183 οἷον,
3858 4115 3916 4169 ἂν

2352 4201 2451 4271 μὲν
2478 4201 2692 4271 χαλεπὰ
2740 4198 2774 4277 ᾗ
2804 4204 2849 4236 ⁷⁹
2874 4205 2968 4257 καὶ
2998 4206 3135 4276 πρὸς
3167 4207 3357 4276 φίλους
3384 4208 3416 4278 ἢ
3440 4209 3617 4272 ἄλλως
3651 4209 3913 4280 μετρίους,

664 4290 828 4337 tatem
864 4303 992 4357 erga
1022 4290 1255 4360 amicos,
1291 4307 1385 4349 aut
1411 4297 1549 4353 alios
1590 4302 1900 4357 moderatos
1934 4322 1948 4358 :
1987 4307 2073 4361 sin
2114 4321 2245 4361 vero

664 4375 888 4404 ...ηιζιηω
945 4382 1272 4404 -..δη-.-μᾼμ
1425 4397 1436 4404 -
1533 4390 1546 4404 ι
1696 4392 1734 4404 η
2137 4399 2147 4404 -

2356 4290 2446 4361 τὴν
2468 4290 2719 4359 ἀνάγκην
2754 4293 3053 4360 αἰτιᾶσθαι,
3084 4294 3150 4349 ἂν
3180 4297 3238 4350 δὲ
3272 4298 3505 4367 ἀμείνω,
3534 4300 3636 4372 τὴν
3667 4298 3914 4371 προαίρε·

662 4375 915 4441 meliora,
945 4382 1279 4439 voluntatem
1305 4390 1666 4458 prmtendere.
1693 4392 1816 4449 Haec
1846 4411 1977 4451 vero
2004 4399 2245 4453 maxime

2356 4400 2454 4436 τιν.
2486 4382 2637 4455 Αὕτη
2676 4384 2733 4438 δὲ
2766 4384 3001 4456 μάλιστα
3033 4388 3239 4461 πιθανὴ
3269 4390 3500 4459 γίνεται,
3551 4394 3601 4445 εἰ
3626 4393 3725 4462 τὴν
3750 4392 3914 4444 αἰτίαν

660 4467 967 4534 probabilis
992 4483 1096 4534 est,
1132 4475 1179 4527 si
1218 4491 1441 4532 causam
1479 4481 1668 4536 addas.
1707 4484 1918 4540 Causas
1956 4503 2085 4541 vero
2134 4506 2240 4545 non

2356 4477 2666 4548 προσλάϐοι.
2700 4478 2811 4542 Τὰς
2839 4479 3024 4549 μέντοι
3053 4498 3117 4548 γε
3153 4480 3199 4513 ⁸ο
3221 4483 3403 4545 αἰτίας
3425 4484 3485 4535 οὐ
3516 4484 3623 4555 χρὴ
3656 4483 3748 4537 τοῦ
3772 4484 3913 4535 λυσι-

660 4565 876 4625 oportet
895 4559 1149 4617 utilitatis
1170 4566 1342 4632 gratia
1361 4582 1662 4627 assumere.
1685 4573 1973 4630 Prudentis
1985 4578 2127 4632 enim
2142 4580 2245 4636 hoc

2356 4570 2535 4633 τελοῦς
2568 4571 2732 4624 ἓνεκα
2758 4571 3209 4642 παραλαμϐάνειν
3234 4591 3247 4604 ·
3282 4574 3545 4645 φρονίμου
3584 4577 3696 4647 γὰρ
3724 4575 3913 4645 μᾶλλον

660 4646 837 4716 magis
882 4659 967 4703 est
1010 4651 1117 4706 viri
1158 4669 1323 4723 quam
1375 4656 1517 4729 frugi
1552 4676 1617 4715 ac
1660 4664 1839 4733 probi.
1873 4665 2115 4724 Diflicilis
2153 4669 2244 4723 hic

2356 4661 2379 4731 ἢ
2414 4662 2651 4731 χρηστοῦ
2682 4663 2777 4715 καὶ
2826 4663 3169 4734 εὐγνώμονος
3200 4664 3269 4717 τὰ
3312 4665 3558 4720 τοιαῦτα.
3588 4646 3835 4729 Χαλεπὸς
3862 4662 3914 4715 δὲ
3970 4702 3979 4709 .

660 4742 747 4786 est
797 4738 1056 4793 servandi
1108 4742 1333 4811 modus,
1365 4743 1419 4799 in
1453 4762 1563 4816 quo
1592 4757 1646 4804 et
1692 4749 1881 4823 Lysias
1912 4769 2055 4826 scepe
2092 4755 2242 4809 vidc-

661 4832 757 4854 Iun
791 4841 1049 4854 -ιιυ-ηυικι...
1107 4830 1339 4854 ΙΙ-..2..--
1378 4836 1500 4854 --I_|
1642 4840 1655 4854 1
1718 4841 1730 4854 ι
1832 4852 1837 4854 _
2157 4844 2189 4854 ι.

2356 4755 2375 4807 5
2408 4754 2611 4824 τρόπος
2642 4754 2907 4823 φυλάξαν
2936 4755 3017 4809 διὸ
3044 4757 3139 4810 καὶ
3168 4757 3376 4821 Λυσίας
3407 4760 3464 4810 ὲν
3491 4759 3645 4830 αύτῷ
3676 4759 3913 4854 φαίνεται

661 4832 757 4879 tur
791 4841 1071 4897 peccasse.
1107 4830 1345 4889 Maxime
1369 4836 1613 4895 celebres
1642 4840 1914 4896 habentur
1957 4858 2081 4897 cum
2123 4844 2241 4900 aliae

2356 4844 2606 4906 πολλάκις
2625 4845 3029 4915 διαμαρτάνων.
3055 4847 3443 4919 Θαυμάζονται
3468 4850 3656 4919 μέντοι
3680 4866 3742 4919 γε
3758 4842 3910 4902 αὑτοῦ

658 4916 949 4973 orationes
984 4919 1126 4989 ejus,
1158 4932 1273 4976 tum
1320 4924 1388 4979 de
1428 4927 1596 4983 tutela
1644 4940 1835 4985 contra
1869 4930 2237 5002 Diogitonem,

2356 4934 2491 4988 ἱλλοι
2513 4951 2573 4988 τε
2596 4935 2780 4988 πολλοὶ
2803 4936 2847 4967 ⁸¹
2875 4935 3029 5005 λόγοι
3057 4937 3150 4989 καὶ
3176 4916 3240 5008 δὴ
3272 4937 3366 4990 καὶ
3394 4939 3422 4990 ὁ
3447 4916 3586 5011 πρὸς
3611 4916 3912 5007 Διογείτονα

654 5007 994 5076 probabilem
1045 5027 1283 5084 namque
1320 5023 1376 5072 et
1422 5033 1617 5087 puram
1670 5024 2039 5079 narrationem
2083 5025 2233 5090 facit,

2356 5025 2653 5096 Ιξ.πιτροπῆς
2676 5040 2692 5057 ο
2719 5027 2954 5099 πιθανήν
2981 5045 3037 5081 τε
3068 5028 3176 5100 γὰρ
3204 5007 3298 5083 καὶ
3324 5007 3575 5103 καθαρὰν
3605 5030 3704 5100 τὴν
3735 5028 3913 5099 διήγη-

658 5099 753 5153 sed
791 5116 901 5155 non
934 5114 1085 5159 recta
1146 5108 1212 5160 ad
1264 5109 1718 5179 amplificationes
1747 5123 1803 5170 et
1834 5117 2233 5186 aggerationcs,

2356 5134 2432 5171 σιν
2460 5121 2717 5183 ποιεῖται,
2753 5120 2869 5173 ἀλλ’
2920 5121 3020 5175 ούκ
3045 5099 3210 5186 εὐθὺς
3265 5124 3359 5177 ἐπὶ
3390 5099 3489 5187 τάξ
3528 5122 3787 5194 αὐξήσεις
3825 5116 3913 5171 καὶ

656 5196 720 5242 ιιι
750 5191 907 5246 multi
938 5192 1168 5262 faciunt,
1204 5202 1562 5257 convertitur.
1588 5202 1798 5260 Etenim
1830 5223 1940 5263 non
1971 5213 2236 5266 sunthaec

2356 5210 2443 5273 τὰς
2489 5209 2786 5274 δεινώσεις,
2840 5213 2977 5285 ὅπερ
3034 5212 3220 5267 πολλοὶ
3261 5214 3586 5285 πάσχουσιν,
3627 5191 3907 5279 ὑπάγεται.

656 5282 879 5350 propria
909 5282 1117 5357 489a
1146 5290 1341 5360 prima:
1372 5294 1453 5350 rei
1480 5296 1884 5367 explicationis,
1919 5301 2013 5356 sed
2050 5303 2231 5358 locum

2356 5300 2452 5353 Καὶ
2478 5300 2586 5372 γὰρ
2630 5302 2741 5356 οὐδ’
2770 5302 2815 5334 ⁸⁸
2842 5282 2988 5356 ἔστιν
3016 5305 3191 5358 οἰκεῖα
3219 5306 3288 5360 τὰ
3313 5282 3537 5359 τοιαῦτα
3565 5305 3668 5373 τῆς
3696 5298 3911 5373 πρώτης

658 5370 865 5429 habent
900 5375 955 5431 in
989 5382 1369 5450 sequentibus.
1419 5385 1673 5460 Magnam
1717 5400 1900 5447 autem
1934 5394 2231 5463 puritatem

2356 5370 2690 5457 Βιδασκαλίας
2738 5395 2834 5448 τοῦ
2894 5397 3254 5466 πράγματος,
3309 5397 3425 5451 ἀλλ’
3484 5399 3544 5452 ὲν
3601 5370 3715 5460 τοῖς
3741 5370 3753 5373 -
3780 5388 3909 5463 μετὰ

1924 5567 2161 5624 νΑῘῖΙιλΕ
2215 5566 2623 5628 LECTIONES.

726 5715 770 5749 τι
796 5717 1098 5842 ναυκληρίᾳ
1125 5717 1395 5792 Taylorus
1424 5723 1599 5781 Lectt.
1628 5725 1844 5799 Lysiae.
1908 5768 1921 5782 .
1960 5727 2084 5792 689,
2118 5729 2189 5786 cf.
2224 5746 2275 5800 p.
2311 5731 2416 5789 489
2447 5734 2477 5787 ὁ
2509 5734 2577 5790 57
2614 5745 2667 5792 et
2697 5736 2802 5794 490
2830 5735 2858 5791 ὁ
2884 5737 2976 5793 25.
3050 5732 3097 5769 ⁷⁸⁵
3130 5733 3163 5809 ἡ
3189 5728 3302 5792 om.
3341 5739 3407 5792 A.
3482 5738 3529 5772 "
3551 5736 3816 5829 διακόσιρι
3849 5746 3911 5797 ς·-

653 5788 695 5822 "
726 5797 951 5855 pra-stat
1038 5792 1199 5856 εινός.
1293 5795 1341 5826 ⁷⁸
1372 5793 1473 5866 τὴν
1511 5812 1621 5852 om.
1655 5800 1721 5852 Α.
1794 5799 1839 5832 ⁷⁵
1931 5799 1975 5852 Α
2000 5816 2014 5854 :
2042 5800 2127 5871 εἴη
2190 5818 2250 5865 ς.
2330 5804 2375 5835 ⁸ο
2415 5821 2477 5871 γε
2509 5820 2620 5860 om.
2663 5809 2728 5862 A.
2803 5810 2844 5843 ⁸⁸
2868 5825 2928 5862 τε
2964 5806 3149 5861 πολλοὶ
3179 5809 3303 5864 add.
3340 5810 3409 5866 Δ.
3482 5808 3527 5842 ⁸³
3562 5806 3699 5871 ουδ]
3730 5824 3826 5861 ουκ
3850 5805 3906 5856 υι

726 5797 951 5855 pra-stat
984 5792 1199 5856 δεινός.
1293 5795 1341 5826 ⁷⁸
1372 5793 1473 5866 τὴν
1511 5812 1621 5852 om.
1655 5792 1721 5852 Ᾱ.
1794 5799 1839 5832 ⁷⁵
1931 5799 1975 5852 Α
2000 5816 2014 5854 :
2042 5800 2127 5872 εἴη
2190 5792 2250 5865 ς’.
2330 5804 2375 5835 ⁸ο
2415 5821 2477 5872 γε
2509 5820 2620 5860 om.
2663 5792 2751 5862 Α.
2779 5792 2844 5843 ἠδ’
2868 5792 2939 5862 τε
2964 5792 3163 5861 πολλοί
3179 5809 3303 5864 add.
3340 5810 3409 5866 Δ.
3482 5808 3527 5842 δ’
3562 5806 3699 5880 οὐδ’]
3730 5808 3826 5861 οὐκ
