4152 6420
238 408 359 471 Ἱϐθ

1290 402 1811 464 BIBLIOTHECA.
1834 428 1893 437 -·-
1931 403 2095 465 COD.
2126 406 2401 465 CCLXII.

3400 397 3503 464 170

239 520 421 574 ταῦτα
478 515 662 587 χώραν
712 513 829 583 ἔχει
881 510 1297 585 καταλέγεσθαι.
1357 510 1518 583 [1461
1573 509 1666 581 3.]
1720 511 1831 563 Καὶ

1938 522 1987 566 et
2021 513 2465 583 perspicuitatem
2491 512 2541 566 in
2566 512 2731 568 rebus
2755 520 2809 567 et
2833 511 3033 581 verbis,
3062 510 3229 567 etiam
3256 510 3313 566 in
3345 513 3500 581 prin-

239 610 469 676 πολλὴν
495 608 553 662 δὲ
584 607 684 677 τὴν
708 605 1061 676 καθαρότητα
1090 605 1185 657 καὶ
1218 605 1518 675 σαφήνειαν
1550 601 1606 654 έν
1634 619 1694 654 τε
1722 603 1833 665 τοῖς

241 704 547 774 πράγμασι
571 700 668 753 καὶ
704 702 831 762 ταῖς
851 696 1061 760 λέξεσιν
1092 698 1191 749 ἀπ’
1216 696 1389 766 αὐτῆς
1415 696 1514 766 τῆς
1550 696 1645 748 τοῦ
1674 694 1832 762 λόγου

239 793 621 864 προϐάλλεται
662 790 861 862 ἀρχῆς,
902 788 1092 859 ὥσπερ
1144 789 1239 842 καὶ
1284 787 1348 841 τὸ
1397 789 1588 858 σχῆμα
1611 786 1676 840 τὸ
1708 788 1832 839 κατ’

237 888 467 941 εὐθεῖαν
498 884 742 956 ἁρμόζον
765 866 1174 953 ἀφηγήσει,”καὶ
1199 880 1262 934 τὸ
1288 879 1457 951 μηδέν
1472 897 1528 933 τι
1556 879 1601 912 ⁸³
1631 878 1833 945 ἔξωθεν

238 977 706 1047 συνεφέλκεσθαι.
743 975 817 1028 T6
848 975 905 1028 δὲ
935 976 1034 1045 τῆς
1059 972 1329 1044 ἁρμονίας
1357 970 1525 1025 αὐτοῦ
1550 970 1746 1033 κάλλος
1770 969 1833 1022 ού

240 1071 455 1130 παντός
490 1073 644 1123 εστιν
665 1065 1025 1122 αἰσθάνεσθαι
1049 1083 1063 1097 ⁸
1084 1065 1181 1121 καὶ
1214 1065 1323 1136 γὰρ
1345 1064 1495 1118 δοκεί
1523 1064 1623 1134 μὲν
1649 1062 1835 1125 ἁπλῶς

232 1165 334 1217 καὶ
363 1162 449 1226 ὡς
476 1160 638 1231 ἔτυχε
683 1157 1025 1228 συγκεῖσθαι,
1056 1158 1137 1221 είς
1183 1154 1492 1228 ὑπερϐολὴν
1533 1155 1589 1208 δὲ
1627 1156 1834 1225 κόσμου

236 1255 712 1309 κατεσκεύασται.
766 1252 879 1306 Καὶ
919 1250 1112 1314 ἁπλῶς
1156 1250 1277 1313 ὂλος
1305 1249 1352 1282 ⁸⁸
1394 1251 1422 1303 ὁ
1473 1248 1633 1316 λόγος
1685 1247 1834 1310 ἄξιος

237 1348 529 1418 Θαυμάσαι
560 1345 707 1398 κατά
756 1359 817 1396 τε
854 1342 922 1395 τὰ
952 1344 1212 1413 σχήματα
1234 1343 1329 1395 καὶ
1360 1341 1429 1394 τὰ
1459 1341 1713 1411 νοήματα
1738 1339 1832 1392 καὶ

1932 605 2076 675 cipio
2108 605 2373 660 orationis
2420 605 2686 670 ostendit,
2724 613 2783 659 ut
2814 605 2869 659 in
2914 604 3196 659 narrando
3222 603 3346 657 sine
3382 620 3499 656 am-

1931 695 2186 766 bagibus,
2262 706 2317 751 et
2372 695 2510 751 nihil
2555 707 2838 751 externum
2889 695 3113 750 aliunde
3159 694 3503 749 aseiscendo.

1930 785 2290 842 Venustatem
2322 796 2503 842 autem
2537 787 2959 856 compositionis
2991 801 3102 839 non
3130 783 3314 854 quivis
3345 782 3509 837 facile

1931 881 2335 936 animadvertit.
2366 879 2503 934 Nam
2556 881 2886 950 simpliciter
2928 888 2983 934 et
3020 893 3152 933 casu
3190 887 3250 931 ut
3297 890 3384 931 res
3415 875 3511 933 dat

1931 989 2013 1040 se,
2051 974 2233 1029 dicere
2262 974 2497 1039 videtur,
2545 973 2786 1043 assurgit
2836 980 3017 1026 tamen
3072 979 3268 1024 ornatu
3319 968 3374 1022 in
3407 967 3510 1021 im-

1932 1081 2213 1132 mensum,
2251 1076 2442 1135 eslque
2489 1066 2667 1120 oratio
2714 1064 2834 1133 ejus
2863 1072 2919 1118 et
2963 1070 3186 1132 propter
3224 1059 3506 1116 schemata

1930 1159 2091 1229 digna
2114 1157 2501 1226 admiratione,
2544 1166 2598 1211 et
2621 1162 2841 1226 propter
2879 1169 3124 1217 sensum,
3145 1162 3200 1207 et
3228 1152 3416 1215 verba,
3451 1159 3509 1204 et

1930 1248 2265 1302 concinnam
2288 1248 2484 1302 horum
2525 1245 3001 1315 compositionem,
3026 1253 3081 1297 et
3110 1241 3504 1302 inventionem,

1928 1351 1984 1393 et
2008 1339 2252 1393 ordinem
2287 1337 2748 1408 enthymematum
2790 1345 2843 1390 et
2876 1335 3362 1404 epicherematum.

237 1443 305 1495 τὰ
360 1442 615 1510 ὀνόματα
664 1438 755 1491 καὶ
808 1440 907 1509 τὴν
947 1439 1269 1509 ἐναρμόνιον
1326 1437 1530 1490 τούτων
1564 1435 1838 1504 συνθήκην
1878 1436 1968 1487 καἴ
1998 1432 2096 1505 τὴν
2129 1433 2353 1505 εὕρεσιν
2408 1434 2503 1487 καὶ
2568 1431 2721 1497 τάξιν
2746 1433 2853 1484 τῶν
2882 1430 3286 1501 ἐνθυμημάτων
3316 1446 3377 1482 τε
3413 1430 3508 1483 καὶ

242 1537 393 1603 ὲπιχε
404 1551 420 1585 ι
427 1550 498 1603 ρη
507 1533 715 1601 μάτων.

321 1629 759 1701 Ἀμφιϐάλλεται
808 1626 907 1698 μὲν
962 1624 1092 1694 παρ’
1140 1623 1302 1688 ἐνίοις
1357 1623 1405 1656 ⁸⁵
1449 1623 1480 1676 6
1539 1621 1673 1691 περὶ
1722 1619 1828 1675 τοῦ

2005 1621 2062 1673 1η
2090 1618 2313 1674 dubium
2344 1624 2527 1671 autem
2558 1630 2588 1667 a
2616 1612 2893 1667 nonnullis
2924 1618 3151 1666 vocatur
3181 1612 3357 1666 oratio
3378 1613 3508 1679 περὶ

245 1722 441 1790 σηκοῦ
486 1722 692 1789 λόγοςῗ
728 1723 759 1773 6
821 1718 989 1786 σηκὸς
1048 1716 1107 1770 δὲ
1158 1716 1253 1769 νῦν
1302 1710 1442 1778 εἶδός
1473 1716 1620 1767 ἐστιν
1679 1714 1829 1783 ἱερᾶς

1938 1711 2028 1764 τοῦ
2060 1710 2231 1781 σηκοῦ
2272 1722 2394 1780 quae
2422 1716 2507 1762 est
2534 1706 2744 1775 species
2782 1718 2949 1759 sacrae
2984 1704 3140 1757 olem.
3176 1703 3282 1759 Sed
3314 1718 3504 1759 verum

242 1813 454 1874 ἐλαίας.
509 1811 654 1865 Ἀλλ’
699 1809 782 1863 ὅτι
836 1810 936 1878 μὲν
988 1807 1207 1877 γνήσιος
1240 1806 1461 1867 Λυσίου,
1513 1803 1577 1856 ἐκ
1612 1820 1672 1855 τε
1720 1801 1831 1855 τῶν

1938 1807 2052 1874 ejus
2083 1818 2205 1859 esse
2234 1811 2515 1857 auctorem
2546 1798 2769 1869 Lysiam
2809 1812 2843 1853 e
2870 1797 3139 1867 capitibus
3168 1805 3415 1865 apparet,
3454 1806 3507 1849 et

247 1904 563 1975 κεφαλαίων
588 1902 750 1970 δῆλον
791 1900 887 1953 καὶ
925 1902 990 1952 ἐκ
1018 1899 1132 1951 τῶν
1169 1897 1297 1967 περὶ
1347 1893 1512 1948 αὐτοῦ
1548 1898 1831 1964 ἐπιχειρη-

254 1998 435 2069 μάτων
462 1995 567 2049 καὶ
597 1995 647 2025 ⁸⁸
682 1992 743 2058 ἐξ
772 1990 938 2046 αὐτοῦ
974 2008 1038 2059 γε
1065 1989 1156 2043 τοῦ
1188 1986 1476 2058 προοιμίου
1510 1987 1608 2055 τῆς
1650 2003 1709 2038 τε
1748 1984 1830 2037 δι-

252 2091 501 2160 ηγήσεως
550 2085 645 2141 καὶ
687 2083 780 2139 τοῦ
814 2082 1068 2151 ὲπιλόγου
1101 2081 1265 2152 (πάνυ
1298 2077 1536 2152 [797H.]
1572 2077 1684 2147 γὰρ
1721 2075 1835 2128 δαι-

261 2181 453 2251 μονίως
498 2179 596 2232 καὶ
652 2176 796 2231 κατά
824 2176 923 2246 τὴν
987 2173 1306 2243 εἰθισμένην
1356 2170 1434 2240 τῷ
1464 2169 1618 2238 ἀνδρὶ
1671 2171 1728 2221 ὲν
1768 2168 1831 2238 τῇ

270 2274 516 2342 ἁπλότητι
547 2268 829 2340 δεινότητά
856 2270 1005 2321 ἐστιν
1036 2262 1438 2336 ἐξειργασμένα
1479 2258 1676 2330 ταῦτα)
1702 2275 1715 2291 ·
1742 2258 1835 2311 καὶ

283 2368 383 2436 μὴν
402 2366 440 2438 'f‘
475 2368 565 2417 ml.
584 2364 647 2417 τὸ
692 2361 815 2417 κατ’
848 2361 1164 2432 ἐνθύμημα,
1201 2358 1337 2412 ἀλλά
1364 2355 1438 2427 μὴ
1465 2354 1587 2408 κατ’
1627 2352 1833 2423 ἐπιχεί-

288 2472 425 2524 ρημα
451 2453 701 2523 προάγειν
732 2453 829 2515 τὰς
863 2449 1166 2514 ἀποδείξεις
1214 2445 1310 2502 τοῦ
1370 2446 1573 2500 Λυσίου
1605 2442 1834 2514 μάλιστα

282 2548 339 2599 τὸ
368 2546 551 2616 ίδὲωμα
572 2544 930 2614 ἀπαγγέλλει.
966 2542 1126 2596 Ἀλλὰ
1163 2541 1257 2594 καὶ
1279 2539 1341 2592 τὸ
1377 2538 1453 2609 μὴ
1483 2535 1604 2588 καθ’
1633 2536 1691 2587 ἓν
1723 2535 1835 2587 δια-

275 2638 508 2708 τρίϐοντα
548 2636 812 2709 μηκύνειν
842 2636 935 2689 τὸν
968 2634 1126 2702 λόγον
1179 2632 1279 2701 τῆς
1307 2631 1400 2684 τοῦ
1432 2628 1635 2682 Λυσίου
1689 2627 1837 2680 ἐστὶν

262 2729 563 2798 ἀκριϐείας,
618 2730 718 2781 καὶ
743 2728 805 2780 τὸ
861 2725 1102 2792 εὐπαγὲς
1132 2723 1241 2776 τῶν
1274 2721 1471 2789 λόγων,
1501 2721 1598 2773 καὶ
1658 2716 1717 2771 τὸ
1750 2717 1836 2771 διὰ

265 2820 595 2891 βραχύτητος
650 2818 858 2889 πολλὴν
918 2818 1180 2887 παρέχειν
1238 2813 1455 2884 ἡδονὴν,
1502 2810 1532 2864 ὃ
1581 2810 1720 2879 μετά
1770 2826 1835 2876 γε

262 2911 607 2981 Δημοσθένην
638 2904 801 2973 οὗτος
869 2908 1029 2979 μόνος
1056 2908 1166 2960 τῶν
1208 2906 1384 2961 ἄλλων
1416 2903 1663 2975 ρητόρων
1712 2902 1838 2970 φαί-

261 3020 403 3056 νεται
444 3001 840 3073 κατορθώσας,
895 3002 991 3054 καὶ
1021 3000 1084 3052 τὸ
1126 2998 1319 3062 κάλλος
1348 2996 1406 3050 δὲ
1436 2995 1537 3065 τῆς
1570 2992 1838 3048 διατυπῶ-

259 3113 416 3161 σεως,
450 3098 512 3149 ἐν
542 3087 589 3162 ᾧ
620 3095 761 3165 μήτε
792 3092 1084 3154 Πλάτωνος
1113 3090 1254 3161 μήτε
1283 3077 1660 3160 Δημοσθένους
1699 3084 1835 3154 μήτε

253 3190 511 3260 Αἰσχίνου
528 3187 591 3242 τὸ
622 3186 843 3242 ἔλαττόν
874 3187 1022 3239 ἐστιν
1050 3182 1503 3253 ἀπενηνεγμένος.
1531 3178 1749 3247 ’ἰδίωμα
1772 3176 1830 3229 δὲ

250 3283 463 3337 Λυσίου
491 3280 592 3349 καὶ⁹
610 3280 671 3333 τὺ
691 3281 787 3343 τὰς
819 3278 1121 3340 ἀντιθέσεις
1148 3276 1409 3346 προάγειν
1440 3270 1707 3343 μηδαμῶς
1734 3269 1832 3337 μὲν

249 3371 635 3443 ἐμφαινούσας
670 3371 732 3424 τὸ
764 3368 1303 3438 ἐπιϐεϐουλευμένον,
1342 3366 1402 3418 τὸ
1437 3364 1495 3417 δὲ
1536 3363 1627 3415 ὑπ’
1656 3359 1835 3414 αὐτῶν

251 3467 350 3521 τῶν
378 3465 743 3536 πραγμάτων
773 3461 1189 3532 ἐπεσπασμένον
1220 3457 1505 3512 δεικνύειν.
1527 3454 1837 3525 Τεκμήριον

248 3558 300 3611 δὲ
363 3560 484 3629 τῆς
540 3556 821 3627 Λυσιακῆς
874 3555 1153 3624 δυνάμεως
1196 3551 1295 3604 καὶ
1348 3551 1409 3602 τδ
1462 3550 1520 3601 ὲν
1578 3547 1726 3617 πάσῃ
1772 3547 1842 3615 τῇ

248 3652 498 3723 περιόδῳ
520 3650 631 3703 τῶν
650 3650 824 3703 κόλων
846 3648 1182 3719 εὐάρμοστον
1196 3643 1292 3698 καὶ
1309 3642 1447 3713 μετὰ
1471 3638 1842 3710 καθαρότητος

246 3744 509 3806 εύανθές.
542 3742 752 3804 Παυλος
779 3741 842 3794 δέ
870 3756 932 3807 γε
962 3741 991 3791 ὁ
1024 3741 1089 3791 ὲκ
1117 3735 1331 3798 Μυσίας
1374 3733 1465 3787 τόν
1488 3750 1548 3785 τε
1581 3728 1842 3799 περὶτοῦ

245 3836 488 3906 σηκοῦ,
524 3835 704 3905 λόγον,
743 3833 895 3886 οὐδὲν
944 3831 1053 3883 τῶν
1103 3828 1411 3900 εἰρημένων
1469 3824 1692 3886 συνιεὶς,
1740 3822 1840 3889 τῆς

246 3930 353 4003 [τε]
384 3929 753 3999 γνησιότητος
780 3924 891 3978 τῶν
914 3923 1202 3977 Λυσιακῶν
1235 3918 1486 3973 ἐκϐάλλει
1513 3917 1709 3983 λόγων,
1744 3914 1839 3965 καὶ

246 4019 494 4080 πολλοὺς
522 4016 616 4069 καὶ
647 4013 845 4077 καλοὺς
867 4012 1059 4075 ἄλλους
1081 4012 1160 4071 είς
1181 4008 1365 4069 νόθους
1392 4004 1834 4076 ἀπορῤιψάμενος

247 4109 470 4177 πολλῆς
530 4106 623 4160 καὶ
683 4104 926 4176 μεγάλης
985 4101 1112 4162 τοὺς
1183 4097 1505 4167 ἀνθρώπους
1566 4091 1832 4159 ὠφελείας

1933 1912 1999 1951 ex
2025 1895 2383 1965 argumentis,
2424 1907 2456 1948 e
2505 1890 2796 1962 prommio,
2834 1890 3151 1943 narratione
3190 1898 3245 1942 et
3274 1888 3503 1957 epilogo.

1935 1984 2278 2041 Felicissime
2335 1982 2506 2045 enim,
2553 1990 2607 2035 et
2655 1987 2919 2035 consueta
2960 1977 3090 2031 huic
3133 1976 3402 2047 gravitate
3449 1976 3505 2031 in

1935 2070 2293 2140 simplicitate
2327 2079 2457 2124 sunt
2492 2068 2581 2122 illa
2610 2066 2938 2135 composita,
2976 2075 3030 2118 et
3072 2065 3373 2119 secundum
3406 2078 3507 2117 en-

1934 2165 2294 2234 thymemata,
2326 2170 2378 2216 et
2432 2174 2541 2213 non
2574 2157 2996 2228 epicherematis
3036 2155 3252 2225 singula
3281 2154 3509 2209 demon—

1938 2264 2137 2318 strare,
2164 2252 2341 2324 Lysiae
2376 2260 2621 2305 tenorem
2655 2249 2891 2303 maxime
2920 2246 3147 2312 indicat,
3179 2246 3312 2316 quin
3343 2246 3507 2300 etiam

1936 2344 2261 2409 orationem,
2294 2356 2401 2395 non
2435 2332 2531 2394 uni
2556 2339 2905 2393 ilnmorando
2931 2337 3254 2407 producere,
3278 2335 3509 2391 solertia:

1936 2433 2113 2504 Lysiae
2157 2438 2245 2486 est
2297 2446 2313 2505 ;
2361 2439 2422 2483 ut
2469 2437 2523 2483 et
2576 2428 2825 2483 soliditas
2875 2428 3224 2492 orationum;
3276 2426 3511 2494 denique

1936 2542 2189 2598 magnam
2223 2525 2491 2581 brevitate
2522 2523 2857 2592 voluptatem
2892 2521 3085 2575 afferre
3121 2521 3198 2591 (in
3232 2534 3341 2590 quo
3386 2528 3509 2587 post

1938 2620 2359 2676 Demosthenem
2416 2617 2568 2672 solus
2600 2615 2742 2668 inter
2778 2624 3006 2668 caeteros
3032 2621 3284 2667 oratores
3333 2608 3512 2664 excel-

1938 2714 2109 2770 luisse
2135 2713 2373 2782 videtur)
2409 2720 2463 2765 et
2493 2708 2848 2779 pulchritudo
2875 2706 3282 2774 descriptionis,
3308 2719 3417 2775 quo
3454 2702 3509 2756 in

1937 2816 2132 2872 genere
2180 2808 2360 2869 neque
2407 2797 2643 2862 Platoni,
2679 2811 2780 2850 nec
2824 2794 3115 2855 zEschini,
3158 2809 3260 2848 nec
3315 2792 3510 2847 Demo-

1938 2895 2120 2950 stheni
2165 2893 2330 2949 cedit.
2379 2891 2668 2961 Proprium
2700 2899 2883 2944 autem
2913 2887 3087 2960 Lysia:
3121 2898 3205 2943 est
3243 2888 3508 2942 antitheta

1938 2985 2205 3057 proferre,
2241 2999 2362 3055 quae
2395 3000 2504 3038 non
2556 2982 2852 3037 ostendant
2893 2983 3199 3052 captiosum
3231 2981 3384 3051 quid,
3414 2980 3511 3035 sed

1940 3091 1971 3129 a
1997 3077 2162 3131 rebus
2188 3075 2352 3129 ducta
2382 3075 2781 3129 demonstrent.
2814 3070 3042 3144 Signum
3068 3071 3319 3142 Lysianae
3347 3071 3513 3125 facul-

1938 3168 2068 3222 tatis
2107 3177 2211 3233 est,
2243 3175 2299 3221 et
2333 3166 2389 3220 in
2422 3166 2570 3219 omni
2609 3164 2835 3235 periodo
2873 3163 3247 3218 membrorum
3283 3164 3507 3217 conciu-

1942 3260 2107 3324 nitas,
2167 3268 2220 3313 et
2268 3274 2394 3315 cum
2455 3259 2695 3329 puritate
2743 3256 3019 3311 ﬂoridum.
3071 3255 3273 3311 Paulus
3325 3254 3510 3327 Mysus

1943 3352 2247 3407 orationem
2275 3351 2521 3405 eamdem
2556 3352 2688 3421 περὶ
2722 3348 2815 3402 τοῦ
2857 3347 3030 3418 σηκοῦ
3060 3364 3185 3402 eum
3216 3348 3360 3403 dicta
3404 3363 3513 3401 non

1949 3442 2291 3511 intelligeret,
2326 3456 2357 3494 a
2393 3440 2647 3511 genuinis
2701 3438 2881 3508 Lysia:
2933 3438 3278 3491 orationibus
3330 3446 3513 3490 exter-

1942 3536 2139 3598 minat,
2166 3542 2222 3586 et
2257 3532 2456 3585 multas
2507 3531 2877 3600 pulchrasque
2906 3530 3042 3583 alias
3084 3529 3358 3584 orationes
3390 3536 3514 3581 tan-

1939 3642 2102 3698 quam
2152 3625 2359 3680 alicnas
2394 3622 2649 3692 rejiciens
2674 3661 2690 3688 ,
2724 3637 2975 3691 magnam
3008 3621 3296 3674 utilitatem
3338 3619 3515 3672 homi-

1939 3720 2099 3774 nibus
2124 3717 2329 3787 eripuit
2356 3733 2370 3769 :
2403 3731 2517 3771 non
2545 3714 2786 3770 inventis
2809 3713 3047 3783 amplius
3078 3713 3165 3768 his
3197 3728 3321 3782 quae
3350 3712 3417 3765 ab
3448 3725 3516 3765 eo

1939 3813 1991 3866 in
2012 3808 2488 3879 reprehensionem
2512 3805 2856 3861 ceciderunt.
2884 3802 3063 3858 Semel
3091 3802 3235 3856 enim
3261 3801 3512 3863 seclusae,

1943 3904 2199 3974 neglectae
2256 3908 2405 3967 stitit,
2464 3898 2611 3969 quod
2667 3896 2866 3969 4891)
2926 3896 3276 3964 reprehensio
3324 3893 3517 3947 fortior

1941 4003 2104 4057 esset,
2145 3992 2612 4061 quemadmodum
2654 3988 2727 4043 in
2757 3988 2882 4043 aliis
2917 3986 3125 4052 multis,
3160 3985 3386 4039 veritate
3420 3987 3517 4039 de-

1940 4097 2099 4141 tecta.

246 4164 817 4269 ἀπεστέρησεν,“ούχ
865 4164 1395 4265 εὑρισκομένωνῗέτι
1442 4184 1551 4237 τῶν
1584 4181 1689 4235 ὑπὸ
1721 4176 1972 4247 διαϐολὴν
2006 4175 2278 4229 πεσόντων
2306 4168 2345 4205 ’⁷
2382 4170 2528 4235 ἅπαξ
2586 4170 2697 4240 γὰρ
2756 4167 3147 4239 ἀποκριθέντες
3223 4164 3516 4237 παρεωρά-

246 4263 492 4369 θησανιν
520 4263 982 4366 ἐπικρατεστέρας
1039 4288 1139 4357 τῆς
1190 4282 1465 4351 διαϐολῆς,
1498 4280 1686 4347 ῶσπερ
1735 4274 1829 4328 καὶ
1868 4273 1955 4325 ἐπ’
1990 4272 2164 4326 ἄλλων
2197 4269 2427 4334 πολλῶν,
2473 4268 2508 4338 ἢ
2538 4267 2637 4334 τῆς
2666 4263 2929 4369 ἀληθείας
2944 4263 3339 4337 γεγενημένης.

322 4354 500 4444 ,Εσξι
522 4388 581 4441 δὲ
606 4354 666 4450 ὀί
679 4354 896 4446 Λυσίαςί
910 4380 1081 4444 δεινὸς
1098 4354 1215 4450 ⁷μὲν
1252 4373 1618 4444 παθηνασθαι,
1648 4368 1837 4437 ἐπιτή-

2015 4367 2210 4419 Dexter
2259 4371 2441 4417 autem
2488 4369 2544 4415 et
2598 4372 2729 4412 acer
2777 4354 2881 4409 fuit
2914 4356 3103 4426 Lysias
3151 4355 3219 4409 ad
3266 4368 3517 4409 commO'

246 4486 397 4546 δειος
437 4481 499 4533 δὲ
527 4481 653 4542 τοὺς
674 4477 810 4548 πρὸς
839 4474 1068 4545 αὔξησιν
1098 4471 1358 4526 διαθεῖναι
1380 4469 1594 4535 λόγους.
1622 4462 1778 4523 Τινὲς
1794 4460 1841 4491 ⁸⁸

253 4578 358 4648 μὲν
432 4572 527 4625 οὖν
584 4568 696 4623 τῶν
727 4569 855 4639 περὶ
906 4567 1033 4629 τοὺς
1077 4561 1399 4635 ῥητορικοὺς
1464 4554 1843 4625 διατριϐόντων

251 4644 483 4740 λόγους,
523 4666 570 4698 θ’
600 4665 702 4718 οὐκ
752 4661 924 4734 ὀρθῶς
971 4659 1016 4691 ⁸ο
1053 4655 1376 4727 ὑπήχθησαν
1427 4649 1599 4702 εἰπεῖν
1632 4647 1675 4679 ⁹¹
1715 4644 1845 4714 περὶ

248 4738 474 4820 Λυσίου
503 4758 579 4821 ὡς
635 4752 915 4818 ἀποδεῖξαι
949 4752 1049 4822 μὲν
1077 4750 1146 4803 τά
1173 4745 1496 4816 ἐγκλήματα
1530 4738 1660 4807 παρ’
1695 4739 1844 4790 ὁντι-

256 4854 442 4909 ναοῦν
485 4850 599 4903 τῶν
644 4844 887 4901 παλαιῶν
919 4843 1126 4913 ἀνδρῶν
1161 4840 1224 4893 τὸ
1250 4834 1686 4908 προκεκριμένον
1709 4831 1843 4902 ἔχει,

253 4947 508 5015 αὐξῆσαι
526 4942 583 4994 δὲ
609 4940 779 4993 ταῦτα
805 4931 1239 5015 πολλῶνένδεής.
1263 4929 1373 4983 Καὶ
1396 4928 1508 4996 γὰρ
1530 4926 1844 4993 ἐλέγχονται

257 5035 530 5106 φανερῶς
570 5031 676 5084 ὑπὸ
701 5030 809 5083 τῶν
826 5026 989 5082 αὐτοῦ
1016 5012 1191 5094 λόγων
1222 5022 1363 5077 πολὺ
1382 5020 1483 5088 τῆς
1507 5018 1593 5070 ἐπ’
1616 5015 1766 5085 αὑτῷ
1793 5015 1839 5045 ⁸⁸

259 5126 729 5197 διασφαλλόμενοι
764 5120 1015 5191 κρίσεως.
1047 5119 1162 5173 Καὶ
1198 5113 1429 5185 μάλιστά
1455 5128 1518 5178 γε
1562 5108 1785 5169 τούτους
1818 5107 1846 5159 ό

264 5224 414 5278 κατά
436 5215 896 5289 Μνησιπτολέμου
925 5211 1192 5279 διελέγχει
1220 5226 1235 5240 ·
1264 5204 1588 5275 θαυμαστῶς
1616 5202 1725 5272 γὰρ
1746 5201 1844 5269 τὴν

263 5310 619 5383 κατηγορίαν
644 5307 693 5341 ⁸³
722 5304 858 5375 πρὸς
882 5300 1108 5373 μέγεθος
1137 5293 1289 5361 οὗτος
1303 5295 1532 5365 ηὔξησε.
1562 5292 1843 5354 Καικίλιος

266 5406 325 5459 δὲ
359 5401 672 5475 ἁμαρτάνει
717 5394 995 5467 εὑρετικόν
1020 5392 1121 5463 μὶν
1158 5390 1255 5442 τὸν
1279 5388 1470 5457 ἄνδρα,
1500 5387 1657 5456 εἴπερ
1686 5383 1843 5458 ἀλλον

1940 4457 2146 4511 vendos
2174 4454 2425 4515 aﬂ‘ectus,
2478 4462 2533 4506 et
2563 4450 2838 4505 orationis
2868 4448 3270 4517 ampliﬁcanda:
3301 4450 3519 4519 egregie

1941 4548 2174 4618 peritus.
2198 4541 2460 4597 Nonnulli
2492 4542 2659 4612 igitur
2681 4540 2931 4601 rhetores
2955 4554 3061 4590 nou
3089 4547 3234 4593 recte
3261 4538 3328 4593 de
3356 4538 3517 4609 Lysia

1942 4640 2223 4702 dixerunt,
2249 4635 2539 4691 ostendere
2568 4633 2803 4688 crimina
2838 4646 2950 4699 prae
2981 4633 3215 4696 caneris,
3251 4633 3345 4702 qui
3377 4640 3522 4685 ante-

1941 4736 2253 4801 cesserunt,
2288 4742 2470 4797 posse,
2509 4725 2915 4796 ampliﬁcandis
2956 4740 3087 4780 vero
3116 4726 3181 4780 iis
3211 4725 3386 4778 multo
3435 4725 3520 4776 in-

1944 4822 2204 4877 feriorem
2268 4834 2411 4887 esse.
2472 4817 2685 4873 Etenim
2759 4826 2945 4886 aperte
3016 4815 3337 4869 refelluntur
3402 4815 3521 4884 ejus

1941 4912 2312 4979 orationibus,
2362 4911 2561 4981 quibus
2603 4909 2876 4980 judicium
2928 4922 3117 4964 eorum
3169 4907 3365 4961 falsum
3399 4922 3523 4961 esse

1942 5009 2311 5073 convincitur,
2339 5017 2395 5061 et
2424 5008 2661 5061 maxime
2687 5006 2935 5061 oratione
2973 5013 3167 5059 contra
3226 5002 3525 5071 Mnesipto-

1942 5103 2147 5156 lemon.
2171 5100 2367 5154 Mirum
2398 5102 2543 5156 enim
2577 5100 2630 5153 in
2661 5098 2889 5153 modum
2906 5095 3312 5152 accusationem
3338 5104 3519 5163 auget.

1942 5193 2103 5248 Errat
2132 5202 2184 5249 et
2221 5192 2497 5257 Caecilius,
2532 5193 2626 5261 qui
2658 5206 2783 5247 cum
2820 5192 2966 5245 hunc
2994 5190 3133 5243 inter
3162 5188 3301 5241 alios
3334 5188 3526 5240 inven-

1942 5288 2093 5342 tione
2144 5294 2404 5355 praestare
2453 5293 2691 5348 asserat,
2725 5283 2945 5337 inventa
2994 5292 3172 5335 tamen
3229 5280 3523 5348 disponere

1944 5378 2169 5448 perinde
2191 5391 2352 5446 posse
2373 5385 2552 5445 negat,
2576 5375 2702 5430 licet
2736 5375 2849 5429 hac
2867 5373 3082 5429 virtutis
3116 5371 3333 5427 dicendi
3364 5380 3519 5439 parte

1601 5545 1835 5599 VARI/IS
1882 5541 2289 5597 LECTIONES.

346 5706 397 5735 ³³
421 5721 472 5756 τι
510 5702 551 5755 Β
578 5712 633 5755 et
683 5712 825 5752 corr.
857 5696 900 5748 Α
956 5713 969 5748 :
1018 5694 1111 5765 τὴν
1160 5712 1257 5765 (3.7
1295 5693 1339 5722 ⁸³
1371 5689 1488 5765 ὅλος
1515 5687 1730 5765 ξηιλ-Λ.

251 5778 323 5814 -θθ
351 5777 496 5837 τινὲς
521 5770 710 5827 om.B.
803 5766 849 5799 ⁸⁸
882 5766 1071 5831 λόγους
1100 5780 1207 5837 orn.
1232 5764 1293 5817 Β.

1807 5689 1851 5719 ⁸⁸
1885 5688 1912 5739 6
1943 5688 2072 5753 παρ’
2104 5683 2265 5746 ἐνίοις
2296 5700 2355 5745 ς.

1367 5763 1411 5791 ⁹⁰
1444 5758 1845 5829 ὀρθῶςᾼὺπήχθ.
1882 5758 1941 5811 Β.

2440 5685 2500 5717 ηδε
2526 5685 2619 5735 καὶ
2648 5683 2771 5737 add,
2808 5683 2873 5736 Α,
2968 5683 3012 5715 ⁸⁷
3043 5681 3136 5736 καὶ
3167 5681 3271 5752 μὴν
3294 5680 3417 5734 add.
3451 5680 3517 5752 Λ.

2018 5751 2059 5789 δι
2098 5756 2271 5808 εἰπεῖν
2292 5754 2419 5823 περὶ
2440 5753 2799 5824 Λυσίου]περ“ι
2828 5755 3025 5808 Λυσίου
3059 5755 3233 5806 εἰπεῖν
3257 5752 3365 5806 τῶν
3391 5751 3521 5820 περὶ

278 5825 379 5899 του
407 5825 753 5917 ςρἦτορικούς
797 5854 937 5899 τινες
954 5825 1339 5904 ’διατριϐόντων
1384 5825 1573 5911 λόγους
1608 5826 1666 5881 Β.
1743 5825 1791 5862 δέ
1823 5830 1953 5887 αὐτὸ
1986 5842 2049 5889 ς.
2122 5826 2168 5857 ’³
2204 5825 2574 5895 προσηγορίαν
2605 5825 2672 5878 Α.

575 5935 847 5994 ΡΑτιιοι..
880 5933 995 5991 Gn.
1020 5928 1176 5990 CIV.

3022 5919 3063 5979 6
