4152 6428
681 392 779 459 171

1836 389 2099 453 PHOTII
2136 386 2644 450 PATRIARCH/E
2672 387 2781 449 CP.

3836 391 3929 462 172

679 505 886 563 nemini
919 505 1113 561 cedere
1156 502 1424 559 videatur.
1466 501 1609 558 Vidit
1658 500 2084 558 Demosthenem
2121 502 2254 558 ado-

2358 500 2502 563 τινὰ,
2529 498 2912 571 συνομολογῶν
2933 539 2948 565 ,
2982 498 3335 571 οἰκονομῆσαι
3353 498 3412 554 δέ
3451 499 3524 555 τά
3543 501 3827 573 εὑρεθέντα
3842 504 3929 579 ὡκ

684 595 982 649 lescentem
1042 592 1262 661 Lysias,
1320 600 1644 663 patremque
1706 592 1902 647 habuit
1955 592 2259 663 Cephalum

680 687 973 759 Lysaniam
1008 686 1235 757 Cephali
1277 686 1470 742 lilium.
1527 685 1575 742 Is
1623 686 1847 742 natione
1881 686 2261 758 Syracusanus

680 782 802 836 fuit.
851 782 1093 836 Athenas
1138 794 1262 834 cum
1317 780 1632 852 migrasset,
1670 780 1870 850 partim
1910 780 2066 835 urbis
2112 779 2261 834 desi-

679 875 835 929 derio
864 883 1079 943 captus,
1117 872 1313 942 partim
1344 872 1569 928 Periclis
1599 872 1899 943 Xanthippi
1951 872 2045 927 lilii
2115 872 2261 928 fama

680 967 974 1031 excitatus,
1012 966 1083 1019 ibi
1117 965 1294 1036 primo
1321 966 1545 1036 quidem
1579 980 1704 1019 cum
1732 963 2056 1021 clarissimis
2086 964 2259 1019 Athe-

682 1057 968 1113 niensibus
998 1057 1351 1113 erudiebatur
1380 1073 1395 1111 :
1431 1065 1725 1128 postquam
1760 1071 1890 1113 vero
1935 1055 2131 1113 civitas
2162 1070 2260 1112 co-

682 1151 886 1207 loniam
922 1149 1176 1222 Sybarim
1215 1149 1389 1215 misit,
1419 1150 1557 1205 abiit
1590 1164 1701 1205 una
1745 1163 1871 1205 cum
1901 1147 2074 1205 fratre
2100 1148 2261 1205 Pole-

682 1246 910 1300 marcho
980 1253 1112 1298 natu
1175 1241 1442 1307 maximo,
1508 1251 1569 1298 ut
1627 1241 1960 1299 hereditatis
2022 1252 2262 1314 paternae

680 1338 960 1409 particeps
1011 1336 1185 1391 lieret.
1241 1334 1379 1391 Cum
1432 1336 1546 1405 jam
1599 1334 2008 1407 quindecimum
2052 1351 2257 1391 annum

682 1438 888 1501 ageret,
922 1429 1067 1499 apud
1096 1426 1328 1495 Tisiam,
1356 1436 1413 1483 et
1441 1426 1651 1483 Niciam
1693 1426 2072 1500 Syracusanos
2098 1426 2261 1484 insti-

681 1526 877 1591 tuitur,
913 1541 1151 1597 cumque
1173 1526 1399 1581 domum
1447 1533 1846 1595 comparasset,
1885 1534 2051 1596 atque
2080 1524 2260 1581 haere-

679 1620 903 1675 ditatem
942 1627 1091 1674 esset
1125 1626 1496 1684 consecutus,
1535 1618 1671 1673 vixit
1716 1618 1774 1673 in
1818 1633 2036 1674 summa
2081 1617 2258 1673 abun-

680 1711 868 1765 dantia
900 1725 1078 1780 usque
1106 1709 1175 1764 ad
1206 1708 1457 1765 Clearchi
1485 1718 1801 1780 praeturam,
1834 1708 2081 1780 sequenti
2113 1722 2261 1764 anno

680 1812 1000 1867 accusatus,
1035 1802 1182 1873 quod
1230 1811 1420 1873 partes
1461 1801 1878 1857 Atheniensium
1911 1809 2257 1871 sequeretur,

682 1910 808 1951 cum
840 1896 965 1950 aliis
994 1895 1171 1951 tribus
1227 1904 1312 1949 est
1338 1893 1516 1965 patria
1546 1894 1825 1964 expulsus.
1862 1891 2106 1948 Athenas
2125 1906 2257 1945 vero

681 2002 808 2043 cum
844 1986 1107 2050 venisset,
1144 2002 1269 2041 cum
1300 1985 1415 2056 jam
1461 1985 1845 2057 quadringenti
1888 1984 1991 2039 viri
2040 1998 2260 2053 rempu-

683 2075 882 2131 blicam
920 2075 975 2130 in
1022 2090 1180 2130 suam
1226 2075 1487 2130 ditionem
1532 2074 1890 2145 redegissent,
1935 2072 1993 2128 in
2033 2086 2097 2128 ea
2127 2072 2256 2144 egit.

682 2167 821 2222 Cum
858 2183 991 2223 vero
1022 2167 1249 2238 triginta
1298 2167 1403 2222 viri
1452 2167 1849 2237 rempublicam
1898 2165 2257 2235 recepissent,

679 2258 883 2315 mansit
906 2274 1084 2316 annos
1113 2269 1321 2330 septem
1359 2276 1375 2315 :
1418 2258 1665 2330 privatus
1698 2272 1832 2315 vero
1877 2258 2255 2322 facultatibus,

678 2367 745 2407 ac
769 2352 938 2407 fratre
966 2351 1321 2408 Polemarcho
1363 2352 1595 2417 amisso,
1636 2351 1755 2423 ipse
1797 2366 1941 2424 aegre
1985 2350 2256 2422 elfugiens

677 2444 1056 2500 imminentem
1105 2444 1428 2511 interitum,
1474 2445 1585 2513 egit
1626 2443 1881 2519 Megaris.
1934 2442 2256 2499 Tribulibus

674 2552 806 2591 vero
836 2536 983 2593 illius
1014 2535 1249 2591 reditum
1280 2537 1622 2607 urgentibus,
1651 2536 1983 2593 utilissimus
2007 2536 2255 2593 omnium

675 2626 803 2689 fuit,
841 2627 967 2682 data
1008 2628 1157 2683 mille
1199 2628 1586 2684 drachmarum
1642 2628 1897 2699 pecunia,
1942 2636 1997 2684 et
2049 2626 2255 2699 clypeis

674 2720 951 2785 ducentis,
1004 2721 1321 2791 missusque
1371 2736 1497 2777 cum
1555 2719 1830 2777 Hermone
1893 2719 2255 2776 subsidiarios

680 2813 883 2869 milites
932 2815 1187 2868 mercede
1227 2812 1491 2867 conduxit
1522 2821 1794 2867 trecentos
1822 2818 1880 2867 et
1916 2810 2082 2877 duos,
2127 2826 2255 2883 per-

674 2904 962 2975 suasitque
1018 2902 1360 2976 Thrasybulo
1414 2903 1617 2960 Eliensi
1667 2902 1869 2977 490a
1913 2904 2134 2975 hospiti,
2196 2912 2256 2959 ut

675 2996 787 3051 duo
819 2996 1025 3050 talenta
1063 2995 1238 3051 daret.
1293 2996 1389 3051 His
1420 2995 1487 3051 de
1527 2996 1716 3052 causis
1769 3011 1897 3051 cum
1938 2996 2256 3066 scripsisset

675 3087 1058 3160 Thrasybulus
1075 3086 1167 3159 jus
1195 3088 1433 3144 civitatis
1468 3088 1543 3143 illi
1577 3096 1698 3159 post
1726 3088 1962 3145 reditum
2007 3088 2250 3144 dandum

673 3195 819 3244 esse,
871 3179 1108 3250 populus
1161 3179 1514 3236 Atheniensis
1558 3180 1763 3236 donum
1812 3191 1991 3237 ratum
2038 3181 2250 3237 habuit.

674 3274 951 3328 Archinus
1003 3288 1137 3328 vero
1196 3288 1322 3329 cum
1370 3282 1596 3329 accusat
1658 3274 1984 3329 violatarum
2043 3275 2247 3347 legum,

672 3364 823 3435 quod
852 3364 1097 3419 nondum
1141 3362 1287 3420 facto
1332 3364 1835 3431 senatusconsulto,
1857 3364 2062 3420 donum
2094 3379 2251 3420 acce-

677 3456 869 3524 pisset.
927 3456 1231 3526 Postquam
1275 3470 1405 3511 vero
1440 3455 1721 3511 decretum
1772 3455 2094 3528 abrogatum
2142 3462 2248 3520 est,

668 3547 797 3618 jure
846 3547 1110 3614 civitatis,
1158 3555 1216 3602 et
1265 3546 1535 3617 reliquum
1572 3556 1785 3619 tempus
1828 3546 2053 3618 perinde
2094 3561 2159 3603 ac
2205 3546 2250 3602 si

671 3640 810 3695 civis
833 3638 1049 3707 luisset,
1076 3638 1366 3711 transegit,
1391 3639 1637 3710 obiitque
1659 3638 1865 3695 ibidem
1891 3653 2065 3696 annos
2088 3648 2252 3695 natus

673 3742 785 3788 tres
808 3741 861 3788 et
893 3732 1198 3803 octoginta,
1228 3730 1323 3788 alii
1353 3738 1561 3803 septem
1584 3732 1933 3789 subtrahunt.

1308 4000 1583 4058 CCLXIII.

1262 4094 1393 4150 Ιεωέ
1425 4097 1716 4153 orationes.

743 4186 1002 4259 Legimus
1020 4188 1204 4245 varias
1226 4190 1508 4247 orationes
1523 4188 1641 4247 [sati
1669 4209 1683 4247 :
1708 4206 1944 4263 quarum
1967 4207 2250 4259 numerus,

678 4286 737 4332 ut
768 4278 939 4333 semel
973 4279 1178 4345 dicam,
1233 4278 1522 4349 sexaginta
1550 4288 1793 4349 quatuor
1820 4297 1834 4335 :
1866 4295 2100 4350 quarum
2130 4295 2253 4352 ger-

673 4388 853 4427 mana:
889 4374 1069 4428 solum
1110 4374 1534 4446 quinquaginta.
1584 4372 1805 4446 Lysiam
1855 4383 2039 4430 autem
2080 4378 2253 4447 potis-

674 4464 876 4519 simum
908 4464 1156 4519 imitatus
1182 4474 1287 4524 est.
1318 4464 1484 4534 cujus
1514 4474 1570 4520 et
1599 4464 1904 4536 discipulus
1950 4464 2073 4523 luit.
2121 4465 2251 4521 lmi-

2363 590 2537 657 οὓτως
2581 593 2767 647 ίκανόν
2797 610 2812 625 ·
2846 594 2943 647 καὶ
2996 594 3107 665 γάρ
3148 593 3253 647 κάν
3303 592 3486 665 τούτῳ
3522 593 3605 665 τῷ
3640 595 3794 665 μέρει
3838 598 3927 669 τῆς

2361 685 2567 757 ἀρετῆς
2596 685 2693 740 τοῦ
2722 685 2882 755 λόγου
2907 684 3120 750 οὐδενὸς
3147 686 3341 756 όρᾶται
3370 684 3723 757 φαυλότερος.
3750 683 3928 743 Εἷδεδὶ

2362 779 2718 850 Δημοσθένην
2757 779 3045 851 μειράκιον
3076 780 3124 812 ’δ
3168 779 3320 834 ὄντα.
3376 778 3515 842 Παῖς
3562 778 3622 832 δέ
3660 778 3878 849 γέγονεν
3902 784 3929 837 ό

2360 869 2567 933 Λυσίας
2596 868 2849 939 Κεφάλου
2876 868 2972 924 τοῦ
3014 868 3286 924 Λυσανίου
3316 866 3410 923 τοῦ
3453 868 3741 938 Κεφάλου,
3786 870 3929 938 γένος

2364 960 2464 1030 μὲν
2475 960 2862 1031 Συρακούσιος,
2894 958 3311 1032 μετανάστηςᾶ
3329 958 3573 1029 γεγονὼς
3600 958 3680 1024 είς
3715 959 3930 1031 Ἀθήνας

2361 1051 2514 1123 πόθῳ
2532 1069 2594 1106 τε
2627 1052 2724 1123 τῆς
2758 1052 2967 1118 πόλεως
3010 1052 3106 1107 καὶ
3136 1052 3237 1123 τῆς
3267 1049 3603 1123 Περικλέους
3653 1049 3751 1105 τοῦ
3804 1050 3929 1108 Ξαν-

2361 1145 2563 1200 θίππου
2619 1147 2829 1217 φήμης,
2882 1138 3005 1218 ἕνῇ
3045 1144 3116 1199 τὰ
3162 1144 3263 1215 μὲν
3296 1144 3493 1215 πρῶτα
3526 1141 3928 1198 συνεπαιδεύετο

2360 1241 2475 1302 τοῖς
2505 1238 2960 1309 ἐπιφανεστάτοις
2988 1237 3098 1292 τῶν
3133 1236 3457 1308 ’Δθηναίων,
3488 1233 3718 1308 ὕστερον
3738 1235 3796 1290 δι
3838 1234 3929 1305 τήν

2360 1328 2600 1393 είς,Σύϐα
2606 1346 2692 1400 ριν
2708 1329 2966 1384 ἀποικίαν
2982 1325 3311 1397 στελλούσης
3325 1325 3428 1397 τῆς
3438 1324 3651 1390 πόλεως
3672 1323 3829 1397 [1464
3842 1322 3927 1397 R.]

2360 1417 2531 1489 ᾤχετο
2557 1418 2653 1473 καὶ
2701 1417 2867 1480 αύτδς
2906 1416 3006 1472 σὺν
3031 1415 3111 1487 τῷ
3137 1414 3505 1487 πρεσϐυτάτῳ
3543 1411 3655 1467 τῶν
3698 1410 3928 1481 ἀδελφῶν

2359 1508 2719 1581 Πολεμάρχῳ,
2760 1509 2845 1579 ἐφ’
2870 1501 2916 1577 ᾧ
2942 1506 3036 1561 τοῦ
3071 1505 3330 1579 πατρῴου
3355 1505 3650 1576 μετασχεῖν
3696 1502 3925 1573 κλήρουο

2360 1598 2479 1663 ἔτος
2504 1598 2563 1652 δὲ
2589 1596 2973 1663 ὲξκαιδέκατον
2989 1598 3036 1630 ⁸³
3078 1590 3207 1667 ἦγε.
3250 1593 3367 1649 Καὶ
3408 1592 3683 1664 διέτριϐεν
3726 1587 3926 1661 ἀκροῶ·

2362 1705 2522 1759 μενος
2551 1688 2740 1743 Τισίου
2773 1704 2833 1741 τε
2867 1686 2965 1741 καὶ
3000 1685 3174 1740 Νικία
3203 1682 3313 1739 τῶν
3342 1682 3730 1757 Συρακουσίων
3752 1682 3817 1736 ⁸⁸.
3845 1680 3921 1735 Ol-

2361 1778 2486 1831 κίαν
2510 1778 2567 1833 δὲ
2594 1777 3152 1848 κατασκευασάμενος
3180 1776 3279 1832 καὶ
3312 1775 3519 1847 κλήρου
3551 1772 3733 1844 τυχὼν
3762 1772 3927 1826 έπολι-

2292 1858 2334 1915 Β
2362 1869 2551 1923 τεύετο
2579 1868 2689 1921 τῶν
2720 1867 2931 1922 πολλῶν
2972 1866 3103 1940 [798
3150 1865 3249 1939 H.]
3294 1866 3397 1922 οὐκ
3448 1865 3791 1933 ένδεέστερον
3832 1861 3925 1925 ἕως

2363 1963 2646 2035 Κλεάρχου
2700 1961 2797 2018 τοῦ
2857 1961 3152 2034 Ἀθήνῃσιν
3208 1961 3473 2034 ἄρχοντος
3504 1974 3523 1993 ο
3575 1956 3657 2030 τῷ
3703 1956 3760 2011 δὲ
3809 1954 3923 2026 ἑξῆς

2362 2054 2595 2127 ἐνιαυτῷ
2646 2052 2947 2119 ἀττικίζειν
3004 2052 3274 2119 αίτιαθεὶς
3328 2053 3451 2125 μεθ’
3506 2051 3710 2123 ἑτέρων
3768 2046 3924 2120 τριῶν

2362 2147 2589 2214 ἐξέπεσε
2617 2147 2716 2219 τῆς
2745 2147 3022 2219 πατρίδος.
3054 2146 3313 2222 Ἀθήνῃσι
3340 2147 3399 2202 δὲ
3417 2140 3810 2218 παραγεγονὼς
3828 2138 3926 2193 τῶν

2361 2240 2407 2295 λ’
2433 2241 2534 2312 τὴν
2562 2239 2716 2294 πόλιν
2752 2240 2985 2311 ἑχόντων
3022 2239 3293 2311 διέμεινεν
3326 2239 3373 2273 "
3404 2238 3598 2294 αὐτόθι
3620 2252 3636 2267 ·
3683 2234 3789 2290 τῶν
3817 2229 3924 2286 λ’δδ

2361 2332 2463 2405 τὴν
2492 2332 2647 2387 πόλιν
2694 2331 3227 2404 ἀντικατασχόντων,
3265 2329 3312 2397 ζ’
3370 2332 3472 2404 μὲν
3502 2331 3601 2402 ῑτη
3648 2326 3921 2397 διέμεινεν.

2363 2422 2711 2497 Ἀφαιριθεὶς
2762 2424 2821 2479 δέ
2846 2424 2948 2497 τὴν
2992 2423 3182 2479 οὐσίαν
3208 2423 3306 2480 καὶ
3355 2424 3449 2479 τὸν
3478 2420 3706 2492 ἀδελφὸν
3733 2415 3924 2487 Πολέμ-

2360 2532 2536 2588 αρχον
2576 2516 2887 2585 ἀποϐαλὼν,
2944 2516 3107 2581 αὐτὸς
3144 2515 3301 2589 μόλις
3329 2515 3558 2589 διαδράς
3589 2516 3686 2569 τὸν
3712 2513 3921 2580 έπικρε-

2361 2607 2604 2679 μάμενον
2648 2607 2891 2679 ὄλεθρον,
2936 2608 3126 2678 διῆγεν
3160 2609 3236 2662 ’ὲν
3278 2608 3583 2680 Μεγάροις.
3613 2605 3735 2660 Τῶν
3756 2602 3800 2658 δ’
3823 2598 3921 2655 ἀπὸ

2358 2700 2539 2771 Quid?“
2583 2700 2921 2772 ἐπιθεμένων
2966 2704 3033 2772 τῇ
3067 2700 3280 2773 καθόδῳ
3314 2701 3739 2774 χρησιμώτατος
3766 2693 3922 2749 ἀπάν-

2357 2810 2468 2847 των
2484 2793 2675 2863 γέγονε
2735 2796 2802 2865 τῇ
2860 2794 3100 2865 πράξει·
3165 2794 3424 2865 χρήματά
3474 2810 3537 2847 τε
3606 2790 3715 2860 γὰρ
3773 2784 3921 2847 αύτδς

2357 2884 2566 2957 παρέχε
2578 2884 2884 2956 δραχμάς⁹⁶
2904 2883 3169 2955 δισχιλίας
3182 2884 3277 2938 καὶ
3291 2883 3528 2947 ἀσπίδας
3550 2880 3627 2948 ς’,
3650 2876 3853 2939 σταλεὶς
3870 2871 3921 2926 δδ

2360 2978 2459 3031 σὺν
2508 2978 2737 3049 Ἐρμονι
2789 2977 3116 3048 ἐπικούρους
3172 2992 3233 3031 τε
3317 2976 3665 3044 έμισθώσατο
3708 2976 3773 3035 τ’,
3836 2964 3921 3021 καὶ

2358 3068 2696 3139 Θρασύδαιον
2739 3069 2832 3123 τὸν
2875 3068 3083 3124 Ἠλεῖον
3111 3067 3297 3122 έπεισε
3352 3067 3510 3134 ξένον
3540 3068 3671 3123 ὄντα
3706 3058 3846 3131 αύτῷ
3879 3059 3917 3127 β’

2358 3159 2597 3216 τάλαντα
2630 3162 2956 3233 παρασχεῖν.
2998 3160 3115 3230 Ἐφ’
3150 3152 3233 3224 οἷς
3263 3158 3470 3231 γράφει
3510 3159 3612 3233 μὲν
3659 3152 3791 3227 μετά
3832 3149 3920 3217 τὴν

2355 3254 2580 3309 κάθοδον
2624 3256 2654 3309 ό
2694 3252 3075 3325 Θρασύϐουλος
3103 3252 3379 3308 πολιτείαν
3413 3254 3589 3325 αύτῷ,
3612 3252 3642 3305 ό
3668 3249 3727 3305 δὲ
3766 3246 3918 3314 δῆμος

2351 3345 2601 3419 ἐκύρωσε
2643 3345 2743 3418 τὴν
2777 3345 3009 3418 δωρεάν.
3046 3346 3292 3417 ’Δρχῖνος
3310 3344 3388 3408 δὲ,
3415 3344 3513 3400 διὰ
3560 3344 3622 3398 τὸ
3667 3331 3919 3419 ἀπροσοΰξ

2351 3418 2537 3492 λευτον
2570 3436 2891 3508 είσαχθῆναι
2933 3436 2996 3490 τὸ
3021 3435 3302 3507 ψήφισμα,
3340 3434 3619 3505 γράφεται
3669 3418 3917 3503 [γραφὴν]

2352 3530 2689 3603 παρανόμων
2731 3531 2833 3602 τὴν
2873 3530 3081 3601 δωρεάν
3107 3545 3123 3562 ·
3172 3528 3269 3583 καὶ
3307 3528 3431 3582 ἐπεὶ
3476 3520 3825 3597 κατεγνώσθη
3863 3514 3919 3569 τδ

2350 3623 2629 3695 ψήφισμα,
2659 3622 2761 3693 τῆς
2794 3622 2895 3693 μὲν
2928 3620 3211 3684 πολιτείας
3248 3621 3278 3675 ό
3306 3620 3518 3685 Λυσίας
3551 3614 3916 3675 ἀπελαύνεται,

2352 3716 2448 3771 τὸν
2475 3715 2664 3770 λοιπὸν
2688 3714 2748 3768 δὲ
2793 3716 2987 3785 χρόνον
3028 3712 3269 3768 κατεϐίω
3300 3712 3547 3785 ἰσοτελὴς
3569 3711 3665 3765 ῶν.
3702 3704 3808 3762 Καὶ
3835 3716 3917 3754 τε·

2354 3805 2524 3876 λευτᾷ
2554 3802 2767 3869 αὐτόθι,
2813 3809 2864 3872 γ’
2896 3802 2993 3858 καὶ
3020 3801 3077 3855 π’
3129 3801 3226 3871 ἔτη
3252 3799 3496 3872 γεγονώς
3522 3818 3539 3836 ο
3594 3802 3645 3855 ei
3685 3796 3743 3852 δέ
3768 3794 3917 3863 dqm-

2355 3895 2540 3970 ρούσιν
2570 3894 2737 3952 αὑτοῦ
2763 3892 2829 3961 ξ.
3812 3930 3816 3935 .

3054 4004 3215 4061 ΣΞΓ.

2916 4100 3147 4157 Ἰσαίου
3182 4099 3371 4170 λόγοι.

2436 4195 2885 4269 ’Λνεγνώσθησαν
2910 4195 2957 4227 ν’
2986 4192 3183 4248 Ἰσαίου
3211 4191 3459 4262 διάφοροι
3496 4190 3666 4260 λόγοι.
3688 4176 3841 4239 οὗτοι
3859 4173 3910 4228 δέ

2352 4291 2541 4356 ἀπλῶς
2563 4291 2739 4345 εἰπεῖν
2790 4289 2873 4353 είς
2915 4287 2958 4342 δ’
2989 4285 3085 4340 καὶ
3113 4283 3157 4352 ξ’
3186 4281 3676 4355 συναριθμοῦνται’
3722 4272 3913 4329 τυύτων

2350 4381 2409 4437 δὲ
2439 4382 2489 4437 oi
2517 4380 2580 4435 τὸ
2626 4379 2853 4450 γνήσιον
2903 4373 3352 4449 μαρτυρηθέντες
3398 4377 3444 4427 ν’
3508 4364 3911 4450 καταλείποπξιι

2355 4476 2527 4547 μόνοι.
2558 4446 2760 4527 Λυσίου
2792 4470 2810 4502 ⁸
2836 4446 3111 4537 δὲνγέγονε
3151 4464 3417 4537 μιμητὴς,
3440 4454 3504 4517 οὗ
3531 4461 3627 4518 καὶ
3678 4446 3910 4547 μαθξιτὴς

669 4565 843 4612 latum
862 4571 996 4611 vero
1016 4556 1169 4610 illum
1189 4555 1357 4611 fuisse
1372 4557 1555 4627 arguit
1577 4557 1861 4613 nominum
1880 4558 2246 4627 concinnitas,

2355 4542 2714 4638 έχρημάτισε.
2751 4560 2864 4633 Τὴν
2891 4557 3199 4631 μίμησινδὶ
3219 4553 3372 4627 αύτῷ
3403 4554 3708 4626 προσάπτει
3736 4542 3840 4638 τῶν
3855 4550 3910 4590 τι

663 4658 721 4703 et
747 4662 932 4703 rerum
963 4648 1225 4717 gravitas.
1253 4646 1347 4701 Sic
1373 4648 1519 4701 enim
1551 4647 1831 4704 orationes
1853 4649 2001 4705 illius
2020 4648 2240 4719 Lysiam

664 4739 975 4805 imitantur,
1009 4747 1071 4793 ut
1106 4737 1213 4794 nisi
1245 4738 1371 4808 quis
1402 4738 1691 4808 diligenter
1724 4740 1990 4809 attendat,
2029 4743 2240 4798 utrius-

2648 4656 2684 4726 ή
2708 4652 2943 4725 ἀρμονία
2964 4650 3058 4705 καὶ
3075 4650 3111 4722 ή
3136 4650 3197 4704 έν
3226 4648 3339 4711 τοῖς
3358 4645 3646 4718 πράγμασι
3660 4633 3907 4728 δεινότης⁸

2348 4726 2491 4803 οὔτω
2517 4744 2627 4817 γὰρ
2639 4743 2808 4798 αὐτοῦ
2826 4743 2877 4796 ot
2903 4742 3052 4811 λόγοι
3076 4738 3215 4811 πρὸς
3244 4738 3485 4802 έκείνους
3507 4735 3607 4808 τὴν
3634 4726 3909 4817 ὁμοιότηξα

662 4843 775 4900 que
806 4828 930 4900 styli
968 4825 1333 4883 diﬂerentiam
1363 4824 1456 4881 vix
1505 4825 1813 4897 dignoscat,
1865 4827 2147 4885 schemata
2191 4830 2238 4885 si

2355 4811 2609 4911 φέρουσιν
2633 4835 2731 4902 ῶς,
2760 4835 2811 4889 εί
2839 4836 2913 4905 μή
2941 4849 3027 4897 τις
3062 4830 3267 4903 πολλὴν
3290 4829 3471 4884 αὐτῶν
3498 4827 3781 4898 ποιήσαιτο
3819 4811 3908 4906 ﬁt:

659 4920 930 4992 excipias.
964 4918 1180 4975 Etenim
1209 4918 1423 4989 primus
1445 4917 1613 4974 lamus
1641 4919 1923 4976 schemata
1963 4921 2238 4989 adhibuit,

2344 4894 2631 4998 διάσκεψιν
2667 4894 2765 4982 καὶ
2803 4894 3059 4997 μελέτην,
3096 4922 3198 4976 ούκ
3220 4894 3293 4976 ἀν
3319 4918 3601 4992 ἑκατέρων
3615 4894 3906 4998 *λόγων-τοῦ

657 5022 715 5071 et
733 5014 976 5068 animum
996 5012 1063 5068 ad
1091 5010 1307 5067 civilem
1326 5020 1499 5067 artem
1522 5013 1814 5079 convertit,
1838 5014 1985 5085 quod
2002 5016 2243 5072 maxime

2355 4994 2695 5090 χαρακτῆρος
2740 4994 2841 5086 τὴν
2881 5011 3145 5084 διαφοράν
3194 5009 3439 5082 διαγνοίη
3459 5050 3476 5075 ,
3509 5006 3650 5079 πλήν
3683 4994 3821 5056 κατά
3846 5001 3905 5057 τε

661 5104 1080 5169 Demosthenes,
1111 5102 1261 5159 illius
1283 5102 1615 5174 discipulus,
1637 5104 1885 5161 imitatus
1908 5115 2014 5162 est.
2031 5106 2240 5163 Genere

2355 5111 2471 5175 τοὺς
2502 5106 2937 5181 σχηματισμούς.
2968 5105 3078 5161 Καὶ
3099 5104 3208 5176 γάρ
3232 5102 3450 5176 πρῶτος
3482 5102 3676 5162 Ἰσαῖος
3702 5099 3906 5181 σκημῗι·

656 5206 779 5252 erat
804 5194 1201 5251 Chalcidensis.
1230 5193 1472 5251 Athenas
1492 5209 1624 5250 vero
1655 5196 1859 5253 missus
1891 5196 2069 5268 Lysia:
2098 5214 2239 5269 pra:-

2355 5202 2511 5267 rletv
2537 5177 2900 5274 vﬁpﬁaro‘xai.
2940 5197 3169 5270 τρέπειν
3228 5197 3325 5252 ἐπὶ
3370 5196 3433 5252 τὸ
3497 5188 3771 5250 πολιτικὸν
3795 5177 3907 5278 ’τῆξ

656 5289 888 5358 ceptori,
924 5295 986 5342 ut
1029 5286 1293 5353 diximus,
1344 5300 1570 5356 operam
1615 5287 1788 5345 dedit.
1843 5286 2056 5344 Floruit
2105 5304 2236 5345 vero

2355 5272 2599 5361 Βιάνοιαν,
2621 5292 2650 5345 ὃ
2674 5291 2908 5363 μάλιστα
2934 5291 3031 5345 καὶ⁵
3054 5289 3425 5362 Δημοσθένης,
3462 5284 3709 5360 μαθητὴς
3751 5272 3904 5363 αύτοῦ

658 5387 785 5453 post
813 5378 1342 5452 Peloponnesiacum
1369 5379 1669 5444 bellum,et
1698 5394 1875 5452 usque
1904 5381 1972 5436 ad
2002 5380 2236 5453 Philippi

2355 5382 2606 5455 γεγονὼς,
2636 5362 2968 5455 δμιμήσατο.
3007 5379 3310 5445 Χαλκιδεὺς
3333 5380 3391 5435 δὲ
3411 5380 3433 5411 ⁸
3457 5378 3649 5451 γέγονε
3672 5368 3731 5427 τό
3758 5362 3904 5455 γένος

658 5472 952 5544 imperium
986 5472 1256 5544 pervenit.
1298 5469 1402 5528 Hic
1432 5472 1626 5529 relicto
1671 5473 1801 5529 ludo
1847 5489 1992 5540 suo,
2039 5473 2237 5531 Demo-

2342 5450 2375 5532 ό
2419 5450 2631 5544 Ἰσαῖος,
2671 5450 2763 5541 είς
2798 5450 3041 5546 ν’Δθήνας
3080 5473 3139 5527 δὲ
3168 5470 3447 5546 μετελθὼν
3495 5468 3781 5543 ἐσχόλασεν
3814 5450 3904 5523 (ὡς

1940 5640 2183 5701 VAHIJE
2223 5642 2627 5703 LECTIONES.

655 5854 747 5897 νεν
810 5847 881 5900 Δ.

726 5770 774 5801 ’⁸
801 5772 1090 5845 μειράκιον
1118 5770 1467 5845 Δημοσθένην
1496 5789 1557 5845 ς.
1632 5772 1677 5806 ⁹⁸
1706 5773 2091 5840 ἑξκαιδέκατον
2112 5777 2156 5832 A
2215 5797 2229 5835 :
2283 5780 2443 5834 πέντε
2471 5783 2565 5834 καὶ
2582 5778 2807 5833 δέκατον
2844 5793 2907 5840 ς’.
2995 5776 3043 5808 ⁸⁸
3076 5774 3458 5845 Συρακοσσίων
3486 5776 3553 5833 Λ.
3660 5766 3706 5802 ⁹¹¹
3730 5753 3900 5825 διίμν

984 5791 1090 5826 ιιον
1118 5791 1467 5843 οημοσυενην
1496 5791 1557 5837 ς’.
1634 5791 1677 5806 ”
1706 5791 2091 5840 εςκαιοεκατον
2112 5791 2156 5832 A
2215 5797 2229 5835 :
2283 5791 2443 5834 πέντε
2471 5791 2565 5834 καὶ
2582 5791 2807 5833 δέκατον
2844 5793 2907 5840 ς’.
2997 5791 3043 5808 ’·
3076 5791 3148 5828 ιιυ
3187 5793 3205 5829 ο

984 5845 1033 5878 ⁸³
1068 5842 1331 5923 δραχμὰς
1354 5842 1617 5915 δισχιλίας
1655 5845 1899 5917 παρέσχε
1924 5861 1983 5909 ς’.
2058 5849 2105 5880 ⁸⁵
2178 5850 2494 5923 ἀνεγνώσθη
2552 5852 2616 5905 Δ.
2697 5850 2713 5882 '
2753 5848 2928 5903 Λυσία
2955 5847 3023 5901 A.
3098 5848 3120 5879 ³
3147 5791 3205 5903 Et

3234 5847 3361 5905 add.
3390 5850 3458 5906 Δ.
