4152 6438
264 513 361 578 173

1107 502 1635 565 BIBLIOTHECA.
1670 526 1740 539 --
1766 501 1983 562 CODD.
2015 501 2328 578 CCLXIII,
2363 502 2656 566 CCLXIV.

3427 500 3530 570 174

259 619 602 694 προείρηται)
631 617 840 689 Δυσίᾳ’
877 619 1094 688 ἤκμασε⁹
1123 617 1180 670 δὲ
1207 615 1364 687 ιμετὰ
1406 614 1496 668 τὸν
1526 613 1835 683 Πελοποννη

1949 614 2187 669 sthenem
2220 615 2407 670 decem
2444 617 2678 672 millium
2718 616 3110 674 drachmarum
3139 617 3319 690 pretio
3358 619 3528 675 insti-

259 714 444 768 σιακὸν
473 714 730 782 πόλεμον,
771 711 868 764 καὶ
901 710 1062 781 μέχρι
1102 709 1205 779 τῆς
1231 709 1512 762 ἱΦιλίππου
1551 708 1840 778 διήρκεσεν

261 807 450 878 ἀρχῆς.
500 803 771 867 Ἀποστὰς
793 804 814 835 ³
847 802 905 855 δὲ
929 819 1060 855 ποτε
1087 802 1188 872 τῆς
1223 800 1416 871 σχολῆς
1443 798 1538 852 ἐπὶ
1566 798 1840 871 δραχμαῖς

1948 704 2074 770 tuit,
2106 704 2178 758 ob
2213 703 2376 773 idque
2398 705 2638 760 maxime
2664 707 2942 762 excelluit.
2969 709 3078 776 lpsi
3126 707 3292 762 etiam
3324 707 3523 762 Demo-

1947 796 2129 852 stheni
2156 795 2225 851 de
2252 798 2534 854 tutoribus
2559 798 2847 869 scripsisse
2873 798 3056 853 ferunt
3077 804 3382 855 orationes.

263 902 473 974 μυρίαις
521 899 882 969 καθηγήσατο
918 893 1332 966 Δημοσθένουςο
1362 892 1444 947 διὸ
1483 894 1579 948 καὶ
1634 891 1872 966 μάλιστα
1921 889 2147 961 γέγονεν
2187 889 2483 962 ἐπιφανής.
2527 891 2666 947 Φασὶ
2696 891 2756 946 δὲ
2786 891 2949 946 αὑτὸν
2990 892 3087 947 καὶ
3133 893 3259 948 τοὺς
3309 893 3529 964 ἐπιτρο-

261 995 450 1059 πικοὺς
504 993 704 1063 λόγους
754 990 1087 1064 Δημοσθένει
1143 986 1423 1056 συντάξαι.

950 1100 1112 1157 ΣΞΔ⁶.

778 1195 1072 1265 Δίσχινοῦ
1101 1195 1292 1265 λόγοι.

333 1285 790 1357 Ἀνεγνὼσθησαν
833 1287 856 1319 ⁸
878 1289 1131 1359 Αἰσχίνου
1177 1289 1345 1360 λόγοι,
1386 1283 1462 1346 ὧν
1487 1291 1550 1345 τὺ
1581 1286 1789 1360 πλῆθος
1819 1288 1848 1340 ὁ

258 1382 398 1454 τρεῖς
455 1379 697 1452 ἀριθμὸς
735 1378 1061 1450 περιορίζει,
1093 1381 1189 1436 καί⁹
1242 1381 1528 1438 ἐπιστολιιί⁸
1569 1381 1637 1438 θ’.
1693 1381 1752 1435 Ὀ
1789 1378 1847 1432 δὲ

2267 1098 2540 1157 CCLXIV.
2580 1098 2856 1156 Esclu'm's
2893 1101 3182 1157 orationes.

2015 1278 2196 1335 Lectae
2244 1288 2376 1335 sunt
2420 1279 2702 1334 orationes
2746 1278 3077 1335 Eschinis:
3131 1295 3368 1351 quarum
3413 1289 3526 1338 tres

1944 1381 2174 1422 numero
2200 1375 2350 1434 sunt,
2377 1376 2432 1422 et
2458 1367 2704 1438 epistolae
2734 1382 2950 1423 novem.
2987 1365 3124 1422 Nam
3163 1367 3381 1422 Deliaco
3414 1384 3522 1425 non

265 1471 560 1540 Δηαιακὸς
592 1472 1034 1542 ἐπιγραφόμενος
1074 1473 1174 1526 οὐκ
1208 1472 1358 1527 ἐστιν
1386 1473 1660 1544 Αἰσχίνου.
1689 1471 1846 1526 Ἐστι

1949 1473 2028 1518 est
2061 1460 2365 1519 Escbinis.
2414 1461 2473 1517 In
2523 1463 2869 1518 orationibus
2911 1462 3027 1519 suis
3074 1462 3285 1528 suavis,
3328 1478 3523 1534 purus.

262 1564 311 1618 δὲ
359 1565 474 1626 τοῖς
523 1563 706 1631 λόγοις
767 1560 934 1616 αὐτοῦ
982 1561 1189 1632 γλυκύς
1233 1582 1292 1618 τε
1339 1565 1436 1618 καὶ
1479 1563 1723 1636 καθαρὸς
1748 1563 1844 1618 καὶ

1949 1553 2257 1621 distinctus,
2298 1562 2353 1609 et
2395 1554 2866 1624 enthymematum
2906 1555 3298 1624 perspicuitate
3336 1555 3524 1610 excel-

265 1654 510 1725 εὖκρινὴς
577 1652 676 1708 καὶ
751 1655 820 1725 τῇ
871 1651 982 1736 τῷν
1068 1653 1468 1726 ἐνθυμημάτων
1541 1655 1841 1724 casuum-ria

266 1746 712 1815 σεμνυνόμενος
742 1743 905 1817 [1465
955 1743 1050 1816 IL]
1095 1744 1154 1798 '0
1183 1745 1528 1815 μέντοικατὰ
1556 1746 1841 1817 Τιμάρχου

1951 1647 2090 1703 lens.
2116 1645 2305 1703 Oratio
2327 1662 2457 1703 vero
2484 1649 2538 1702 in
2568 1646 2922 1702 Timarchum
2957 1647 3164 1714 habita,
3192 1647 3333 1719 quod
3357 1664 3525 1704 mere-

1952 1739 2472 1809 triciamqactitaret,
2495 1748 2739 1796 accusat.
2764 1739 3097 1797 Timarchus
3118 1757 3247 1798 vero
3269 1743 3522 1811 territus,

267 1837 402 1905 λόγος
422 1833 558 1908 [799
584 1833 680 1906 IL]
713 1834 1046 1905 ἑταιρήσεως
1072 1836 1094 1867 ⁸
1121 1834 1213 1888 τὸν
1228 1834 1508 1906 Τίμαρχον
1537 1835 1807 1906 γράφεται
1825 1849 1839 1862 θ

1949 1832 2324 1905 iudiciumque
2347 1829 2632 1902 defugiens
2659 1846 2721 1890 se
2749 1833 3058 1904 suspendit.

270 1931 351 1983 καὶ
378 1933 406 1983 ὁ
435 1929 725 2001 Τίμαρχος
759 1927 1132 1998 καταπλαγεὶς
1189 1929 1286 1983 καί.
1333 1930 1507 1987 λιπὼν
1534 1931 1626 1986 τὸν
1653 1931 1843 2001 ἀγῶνα.

273 2021 445 2074 ἑαυτὸν
474 2021 582 2091 άνή
591 2037 692 2091 ρτη
700 2036 813 2073 σεν.

344 2114 664 2186 Ἐπήγγειλε
690 2113 749 2167 δὲ
781 2114 876 2167 καὶ
896 2113 995 2185 τὴν
1027 2114 1086 2168 ὲν
1107 2114 1391 2186 Ταμύναις
1426 2113 1586 2186 νίκην
1627 2114 1844 2186 πρῶτος

287 2207 576 2278 Ἀθηναίοις
593 2206 656 2260 τὸ
671 2205 957 2279 δεύτερονο
985 2206 1064 2261 διὸ
1087 2208 1182 2262 καὶ
1209 2206 1582 2280 ἐστεφανώθη.
1620 2209 1758 2262 Φασὶ
1789 2209 1845 2263 δὲ

289 2300 348 2352 τὸ.
375 2299 464 2369 μὲν
518 2297 717 2370 πρῶτα
737 2300 915 2353 εἰπεῖν
937 2299 1102 2354 αὐτὸν
1147 2301 1205 2354 έν
1235 2299 1315 2370 τῷ
1359 2299 1516 2371 δήμῳ
1557 2301 1698 2354 κατὰ
1749 2301 1843 2354 Φι-

298 2394 496 2459 λίππου,
529 2395 1024 2466 ὲνευδοκιμήσαντα
1072 2394 1131 2449 δὲ
1173 2395 1252 2467 τῷ
1300 2395 1448 2468 λόγῳ
1500 2396 1846 2468 πρεσϐευτὴν

303 2487 416 2557 πρὸς
452 2487 711 2559 Ἀρκάδας
740 2487 1308 2560 χειροτονηθῆναι,εἰς
1337 2488 1430 2552 οὓς
1451 2488 1847 2560 παραγεγονὼς

301 2582 626 2650 συνεστήσατο
645 2581 773 2645 τοὺς
798 2581 1026 2652 μυρίους
1049 2580 1144 2635 ἐπὶ
1171 2581 1457 2637 Φίλιππον.

340 2743 497 2817 Οὗτος
528 2755 557 2807 δ
579 2754 840 2827 Αἰσχίνης
855 2758 983 2819 παῖς
1004 2756 1229 2826 γέγονεν
1255 2756 1614 2829 Ἀτρομήτου,
1647 2757 1849 2828 φυγόν-

281 2859 358 2907 τος
382 2847 475 2914 μὲν
508 2847 607 2900 ἐπὶ
653 2847 761 2900 τῶν
795 2849 863 2912 λ’,
894 2849 1409 2920 συγκαταγαγόντος
1428 2850 1486 2904 δὲ
1513 2850 1606 2904 τὸν
1652 2850 1845 2921 δῆμον.

282 2935 457 2990 τούτου
484 2938 560 3008 δὴ
581 2938 675 2991 καὶ
719 2938 1064 3003 Γλαυκοθέας
1092 2941 1302 3007 γίνεται
1358 2941 1495 3006 υίὸς,
1530 2941 1850 3013 Κοθωκίδης

280 3028 364 3097 μὲν
396 3030 491 3083 τὸν
552 3030 744 3102 δῆμον,
785 3030 908 3085 οὔτε
958 3031 1015 3084 δὲ
1049 3031 1160 3085 τῶν
1189 3033 1210 3064 ⁸
1234 3033 1330 3086 ἐπὶ
1355 3034 1500 3101 γένει
1531 3033 1849 3104 περιφανῶν

276 3119 381 3174 οὔτε
406 3122 526 3175 τῶν
553 3121 647 3175 επὶ
672 3123 916 3194 χρήμασι
954 3122 1248 3194 λαμπρῶν.
1289 3125 1378 3179 Ἐν
1411 3125 1469 3179 δὲ
1495 3124 1575 3194 τῷ
1603 3124 1712 3192 νέῳ
1747 3125 1852 3195 τῆς

2017 2116 2305 2173 Nuntiavit
2328 2116 2543 2188 primus
2576 2116 2875 2174 secundam
2911 2114 3198 2173 victoriam
3227 2115 3282 2172 in
3315 2113 3519 2188 Tamy-

1944 2210 2029 2266 nis
2054 2209 2499 2273 Atheniensibus.
2524 2212 2887 2281 quamobrem
2911 2223 3116 2266 corona
3141 2208 3381 2265 donatus
3410 2220 3513 2266 est.

1945 2301 2152 2358 Ferunt
2191 2312 2373 2358 autem
2413 2298 2611 2373 49οθ
2645 2302 2894 2372 primum
2928 2300 3110 2370 ipsum
3158 2302 3225 2355 ad
3260 2301 3520 2371 populum

1946 2403 2137 2450 contra
2199 2393 2513 2464 Philippum
2559 2409 2770 2460 orasse,
2814 2408 3052 2463 cumque
3099 2392 3350 2448 oratione
3394 2407 3521 2463 gra-

1949 2485 2080 2540 tiam
2103 2493 2498 2555 comparasset,
2519 2484 2757 2555 legatum
2775 2483 2843 2538 ad
2863 2483 3110 2539 Arcadas
3127 2485 3358 2539 missum
3376 2493 3522 2550 esse,

1949 2577 2015 2632 ad
2045 2591 2183 2648 quos
2209 2592 2334 2632 cum
2356 2577 2622 2642 venisset,
2659 2575 2849 2631 decem
2878 2573 3047 2630 millia
3082 2584 3272 2630 contra
3313 2573 3522 2646 Philip-

1947 2685 2078 2742 pum
2111 2684 2381 2727 armasse.
2467 2719 2479 2733 ,

2018 2762 2312 2819 ιλΕεείιΙηοε
2343 2763 2432 2817 hic
2457 2769 2613 2832 patre
2641 2769 2803 2818 natus
2832 2769 2917 2816 est
2939 2761 3241 2824 Atrometo,
3273 2758 3369 2832 qui
3406 2758 3520 2815 ini-

1949 2853 2028 2909 tio
2047 2868 2172 2908 cum
2205 2852 2310 2909 sub
2339 2852 2564 2923 triginta
2589 2851 2839 2922 tyrannis
2868 2850 3162 2916 exsularet,
3187 2851 3302 2920 ipse
3331 2858 3521 2921 postea

1948 2943 2212 3014 populum
2243 2947 2309 2998 ad
2342 2943 2649 2998 libertatem
2691 2942 2999 2997 revocavit:
3033 2939 3365 2998 Glaucmbea
3400 2957 3524 2996 ma-

1951 3045 2056 3100 tre,
2100 3037 2246 3090 tribu
2292 3050 2422 3090 vero
2447 3035 2800 3100 Cotliocides,
2851 3048 3028 3104 neque
3082 3049 3300 3103 genere,
3345 3047 3522 3103 neque

1953 3128 2152 3198 opibus
2185 3126 2439 3184 celebris.
2471 3127 2808 3183 Adolescens
2838 3140 2965 3181 cum
2993 3134 3140 3181 esset
3164 3140 3230 3182 ac
3259 3124 3524 3180 robustus

273 3211 473 3281 ήλικίας
514 3211 582 3265 τὸ
630 3212 790 3284 σῶμα
841 3212 1023 3285 φέρων
1085 3214 1402 3286 ἐρρωμένον
1456 3216 1527 3270 τά
1573 3215 1846 3286 γυμνάσια

1953 3221 2186 3286 viribus,
2237 3218 2307 3274 ad
2350 3220 2632 3292 gymnasia
2669 3218 2913 3274 studium
2947 3216 3299 3287 laboremque
3326 3223 3524 3272 contu-

271 3301 551 3370 ἐπονεῖτο,
619 3302 1016 3375 λαμπρόφωνος
1078 3303 1137 3359 δὲ
1190 3305 1455 3376 πεφυκὼς
1532 3307 1846 3378 τραγῳδίαν

271 3394 464 3464 ήσκησε
504 3395 878 3467 μετάταῦτα,
906 3395 982 3459 ὡς
1011 3396 1067 3449 δὲ
1106 3396 1254 3465 λέγει
1297 3397 1671 3469 Δημοσθένης,
1715 3400 1848 3452 ὑπο-

271 3488 680 3559 γραμματεύων
722 3489 818 3543 καί.
853 3490 1300 3561 τριταγωνιστῶν
1362 3489 1739 3562 Ἀριστοδήμῳ
1789 3492 1848 3544 ὲν

269 3581 368 3642 τοῖς
417 3579 578 3634 κατὰ
622 3580 828 3650 δήμους
880 3579 1202 3644 Διονυσίοις.
1260 3580 1373 3634 Καὶ
1429 3582 1558 3644 παῖς
1623 3580 1722 3650 μὲν
1773 3579 1848 3635 ὢν

268 3669 510 3725 ἐδίδασκε
545 3671 641 3725 σὺν
683 3673 761 3742 τῷ
801 3672 972 3744 πατρὶ
1006 3673 1332 3745 γράμματα,
1365 3675 1446 3738 εἰς
1471 3674 1533 3727 τὸ
1568 3672 1850 3743 μειράκιον

267 3757 318 3810 δὲ
365 3759 660 3828 προελθὼν
709 3762 1082 3834 ἐστρατεύετο.
1142 3764 1484 3836 Ἥκροάσατο
1537 3764 1618 3830 δὲ,
1650 3764 1700 3818 οἰ
1746 3763 1849 3835 μέν

267 3866 422 3917 φασιν
504 3851 852 3922 Ἰσοκράτους
903 3855 998 3908 καὶ
1066 3854 1389 3921 Πλάτωνος,
1447 3856 1736 3920 Καικίλιος
1791 3856 1849 3910 δὲ

268 3941 664 4012 Λεωδάμαντος
709 3944 878 4013 λέγει.
932 3945 1354 4018 Πολιτευόμενος
1403 3947 1589 4019 μέντοι
1637 3965 1702 4018 γε
1748 3949 1850 4002 οὑκ

268 4031 484 4100 ἀφανῶς
519 4034 588 4085 ἐκ
601 4033 702 4102 τῆς
744 4036 993 4100 ἐναντίας
1026 4037 1268 4107 μερίδος,
1300 4038 1699 4110 συνεπρέσϐευε
1735 4041 1849 4101 τοῖς

268 4126 389 4194 περὶ
400 4124 765 4196 Δημοσθένην
788 4127 954 4192 ἄλλας
967 4145 1027 4181 τε
1048 4130 1345 4200 πρεσϐείας
1372 4129 1572 4193 πολλάς
1594 4130 1688 4183 καὶ
1713 4130 1850 4201 πρὸς

268 4216 539 4271 Φίλιππον
565 4217 706 4290 ὑπὲρ
734 4217 833 4288 τῆς
862 4220 1106 4291 εἰρήνης,
1151 4220 1239 4292 ἐφ’
1357 4221 1454 4275 καὶ
1484 4222 1637 4291 παρὰ
1678 4226 1851 4293 Δημο-

271 4308 491 4372 σθένους
528 4311 879 4382 κατηγορήθη
914 4311 996 4365 ἐτι
1028 4313 1085 4365 δὲ
1115 4312 1190 4377 ὡς
1213 4313 1460 4383 ’πόλεμον
1500 4311 1718 4382 ἐξάψειε
1742 4314 1850 4366 Πυ-

269 4396 508 4470 λαγόρας
541 4400 783 4472 αίρεθείς
812 4403 949 4474 πρὸς
985 4406 1270 4476 Ἀμφισεῖς
1297 4407 1318 4438 ⁷
1353 4406 1736 4476 Ἀμφικτύοσι,
1758 4406 1851 4459 καὶ

269 4487 355 4542 τὸν
379 4490 585 4562 λιμένα
618 4492 1027 4562 ἐργαζομένοις·
1092 4494 1152 4561 ἐξ
1180 4491 1248 4568 ἧς
1276 4495 1299 4526 ⁸
1348 4494 1600 4566 πράξεως
1646 4494 1843 4566 συνέϐη

1951 3313 2032 3367 lit.
2072 3311 2267 3366 Postea
2304 3326 2428 3366 cum
2474 3312 2624 3366 vocis
2661 3310 2925 3366 firmitate
2963 3323 3030 3364 ac
3068 3308 3265 3364 robore
3293 3308 3520 3371 valeret.

1951 3419 2009 3460 se
2040 3404 2318 3474 tragoediis
2364 3404 2591 3474 agendis
2633 3404 2913 3458 exercuit:
2938 3411 3013 3468 et,
3048 3400 3524 3458 utDemostbenes

1950 3495 2162 3557 scribit,
2199 3494 2396 3548 scriba:
2424 3494 2685 3557 vicarius,
2730 3509 2795 3548 ac
2826 3492 2940 3563 (10)
2983 3491 3171 3547 tertias
3194 3505 3361 3562 agens
3397 3505 3523 3560 par-

1950 3595 2032 3640 tes
2058 3586 2110 3639 in
2143 3584 2575 3640 Bacchanalibus
2617 3584 2951 3639 Aristodemi
3007 3583 3279 3638 arbitratu
3306 3597 3525 3651 semper

1949 3678 2089 3733 fuit:
2122 3689 2175 3733 et
2195 3677 2414 3748 juvenis
2430 3677 2594 3732 etiam
2617 3693 2746 3731 num
2775 3677 2985 3732 litteras
3012 3689 3121 3729 una
3149 3690 3273 3730 cum
3299 3681 3526 3743 parente

1948 3768 2164 3825 docuit:
2196 3770 2507 3840 provectior
2540 3775 2722 3823 autem
2752 3767 3032 3822 militavit.
3067 3764 3326 3820 Nonnulli
3357 3762 3520 3818 etiam

1950 3859 2232 3916 Socratem
2283 3869 2340 3915 et
2382 3859 2668 3914 Platonem
2723 3858 2946 3914 audisse
3002 3857 3202 3914 ferunt.
3271 3855 3526 3913 Caecilius

1949 3969 2078 4010 vero
2103 3953 2215 4027 (tl)
2255 3951 2643 4008 Leodamautis
2685 3953 3016 4022 discipulum
3060 3951 3208 4006 facit.
3265 3949 3527 4007 Versatus

1949 4046 2006 4102 in
2036 4048 2316 4118 republica
2349 4056 2434 4102 est
2482 4061 2590 4101 non
2635 4046 2935 4117 inglorius:
2967 4046 3111 4116 quod
3147 4043 3526 4110 Demostheni,

1948 4138 2179 4209 ejusque
2209 4137 2666 4209 suffragatoribus
2706 4135 3110 4196 adversaretur.
3141 4150 3264 4189 cum
3305 4151 3414 4204 quo
3442 4135 3524 4190 le-

1949 4232 2193 4302 gationes
2227 4231 2365 4286 obiit
2405 4246 2530 4286 cum
2583 4229 2783 4283 multas
2817 4228 2975 4288 alias.
3024 4237 3138 4280 tum
3182 4228 3246 4281 de
3281 4242 3413 4296 pace
3454 4227 3527 4282 ad

1948 4320 2278 4390 Philippum,
2338 4322 2392 4375 in
2439 4336 2547 4391 qua
2596 4328 2889 4374 accusatus
2931 4334 2962 4372 a
2997 4317 3362 4373 Demosthene
3388 4327 3522 4373 est:

1949 4413 2204 4484 quodque
2238 4412 2355 4483 ipse
2398 4411 2691 4482 Pylagoras
2738 4410 3013 4466 exsistens
3051 4419 3243 4465 auctor
3271 4411 3399 4468 belli
3442 4411 3526 4466 in-

1951 4504 2276 4560 troducendi
2337 4505 2550 4568 luisset,
2609 4518 2736 4558 cum
2780 4504 2849 4558 ab
2900 4504 3397 4576 Amphictyouibus
3452 4503 3526 4559 ad

271 4580 528 4654 Φιλίππῳ
572 4587 909 4654 προσφυγεῖν
949 4587 1367 4657 Ἀμφικτύονας,
1392 4588 1490 4643 τὸν
1529 4588 1587 4642 δὲ
1619 4587 1724 4642 ὑπὸ
1751 4589 1846 4642 τοῦ

1952 4596 2322 4666 Αωρίιίεεωοε
2349 4595 2560 4665 legatus
2601 4606 2684 4652 est
2719 4605 2958 4663 creatus,
3005 4595 3219 4667 ipsique
3264 4596 3526 4666 Amphic-

271 4672 532 4743 Αἰσχίνου
576 4677 1006 4747 συνεργούμενον
1060 4679 1347 4734 ἐπιθέσθαι
1392 4684 1508 4746 τοῖς
1553 4683 1846 4754 πράγμασι

272 4767 362 4819 καὶ
386 4768 491 4839 τὴν
519 4767 734 4822 Φωκίδα
763 4769 967 4826 λαϐεῖν.
1001 4773 1354 4840 Συνειπόντος
1381 4778 1570 4847 μέντοι
1610 4794 1674 4846 γε
1697 4776 1846 4847 αύτῷ

272 4860 549 4916 Εὐϐούλου
605 4863 701 4916 τοῦ
763 4866 1068 4939 Σπινθάρου
1113 4871 1503 4942 Προϐαλεισίου
1539 4876 1559 4905 ⁹
1587 4874 1846 4943 δημαγω-

272 4953 496 5018 γοῦντες
523 4953 722 5024 ψήφοις
766 4957 956 5027 μόναις
970 4957 1011 5013 λ’
1035 4961 1305 5030 ἀπέφυγε.
1330 4964 1591 5034 Χρόνῳδὲ
1619 4963 1845 5034 ὕστερον

272 5043 546 5097 Φιλίππου
581 5045 682 5116 μὲν
709 5048 1179 5121 τετελευτηκότος,
1226 5053 1574 5126 Ἀλεξάνδρου
1619 5057 1677 5110 δὲ
1724 5057 1842 5112 δια-

275 5133 555 5202 ϐαίνοντος
607 5139 690 5205 εἰς
729 5140 829 5213 τήν
893 5145 1108 5213 Ἀσίαν,
1164 5147 1258 5202 ἐπὶ
1303 5150 1424 5214 ταῖς
1472 5151 1847 5223 Δημοσθένους

1953 4703 2146 4762 tyones
2174 4697 2391 4758 portum
2419 4688 2769 4754 struxissent,
2800 4705 2911 4758 quo
2946 4688 3090 4744 facto
3114 4688 3183 4743 ad
3216 4688 3525 4758 Philippum

1952 4777 2339 4844 confugerunt,
2378 4785 2432 4829 et
2477 4774 2782 4844 Philippus,
2816 4786 3042 4830 auctore
3094 4776 3380 4839 IESCIIIIIB,
3434 4790 3524 4832 res

1952 4870 2101 4940 ipsas
2127 4877 2210 4924 est
2243 4883 2560 4938 aggressus,
2591 4876 2642 4922 et
2687 4866 2980 4922 Phocidem
3032 4870 3196 4938 cepit.
3235 4867 3366 4939 Ejus
3399 4883 3525 4924 sen-

1952 4962 2135 5016 tentia:
2165 4960 2539 5032 patrocinante
2561 4959 2776 5015 Eubulo
2802 4959 3081 5029 Spinthari
3123 4960 3265 5014 ﬁlios
3304 4968 3357 5015 et
3383 4959 3522 5014 Pro-

1951 5055 2206 5117 vallusio,
2229 5053 2323 5125 qui
2354 5066 2468 5109 tum
2511 5070 2785 5110 summam
2813 5054 2960 5126 apud
2984 5054 3243 5125 populum
3280 5062 3526 5122 potesta-

1952 5155 2061 5202 tem
2084 5146 2387 5212 obtinebat,
2418 5147 2761 5213 sublevatus,
2781 5144 3005 5216 triginta
3027 5143 3303 5217 suﬂ‘ragiis
3322 5145 3521 5201 evasit.

1535 5347 1770 5405 VARIA'}
1826 5349 2235 5408 LECTIONES.

341 5460 364 5491 ³
394 5458 640 5535 ὑποστάς
676 5459 739 5514 Α.
785 5529 798 5535 _
849 5460 872 5492 ⁸
900 5462 1212 5535 ἀνεγνώσθη
1244 5463 1311 5518 Α.

1412 5463 1433 5495 ⁸
1462 5462 1583 5534 libri
1633 5463 1968 5534 έταιρίσεως.

2094 5464 2116 5495 ⁸
2142 5461 2253 5515 τῶν
2280 5460 2323 5516 Β
2355 5479 2369 5518 :
2397 5461 2456 5516 δὲ
2512 5462 2623 5514 τῶν
2654 5477 2723 5531 ςι
2760 5529 2775 5531 _
2815 5460 3154 5531 'djltpld'dsk
3181 5459 3240 5514 Β.
3271 5457 3525 5518 Leicbius

277 5544 514 5656 ﬁgit:
538 5529 890 5600 Ἀμφικτύοσι
928 5523 1066 5605 πρὸς
1105 5523 1423 5606 Ἀμφισσεῖς
1446 5533 1508 5588 τὸ
1539 5533 1720 5589 πεδίον
1751 5523 1845 5590 καὶ
1869 5523 1959 5590 τὸν
1983 5535 2035 5590 λ.
2057 5533 2484 5605 ἐργαζομένους.
2559 5536 2582 5565 ⁸
2610 5523 2675 5597 ἐξ
2689 5523 2780 5605 ἦς]
2805 5523 2931 5603 ἑξῆς
2952 5523 3025 5597 ’ς.
3101 5523 3278 5587 ’ίιὶἰπί
3311 5531 3524 5602 Προϐα-

1819 5733 2048 5794 NOTAE.

322 5843 469 5925 .(19)
489 5845 863 5925 Cic,_Divinat,
892 5852 948 5904 in
980 5849 1211 5925 (errem,
1230 5862 1287 5908 ut
1312 5853 1364 5909 in
1387 5852 1664 5925 actoribus
1694 5854 1841 5908 Cra:-

290 5916 368 5973 cis
402 5916 528 5974 ﬁeri
552 5918 794 5979 videmus
826 5937 967 5993 sa‘pe
990 5922 1143 5980 illum
1171 5925 1263 5996 qui
1286 5934 1369 5982 est
1399 5924 1782 5982 secundarum.

2019 5855 2136 5925 (ll)
2175 5856 2267 5913 Sic
2288 5867 2342 5912 et
2363 5857 2638 5916 Plutarch.
2668 5859 2721 5913 in
2773 5857 2820 5912 x
2859 5857 3074 5918 Orator.
3121 5853 3516 5915 Alcidamantis

1950 5925 2170 5997 Eleatte,
2207 5928 2405 5989 Suidas
2437 5931 2492 5988 iu
2527 5929 2814 5991 Escliine.
3524 5939 3527 5942 '
