4036 6318
574 500 678 566 1Ἰ5

1721 494 1985 558 ῬΗΟΤΙΙ
2022 494 2524 555 ΡΑΤΒΙΑΗΟΗᾸΞ
2556 496 2663 558 CP.

3716 498 3813 563 176

574 619 771 674 Postea
819 629 992 680 vero,
1048 629 1173 671 cum
1227 612 1476 685 Philippo
1540 620 1792 677 mortuo,
1839 611 2136 665 Alexander

2249 611 2436 678 τιμαῖς
2465 610 2829 679 Κτησιφῶντα
2848 612 3193 683 ,παρανόμων
3214 612 3509 684 ἐγράψατο.
3533 615 3608 668 Οὐ
3653 632 3813 685 μετα·

576 708 834 763 transiret
875 707 928 760 in
948 705 1096 770 Asia,
1116 704 1521 774 Ctesiphontem
1544 704 1596 755 in
1614 701 1705 771 jus
1724 701 1959 765 vocavit,
1995 700 2141 770 quod

573 799 935 856 decernendis
969 797 1318 852 Demostheni
1349 795 1652 850 honoribus
1690 794 1806 863 ipse
1849 801 2039 847 contra
2070 792 2144 845 le-

573 905 669 960 ges
698 889 938 945 fecisset.
978 889 1096 955 Quo
1139 904 1191 940 in
1226 885 1522 940 certamine
1566 899 1692 937 cum
1726 884 1974 953 quintam
2021 880 2142 937 suf-

571 983 871 1053 fragiorum
907 989 1117 1051 partem
1149 993 1254 1030 non
1292 976 1622 1038 obtinusset,
1662 973 1912 1027 Rhodum
1944 971 2143 1027 confu-

572 1076 668 1145 git,
702 1089 827 1129 cum
866 1088 899 1127 a
940 1071 1111 1126 multa
1156 1068 1302 1124 mille
1328 1067 1715 1122 drachmarum
1758 1064 2140 1135 persolvenda,

573 1167 640 1220 ad
699 1180 861 1235 quam
922 1164 1100 1217 fuerat
1150 1162 1467 1222 damnatus,
1517 1159 1703 1213 animo
1751 1174 1814 1212 ac
1857 1157 2138 1212 voluntate

572 1258 914 1313 abhorreret.
945 1254 1208 1322 Ludoque
1232 1252 1406 1307 Rhodi
1437 1261 1627 1321 aperto
1649 1249 1856 1317 docuit,
1882 1248 1975 1304 ubi
2009 1262 2135 1305 cum

573 1346 801 1402 Rhodiis
838 1346 1137 1399 orationem
1184 1359 1213 1396 a
1241 1359 1301 1398 se
1334 1343 1572 1397 habitam
1605 1350 1795 1397 contra
1817 1340 2142 1409 Ctesiphon-

572 1448 705 1493 tem
733 1437 1079 1499 ostendisset,
1127 1451 1363 1504 cumque
1405 1449 1597 1491 omnes
1627 1433 1995 1494 mirarentur,
2042 1445 2140 1500 ρος

571 1532 746 1585 tuisse
770 1530 922 1583 illum
962 1528 1045 1582 his
1076 1542 1177 1597 pro
1207 1544 1267 1582 se
1307 1526 1467 1582 dictis
1510 1525 1565 1580 iu
1602 1523 1811 1594 judicio
1864 1521 2133 1590 superari.

2247 698 2426 752 λαϐὼν
2440 700 2496 753 δέ
2526 701 2586 753 τὺ
2619 700 2868 768 πέμπτον
2895 703 3057 774 μέρος
3082 702 3190 757 τῶν
3220 704 3417 775 ψήφων
3449 707 3492 737 ¹⁰
3515 708 3595 767 είς
3642 706 3816 758 Ῥόδον

2246 791 2434 861 ἔφυγε,
2469 794 2718 864 δραχμὰς
2746 795 2921 866 χιλίας
2949 799 3009 849 οὐ
3041 784 3323 868 βουληθεὶς
3356 798 3492 870 ὑπὲρ
3517 800 3618 869 τῆς
3649 801 3815 869 ἥττης

2246 884 2574 939 καταϐαλεῖν
2632 886 2696 940 ¹¹.
2733 887 2823 940 Ἐν
2845 888 2903 941 δὲ
2949 892 3016 959 τῇ
3057 888 3217 960 Ῥόδῳ
3244 891 3438 961 σχολὴν
3469 892 3815 962 καταστησά-

2247 994 2406 1046 μενος
2430 978 2706 1033 ἐδίδασκεν
2740 998 2755 1012 ο
2779 982 2838 1033 ἐν
2863 976 2907 1049 ᾧ
2929 986 3043 1047 τοῖς
3085 984 3307 1047 Ῥοδίοις
3332 984 3423 1039 τὸν
3441 984 3583 1040 κατὰ
3618 986 3819 1053 Κτησι-

2245 1065 2453 1133 φῶντος
2484 1067 2792 1133 ἐπεδείξατο
2822 1071 2997 1141 λόγον,
3025 1072 3413 1143 θαυμαζόντων
3453 1073 3509 1127 δέ
3552 1076 3600 1126 εί
3647 1074 3820 1127 ταῦτα

2240 1158 2630 1232 δημηγορήσας
2664 1163 2896 1235 ἡττήθη.
2959 1167 3080 1221 Οὐκ
3133 1165 3235 1231 ἂν.
3278 1162 3421 1232 εἷπε,
3456 1166 3650 1235 θαῦμα
3681 1182 3819 1219 κατ·

2240 1249 2403 1319 εἶχεν
2436 1252 2617 1322 ὑμᾶς,
2652 1249 2701 1308 ὦ
2750 1255 2986 1321 Ῥόδιοι,
3029 1261 3081 1313 εἰ
3127 1258 3544 1327 Δημοσθένους
3578 1258 3821 1324 ἀντιδη-

2236 1340 2645 1408 μηγοροῦντος
2688 1344 3013 1411 ἠκούσατε,
3055 1345 3261 1399 ἐκεῖθεν
3324 1346 3380 1399 δὲ
3449 1346 3685 1409 πλεύσας
3737 1346 3818 1408 είς

2241 1432 2440 1500 Σάμον,
2470 1433 2564 1486 καὶ
2585 1433 2877 1505 διατρίψας
2902 1438 2996 1491 ἐπὶ
3029 1439 3130 1508 τῆς
3157 1440 3343 1511 νήσου,
3374 1438 3553 1509 ὀλίγον
3587 1438 3803 1509 ὕστερον

2242 1521 2612 1594 ἐτελεύτησεν.

570 1624 796 1679 Minime
822 1639 974 1683 sane.
1045 1623 1241 1692 inquit,
1294 1620 1544 1675 miraturi
1583 1618 1842 1691 fuissetis,
1876 1617 2092 1681 Rhodii,
2134 1632 2180 1670 ει
2221 1626 2405 1671 contra
2452 1635 2514 1672 ea
2556 1620 2812 1675 dicentem
2859 1604 3258 1682 Demosthenem
3321 1624 3646 1681 audiissetis.
3690 1624 3822 1682 Inde

568 1731 750 1778 autem
785 1721 1009 1777 Samum
1051 1720 1335 1789 navigans,
1367 1728 1531 1788 atque
1559 1716 1614 1772 in
1654 1716 1839 1773 insula
1863 1715 2140 1778 habitans,
2184 1728 2295 1769 non
2328 1713 2382 1792 in
2410 1716 2581 1771 multo
2599 1727 2725 1786 post
2746 1728 2995 1776 mortuus
3024 1727 3131 1777 est.

1234 1828 1482 1889 CCLIV.

1016 1924 1377 1980 Demosthenis
1411 1924 1693 1978 orationes.

641 2025 771 2097 Legi
796 2038 988 2079 omnes
1019 2035 1157 2091 pene
1186 2019 1462 2073 orationes
1495 2013 1897 2071 Demosthenis.
1932 2012 2138 2066 Dicun-

568 2127 660 2174 tur
705 2115 856 2171 illius
901 2126 1173 2187 germana:
1238 2111 1521 2181 sexaginta
1579 2109 1855 2179 quinque:
1900 2117 2135 2176 quarum

568 2209 767 2282 591a
795 2206 1157 2277 elegantiores
1178 2220 1297 2276 quae
1314 2206 1379 2258 ad
1411 2201 1695 2273 populum,
1733 2214 1896 2270 quam
1928 2214 2047 2269 qua:
2069 2195 2135 2250 ad

569 2309 819 2357 senatum
866 2298 1088 2364 habitae,
1142 2312 1173 2351 a
1218 2297 1467 2366 pluribus
1502 2293 1839 2365 iudicantur.
1874 2288 2134 2344 Nonnulli

568 2392 871 2448 orationem
902 2391 970 2445 de
1008 2389 1279 2443 llaloneso
1310 2388 1454 2457 (quae
1483 2396 1674 2441 contra
1712 2384 2019 2453 Philippum
2048 2396 2139 2436 se-

565 2485 747 2543 cunda
779 2482 1141 2552 inscribitur,)
1189 2481 1316 2550 quia
1368 2495 1492 2535 cum
1524 2494 1587 2532 ea
1628 2486 1834 2548 pugnat
1863 2476 2131 2536 oratione,

566 2594 728 2650 quam
781 2585 970 2631 contra
1010 2573 1242 2643 Philippi
1288 2572 1571 2642 epistolam
1604 2570 1762 2632 dixit,
1816 2567 1961 2621 illius
2010 2580 2136 2635 pro-

565 2673 741 2743 priam
768 2682 889 2724 esse
927 2674 1148 2736 negant,
1185 2675 1238 2718 et
1273 2665 1599 2719 confirmare
1627 2662 1941 2731 opinionem
1975 2671 2134 2713 suam

567 2767 835 2815 conantur
883 2755 1197 2811 nominibus
1251 2762 1307 2808 et
1368 2753 1568 2817 verbis,
1619 2762 1671 2806 et
1722 2746 2134 2819 compositionis

567 2848 976 2905 modulatione:
1018 2845 1255 2898 multum
1306 2844 1449 2898 enim
1489 2857 1519 2895 a
1569 2840 1951 2895 Demosthenis
1995 2838 2135 2907 stylo

568 2940 885 2994 abhorrere.
935 2936 1287 2990 Attenuatam
1326 2933 1471 2987 enim
1513 2940 1566 2986 et
1606 2931 1928 2986 dissolutam
1969 2928 2133 2998 hujus

566 3031 831 3087 orationis
874 3044 996 3084 esse
1024 3028 1291 3098 phrasim,
1336 3034 1391 3079 et
1419 3024 1655 3079 oratoris
1698 3020 1956 3077 facultate
1996 3019 2133 3074 infe-

566 3128 809 3181 riorem:
851 3121 942 3176 alii
978 3130 1104 3175 vero
1146 3117 1522 3188 abjudicantes
1558 3115 1929 3180 Demostheni,
1962 3113 2133 3184 Hege-

567 3219 725 3289 sippo
770 3214 1035 3269 tribuunt.
1084 3210 1345 3280 Equidem
1376 3224 1501 3264 cum
1523 3207 1862 3263 observarim
1886 3206 2133 3261 diverso-

567 3326 689 3365 rum
714 3307 989 3363 orationes
1013 3315 1293 3359 oratorum
1321 3302 1526 3356 similes
1550 3300 1825 3356 interdum
1846 3301 2129 3361 exsistere,

566 3412 618 3458 et
640 3410 828 3458 contra
851 3398 1094 3468 ejusdem
1129 3395 1373 3450 auctoris
1391 3393 1686 3449 dissimiles
1736 3406 2130 3461 nonnunquam

567 3497 799 3552 evadere
839 3490 1120 3549 orationes
1165 3495 1295 3562 (non
1327 3490 1471 3546 enim
1523 3490 1576 3543 in
1616 3488 1847 3544 dicendo
1877 3486 2130 3550 facultas,

564 3587 867 3658 praesertim
913 3586 968 3639 in
1008 3584 1245 3655 propriis
1275 3598 1337 3637 ac
1370 3581 1605 3636 maxime
1647 3580 1967 3650 opportunis
2009 3592 2134 3633 ora-

565 3679 826 3743 tionibus,
864 3688 923 3731 ut
956 3689 1054 3731 nec
1094 3677 1148 3729 in
1184 3676 1307 3730 aliis
1350 3676 1514 3730 rebus
1553 3674 1829 3736 omnibus,
1870 3673 2133 3725 immuta-

566 3767 694 3821 bilis
735 3775 838 3833 est,
869 3779 934 3820 ac
960 3764 1046 3819 sui
1072 3773 1332 3834 perpetuo
1360 3762 1575 3832 similis)
1613 3775 1849 3829 cumque
1884 3760 2026 3815 hanc
2051 3758 2135 3811 di-

564 3859 881 3915 versitatem
939 3857 1028 3912 hic
1094 3856 1546 3921 animadvertam,
1602 3853 1959 3921 pronuntiare
2020 3866 2131 3904 non

566 3954 770 4018 ausim,
820 3953 964 4008 sitne
1004 3948 1293 4020 Hegesippi
1323 3949 1459 4013 haec,
1490 3963 1559 4003 an
1600 3945 1985 4002 Demosthenis
2011 3961 2133 4000 ora-

562 4047 661 4104 tio.

630 4390 894 4445 Similiter
931 4398 985 4445 et
1025 4391 1357 4454 orationem,
1409 4407 1532 4460 qua:
1560 4390 1878 4447 inscribitur
1902 4393 1969 4449 de
1996 4393 2134 4453 Con-

561 4481 860 4537 ditionihus
902 4482 970 4536 ad
1008 4480 1399 4545 Alexandrum,
1447 4480 1699 4553 Hyperidi
1746 4485 1930 4554 potius
1964 4502 2127 4556 quam
2155 4508 2208 4568 D

561 4568 917 4624 Demostheni
962 4569 1289 4637 attribuunt,
1334 4571 1481 4639 quod
1513 4587 1636 4625 cum
1670 4572 1859 4627 multis
1886 4573 2007 4627 aliis
2031 4573 2131 4628 De-

561 4658 875 4713 mosthenes
930 4658 1140 4713 artibus
1190 4657 1429 4727 reliquos
1474 4668 1721 4715 oratores
1768 4661 1977 4725 vicerit,
2016 4672 2129 4717 tum

559 4746 912 4814 potissimum
959 4746 1251 4799 verborum
1302 4746 1514 4800 delectu
1566 4749 1859 4815 superarit.
1907 4749 1975 4803 At
2020 4751 2133 4805 haec

562 4832 743 4887 oratio
788 4832 953 4887 habet
1005 4831 1301 4885 nonnullas
1352 4847 1516 4887 voces
1568 4848 1674 4887 non
1724 4836 2015 4903 oratorias,
2076 4848 2135 4893 ut

561 4919 901 4983 νεόπλουτος,
932 4916 1349 4987 βδελυρεύεσθαι
1376 4929 1430 4973 et
1458 4919 1563 4973 alia
1593 4921 1815 4975 similia.

635 5091 775 5146 Sunt
806 5092 971 5145 etiam
996 5091 1091 5160 qui
1128 5092 1267 5146 duas
1302 5092 1357 5145 in
1390 5092 1815 5165 Aristogitonem
1854 5099 2133 5154 orationes

560 5180 720 5248 quasi
750 5194 860 5233 non
902 5193 1190 5247 germanas
1224 5179 1508 5248 rejiciant:
1560 5181 1655 5237 sed
1693 5190 1873 5240 tamen
1897 5200 2006 5241 non
2046 5186 2131 5240 in-

560 5266 746 5320 dicant
789 5275 1068 5320 auctorem
1110 5280 1324 5330 earum,
1358 5267 1499 5322 inter
1523 5284 1665 5339 quos
1696 5287 1839 5328 unus
1871 5283 1955 5330 est
2012 5274 2137 5329 Dio-

563 5352 753 5421 nysius
778 5351 1245 5420 Halicarnasseus,
1282 5369 1388 5409 non
1417 5370 1671 5424 magnum
1698 5362 1978 5416 sententia:
2007 5379 2133 5431 pro-

560 5442 742 5498 ferens
793 5437 1188 5510 iestimonlum,
1242 5442 1339 5500 nec
1390 5448 1722 5519 investigare
1768 5454 2019 5517 studens.
2075 5465 2135 5511 ut

562 5535 731 5603 pluris
803 5535 921 5588 lieri
970 5536 1163 5591 debeat
1204 5538 1542 5609 AriSIOgiton
1591 5549 1782 5597 contra
1834 5559 1894 5600 se
1933 5546 2131 5603 Demo-

2941 1829 3101 1887 ΣΞΕ’.

2697 1922 3120 1991 Δημοσθένους
3167 1926 3360 1994 λόγοι.

2320 2011 2763 2081 Ἀνεγνὼσθησαν
2829 2013 2872 2044 ⁸⁸
2943 2012 3320 2084 Δημοσθένους
3386 2015 3535 2085 λόγοι
3619 2019 3822 2089 μικροῦ

2238 2106 2552 2177 σύμπαντες
2585 2120 2602 2139 ο
2635 2105 2896 2177 φέρονται
2930 2105 2986 2158 δὲ
3016 2105 3182 2161 αὑτοῦ
3218 2107 3269 2160 oi
3301 2109 3517 2179 γνήσιοι
3566 2118 3607 2177 εἴ
3630 2113 3724 2165 καὶ
3752 2112 3820 2178 ξ’,

2234 2192 2308 2250 ῶν
2335 2198 2385 2250 oi
2407 2198 2656 2269 δημόσιοι
2693 2196 2893 2268 μᾶλλον
2931 2198 3012 2260 είς
3043 2196 3105 2250 τὸ
3133 2197 3356 2268 ἄριστον
3384 2204 3827 2257 κατεσκευάσθαι

2235 2291 2345 2351 τοῖς
2404 2288 2615 2348 πλείοσι
2678 2287 2977 2358 κρίνονται.
3039 2287 3198 2352 Τινὲς
3257 2289 3357 2359 μὲν
3415 2290 3507 2344 οὖν
3541 2293 3636 2348 τὸν
3689 2296 3828 2365 περὶ

2245 2380 2566 2451 Ἀλοννήσου
2614 2378 2659 2413 ¹³
2701 2377 2862 2446 λόγον
2894 2378 2975 2446 (ὃς
3005 2380 3099 2431 καὶ
3132 2380 3178 2412 ¹⁶
3209 2380 3350 2434 κατὰ
3378 2382 3646 2437 Φιλίππου
3692 2386 3829 2440 ἐπι-

2234 2472 2507 2543 γράφεται
2545 2470 2799 2543 δεύτερος
2829 2485 2844 2501 '
2886 2472 2981 2524 καὶ
3023 2472 3133 2541 γὰρ
3164 2473 3300 2543 πρὸς
3336 2474 3435 2545 τὴν
3468 2477 3757 2548 ἐπιστολὴν
3788 2481 3829 2532 ὀ

2235 2564 2421 2635 ῥήτωρ
2449 2562 2577 2635 [800
2595 2560 2691 2635 IL]
2721 2559 3147 2631 ἀνταγωνίζεται
3172 2564 3268 2617 τοῦ
3297 2566 3586 2639 Φιλίππου)
3626 2571 3831 2625 τοῦτον

2234 2652 2295 2707 οὗ
2345 2672 2508 2724 φασιν
2548 2651 2686 2707 εἶναι
2728 2655 2949 2725 γνήσιον
2996 2656 3394 2724 Δημοσθένους,
3458 2659 3553 2713 καὶ
3598 2678 3822 2733 τεκμη-

2236 2742 2484 2813 ριοῦσθαι
2512 2742 2612 2814 τὴν
2654 2743 2812 2810 δόξαν
2857 2743 3038 2797 αὐτῶν
3063 2745 3401 2815 ἐπιχειροῦσι
3450 2752 3563 2813 τοῖς
3604 2752 3829 2822 ῥήμασί

2232 2849 2293 2885 τε
2328 2839 2421 2886 καὶ
2442 2833 2667 2902 ὀνόμασι
2702 2834 2875 2902 καὶτῇ
2911 2832 3010 2906 τῆς
3035 2833 3337 2897 συνθέσεως
3364 2836 3600 2909 ἁρμονίᾳ
3621 2852 3635 2867 ⁸
3672 2838 3828 2892 πολὺ

2234 2926 2343 2993 γὰρ
2396 2924 2568 2978 ταῦτα
2633 2923 2918 2978 λείπεσθαι
2968 2923 3062 2977 τοῦ
3121 2925 3524 2994 Δημοσθενικοῦ
3584 2927 3760 2982 τύπου
3808 2948 3829 2963 υ

2236 3014 2398 3086 [1468
2440 3014 2534 3087 R.]
2579 3015 2870 3086 ἀνειμένην
2900 3032 2958 3067 τε
2982 3015 3096 3087 γὰρ
3127 3012 3269 3071 εἶναι
3301 3018 3506 3089 ταύτην
3537 3021 3631 3073 καὶ
3665 3021 3835 3075 λελυ-

2238 3104 2427 3172 μένην,
2478 3104 2575 3156 καὶ
2617 3104 2716 3171 τῆς
2742 3103 2851 3159 τοῦ.
2880 3104 3109 3175 ῥήτορος
3158 3106 3286 3175 περὶ
3326 3105 3497 3160 ταῦτα
3532 3108 3837 3180 δυνάμεως

2159 3174 2202 3230 C
2233 3194 2634 3264 ἐλαττουμένην
2666 3195 2765 3266 τὴν
2793 3174 3026 3266 φράσιν,
3046 3196 3157 3249 Καὶ
3177 3174 3239 3250 oi"
3262 3214 3327 3265 γε
3358 3198 3520 3253 αὑτὸν
3544 3174 3833 3275 ἀφαίρού-

2237 3299 2386 3353 μενοι
2412 3284 2507 3337 τοῦ
2530 3286 2904 3355 Δημοσθένους
2934 3287 3015 3350 είς
3055 3287 3394 3359 Ἡγήσιππον
3427 3294 3834 3365 ἀναφέρουσιν.

2245 3374 2385 3443 Ἐγὼ
2444 3376 2501 3429 δὲ
2563 3376 2719 3441 εἰδὼς
2800 3379 3060 3443 πολλάκις
3134 3382 3226 3435 καὶ
3278 3383 3468 3452 λόγους
3533 3388 3835 3459 διαφόρων

2233 3466 2571 3537 γεννητόρων
2618 3467 2819 3539 πολλὴν
2867 3468 3091 3540 ἔχοντας
3121 3471 3220 3541 τὴν
3240 3474 3530 3544 ὁμοιότητα
3577 3479 3671 3530 καὶ
3703 3478 3842 3531 διά-

2234 3575 2398 3629 φορον
2422 3559 2684 3629 ἐργασίαν
2712 3560 2887 3629 λόγων
2930 3563 3024 3615 τὸν
3066 3564 3232 3617 αὑτὸν
3263 3566 3585 3633 ἐγνωκότων
3620 3574 3842 3644 γεννή-

2231 3666 2365 3720 τορα
2411 3649 2493 3720 (ού
2520 3652 2628 3723 γὰρ
2686 3652 2771 3704 ἀεὶ
2820 3652 3165 3725 καθέστηκεν⁷
3192 3656 3461 3726 ἄτρεπτος
3516 3661 3611 3713 καὶ
3649 3663 3842 3717 ἀναλ-

2234 3739 2457 3803 λοίωτος
2509 3743 2650 3795 κατὰ
2705 3742 2901 3807 πάντα,
2959 3742 3149 3816 ῶσπερ
3176 3746 3301 3800 οὐδέ
3348 3749 3406 3799 ἐν
3445 3752 3557 3812 τοῖς
3606 3751 3839 3819 ἄλλοις,

2232 3831 2402 3894 οὕτως
2433 3832 2552 3887 οὐδὲ
2576 3832 2716 3887 κατά
2752 3834 2880 3897 τοὺς
2908 3834 3098 3902 λόγους
3126 3838 3159 3906 ή
3187 3837 3499 3912 ἀνθρωπίνη
3535 3840 3837 3915 δύναμις),

2232 3923 2406 3985 ἄλλως
2435 3940 2494 3975 τε
2511 3923 2567 3977 δὲ
2600 3925 2720 3977 ούδέ
2744 3927 2800 3977 ἐν
2827 3928 2941 3988 τοῖς
2956 3930 3341 3998 καιριωτάτοις
3372 3932 3479 3985 τῶν
3509 3933 3844 4004 ἰδιωμάτων

2232 4012 2328 4068 τοῦ
2361 4016 2610 4084 ῥήτορος,
2644 4014 2782 4068 ἀλλά
2830 4018 2928 4069 καὶ
2964 4018 3169 4087 ταύτην
3220 4020 3306 4073 ἐπ’
3332 4022 3513 4089 ὀλίγον
3540 4023 3683 4093 ὀρῶν
3714 4028 3843 4097 τὴν

2233 4105 2518 4176 διαφορὰν,
2545 4105 2646 4160 οὐκ
2685 4105 2794 4177 ἔχω
2827 4107 3048 4179 θαρρεῖν
3077 4111 3460 4180 ἀποφήνασθαι
3488 4114 3598 4167 εἴτε
3640 4117 3843 4189 Ἡγη-

2236 4195 2439 4249 σίππου
2493 4196 2654 4260 πόνος
2702 4199 2731 4252 ὀ
2782 4200 2914 4269 περὶ
2980 4199 3301 4271 ’Δλοννήσου
3358 4204 3516 4273 λόγος
3547 4207 3660 4259 εἴτε
3713 4210 3846 4281 τῆς

2233 4287 2637 4359 Δημοσθενικῆς
2683 4288 2970 4359 ἐλάττωμα
3023 4291 3325 4360 καθέστηκε
3361 4293 3595 4362 φύσεως.

2317 4379 2590 4443 Ὡσαύτως
2621 4378 2681 4433 δέ
2726 4380 2821 4433 καὶ
2848 4380 2939 4433 τὸν
2963 4381 3139 4450 λόγον,
3179 4382 3239 4448 ὃς
3283 4385 3649 4455 ἐπιγράφεται
3683 4392 3846 4463 περὶ

2233 4469 2341 4523 τῶν
2374 4472 2510 4541 πρὸς
2550 4471 2897 4543 Ἀλέξανδρον
2927 4473 3229 4542 συνθηκῶν,
3274 4476 3565 4549 Ὑπερείδῃ
3590 4480 3635 4511 ⁸⁸
3667 4483 3838 4550 μᾶλ-

2234 4562 2384 4633 λονῆ
2419 4563 2751 4634 Δημοσθένει
2780 4567 3202 4635 προσνέμουσιν,
3244 4569 3326 4621 ὅτι
3362 4587 3467 4641 περ
3496 4572 3721 4636 πολλοῖς
3760 4592 3841 4628 τε

2234 4651 2413 4714 ἄλλοις
2429 4654 2457 4705 ὀ
2478 4654 2827 4724 Δημοσθένης
2851 4654 3187 4709 πλεονεκτῶν
3206 4656 3315 4709 τῶν
3336 4658 3535 4711 λοιπῶν
3560 4662 3844 4735 ρητόρων

2235 4740 2330 4794 καὶ
2372 4743 2438 4812 τῇ
2466 4742 2575 4799 τῶν
2625 4743 2906 4813 ὀνομάτων
2935 4742 3133 4816 ἐκλογῇ
3172 4747 3265 4801 ἐπὶ
3303 4748 3368 4802 τὸ
3402 4749 3445 4780 ⁸⁵
3474 4748 3701 4820 ἄμεινον
3734 4754 3838 4806 δι-

2234 4832 2510 4900 ενήνοχεν,
2537 4832 2566 4884 ὁ
2587 4832 2643 4885 δέ
2676 4832 2774 4887 νῦν
2802 4833 2957 4901 λόγος
2990 4834 3102 4904 ἔχει
3136 4854 3188 4891 τι
3223 4838 3317 4890 καὶ
3341 4837 3451 4891 τῶν
3471 4840 3531 4891 οὐ
3563 4841 3846 4909 λογάδων

2235 4920 2451 4990 φωνῶν,
2471 4921 2623 4975 ὥσπε
2629 4939 2662 4992 ρ
2682 4922 2742 4975 τὸ
2762 4926 3129 4990 νεόπλουτος
3145 4928 3237 4981 καὶ
3257 4929 3318 4980 τὸ
3326 4928 3846 4997 ,ϐδελυρεύεσθαι

2238 5013 2335 5067 καὶ
2361 5013 2525 5084 ἕτερά
2553 5030 2676 5067 τινα
2704 5015 2949 5068 τοιαῦτα.

2307 5105 2429 5157 Εἰσὶ
2450 5106 2505 5158 δὲ
2535 5105 2584 5158 οἳ
2614 5106 2709 5160 καὶ
2733 5108 2856 5170 τοὺς
2886 5108 2979 5161 δύο
3001 5110 3128 5172 τοὺς
3156 5111 3197 5141 ¹⁷
3226 5111 3365 5166 κατά
3408 5108 3847 5185 Ἀριστογείτο-

2239 5211 2328 5257 νος
2356 5194 2431 5255 ὡς
2460 5194 2645 5257 νόθους
2678 5198 3155 5268 παραγράφονταισ
3196 5201 3312 5255 ἀλλ’
3339 5198 3484 5257 οὗτοι
3510 5207 3607 5258 καὶ
3631 5208 3851 5278 ὀρφα-

2239 5286 2363 5348 νοὺς
2391 5285 2590 5348 αὐτοὺς
2622 5288 2866 5354 ἀφιᾶσιν,
2896 5289 2995 5343 οὐκ
3027 5289 3242 5361 ἔχοντες
3270 5294 3443 5349 εἰπεῖν
3470 5296 3598 5360 τοὺς
3625 5301 3859 5352 τεκόν-

2237 5394 2357 5439 τας.
2380 5372 2481 5430 Ὧν
2497 5372 2576 5439 εἷς
2592 5378 2785 5446 γέγονε
2806 5382 2899 5432 καὶ
2915 5382 3189 5445 Διονύσιος
3206 5384 3235 5436 ὀ
3263 5384 3732 5457 Ἁλικαρνασσεὺς
3751 5391 3855 5455 ³⁸,

2241 5464 2392 5517 οὐδὲν
2426 5466 2567 5534 μέγα
2597 5467 2897 5539 τεκμήριον
2918 5470 3019 5539 τῆς
3049 5471 3183 5536 ἰδίας
3215 5474 3539 5545 ὑπολήψεως
3564 5484 3861 5549 παρεχό-

2243 5571 2423 5623 μενος,
2475 5555 2596 5609 οὐδέ
2645 5556 2821 5612 ἐκεῖνο
2875 5561 3101 5616 συνιδεῖν
3149 5562 3441 5637 ἐθελήσας,
3496 5568 3571 5632 ὡς
3629 5571 3869 5645 πολλῷ

1838 5660 2070 5715 vitam
2114 5664 2519 5721 LECTIONES.
2602 5649 2612 5660 ’

636 5762 679 5796 το
714 5766 821 5818 τῶν
848 5765 887 5835 ψ

568 5909 689 5963 add.
726 5907 783 5961 Β.
862 5909 906 5940 ⁵⁸
948 5907 1376 5979 Ἁλικαρνασεὺς
1408 5930 1467 5976 ς.

636 5766 679 5796 το
714 5766 821 5818 τῶν
848 5766 1045 5858 ψήφων
1072 5766 1647 5828 Pseudo-Plutarchus
1678 5794 1691 5829 :
1719 5792 1843 5830 nam
1872 5775 2050 5833 Pltotii
2091 5781 2213 5836 libri
2249 5784 2486 5852 Σισύφῳ.

564 5836 666 5891 σθη
697 5836 761 5889 Α.
839 5839 883 5871 ¹³
936 5837 1210 5891 Αλονήσου
1244 5855 1304 5891 ε’.
1397 5844 1439 5874 ³⁸
1468 5845 1564 5891 καὶ
1617 5854 1742 5891 ςιηιυ
1798 5849 1938 5891 κατά
1964 5865 2071 5891 nm
2121 5853 2155 5891 ιι
2194 5868 2214 5887 ι
2284 5855 2326 5883 ιε
2369 5855 2486 5891 σιντ,

635 5853 666 5905 η
697 5836 761 5889 Α.
839 5839 883 5871 ¹³
918 5837 1210 5906 Ἀλονήσου
1244 5855 1304 5902 ς’.
1397 5844 1439 5874 ³⁸
1468 5845 1564 5897 καὶ
1617 5854 1742 5901 ante
1798 5849 1939 5902 κατά
1964 5865 2076 5903 om.
2118 5853 2214 5904 li.’

2594 5786 2633 5815 ¹¹
2668 5786 3010 5860 καταβαλεῖν]
3043 5789 3297 5860 ἀποτῖσαι
3334 5792 3394 5847 Β.

2284 5794 2486 5883 gruum.
2594 5794 2633 5815 "
2668 5794 3010 5860 καταδαλεῑν]
3043 5794 3297 5846 ἀποτῖσαι
3334 5794 3394 5847 Β.
3493 5795 3535 5824 ¹²
3566 5794 3874 5865 ἀνεγνώ-

2392 5853 2626 5924 Υπερέδῃ
2662 5873 2719 5919 ς.
2815 5856 2857 5888 ¹⁶
2882 5858 2941 5911 τὸ
2996 5859 3118 5914 add.
3152 5862 3217 5919 A.
3342 5863 3385 5893 "’
3411 5864 3536 5924 τοὺς
3568 5880 3691 5924 post
3719 5868 3874 5923 δύο

3342 5863 3385 5893 ¹⁷
3411 5864 3536 5928 τοὺς
3567 5863 3691 5934 post
3719 5868 3875 5923 δύο
