4036 6318
586 221 693 291 179
1392 272 1395 275 ν
1736 228 2000 291 ΡΗΟΤΙΙ
2028 230 2169 291 PAT

2271 226 2532 292 ARCHIE
2568 230 2679 292 CP.
3723 232 3823 303 180

584 352 697 410 quo
757 339 1016 410 perfecte,
1058 339 1323 399 decorum
1394 342 1598 415 ubique
1640 356 1880 401 servant.
1948 344 2161 403 Nullam

2271 348 2565 418 ἐρωτήσεις
2591 343 2953 417 προϐάλλεται
2977 343 3075 401 καὶ
3107 344 3456 418 ὑποστροφὰς
3473 345 3570 402 καὶ
3585 348 3648 403 ea
3666 349 3823 407 ἀσύν-

588 431 735 486 enim
782 432 1235 503 compositionem
1280 436 1721 505 praetermittere,
1772 436 1867 491 sed
1920 436 2160 505 periodis

2271 439 2450 503 δετον,
2498 433 2582 504 οἷς
2620 437 2856 510 μάλιστα
2901 436 3252 509 Δημοσθένης
3301 438 3481 509 χαίρει
3532 439 3822 512 χρώμενος,

589 528 775 584 omnia
797 530 1109 600 complecti,
1147 530 1500 589 Demostheni
1533 544 1618 589 est
1648 547 1773 590 eum
1799 532 2061 601 lsocrate,
2095 551 2160 591 ac

2276 529 2437 583 Ἀλλά
2460 528 2555 582 καὶ
2580 530 2614 600 ή
2636 528 2887 593 σύνθεσις
2909 528 3178 600 ἐπιμελής
3203 529 3297 583 καὶ
3324 529 3421 601 τὴν
3445 530 3728 601 ἐνάργειαν
3751 536 3826 606 τῷ

590 616 753 692 Lysia
783 635 1097 677 commune.
1129 622 1565 692 Atperiodorum
1592 624 1832 682 varietas
1860 626 1915 681 in
1947 627 2161 693 magni-

2271 621 2452 693 κόσμῳ
2478 621 2538 675 ού
2570 621 2976 693 διαφθείρουσα,
3010 622 3071 676 αῖ
3089 620 3177 691 ᾖτε
3228 622 3467 693 περίοδοι
3498 623 3578 693 τῷ
3606 625 3827 696 ἀπηρτι.

590 711 779 767 tudine
820 713 1067 767 membra
1099 712 1426 783 adimplens,
1460 715 1832 771 diversitatem
1864 715 2007 771 inter
2035 717 2159 773 illos

2271 714 2454 785 σμένῳ
2483 714 2849 785 συναγόμεναι
2885 715 2982 769 καὶ
3012 713 3075 767 τὸ
3102 715 3312 784 πρέπον
3350 714 3624 785 πανταχοῦ
3641 715 3827 770 διασώ-

590 805 753 871 parit,
788 819 914 860 cum
942 804 1210 861 Isocrates
1234 806 1558 876 plerumque
1581 806 1846 863 ambitum
1869 808 2156 877 producat:

2271 806 2437 870 ζουσι.
2486 805 2562 859 Τὸ
2614 805 2715 878 μὶν
2766 804 2860 860 οὖν
2914 805 3142 877 μηδενὸς
3193 804 3472 875 φείδεσθαι
3507 806 3824 876 συνθέσεως,

594 892 786 965 Lysias
817 910 949 949 vero
991 895 1300 960 contrahat,
1332 895 1386 950 in
1434 907 1669 966 utroque
1696 897 1955 953 decorum
1984 907 2164 955 servet

2271 895 2406 950 ἀλλά
2438 896 2615 950 πάντα
2643 895 2952 966 διειλῆφθαι
2995 895 3266 969 περιόδοις
3298 894 3414 949 ἔστι
3456 896 3555 967 μὲν
3598 897 3829 969 Ἰσοκρά-

594 985 1006 1042 Demosthenes.

2271 1004 2396 1053 τους
2414 990 2519 1042 καὶ
2550 988 2751 1042 Λυσίου
2781 988 2918 1059 πρὸς
2946 985 3295 1058 Δημοσθένην
3318 985 3517 1040 κοινόν·
3544 987 3579 1057 ή
3606 986 3663 1039 δὲ
3695 988 3827 1042 κατά

589 1074 689 1138 τὰς
723 1076 1009 1147 περιόδους
1057 1076 1117 1131 έν
1166 1078 1283 1141 τοῖς
1321 1076 1581 1147 μεγέθεσι
1620 1079 1865 1133 ποικιλία
1915 1079 2313 1153 συμπληροῦσα
2376 1078 2447 1134 τά
2507 1078 2659 1133 κῶλα
2720 1078 3110 1149 λαμϐανομένη
3136 1076 3237 1147 τὴν
3264 1076 3403 1147 πρὸς
3439 1076 3679 1141 ἐκείνους
3718 1078 3826 1132 δια-
3886 1150 3889 1151 ν

596 1172 770 1244 φορὰν
819 1172 1228 1242 ἀπεργάζεται,
1270 1173 1369 1228 τοῦ
1422 1174 1524 1246 μὲν
1589 1176 1932 1247 Ἰσοκράτους
1978 1176 2055 1243 ὡς
2098 1176 2169 1233 τά
2239 1175 2415 1231 πολλά
2458 1175 2794 1248 μηκύνοντος
2837 1174 2939 1245 τήν
3013 1173 3279 1246 ἐργασίαν
3328 1171 3532 1239 αὐτῶν,
3569 1172 3665 1226 τοῦ
3707 1173 3763 1228 δὲ
3786 1175 3826 1208 ²¹

590 1265 795 1320 Λυσίου
823 1263 1230 1334 συντέμνοντος·
1262 1264 1324 1332 ἐξ
1349 1266 1611 1338 ἐκατέρου
1644 1267 1701 1322 δὲ
1729 1267 1937 1323 τούτων
1960 1268 2039 1338 τῷ
2061 1266 2395 1340 Δημοσθένει
2424 1265 2484 1321 τδ
2514 1266 2723 1337 πρέπον
2758 1263 3101 1329 διασώζεται.

661 1359 849 1417 Oratio
863 1371 1043 1416 autem
1067 1377 1189 1433 quae
1203 1364 1268 1417 de
1299 1362 1437 1418 Pace
1457 1375 1563 1431 est,
1591 1366 1894 1437 composita
1916 1366 2159 1436 quidem,

2348 1363 2408 1418 Ὀ
2435 1362 2492 1416 δὲ
2520 1361 2654 1433 περὶ
2682 1361 2781 1430 τῆς
2813 1360 3040 1430 εἰρήνης
3064 1357 3223 1426 λόγος
3245 1356 3341 1412 καὶ
3369 1355 3553 1419 ἀλλοις
3581 1355 3700 1425 μὲν,
3735 1357 3829 1428 μά-

591 1452 686 1507 sed
720 1467 828 1507 non
860 1452 1046 1508 habita
1078 1456 1427 1512 existimatur
1453 1456 1521 1511 ab
1548 1457 1711 1523 aliis;
1744 1467 1799 1513 et
1838 1458 2077 1514 maxime
2128 1472 2162 1514 a

2271 1453 2422 1508 λιστα
2466 1452 2524 1506 δὲ
2550 1449 2792 1522 Λιϐανίῳ
2830 1448 2912 1519 τῷ
2960 1449 3189 1519 σοφιστῇ
3222 1445 3669 1518 παρεσκευάσθαι
3713 1446 3827 1517 μὲν,

591 1543 821 1601 Libauio
874 1547 1145 1618 sophista.
1188 1548 1385 1605 Orator
1431 1550 1577 1604 enim
1622 1549 1943 1607 IEschinem
1997 1566 2164 1607 accu-

2265 1546 2327 1601 ού
2376 1543 2484 1617 μὴν
2525 1541 2779 1613 είρῆσθαι
2814 1540 2984 1595 δοκεῖ.
3035 1538 3376 1611 Κατηγορῶν
3420 1537 3532 1608 γὰρ
3580 1537 3610 1591 6
3657 1541 3830 1611 ῥήτωρ

590 1652 746 1702 sans,
786 1638 1148 1695 nihilominus
1180 1654 1241 1695 se
1259 1640 1426 1695 etiam
1448 1649 1691 1707 accusat,
1722 1641 1866 1711 quod
1899 1642 2166 1697 suasisset

2271 1637 2522 1708 Αἰσχίνου
2552 1635 2706 1690 οὐδὲν
2750 1634 2973 1689 ἔλαττον
2994 1634 3041 1666 ⁸³
3083 1633 3248 1688 αὐτὸν
3290 1633 3387 1688 καὶ
3429 1632 3527 1687 ἐπὶ
3554 1633 3726 1703 τούτῳ
3750 1636 3829 1687 al-

590 1727 1017 1785 Athcniensibus
1055 1729 1511 1802 Amphictyuuem
1555 1747 1677 1788 esse
1723 1731 2031 1803 Philippum
2076 1733 2166 1789 de-

589 1829 741 1874 creto
771 1820 1223 1882 renuntiandum.
1255 1837 1363 1891 qua
1431 1822 1587 1877 illum
1637 1826 1834 1880 acerbe
1874 1824 2167 1894 reprehen-

590 1910 693 1976 dit,
744 1912 889 1981 quod
944 1911 1066 1981 ejus
1102 1911 1183 1967 rei
1224 1921 1435 1977 auctor,
1487 1928 1789 1984 suasorque
1840 1914 2164 1970 exstitisset.

590 2000 726 2058 Nam
756 2004 1000 2060 suasisse
1034 2005 1186 2059 illum
1220 2014 1280 2061 ut
1306 2005 1678 2079 Amphictyon
1709 2006 1994 2080 Philippus
2013 2024 2168 2065 crea-

593 2102 770 2159 retur,
800 2094 1012 2150 ciarum
1037 2104 1140 2150 est.

662 2181 1135 2240 Orationemvero
1165 2194 1358 2241 contra
1386 2184 1655 2254 Nwram,
1682 2197 1742 2243 ut
1772 2187 2165 2259 languidiorem

592 2289 657 2331 ac
702 2276 1100 2341 remissiorem,
1160 2275 1541 2334 Demosthenis
1582 2280 1832 2335 nonnulli
1881 2296 1913 2337 e
1961 2281 2168 2337 familia

590 2366 839 2437 ejiciunt,
878 2375 941 2421 ut
972 2374 1027 2421 et
1077 2365 1430 2434 amatoriam,
1462 2375 1519 2423 et
1567 2366 1855 2427 funebrem
1900 2370 2168 2427 laudatio-

592 2471 739 2512 nem.

659 2546 829 2602 Aiunt
859 2557 913 2604 et
957 2550 1377 2608 Demosthenem
1418 2562 1657 2622 quatuor
1681 2559 1735 2608 et
1777 2553 1966 2624 viginti
1995 2570 2170 2611 annos

592 2651 778 2697 natum
828 2645 1133 2703 orationem
1178 2648 1242 2702 de
1276 2645 1626 2702 Immum’tate
1667 2661 1855 2702 contra
1887 2645 2169 2717 Leptinem

594 2735 1015 2805 conscripsisse,
1069 2738 1229 2808 cujus
1268 2739 1600 2809 prooemium
1657 2739 1994 2810 agonisticon
2052 2754 2173 2794 esse

593 2832 754 2896 putat
793 2825 1076 2899 Longinus
1121 2830 1350 2887 criticus
1396 2830 1510 2903 (15)
1546 2848 1561 2885 :
1603 2831 1695 2901 qui
1743 2831 1969 2887 Claudio
2001 2832 2172 2900 impe-

590 2924 754 2971 rante
802 2916 1012 2985 ﬂoruit,
1067 2934 1373 2991 causasque
1433 2921 1699 2991 plurimas
1740 2922 1872 2991 egit,
1932 2920 2170 2975 Zenobia

2263 1732 2464 1794 τιᾶται,
2490 1729 2574 1782 ὅτι
2602 1726 3019 1780 συνεϐούλευσεν
3047 1727 3092 1758 ³⁸
3125 1724 3433 1795 ’Δθηναίοις
3471 1723 3831 1793 Ἀμφικτύονα

2264 1814 2403 1873 εἶναι
2441 1816 2784 1888 ψηφίσασθαι
2823 1815 3111 1870 Φίλιππον.
3150 1816 3240 1868 Ἐν
3267 1808 3313 1883 ᾧ
3361 1808 3460 1867 οὖν
3494 1814 3701 1867 ἐκεῖνον
3744 1832 3829 1868 πι-

2264 1910 2414 1981 κρῶς
2436 1908 2681 1965 διέϐαλλε
2705 1909 2772 1974 ³ο,
2809 1908 2925 1973 πῶς
2962 1907 3028 1963 ἂν
3064 1907 3227 1970 αὐτὸς
3271 1906 3549 1977 ἐθάρρησε
3590 1905 3831 1974 γενέσθαι

2268 2002 2568 2073 σύμϐουλος
2591 2018 2608 2069 ;
2643 2001 2741 2055 xui.
2768 2000 2878 2072 γὰρ
2904 2002 2933 2054 6
2960 1999 3093 2071 περὶ
3116 2000 3219 2069 τῆς
3246 1999 3480 2068 είρήνης
3505 1996 3661 2066 λόγος
3686 1998 3832 2068 δῆλον

2266 2096 2350 2149 ὃτι
2374 2094 2468 2149 τὸν
2492 2094 2760 2148 Φίλιππον
2804 2091 3178 2163 Ἀμφικτύονα
3219 2087 3359 2145 εῖναι
3394 2090 3767 2160 συμϐουλεύει.

2338 2187 2450 2241 Καὶ
2492 2190 2586 2239 τὸν
2624 2185 2767 2239 κατά
2795 2183 3040 2255 Νεαίρας
3073 2184 3131 2238 δὲ
3160 2182 3320 2252 λόγον
3355 2181 3678 2252 ὑπτιότητός
3701 2199 3831 2248 τινες

2267 2278 2584 2349 αίτιῶμενοι
2630 2277 2739 2330 τῶν
2780 2275 3205 2347 Δημοσθενικῶν
3240 2273 3608 2344 ἀποκρίνουσι
3638 2273 3830 2342 λόγων,

2268 2370 2458 2441 ὥσπερ
2486 2370 2579 2423 καὶ
2619 2368 2713 2421 τὸν
2757 2369 2886 2438 περὶ
2906 2367 3112 2439 ἔρωτος
3156 2366 3306 2438 αὐτῷ
3333 2366 3720 2437 γεγραμμένον
3749 2369 3834 2421 καὶ

2267 2462 2359 2517 τὸν
2388 2460 2691 2530 ἐπιτάφιον.

2337 2551 2476 2605 Φασὶ
2501 2551 2558 2604 δὲ
2578 2550 2672 2604 τὸν
2694 2548 3045 2621 Δημοσθένην
3067 2548 3195 2622 [802
3214 2549 3308 2623 Η.]
3332 2547 3380 2605 δ’
3410 2548 3502 2602 καὶ
3523 2554 3572 2601 κ’
3592 2549 3833 2617 γεγονότα

2269 2645 2365 2715 ἔτη
2395 2646 2440 2677 ⁸⁸
2470 2644 2560 2698 τὸν
2584 2644 2842 2713 περὶτῶν
2868 2643 3147 2708 ἀτελειῶν,
3164 2644 3283 2713 ήτοι
3303 2642 3401 2696 τὸν
3423 2641 3560 2713 πρὸς
3582 2642 3833 2712 Λεπτίνην

2272 2736 2740 2810 φιλοπονήσασθαι
2766 2736 2947 2805 λόγον,
2974 2728 3037 2790 ob
3062 2735 3121 2789 τὸ
3144 2736 3443 2806 προοίμιον
3460 2735 3717 2803 Λογγῖνος
3747 2736 3833 2806 μὲν

2270 2829 2299 2882 6
2327 2830 2569 2899 κριτικὸς
2597 2827 2957 2896 ἀγωνιστικὸν
2985 2825 3218 2896 νομίζει*
3254 2826 3349 2879 ἰπὶ
3384 2825 3653 2880 Κλαυδίου
3673 2826 3729 2880 δὲ
3755 2818 3835 2879 οὗ-

2272 2936 2360 2982 τος
2402 2916 2641 2989 ἤκμαζε,
2683 2916 2782 2971 καί⁸
2821 2916 2890 2969 τά
2962 2915 3135 2970 πολλά
3181 2915 3585 2987 συνηγωνίζετο
3620 2915 3834 2987 Ζηνοϐίᾳ

594 2999 968 3062 Osroenorum
998 3008 1186 3079 regina
1220 3009 1509 3080 imperium
1547 3019 1786 3078 tenente,
1822 3021 2036 3065 mortuo
2055 3011 2165 3081 jam

2272 3013 2339 3081 τῇ
2372 3010 2482 3063 τῶν
2525 3008 2832 3081 Ὀσροηνῶν
2882 3006 3145 3078 βασιλίδι,
3176 3007 3279 3078 τὴν
3321 3006 3503 3079 ἀρχὴν
3549 3006 3834 3079 κατεχούσῃ

596 3094 882 3153 Odenatho
904 3098 1122 3167 marito,
1145 3115 1308 3171 quem
1335 3102 1501 3172 prisci
1530 3104 1749 3157 tradunt
1780 3104 2078 3174 scriptores
2102 3104 2171 3160 ab

597 3187 876 3258 impietate
904 3193 1146 3261 gentium
1180 3188 1249 3249 ad
1294 3192 1607 3250 Iudaeorum
1636 3210 1816 3251 mores
1839 3196 2168 3251 traductum.

596 3277 800 3335 Verum
847 3281 1131 3354 Longinus
1163 3284 1243 3342 sic
1279 3285 1501 3357 quidem
1532 3286 1599 3342 de
1642 3287 1747 3344 hoc
1784 3287 2053 3358 protemio
2086 3288 2172 3342 in-

597 3370 821 3439 dicavit,
875 3377 1056 3432 caeteri
1080 3378 1227 3433 enim
1281 3381 1487 3436 morale
1514 3395 1637 3437 esse
1682 3395 1789 3434 non
1841 3390 1991 3436 recte
2040 3397 2172 3452 pro-

599 3463 874 3518 nuntiant.
907 3465 1170 3524 Pluribus
1192 3479 1377 3525 autem
1410 3470 1524 3526 haec
1556 3470 1734 3525 oratio
1782 3470 1837 3525 in
1875 3471 2172 3540 judicando

597 3556 969 3615 contentionis
1019 3561 1304 3616 materiam
1357 3564 1612 3633 praebuit,
1660 3564 1737 3634 (in
1797 3563 1884 3619 his
1941 3564 2172 3635 Aspasio

598 3647 825 3712 rhetori,
854 3650 949 3718 qui
976 3653 1263 3707 exordium
1307 3653 1442 3709 satis
1466 3664 1781 3711 accuratum
1816 3671 1938 3711 esse
1964 3664 2170 3727 negat),

598 3746 660 3793 ut
683 3748 740 3794 et
792 3742 969 3796 oratio
1012 3752 1204 3798 contra
1246 3742 1493 3809 Midiam,
1534 3759 1661 3799 nam
1698 3754 1755 3801 et
1803 3745 1871 3801 de
1910 3746 2012 3799 hac
2065 3760 2172 3800 non

598 3830 758 3900 pauci
786 3841 1086 3899 certarunt,
1116 3834 1412 3905 multisque
1444 3835 1641 3908 4926
1660 3836 1956 3892 altercandi
1982 3852 2172 3891 ansam

597 3920 848 3990 praebuit.
885 3922 990 3978 Alii
1034 3924 1181 3990 enim
1210 3924 1446 3983 formam
1490 3928 1567 3981 illi
1608 3928 1913 3985 affectionis
1958 3930 2171 3999 plenam

596 4021 653 4068 et
683 4015 1007 4085 gravitatis:
1041 4018 1293 4075 nonnulli
1330 4020 1652 4089 negotialem
1687 4023 2058 4077 characterem
2088 4032 2173 4077 at-

596 4104 870 4171 tribuunt,
915 4116 972 4161 et
996 4108 1219 4165 omnino
1248 4110 1538 4165 verborum
1578 4112 1815 4181 gravitas
1846 4112 1934 4167 hic
1962 4121 2069 4179 est,
2119 4121 2173 4169 et

596 4196 1014 4265 compositionis
1064 4200 1384 4267 modulatio,
1417 4209 1471 4256 et
1494 4217 1713 4257 rursum
1740 4202 2079 4272 argumentis
2118 4212 2175 4259 et

598 4286 1020 4355 enthymematis
1071 4288 1271 4345 aﬂ‘ectu
1326 4291 1522 4361 plenis,
1573 4291 1899 4360 patheticam
1952 4307 2173 4363 quoque

2284 3102 2568 3157 Ὀδενάθου
2598 3100 2693 3154 τοῦ
2721 3100 2915 3174 ἀνδρὸς
2940 3100 3111 3170 αὐτῆς
3138 3100 3592 3170 τετελευτηκότος
3612 3141 3627 3166 ,
3658 3102 3722 3172 ἢν
3750 3100 3835 3154 καὶ

2274 3191 2598 3264 μεταϐαλεῖν
2628 3192 2710 3257 είς
2735 3190 2804 3244 τά
2845 3188 3115 3244 Ἰουδαίων
3142 3189 3238 3261 ἔθη
3265 3190 3378 3244 ἀπὸ
3401 3189 3503 3260 τῆς
3536 3189 3833 3261 Ἑλληνικῆς

2270 3282 2694 3354 δεισιδαιμονίας
2728 3282 2957 3345 παλαιὸς
2987 3280 3294 3350 ἀναγράφει
3325 3279 3510 3349 λόγος.
3556 3280 3711 3333 Ἀλλά
3736 3278 3834 3350 γὰρ

2270 3380 2300 3433 6
2330 3378 2429 3448 μὲν
2454 3379 2715 3446 Λογγῖνος
2736 3376 2996 3447 τοιαύτην
3030 3377 3159 3443 περὶ
3188 3375 3284 3429 τοῦ
3318 3376 3687 3447 προκειμένου
3714 3391 3833 3444 προ-

2270 3470 2451 3540 οιμίου
2482 3469 2580 3540 τὴν
2605 3469 2784 3541 ψῆφον
2805 3468 3013 3537 ἐξάγει.
3043 3468 3264 3539 Ἔτεροι
3283 3467 3341 3521 δὲ
3366 3469 3470 3522 οὐκ
3497 3468 3674 3539 ὀρθῶς
3719 3467 3835 3537 ἐφα-

2274 3578 2375 3615 σαν
2409 3561 2470 3614 τδ
2497 3561 2786 3632 προοίμιον
2816 3559 3008 3629 ἠθικὸν
3051 3554 3215 3613 εἶναι.
3249 3560 3363 3613 Καὶ
3394 3558 3610 3623 πολλοῖς
3646 3554 3788 3623 οὗτος
3809 3559 3835 3611 6

2271 3649 2428 3718 λόγος
2458 3648 2731 3719 παρέσχεν
2748 3648 2793 3679 ⁸⁸
2814 3647 3002 3717 ἀγῶνα
3031 3647 3314 3716 κρίνεσθαι
3328 3647 3640 3720 προτεθεὶς,
3664 3647 3834 3717 ὥσπερ

2272 3740 2370 3794 καὶ
2393 3738 2676 3809 ’Δσπασίῳ
2712 3737 2791 3809 τῷ
2826 3739 3043 3811 ῥήτορι,
3073 3738 3170 3792 ἆτε
3203 3739 3330 3809 μηδ’
3367 3739 3654 3810 ἀφιγμένῳ
3682 3739 3724 3770 ³³
3749 3738 3835 3809 τῆς

2272 3830 2368 3886 τοῦ
2400 3830 2563 3899 λόγου
2596 3830 2830 3901 θεωρίας
2861 3831 2943 3894 είς
2976 3831 3285 3901 ἀκρίϐειαν.
3330 3830 3611 3894 Ὡσαύτως
3658 3830 3714 3883 δὲ
3750 3829 3835 3882 καὶ

2271 3924 2302 3977 6
2360 3921 2503 3977 κατά
2553 3921 2798 3977 Μειδίοψ
2832 3922 2928 3976 καὶ
2990 3921 3100 3993 γὰρ
3144 3922 3241 3977 καὶ
3289 3917 3445 3987 οὗτος
3494 3924 3594 3976 οὐκ
3648 3922 3834 3989 ὀλίγοις

2272 4015 2497 4084 γέγονεν
2546 4015 2606 4068 έν
2656 4013 2883 4085 σπουδῇ,
2927 4014 3022 4068 καὶ
3068 4013 3171 4085 τῆς
3201 4014 3337 4088 πρὸς
3371 4015 3635 4086 ἀλλήλους
3680 4015 3834 4083 ἀμφι-

2274 4107 2591 4178 σϐητήσεως
2640 4107 2893 4177 ἀφορμὰς
2942 4106 3210 4177 παρέσχε.
3252 4108 3362 4160 Καὶ
3400 4112 3452 4161 oi
3485 4108 3583 4178 μὲν
3614 4105 3704 4160 τοῦ
3737 4122 3832 4157 πα-

2273 4197 2499 4268 θητικοῦ
2542 4200 2891 4268 χαρακτῆρος
2928 4193 3068 4251 εἷναί
3118 4215 3285 4267 φασιν
3313 4199 3479 4252 αὐτὸν
3498 4241 3513 4263 ,
3552 4198 3687 4269 μετὰ
3730 4195 3830 4247 δει-

2273 4290 2492 4355 νώσεως
2545 4290 3040 4362 ἐπεξειργασμένω
3063 4289 3129 4354 ⁸⁸,
3176 4292 3227 4344 oi
3284 4290 3343 4344 δὲ
3384 4291 3481 4344 τοῦ
3533 4303 3832 4360 πραγματι-

593 4377 1102 4447 pronuntiationem
1122 4359 1521 4449 accommodat,
1548 4384 1898 4455 pragmaticis
1919 4384 2168 4441 vicissim

2274 4380 2372 4435 κοῦ
2393 4398 2408 4413 ο
2460 4382 2554 4434 καὶ¹
2596 4359 2785 4445 ἁπλῶς
2819 4359 2930 4435 τῶν
2968 4398 3028 4434 τε
3078 4381 3342 4452 ῥημάτων
3391 4379 3557 4435 αὐτοῦ
3582 4359 3589 4360 ί
3613 4379 3695 4459 rb,
3715 4393 3833 4445 σφο-

593 4483 717 4538 qtm:
755 4469 888 4539 ipsis
929 4473 1285 4543 conveniunt,
1332 4476 1578 4548 adaptat.
1611 4478 1806 4532 Servat
1845 4486 1900 4532 et
1940 4478 2169 4535 aﬂ‘ectus

595 4560 851 4627 leniores,
878 4577 988 4617 non
1012 4562 1066 4617 in
1097 4563 1201 4621 hac
1228 4565 1393 4620 modo
1424 4566 1694 4633 oratione,
1722 4567 1818 4622 sed
1851 4576 1906 4623 et
1935 4567 1993 4621 in
2022 4568 2165 4623 aliis.

594 4647 797 4706 Verum
840 4652 1218 4711 diﬂicillimum
1244 4666 1329 4713 est
1349 4658 1578 4724 oratori,
1612 4658 1669 4712 in
1700 4660 2049 4715 contentioso
2085 4659 2171 4714 di-

594 4743 751 4798 cendi
774 4758 970 4815 genere
999 4746 1236 4805 leuiores
1264 4757 1523 4819 perpetuo
1550 4750 1781 4806 retinere
1828 4754 1883 4804 in
1915 4751 2171 4806 adversa-

597 4834 737 4890 rium
789 4835 1123 4904 all‘ectiones,
1167 4839 1217 4894 ei
1266 4840 1593 4912 praesertim,
1649 4842 1741 4897 cui
1790 4842 2167 4899 vehementius

593 4937 758 4998 atque
781 4927 960 4986 acrius
982 4929 1260 5001 ingenium
1297 4932 1562 4990 obvenit:
1599 4934 1762 5006 quale
1809 4933 2164 4990 Demostheni

2274 4475 2400 4545 δρδν
2439 4473 2603 4547 [M72
2631 4473 2726 4547 R.]
2762 4475 2856 4527 καὶ
2883 4475 3025 4529 κατά
3064 4473 3163 4545 τὴν
3204 4473 3455 4527 σύνθεσιν
3506 4471 3829 4545 ἐναρμόνιον.

2274 4565 2388 4619 Καὶ
2409 4565 2483 4630 ὡς
2507 4568 2623 4630 τοῖς
2652 4565 2976 4637 παθητικοῖς
3011 4566 3111 4635 μὲν
3135 4565 3245 4619 τῶν
3275 4564 3724 4636 ἐπιχειρημάτων
3748 4558 3832 4612 καὶ

2278 4656 2679 4727 ἐνθυμημάτων
2708 4656 3016 4727 παθητικὴν
3054 4658 3149 4711 καὶ
3186 4656 3289 4727 τὴν
3320 4654 3663 4724 ἀπαγγελίαν
3691 4666 3833 4721 περι-

2276 4751 2459 4814 άπτει,
2482 4752 2596 4812 τοῖς
2621 4751 3027 4821 πραγματικοῖς
3049 4750 3128 4813 δὲ,
3152 4750 3254 4804 ὅσα
3278 4749 3490 4813 τούτοις
3506 4745 3828 4816 ἐναρμόττει.

2278 4845 2502 4914 Ἔχεται
2520 4842 2566 4873 ³⁸
2593 4842 2692 4913 μὲν
2714 4838 2807 4896 οὖν
2836 4841 2931 4894 καὶ
2960 4841 3052 4894 τοῦ
3079 4842 3242 4911 ἤθους
3270 4842 3371 4895 οὐκ
3403 4844 3462 4895 ὲν
3488 4840 3660 4909 τούτῳ
3687 4837 3832 4908 μόνον

2271 4935 2349 5006 τῷ
2402 4935 2578 5005 λόγῳ,
2631 4934 2769 4989 ἀλλά
2820 4934 2917 4987 καὶ
2959 4935 3019 4987 ὲν
3048 4934 3265 4999 πολλοῖς
3314 4934 3518 4997 ἄλλοις.
3566 4930 3725 4986 ’Λλλά
3773 4941 3829 4993 γε

1896 5079 2134 5135 VARUS
2170 5078 2575 5136 LECTIONES.

666 5207 709 5238 ¹⁷
847 5208 904 5261 δὲ
939 5208 1086 5263 ἐστιν
1116 5211 1183 5266 A.
1281 5211 1327 5243 ³⁸
1356 5213 1576 5268 έλαττον
1597 5216 1689 5267 τὸν
1721 5214 1886 5267 αὑτὸν
1915 5233 1975 5279 ς’.

2054 5217 2102 5289 “_
2135 5216 2519 5289 συνεϐούλευεν
2549 5219 2613 5273 Α.
2703 5221 2748 5251 ³ο
2776 5219 2989 5273 διέϐαλε
3024 5234 3085 5281 ς’.
3161 5219 3211 5289 ξ¹ί
3236 5219 3332 5289 έτη
3356 5235 3467 5289 om.
3497 5230 3578 5286 pr.
3611 5212 3673 5276 Α,
3713 5212 3829 5289 Ηξθ

596 5272 1169 5421 l‘iiﬁiia'ﬂi‘ﬁ‘g
1219 5272 2120 5426 "-3232$.3“£§é‘1.%.}
2149 5286 2495 5409 ἓιαφιτμένφ
2545 5272 2631 5342 Βε
2670 5290 2794 5360 μηδ’
2842 5272 3125 5362 ἐφημένῳ
3170 5272 3347 5361 Τουιὶο
3377 5272 3607 5358 Ιιυὴίςίιι·
3642 5272 3824 5351 15-33"

594 5345 640 5377 ⁸⁸
663 5345 1095 5421 ἐπειργασμένον
1129 5370 1192 5417 ς.
1269 5354 1314 5385 ³⁵
1343 5345 1549 5427 ἔχεται]

1650 5371 1801 5426 χεται
1828 5358 1869 5408 Β
1895 5364 1950 5411 et
1977 5371 2122 5411 corr.
2149 5358 2215 5410 A.

2098 5448 2324 5505 NOTAE.

669 5558 993 5643 (“iullujus
1016 5564 1245 5638 Longini
1269 5568 1511 5641 Dionysii
1536 5570 1783 5626 meminit
1817 5576 1868 5624 et
1899 5566 2176 5639 Eunapius
2214 5568 2533 5641 Sardianus,
2575 5580 2627 5629 et
2652 5580 2829 5629 exstat
2889 5570 3102 5628 libellus
3144 5571 3278 5643 Περὶ
3309 5569 3514 5640 ὕψους,
3545 5562 3613 5618 De
3638 5546 3829 5613 sublimi

603 5628 809 5685 dicendi
835 5650 1038 5704 genere.
