4152 6414
219 350 308 422 181

1293 345 1823 412 BIBLIOTHECA.
1854 371 1922 384 -
1951 349 2116 411 COD.
2165 349 2423 415 CCLXV.

3352 351 3458 418 182

215 467 589 540 χαλεπώτατόν
629 468 746 523 ἐστι
788 466 966 538 λόγων
1019 466 1400 538 ἀγωνιστικῶν
1440 465 1650 537 ἐργάτῃ
1695 462 1782 517 διὰ

1886 473 2050 534 atque
2076 464 2301 523 Aristidi
2339 465 2553 539 obtigit.
2587 465 2724 524 Hine
2752 467 2835 537 fit,
2861 476 2925 525 ut
2951 467 3251 526 efferantur
3285 483 3457 540 saepe-

211 561 392 624 τελους
421 561 654 630 φυλάξαι
685 560 822 632 πρὸς
848 560 943 614 τὸν
968 557 1378 629 ἀνταγωνιστὴν
1399 557 1464 611 τὸ
1490 552 1644 628 ἦθος,
1677 555 1780 626 μά-

210 652 357 705 λιστα
383 652 442 705 δὲ
470 655 581 715 τοῖς
611 651 728 705 ὅσοι
760 650 978 719 φύσεως
1012 648 1202 719 έτυχον
1229 645 1565 718 πικροτέρας
1595 662 1656 699 τε
1681 643 1779 698 καὶ

208 743 656 813 παθητικωτέρας
676 785 692 810 ,
725 737 794 814 ἦς
822 742 921 812 οὐχ
949 742 1150 812 ἥκιστα
1194 738 1545 810 Δημοσθένης
1585 743 1662 791 τεο
1681 736 1778 791 καὶ

219 835 547 908 ,Αριστείδης
587 835 828 907 μετέχει.
858 835 1057 906 Διόπερ
1095 831 1358 896 πολλάκις
1391 832 1678 902 ἐξάγονται
1705 831 1772 896 ιο,

203 929 299 1000 τῆς
323 928 641 999 προθέσεως
673 928 1071 998 ἐλαττουμένης
1102 927 1209 981 ὑπὸ
1240 926 1343 999 τῆς
1378 925 1614 997 φύσεωςο
1652 924 1774 978 ούδέ

1885 573 2134 623 numero,
2168 570 2365 616 natura
2402 562 2558 632 longe
2585 575 2968 635 argumentum
2998 573 3312 636 superante.
3348 564 3456 620 Ne-

1882 662 1993 717 que
2045 648 2191 703 enim
2237 667 2327 707 ars
2371 653 2709 710 voluntatem
2757 656 2992 727 dirigere
3025 656 3191 721 valet,
3249 655 3352 709 nisi
3400 663 3458 708 et

1880 740 2187 797 subsidium
2219 743 2422 815 ingenii
2454 748 2767 803 accesserit.
2807 748 2996 804 Annos
3036 756 3199 802 natus
3223 755 3349 802 octo
3403 754 3458 800 et

1882 833 2105 905 triginta
2179 837 2502 892 Atheniensi
2560 840 2761 909 populo
2817 840 3112 911 persuasit,
3179 837 3454 910 Olynthiis

1879 927 2144 983 auxilium
2177 940 2372 984 contra
2393 929 2701 1004 Philippum
2728 933 3032 989 mitterent.

206 1023 307 1093 γάρ
331 1021 441 1075 οὐδ’
467 1021 622 1078 ἐστιν
653 1021 818 1092 ἱκανὴ
842 1021 1007 1092 τέχνη
1038 1021 1386 1092 κατορθῶσαι
1414 1021 1476 1074 τὸ
1505 1018 1771 1090 βούλημα,
1812 1019 1889 1092 μὴ
1934 1023 2196 1094 συνεργὸν
2231 1024 2430 1095 ἔχουσα
2503 1027 2600 1080 καὶ
2639 1027 2739 1098 τὴν
2803 1029 2902 1100 τῆς
2935 1027 3151 1097 φύσεως
3195 1027 3454 1095 ίδιότητα.

216 1114 376 1170 Ἐτῶν
407 1116 599 1186 μέντοι
624 1114 865 1186 γεγονὼς
893 1118 922 1170 ό
952 1117 1136 1187 ῥήτωρ
1167 1111 1217 1186 η’
1248 1114 1345 1168 καὶ
1370 1114 1440 1180 λ’,
1469 1114 1656 1168 ἔπεισε
1721 1111 2115 1187 δημηγορήσας
2168 1116 2265 1171 τὸν
2321 1117 2492 1190 δῆμον
2514 1119 2766 1192 βοήθειαν
2804 1121 3097 1186 Ὀλυνθίοις
3140 1120 3458 1175 ἀποστεῖλαι

205 1209 698 1281 πρεσϐευσαμένοις
727 1208 868 1264 κατά
889 1209 1179 1264 Φιλίππου.

266 1301 430 1372 Οὗτος
464 1309 495 1361 ό
527 1308 882 1382 Δημοσθένης
928 1309 1044 1372 υίὸς
1074 1308 1176 1380 μὲν
1217 1307 1445 1379 γέγονεν
1490 1307 1556 1362 ἐκ
1595 1305 1784 1361 Κλεο-

206 1399 387 1472 ϐούλης
414 1400 819 1471 Δημοσθένους,
850 1401 942 1456 τὸν
970 1403 1141 1473 δῆμον
1167 1400 1482 1466 Παιανιεύς.
1508 1398 1782 1454 Καταλει-

209 1493 342 1563 φθεὶς
370 1494 427 1548 δὲ
459 1493 572 1548 ὑπὸ
600 1493 695 1549 τοῦ
726 1493 936 1567 πατρὸς
965 1495 1103 1549 ἐτῶν
1140 1494 1185 1562 ζ’
1220 1494 1321 1549 σὺν
1363 1493 1567 1564 ἀδελφῇ
1607 1508 1776 1564 μετα-

210 1584 484 1656 γενεστέρα
513 1584 670 1638 δυσὶν
703 1584 871 1651 έτεσι,
900 1585 994 1639 τὸν
1025 1585 1128 1657 μὲν
1156 1587 1350 1657 χρόνον
1380 1585 1482 1656 τῆς
1512 1582 1777 1655 ὀρφανίας

1953 1302 2348 1363 Demosthenes
2412 1306 2816 1378 Demosthenis,
2866 1318 2923 1366 et
2985 1311 3260 1368 Cleobulae
3307 1311 3456 1366 ﬁlius

1877 1394 2024 1450 tribu
2047 1395 2404 1464 Paganiensis,
2446 1399 2673 1457 relictus
2696 1416 2726 1456 a
2754 1409 2910 1471 patre
2936 1417 3064 1457 cum
3109 1410 3255 1457 esset
3282 1417 3455 1456 annos

1876 1495 2038 1543 natus
2061 1499 2287 1559 septem,
2317 1499 2372 1546 et
2393 1505 2550 1548 soror
2583 1493 2848 1563 quinque,
2881 1503 3057 1550 totum
3082 1494 3214 1549 illud
3241 1504 3454 1563 tempus

1874 1593 1987 1649 quo
2021 1589 2176 1649 patre
2204 1583 2434 1639 orbatus
2476 1583 2600 1650 fuit,
2633 1585 2779 1656 apud
2817 1593 3049 1641 matrem
3081 1587 3211 1657 egit,
3239 1601 3363 1640 cum
3395 1601 3456 1640 se

211 1677 342 1748 παρὰ
366 1679 433 1749 τῇ
471 1679 648 1749 μητρὶ
675 1677 881 1748 διῆγεν,
922 1680 1221 1752 Ἰσοκράτει
1251 1678 1526 1751 σχολάζων
1561 1677 1642 1748 τῷ
1675 1676 1774 1749 ρη-

1885 1672 2096 1731 lsocrati
2123 1676 2190 1730 ad
2220 1677 2549 1733 audiendum
2576 1679 2757 1745 daret,
2799 1689 2859 1734 ut
2897 1679 3119 1750 quidam
3150 1679 3304 1732 aiunt
3332 1696 3345 1731 :
3397 1686 3456 1732 ut

212 1782 331 1837 τορι,
358 1768 431 1834 ὡς
459 1770 524 1824 δὲ
553 1770 605 1824 οί
633 1770 852 1836 πλείους
882 1770 1158 1841 λέγουσιν,
1198 1771 1379 1841 Ἰσαίῳ
1408 1770 1485 1841 τῷ
1517 1768 1776 1824 Χαλκιδεῖ

214 1860 264 1913 ἐν
309 1861 563 1932 Ἀθήναις
611 1863 1003 1932 σοφιστεύοντι.
1062 1863 1122 1918 '0
1167 1863 1225 1917 δὲ
1283 1863 1479 1926 Ἰσαῖος
1535 1859 1777 1931 Ἰσοκρά-

216 1967 322 2013 τους
340 1953 380 1984 ⁸⁷
407 1952 604 2021 γέγονε
641 1954 911 2025 μαθητὴς,
942 1953 1274 2025 Θουκυδίδην
1303 1953 1482 2024 ζηλῶν
1511 1953 1606 2007 καὶ
1630 1952 1777 2006 Πλά-

216 2060 344 2098 τωνα
366 2044 453 2097 τὸν
484 2045 806 2115 φιλόσοφον.
840 2044 1026 2099 "mm
1055 2044 1113 2098 δὲ
1142 2044 1281 2099 ἄλλα
1305 2043 1434 2116 περί
1460 2061 1519 2097 τε
1543 2042 1774 2098 παιδεύο

218 2151 341 2199 uno;
364 2137 738 2208 Δημοσθένους
780 2138 874 2191 καὶ
902 2137 1013 2191 τῶν
1049 2137 1218 2192 αὐτοῦ
1251 2137 1592 2192 διδασκάλων
1635 2137 1778 2191 ίστοο

229 2228 406 2299 ροῦσιν.
431 2228 526 2294 Είς
550 2230 770 2299 ἠλικίαν
793 2230 851 2284 δὲ
871 2230 1171 2297 καταστὰς,
1202 2231 1299 2285 καὶ
1324 2227 1534 2286 ἐλάττω
1562 2231 1658 2301 τὴν
1681 2230 1777 2283 ού-

236 2319 343 2373 σίαν
367 2321 504 2391 παρὰ
532 2323 642 2376 τῶν
674 2323 989 2396 ἐπιτρόπων
1017 2323 1225 2390 λαϐὼν,
1261 2323 1542 2395 ἐγράψατο
1580 2323 1778 2387 αὐτοὺς

241 2410 509 2483 επιτροπῆς
539 2421 579 2481 γθ
603 2415 787 2484 ὄντας,
819 2415 1079 2485 Ἄφοϐον,
1101 2414 1454 2487 Θηριππίδην
1489 2415 1582 2469 καὶ
1607 2417 1780 2485 Δημο-

241 2501 400 2568 φῶντα
421 2505 442 2574 (
455 2506 503 2557 οί
529 2505 581 2559 δὲ
617 2507 743 2560 ἀντὶ
773 2507 1142 2577 Δημοφῶντος
1172 2506 1393 2578 Δημέαν
1433 2507 1714 2575 εἰσάγουσι
1732 2506 1774 2576 ),

235 2593 418 2663 τίμημα
463 2601 496 2648 ι’
539 2597 818 2652 ταλάντων
865 2596 1073 2669 ἑκάστῃ
1119 2597 1244 2669 δίκῃ
1302 2595 1768 2667 ἐπιγραψάμενος.

228 2684 324 2755 τῆς
355 2686 534 2757 μέντοι
563 2688 868 2759 καταδίκης
896 2689 1050 2743 οὐδὲν
1090 2686 1348 2752 αύτόὺςπ
1383 2687 1768 2759 εἰσεπράξατο,

221 2777 328 2838 τοὺς
356 2778 446 2846 μὲν
471 2781 639 2848 ἀφεὶς
665 2780 955 2852 ἀργυρίου,
986 2782 1111 2842 τοὺς
1137 2781 1195 2835 δὲ
1220 2781 1314 2835 καὶ
1338 2781 1580 2854 χάριτος.
1612 2783 1773 2853 Αἱρε-

221 2865 316 2930 θεὶς
334 2869 383 2922 δὲ
414 2869 679 2941 χορηγὸς,
709 2872 939 2926 Μειδίαν
972 2890 1032 2926 τε
1058 2872 1150 2926 τὸν
1195 2872 1611 2944 Ἀναγυράσιον,
1639 2873 1777 2945 πλή-

220 2957 358 3023 ξαντα
397 2963 570 3017 αὐτὸν
626 2965 684 3018 ἐν
732 2965 813 3036 τῷ
862 2964 1075 3036 θεάτρῳ
1122 2965 1485 3037 χορηγοῦντα,
1523 2964 1651 3038 [805
1686 2963 1780 3038 Η.]

1876 1775 2056 1822 autem
2097 1767 2341 1837 plurimi,
2391 1769 2522 1826 lszeo
2551 1769 2926 1836 Chalcidensi,
2957 1772 3051 1841 qui
3084 1779 3138 1824 et
3188 1770 3304 1839 ipse
3334 1769 3454 1822 Iso-

1874 1858 2044 1913 cratis
2068 1870 2188 1914 erat
2225 1859 2554 1930 discipulus,
2582 1860 2767 1915 studio
2797 1860 3090 1916 aemulandi
3119 1858 3456 1930 Thucydidis

1873 1957 1930 2004 et
1957 1948 2204 2004 Platonis
2231 1949 2541 2020 philosophi
2567 1950 2824 2005 incensus
2848 1967 2862 2003 :
2898 1948 2991 2004 alii
3021 1948 3167 2004 enim
3199 1948 3360 2002 aliter
3386 1946 3456 2001 de

1874 2039 2140 2096 orationis
2181 2039 2526 2096 institutione
2574 2055 2639 2096 ac
2679 2038 2999 2096 doctoribus
3034 2047 3278 2093 narrant.
3311 2037 3451 2090 Cum

1874 2143 2005 2185 vero
2031 2129 2099 2184 ad
2130 2139 2344 2186 aetatem
2370 2139 2642 2186 maturam
2677 2132 3041 2202 pervenisset,
3076 2144 3141 2184 ac
3172 2128 3453 2199 pauciora,

1880 2235 2045 2290 quam
2094 2232 2241 2278 esset
2289 2240 2530 2294 aequum,
2578 2240 2608 2279 a
2648 2224 2923 2278 tutoribus
2979 2223 3301 2292 accepisset,
3360 2220 3457 2290 qui

1881 2325 1993 2368 tres
2050 2322 2228 2380 erant,
2262 2316 2520 2370 nimirum
2560 2317 2846 2386 Aphobus,
2889 2314 3216 2385 Theripides
3253 2324 3309 2368 et
3352 2312 3459 2367 De-

1881 2404 2143 2474 m0phon,
2194 2406 2290 2476 qui
2335 2407 2460 2462 aliis
2493 2406 2723 2463 Demeas
2765 2417 2872 2473 est,
2917 2423 2947 2462 a
2983 2407 3215 2476 singulis
3251 2405 3456 2460 talenta

1877 2495 2064 2551 decem
2100 2497 2286 2552 multa;
2327 2513 2492 2554 causa
2525 2498 2844 2565 postulavit,
2879 2497 3142 2568 ipsosque
3172 2495 3325 2552 vicit.
3373 2496 3458 2563 lp-

1879 2602 1999 2643 sam
2035 2603 2162 2644 vero
2204 2590 2716 2646 condemnationem
2765 2590 2920 2660 parvi
2969 2589 3095 2644 fecit
3122 2629 3138 2654 ,
3179 2588 3300 2643 aliis
3331 2588 3454 2656 qui-

1880 2681 2004 2736 dem
2035 2681 2292 2751 pecunia,
2342 2682 2468 2738 aliis
2514 2698 2645 2738 vero
2672 2683 2839 2738 etiam
2875 2681 3143 2754 obsequio
3189 2680 3459 2738 liberatis.

1882 2775 2168 2845 Choragus
2222 2776 2399 2833 factus
2439 2776 2656 2833 Midiam
2709 2776 3130 2848 Anagyrasium,
3160 2774 3251 2845 qui
3305 2773 3458 2826 illum

1882 2866 2187 2936 prmbitoris
2229 2869 2406 2925 officio
2467 2869 2783 2938 fungentem
2844 2874 3213 2938 percusserat,
3262 2865 3318 2919 in
3369 2865 3463 2934 jus

1881 2961 2120 3026 vocavit,
2146 2963 2496 3032 acceptisque
2539 2962 2717 3018 tribus
2746 2960 3138 3017 drachmarum
3190 2957 3464 3026 millibus,

216 3052 548 3123 γραψάμενος
574 3054 655 3117 είς
676 3054 856 3127 κρίσιν
882 3055 1209 3127 κατέστησε,
1233 3057 1537 3128 τρισχιλίας
1552 3059 1596 3090 “
1615 3057 1672 3112 δὲ
1687 3057 1781 3110 λα-

1885 3051 1956 3108 ab
1988 3052 2342 3108 accusatione
2367 3051 2595 3108 destitit.

211 3138 304 3194 ϐὼν
329 3145 456 3216 παρ’
495 3144 668 3198 αὑτοῦ
702 3146 802 3216 τῆς
830 3143 985 3216 δίκης
1015 3146 1307 3202 ἀπέλυσεν.

264 3235 495 3304 Λέγουσι
535 3236 590 3289 δὲ
618 3236 779 3290 αὐτὸν
809 3236 982 3293 πολλά
1017 3238 1119 3310 τῆς
1160 3239 1379 3310 φύσεως
1413 3239 1781 3310 ἐλαττώματα

207 3327 386 3403 μελέτῃ
409 3329 842 3400 διορθώσασθαι.
877 3332 988 3385 Kal.
1014 3332 1131 3396 νέος
1165 3332 1264 3403 μὲν
1292 3330 1369 3384 ῶν
1397 3332 1479 3393 είς
1514 3331 1781 3401 σπήλαιον

208 3422 374 3480 ἑαυτὸν
405 3426 796 3491 ἐναπέκλεισε,
829 3427 993 3481 κάκεῖ
1016 3428 1172 3499 διῆγε
1199 3425 1529 3497 φιλοσοφῶν,
1559 3425 1662 3496 τῆς
1688 3441 1784 3478 κε-

209 3517 362 3590 φαλῆς
389 3519 707 3591 ξυράμενος
734 3520 797 3575 τὸ
819 3519 865 3553 ⁸⁸
896 3521 1092 3592 ἥμισυ,
1122 3521 1210 3574 ἵνα
1242 3520 1318 3591 μὴ
1350 3519 1502 3590 αὐτῷ
1532 3519 1649 3590 ἐξῇ,
1681 3520 1782 3590 τῆς

207 3611 587 3684 ἀσχημοσύνης
617 3613 958 3684 κωλυούσης,
994 3613 1267 3668 ποιεῖσθαι
1301 3612 1438 3684 μηδέ
1470 3611 1783 3682 βουλομένῳ

205 3704 284 3774 τὴν
308 3705 570 3775 πρόοδον.
595 3705 863 3776 Δεύτερον
882 3705 940 3759 δὲ
971 3706 1067 3760 ἐπὶ
1094 3705 1290 3776 στενῆς
1318 3704 1483 3759 αὐτόν
1503 3721 1637 3774 φασι
1664 3702 1782 3756 κλί·

202 3810 285 3864 νης
312 3796 645 3867 κοιμᾶσθαι,
666 3796 744 3861 ὡς
771 3796 919 3868 ἔχειν
940 3796 1031 3852 διά
1049 3797 1262 3868 ταχέων
1285 3796 1634 3851 ἀνίστασθαι.
1661 3794 1784 3849 Τῶν

199 3885 249 3938 δὲ
265 3889 304 3920 δ’
333 3889 633 3960 στοιχείων
654 3889 717 3944 τὸ
740 3889 821 3961 ῥῶ
849 3892 915 3961 τῇ
945 3887 1162 3961 γλώττῃ
1187 3887 1265 3960 μὴ
1291 3888 1578 3958 πεφυκότα
1605 3887 1784 3956 λέγειν

198 3975 336 4049 πόνῳ
360 3979 706 4050 προσλαϐεῖν
728 3979 791 4033 τὸ
815 3979 1096 4034 δύνασθαι.
1129 3979 1292 4033 Ἀλλά
1317 3979 1414 4034 καὶ
1441 3979 1532 4034 τὸν
1552 3972 1704 4049 ὦμον
1725 3977 1786 4032 ἐν

198 4064 269 4134 τῷ
294 4068 542 4141 μελετᾷν
570 4069 836 4141 ἀπρεπῶς
853 4069 898 4103 ⁸⁸
928 4069 1204 4136 κινοῦντα,
1229 4070 1417 4124 όϐελὸν
1443 4073 1508 4124 ἐκ
1534 4071 1634 4141 τῆς
1659 4071 1785 4142 ὀρο-

201 4157 296 4226 θῆς
321 4158 732 4231 ἁπαρτήσαντα
758 4162 818 4214 ἐν
850 4161 968 4233 χρῷ
994 4161 1090 4215 τοῦ
1123 4162 1376 4234 σώματος
1402 4163 1437 4236 ἢ
1470 4163 1489 4234 (
1514 4163 1591 4226 ὡς
1613 4163 1785 4233 ένιοι)

203 4247 444 4318 ξιφίδιον,
481 4251 564 4314 ὡς
593 4251 661 4306 ἃν
693 4252 844 4324 φόϐῳ
874 4252 969 4307 τοῦ
1009 4253 1204 4308 παθεῖν
1235 4253 1336 4325 τὴν
1367 4254 1608 4324 ἠρεμίαν
1635 4254 1782 4324 ἀγοι,

1953 3250 2066 3308 Nec
2111 3252 2308 3311 desunt
2344 3255 2436 3327 qui
2467 3257 2652 3313 dicant
2687 3270 2814 3312 eum
2856 3256 3028 3312 multa
3073 3267 3282 3311 naturze
3333 3254 3465 3310 vitia

1883 3344 2274 3402 exercitatione
2326 3348 2546 3412 vicisse,
2585 3356 2640 3404 et
2669 3348 3125 3420 adhucjuvenem
3160 3348 3216 3403 in
3238 3347 3464 3418 spelun-

1885 3448 2006 3489 cam
2039 3434 2241 3506 ωθα
2273 3436 2605 3495 descendere
2630 3441 2874 3504 solitum,
2911 3441 2965 3494 in
2996 3455 3171 3510 eaque
3198 3441 3465 3510 eloquen-

1885 3523 2017 3578 tiam
2066 3541 2342 3594 exercere,
2386 3528 2587 3584 abrasa
2628 3531 2855 3586 dimidia
2898 3531 3099 3602 capitis
3135 3543 3311 3602 parte,
3360 3549 3475 3603 quo-

1885 3616 1990 3673 sibi
2026 3618 2260 3673 exeundi
2301 3618 2620 3675 facultatem
2651 3621 2907 3692 eriperet.
2953 3622 3159 3677 Deinde
3193 3623 3333 3677 lecto
3374 3639 3473 3678 cu-

1887 3707 2018 3765 bare
2045 3720 2298 3780 angusto,
2332 3720 2392 3765 ut
2432 3712 2597 3768 citius
2628 3713 2986 3780 excitaretur,
3012 3723 3067 3769 et
3097 3714 3177 3785 ῥῶ
3209 3714 3471 3781 litteram,

1888 3813 2014 3855 cum
2057 3810 2251 3857 natura
2293 3804 2655 3873 pronuntiare
2705 3821 2816 3861 non
2849 3817 3058 3877 posset,
3086 3807 3274 3861 labore
3326 3806 3473 3860 didi~

1885 3894 2049 3951 cisse.
2075 3895 2144 3950 Et
2171 3911 2297 3952 cum
2330 3897 2624 3954 humerum
2662 3900 2969 3956 exercendo
3002 3900 3260 3955 indecore
3289 3915 3472 3953 move-

1888 3991 1995 4052 ret,
2025 3983 2290 4054 obelisco,
2321 3989 2428 4054 vel,
2459 3996 2520 4044 ut
2567 3990 2849 4046 nonnullis
2893 3989 3127 4055 videtur,
3170 3990 3405 4060 gladiolo
3441 4005 3474 4045 e

1888 4073 2242 4146 laquearibus
2295 4093 2561 4149 suspenso
2620 4080 2936 4143 coercebat,
2964 4089 3022 4134 ut
3057 4079 3255 4134 timore
3289 4079 3359 4133 ab
3403 4094 3468 4133 ea

1888 4164 2236 4222 deformitate
2278 4177 2520 4225 cessaret
2577 4184 2745 4240 seque
2773 4169 2826 4224 in
2859 4171 3059 4225 dicenti
3091 4180 3262 4241 gestu.
3297 4169 3475 4225 conti-

1888 4267 2065 4314 nerei.
2099 4259 2222 4329 lpse
2251 4261 2320 4316 ad
2350 4259 2700 4318 Phalericum
2731 4277 2792 4318 se
2819 4261 3112 4319 conferens
3136 4263 3293 4331 juxta
3331 4263 3475 4318 ﬂuc-

202 4342 585 4415 ἀπαλλαγῆναι
622 4343 718 4398 τοῦ
762 4344 1193 4417 συμπτώματος.
1236 4347 1381 4417 Πρὸς
1421 4346 1480 4400 δὲ
1515 4349 1642 4410 τοὺς
1687 4346 1783 4401 τοῦ

1894 4358 2049 4406 tuum
2079 4351 2316 4423 impetus
2338 4354 2718 4419 exercebatur,
2754 4363 2815 4408 ut
2838 4355 3194 4411 assuetudine
3223 4366 3488 4411 naturam

199 4432 360 4505 δήμου
400 4436 674 4509 θορύϐους
729 4439 1155 4510 ταραττόμενος,
1199 4439 1289 4494 ἴνα
1355 4439 1431 4511 μὴ
1481 4439 1638 4493 τοῦτο
1677 4438 1786 4492 πά-

202 4528 398 4595 010:“,
436 4529 537 4581 ἐπὶ
566 4528 628 4581 τὸ
658 4529 961 4600 Φαληρικὸν
991 4531 1198 4585 κατιὼν
1228 4532 1367 4604 πρὸς
1399 4532 1534 4596 τοὺςτ
1557 4532 1665 4586 τῶν
1690 4549 1791 4585 κυ-

204 4619 384 4687 μάτων
411 4621 586 4692 ἦχους
616 4620 716 4684 τὰς
747 4622 976 4691 μελέτας
1017 4625 1274 4693 ἐποιεῖτο,
1308 4625 1388 4696 τῷ
1416 4625 1530 4680 ἔθει
1557 4629 1656 4698 τὴν
1684 4626 1789 4698 φύ-

205 4726 285 4764 σιν
324 4713 826 4785 ἐπανορθούμενος.
891 4715 1057 4770 ’Δλλά
1097 4717 1191 4771 καὶ
1246 4719 1557 4792 κάτοπτρον
1604 4720 1788 4793 ἐαυτῷ

203 4805 669 4872 κατεσκευάσατο,
710 4808 826 4860 ἴσον
867 4807 1033 4863 αὐτοῦ
1065 4809 1146 4878 τῷ
1196 4811 1437 4881 μεγέθει,
1486 4813 1567 4876 είς
1611 4812 1640 4866 ὃ
1685 4814 1788 4879 τάς

206 4894 423 4964 σκέψεις
451 4897 676 4966 ἀφορῶν
702 4899 962 4966 ἐποιεῖτο,
997 4900 1084 4954 ἵνα
1112 4902 1166 4955 εἴ
1189 4919 1243 4956 τι
1281 4904 1366 4975 είη
1394 4905 1791 4977 παρημελημέ-

205 5003 288 5039 νον
319 4989 380 5040 ἐν
403 4987 489 5059 τῷ
518 4990 763 5060 σχήματι
787 4990 1062 5059 λέγοντος,
1101 4993 1260 5047 τοῦτο
1296 4994 1582 5064 μανθάνων
1616 4998 1787 5050 ἐπαν-

209 5078 388 5146 άγοιτο
410 5081 464 5113 ⁸⁵
494 5083 631 5152 πρὸς
667 5082 729 5136 τὺ
758 5083 1036 5155 εὔσχημον
1057 5125 1072 5140 .
1117 5087 1344 5150 Ἐνδεῶς
1371 5088 1430 5141 δὲ
1489 5088 1586 5142 τοῦ
1625 5091 1790 5144 πνεύ-

213 5187 374 5239 ματος
404 5174 626 5246 ἔχοντος
652 5176 802 5248 αύτῷ
830 5177 973 5230 ὥστε
1000 5177 1139 5250 μηδὲ
1168 5177 1429 5234 δύνασθαι
1449 5181 1549 5246 τὰς
1577 5200 1789 5254 μακρο-

210 5261 361 5332 τέρας
393 5264 509 5318 τῶν
553 5267 822 5338 περιόδων
864 5269 1134 5323 ἀπνευστὶ
1170 5270 1386 5340 λέγειν,
1423 5273 1793 5348 Νεοπτολέμῳ

209 5351 280 5422 ’ςῷ
311 5356 589 5428 ὑποκριτῇ
637 5359 839 5430 μυρίας
882 5360 1118 5427 ἔδωκεν,
1151 5363 1239 5416 ἵνα
1283 5362 1436 5434 αὐτῷ
1473 5368 1791 5440 συνασκήσῃ

210 5442 294 5496 τὸν
323 5447 485 5501 τόνον
517 5449 616 5503 τοῦ
655 5451 986 5522 πνεύματος.
1021 5454 1133 5508 Καὶ
1169 5454 1282 5508 τῶν
1316 5454 1529 5509 λεπτῶν
1566 5457 1624 5511 δὲ
1667 5476 1794 5532 τρη-

1894 4444 2215 4516 corrigeret.
2266 4445 2410 4514 Quin
2442 4455 2498 4502 et
2541 4448 2829 4517 speculum
2877 4448 3042 4518 jusue
3083 4448 3483 4517 magnitudinis

1897 4537 2005 4593 sibi
2026 4541 2384 4610 comparavit,
2415 4541 2474 4596 in
2507 4557 2618 4612 quo
2650 4557 2709 4598 se
2733 4542 2851 4613 ipse
2881 4541 3264 4612 contemplans
3292 4551 3473 4611 gestm

1897 4625 2250 4695 observabat,
2297 4631 2417 4685 utsi
2460 4631 2592 4701 quid
2648 4633 2704 4687 in
2758 4633 2971 4687 actione
3013 4631 3128 4686 vitii
3171 4641 3337 4696 esset,
3378 4632 3481 4686 hoc

1899 4717 2340 4774 animadversum
2360 4721 2427 4775 ad
2444 4733 2654 4776 rectum
2681 4722 2958 4793 dirigeret.
2978 4722 3227 4792 Cumque
3246 4731 3481 4793 angusto

1894 4819 2045 4866 esset
2073 4811 2291 4880 spiritu,
2332 4821 2387 4866 ut
2418 4811 2697 4884 longiores
2747 4816 2992 4872 ambitus
3026 4829 3139 4870 uno
3185 4815 3350 4869 ductu
3396 4819 3484 4868 et“-

1893 4899 2041 4958 ferre
2075 4917 2183 4956 non
2218 4912 2425 4972 posset,
2460 4903 2815 4976 Neoptolemo
2849 4908 3109 4964 histrioni
3140 4910 3330 4963 decem
3362 4909 3478 4961 mil-

1894 4991 1970 5047 lia
2022 4993 2410 5050 drachmarum
2458 4997 2630 5062 dedit,
2661 5015 2772 5069 quo
2807 5000 2962 5054 illum
3014 5001 3245 5070 spiritus
3289 5009 3480 5054 exten-

1897 5084 2112 5141 sionem
2165 5087 2425 5144 doceret:
2465 5101 2520 5145 et
2558 5107 2684 5146 cum
2739 5092 2986 5162 angustis
3017 5101 3165 5147 esset
3217 5091 3286 5145 ad
3322 5106 3480 5146 nsunt

1901 5175 2178 5231 meatibus
2209 5179 2438 5248 (quibus
2465 5182 2867 5237 attraltentibus
2893 5197 2989 5251 per
3013 5181 3255 5252 palatum
3289 5196 3474 5237 aerem

1891 5267 2060 5322 veluti
2102 5283 2238 5324 aura
2294 5270 2532 5341 quadam
2574 5281 2764 5342 pectus
2812 5272 3140 5328 calefactum
3187 5272 3485 5343 refrigera-

1893 5374 2038 5428 mus,
2087 5370 2253 5432 atque
2297 5362 2423 5418 inde
2460 5364 2666 5420 halitus
2699 5364 2942 5422 fumosos
2974 5366 3286 5433 educimas,
3335 5375 3391 5420 et
3425 5367 3482 5421 in

1892 5467 1960 5510 eo
2012 5458 2456 5530 maximeJclarae
2511 5461 2664 5518 vocis
2719 5476 2891 5518 sonus
2937 5461 3212 5531 consistit)
3281 5461 3482 5516 olivam

1493 5620 1732 5678 VARUE
1774 5623 2182 5683 LECTIONES.

319 5730 365 5808 ξ’
402 5727 555 5808 ἐξάχ.
591 5732 686 5808 καί
719 5735 817 5808 τῆς
848 5751 935 5808 ς’.ίῄ
998 5736 1054 5808 7³⁷
1106 5736 1418 5808 ’ίσοκράτου
1453 5756 1515 5804 ς’.

1613 5740 1659 5772 ³⁸
1686 5741 1839 5795 οὐδὲν
1881 5743 1963 5807 είς
2011 5739 2209 5804 αὐτοὺς
2251 5757 2311 5803 ς.

215 5792 258 5828 ⁸⁸
294 5799 374 5867 (Σὲ,
408 5792 471 5853 τε
501 5792 560 5859 Β.
636 5803 681 5836 δ’
713 5792 976 5878 ἀπρεπῶς
991 5807 1049 5862 ἐν
1076 5807 1154 5878 τῷ
1188 5792 1416 5882 μελετᾷν
1442 5792 1513 5874 ξ,
1581 5810 1628 5844 ⁸³
1654 5792 1838 5884 πάσχῂ
1993 5792 2044 5844 δῖ
2061 5792 2333 5880 ἐπανάγοι
2362 5828 2422 5877 ς.

2414 5741 2458 5774 ³⁸
2492 5737 2860 5812 τρισχιλιάδας
2896 5755 2958 5803 ς.
3038 5738 3081 5769 ⁸ο
3134 5734 3192 5789 τὸ
3250 5749 3340 5790 om
3413 5731 3481 5789 Λ..
