4020 6410
271 339 373 422 1353

1326 338 1846 401 BIBLIOTHECA.
1884 364 1956 376 -
1988 341 2153 403 COD.
2217 342 2474 406 CCL-XV.

3401 339 3502 403 186

263 449 367 499 ἐπὶ
571 443 819 515 νομίσας,
852 444 1158 515 προσέπεσέ
1189 462 1249 499 τε
1270 447 1378 499 καὶ
1413 446 1828 516 συγκαλυψάμε-

1941 456 2023 503 ιυε
2054 447 2372 515 ιΕεοΜοοε,
2406 458 2669 525 ratusque
2696 451 2775 520 ad}
2804 450 3064 521 itfjuriam
3109 450 3505 505 calamitatem-

266 554 356 599 νος
396 522 572 590 ἐδεῖτο
626 536 943 608 σωτηρίας·
996 539 1027 595 ό,
1072 538 1149 599 δὲ,
1183 536 1434 606 καθάπερ
1489 537 1722 606 ἔφημεν,
1772 537 1833 589 οὐ

269 632 462 700 ῥήτορι
496 628 720 699 μᾶλλον,
762 629 877 683 ἀλλ’
910 628 1065 699 ἀνδρὶ
1117 628 1326 698 πρέπον
1364 629 1638 699 φιλοσόφῳ
1677 628 1837 698 ἔργον

268 722 350 783 είς
387 720 556 773 αὐτὸν
589 718 922 783 ἐπεδείξατο.
945 719 1134 791 Φέρειν
1154 719 1210 773 δὲ
1251 718 1514 787 γενναίως
1560 717 1836 788 Δημοσθέ-

269 828 392 874 νους
424 811 471 843 ⁵⁸
501 810 896 880 ὑποτιθεμένου
925 809 1073 880 αὐτῷ
1095 809 1196 880 τὴν
1224 808 1421 879 φυγὴν,
1454 809 1564 863 Καί
1600 808 1725 875 πῶς
1761 808 1838 863 ἂν

267 903 596 972 δυναίμην,
639 902 801 975 [1476
824 900 919 974 IL]
949 902 1206 972 Αἰσχίνης
1233 900 1359 971 ἔφη,
1390 902 1667 967 τοιαύτης
1690 902 1838 955 ἁπο-

265 996 673 1065 στερούμενος
731 996 985 1059 πόλεως,
1014 994 1083 1046 ἐν
1109 986 1150 1065 ᾖ
1199 994 1299 1057 καὶ
1330 992 1471 1058 τοὺς
1506 993 1839 1060 δοκοῦντας

262 1085 524 1153 ἐχθροὺς
560 1081 715 1139 εἶναι
765 1083 886 1138 τῶν
915 1083 1212 1152 ἀλλαχόθι
1252 1074 1447 1152 φίλων·
1474 1085 1838 1154 χρηστότητι

262 1178 364 1229 καί
388 1177 799 1246 καλοκαγαθίᾳ
813 1175 1010 1244 εὑρεῖν
1037 1174 1169 1229 ἔστι
1203 1173 1633 1244 διαφέροντας;

333 1266 582 1335 Σιτὼνης
640 1264 821 1335 μέντοι
853 1281 914 1333 γε
962 1262 1233 1326 καταστὰς
1279 1264 1307 1317 ὀ
1346 1263 1695 1333 Δημοσθένης
1746 1262 1839 1317 καὶ¹

265 1356 489 1425 κλοπῆς
554 1356 822 1419 αἰτιαθεὶς
883 1354 1150 1427 ἀπελύθη.
1199 1354 1462 1407 Φιλίππου
1520 1354 1702 1424 μέντοι
1740 1354 1839 1425 τὴν

274 1446 564 1499 Ἐλάτειαν
589 1445 1124 1514 καταλαμϐάνοντος,
1154 1446 1268 1508 τοῖς
1305 1446 1361 1498 ἐν
1388 1445 1698 1518 Χαιρωνείᾳ
1747 1444 1867 1499 και

263 1537 432 1599 αὐτὸς
471 1536 971 1607 συνεστρατεύσατο
1003 1537 1406 1607 μαχεσαμένοις
1431 1554 1444 1569 ·
1476 1539 1534 1590 ἐν
1577 1524 1736 1613 ᾔκαὶ
1764 1538 1841 1591 λι-

264 1627 385 1679 πὼν
416 1630 597 1697 ἐφάνη
640 1627 738 1697 τὴν
770 1627 945 1692 τάξιν.
990 1626 1143 1680 Ἐπεὶ
1171 1627 1228 1680 δέ
1264 1626 1558 1698 φεύγοντος
1591 1630 1755 1684 αὐτοῦ
1779 1632 1841 1683 τὸ

264 1718 433 1786 φυτὸν
486 1719 517 1770 ὀ
561 1719 721 1788 βάτος
766 1717 1062 1771 ἐπελάϐετο
1114 1717 1213 1789 τῆς
1255 1719 1550 1788 χλαμύδος,
1575 1721 1838 1790 ἐπιστρα-

264 1811 437 1875 φέντα
467 1810 790 1880 λοιδορεῖται
820 1811 996 1863 εἰπεῖν
1014 1809 1254 1880 Ζὼγρει.
1302 1810 1369 1863 Ἡ
1396 1810 1452 1863 δὲ
1472 1810 1637 1873 ἀσπὶς
1676 1810 1839 1864 αὐτοῦ

262 1901 537 1971 ἐπίσημον
584 1901 746 1971 ἔφερε
767 1918 784 1932 ⁸
824 1901 945 1969 Τὴν
988 1902 1205 1970 Τύχην.
1240 1901 1378 1965 Τοὺς
1400 1903 1753 1965 πεπτωκότας
1781 1900 1841 1954 Δδέ

264 1995 323 2047 ἐν
356 1996 425 2064 τῇ
465 1994 616 2067 μάχῃ
639 1994 948 2065 ἐκόσμησεν
967 1993 1258 2065 ἐπιταφίῳ,
1286 1994 1388 2063 τῆς
1428 1993 1527 2065 μὲν
1556 1992 1841 2065 συμϐάσης

265 2082 434 2151 τύχης
492 2083 627 2145 ἴσως
674 2082 831 2135 οὐδὲν
865 2081 1230 2152 ἐνδεέστερον,
1255 2083 1351 2151 τῆς
1386 2083 1432 2135 δ’
1465 2082 1634 2154 ἄλλης
1678 2083 1860 2155 αὐτοῦ,

272 2173 399 2243 περὶ
419 2172 621 2239 λόγους
640 2170 926 2241 δυνάμεως
969 2172 1070 2224 οὐκ
1109 2172 1279 2240 ὀλίγῳ
1315 2172 1674 2245 ἐνδεέστερον.
1710 2169 1841 2229 Εἶτα

278 2264 455 2331 mea;
494 2262 707 2325 πόλεως
768 2262 1111 2315 ἐπεσκεύασε
1153 2262 1307 2334 τείχη
1335 2279 1350 2295 ο
1402 2265 1737 2336 ἐπιμελητὴς
1785 2265 1841 2318 δὲ

287 2353 474 2406 τουτων
505 2352 782 2417 καταστὰς
814 2354 924 2406 ἀπὸ
951 2354 1050 2423 τῆς
1073 2353 1206 2416 ἰδίας
1239 2353 1425 2416 οὐσίας
1445 2356 1775 2408 κατεϐάλετο
1796 2356 1843 2387 ⁸⁸

294 2446 348 2498 τὸ
372 2446 620 2515 ἀνάλωμα
651 2445 920 2516 ἀργυρίου
950 2448 1088 2516 μνᾶς
1114 2446 1328 2501 ἑκατόν.
1356 2446 1467 2500 Καὶ
1513 2446 1738 2517 Θεωροῖς
1785 2449 1842 2501 δὲ

291 2538 479 2607 μυρίας
515 2538 816 2592 ἐπέδωκεν.
852 2539 1012 2593 una
1063 2540 1158 2591 καὶ
1182 2540 1439 2609 τριήρους
1468 2539 1684 2601 ἐπιϐάς,
1716 2542 1843 2603 τοὺς

278 2630 601 2698 συμμάχους
652 2630 1042 2700 ἀργυρολογῶν
1088 2629 1502 2700 περιέπλευσεν.
1566 2629 1697 2702 [805
1743 2629 1839 2704 H.]

284 2720 391 2789 Ἐφ’
438 2714 520 2783 οἷς
550 2719 648 2773 καὶ
684 2720 869 2789 χρυσῷ
900 2720 1163 2783 πολλάκις
1192 2722 1541 2791 ἐστεφανώθη
1572 2723 1838 2792 στεφάνῳ,

265 2813 327 2865 τά
354 2812 554 2881 πρῶτα
580 2810 685 2881 μὲν
710 2810 817 2864 ὑπὸ
845 2810 1191 2882 Δημοτελοῦς
1222 2812 1319 2865 καὶ
1358 2813 1724 2882 Ἀριστονίκου
1748 2813 1845 2865 καὶ

274 2902 609 2973 Ὑπερείδου,
648 2903 959 2957 τελευταῖον
1006 2903 1064 2956 δὲ
1114 2904 1219 2957 ὑπὸ
1253 2905 1666 2975 Κτησιφῶντος.
1695 2904 1839 2974 Γρα-

260 2994 454 3061 φέντος
527 2994 586 3047 δὲ
633 2992 729 3047 τοῦ
788 2993 1016 3065 ὑστέρου
1074 2995 1424 3065 ψηφίσματος
1501 2995 1839 3065 παρανόμων

258 3086 365 3137 ὑπὸ
411 3083 659 3137 Διοδότου
716 3083 813 3138 καὶ
861 3085 1154 3155 Αἰσχίνου,
1201 3088 1280 3149 εἰς
1328 3085 1624 3152 ἀπολογίαν
1664 3090 1836 3139 κατα-

1935 554 2041 608 que
2101 540 2257 608 rapi,
2318 542 2548 611 genibus
2606 543 2844 609 accidit,
2902 555 2957 601 et
3015 545 3195 612 capite
3249 541 3510 596 obvoluto

1937 632 2165 686 salutem
2202 633 2621 703 deprecabatur.
2668 635 2770 690 Hic
2797 652 2949 702 vero,
2988 647 3046 691 ut
3090 636 3204 706 jam
3242 634 3506 696 diximus,

1936 722 2175 799 cilicium
2199 740 2309 778 non
2334 734 2444 781 tam
2473 737 2711 793 oratore,
2739 743 2904 796 quam
2938 727 3267 796 philosopho.
3282 726 3507 793 dignum

1936 814 2204 882 praestitit.
2234 814 2498 873 Hortante
2524 829 2708 873 autem
2741 819 3124 883 Demosthene,
3164 827 3226 871 ut
3255 817 3509 872 exsilium

1935 918 2091 971 aequo
2104 905 2287 961 animo
2307 906 2490 971 ferret,
2517 909 2753 977 subjecit
2774 908 2868 964 ille
2890 928 2904 963 :
2928 908 3033 973 Qui
3056 924 3281 977 possem,
3308 906 3507 975 inquit,

1938 1011 2053 1049 cum
2087 1013 2203 1049 eam
2246 997 2481 1069 relinquo
2518 1000 2729 1066 urbem,
2764 1002 2821 1054 in
2843 1012 3066 1071 qua_eOs
3104 1000 3278 1054 inveni
3312 996 3511 1069 ἀθᾶρ

1936 1086 2129 1149 hostes,
2155 1089 2244 1157 qui
2288 1088 2605 1159 benignitate
2641 1095 2838 1146 amicos
2873 1092 3004 1146 alibi
3033 1092 3183 1162 longe
3221 1089 3512 1159 superent?

2008 1176 2109 1233 Hic
2138 1179 2302 1233 etiam
2333 1179 2727 1243 Demosthenes
2765 1199 2996 1239 annonae
3035 1183 3327 1254 prmiectus
3347 1182 3510 1236 furti-

1938 1284 2044 1340 que
2079 1282 2389 1338 accusatus,
2435 1273 2717 1329 absolutus
2758 1284 2859 1330 est.
2907 1275 3042 1331 Cum
3081 1260 3225 1329 vero
3271 1275 3510 1329 Elateatn

1938 1359 2220 1431 Philippus
2244 1373 2559 1433 occuparet,
2609 1366 2725 1434 ipse
2740 1382 2865 1421 cum
2894 1366 2979 1430 iis,
3015 1367 3107 1436 qui
3140 1372 3513 1435 pugnaverant

1940 1452 1994 1506 in
2028 1453 2344 1517 Chaeronea,
2368 1455 2643 1522 militavit,
2672 1455 2733 1509 in
2758 1471 2867 1525 quo
2902 1456 3091 1525 prazlio
3117 1455 3363 1509 ordinem
3386 1454 3513 1522 fuga

1939 1534 2245 1599 deseruisse
2288 1545 2442 1601 visus
2506 1554 2612 1600 est.
2653 1546 2789 1600 Cum
2848 1558 3027 1601 autem
3060 1547 3318 1615 fugientis
3364 1546 3514 1601 chla—

1939 1633 2150 1705 mydetn
2199 1636 2369 1690 rubus
2398 1637 2740 1703 retinuisset,
2774 1647 2886 1691 tum
2942 1637 3332 1692 Demosthenes
3379 1651 3510 1690 con-

1942 1741 2131 1782 versus
2159 1726 2581 1796 imprecabatur,
2605 1727 2827 1799 ζώγρει,
2851 1744 3005 1783 serva
3036 1730 3277 1792 :vivutn,
3310 1728 3507 1797 inquit,

1943 1831 2099 1886 cape.
2132 1815 2393 1872 Notatum
2428 1818 2533 1873 hoc
2560 1818 2614 1872 in
2644 1820 2837 1890 clypeo
2869 1819 3078 1884 habuit,
3107 1826 3160 1874 et
3192 1819 3462 1888 signatum
3492 1834 3508 1869 :

1942 1907 2093 1962 Bona
2120 1908 2370 1977 fartuna,
2395 1909 2809 1979 orationemque
2862 1908 3051 1963 habuit
3087 1910 3141 1962 in
3186 1906 3375 1961 funere
3419 1922 3511 1960 eo-

1942 2010 2063 2049 rum
2085 2036 2098 2058 ,
2127 1998 2217 2064 qui
2252 1994 2306 2050 in
2352 1995 2495 2050 bello
2518 1995 2865 2062 cecidissent,
2891 2012 3012 2066 qua:
3036 1997 3079 2050 si
3116 1995 3345 2050 fortuna
3381 2005 3511 2048 tunc

1942 2095 2141 2141 statum
2162 2128 2177 2152 ,
2212 2086 2697 2157 conditionemque
2728 2082 2961 2157 spectes,
2986 2086 3125 2142 forte
3149 2103 3253 2140 non
3292 2087 3512 2154 indigna

1944 2177 2303 2233 Demosthene
2331 2177 2601 2243 videatur,
2649 2189 2703 2232 at
2730 2177 2777 2233 si
2805 2192 2929 2232 cum
2955 2178 3187 2232 aliarum
3221 2177 3511 2238 virtutibus

1942 2267 2250 2323 orationum
2294 2282 2620 2336 componas,
2657 2282 2767 2321 non
2800 2284 2993 2338 parum
3025 2267 3284 2323 deterior.
3318 2267 3510 2320 Postea

1943 2371 2070 2412 vero
2120 2370 2245 2412 cum
2307 2357 2374 2411 ad
2428 2359 2580 2413 urbis
2628 2357 2981 2412 refectionem
3033 2359 3212 2413 studio
3272 2374 3514 2425 curaque

1944 2447 2186 2502 intentus
2238 2455 2423 2514 esset,
2470 2462 2755 2501 murorum
2828 2459 3052 2502 curator
3100 2448 3275 2503 factus
3310 2449 3375 2501 de
3414 2463 3513 2501 sua

1945 2541 2172 2610 pecunia
2212 2541 2279 2595 ad
2333 2556 2453 2594 eam
2497 2556 2611 2595 rem
2642 2540 2909 2609 impendit
2939 2540 3113 2595 minas
3150 2550 3366 2594 centum
3405 2555 3417 2590 :
3447 2538 3514 2589 ad

1942 2632 2259 2701 spectacula
2294 2640 2475 2687 autem
2511 2624 2699 2686 decem
2740 2632 3014 2685 minarmn
3064 2631 3230 2684 millia
3260 2628 3512 2686 contulit.

1944 2724 2303 2791 triremesque
2362 2723 2736 2788 conscendit,
2797 2731 2852 2777 et
2892 2708 3154 2790 undique
3215 2720 3281 2772 ad
3336 2719 3515 2773 socios

1943 2815 2209 2882 navigans
2245 2813 2507 2882 pecunias
2536 2814 2899 2883 coegit,’quas
2927 2814 2995 2868 ob
3025 2828 3113 2867 res
3144 2826 3381 2881 persaepe
3400 2813 3516 2878 ipse

1946 2921 2113 2960 aurea
2138 2920 2342 2960 corona
2369 2914 2451 2960 est
2472 2906 2728 2970 donatus,
2759 2906 2994 2975 primum
3021 2905 3238 2975 quidem
3268 2919 3296 2956 a
3328 2901 3520 2956 Dento-

1948 2995 2068 3060 tele,
2111 2995 2423 3049 Aristonico
2447 3035 2461 3059 ,
2505 3004 2560 3048 et
2612 2993 2920 3065 Hyperide:
2955 3004 3284 3063 postremum
3313 3010 3443 3048 vero
3483 3009 3516 3047 a

1946 3084 2316 3156 Ctesiphonte.
2335 3085 2585 3155 Cumque
2607 3086 2883 3140 decretum
2910 3086 3015 3140 hoc
3045 3096 3304 3155 tanquam
3325 3096 3516 3139 contra

256 3177 392 3239 στὰς
418 3177 467 3208 ⁸⁵
500 3175 743 3245 ἐνίκησε.
776 3176 971 3246 Χρόνῳ
1014 3177 1072 3231 δὲ
1112 3176 1342 3248 ὕστερον
1373 3178 1467 3261 ἐπὶ
1517 3178 1615 3249 τὴν
1655 3178 1841 3231 Ἀσίαν

1944 3178 2086 3248 leges
2109 3176 2332 3246 factum,
2361 3178 2623 3233 Diodotus
2643 3186 2807 3246 atque
2829 3176 3121 3232 .‘Eschines
3143 3185 3515 3238 accusassent,

263 3267 627 3337 Ἀλεξάνδρου
665 3265 1057 3338 διαϐεϐηκότος
1085 3308 1102 3333 ,
1152 3270 1247 3321 καὶ
1302 3269 1566 3337 φυγόντος
1593 3310 1607 3334 ,
1682 3270 1842 3338 Ἀθήά

252 3361 389 3423 vaga
452 3359 596 3430 μετὰ
641 3359 1268 3429 χρημάτωνιἋρπάλου
1297 3401 1310 3423 ,
1364 3362 1435 3414 τὰ
1486 3362 1586 3431 μὲν
1634 3362 1839 3433 πρῶτα-

247 3450 596 3520 δημηγορῶν
648 3450 695 3482 ⁸⁸
747 3449 995 3504 οὐκηδεία
1050 3450 1143 3504 τὸν
1195 3451 1363 3522 ἄνδρα
1411 3452 1840 3524 παραδέχεσθαι,

248 3544 383 3595 ἐπεὶ
429 3542 888 3607 δὲέίσέπλευσε,
934 3544 1236 3615 Δαρεικοὺς
1281 3544 1487 3613 χιλίους
1539 3545 1638 3615 (ὥς
1686 3547 1841 3616 φασι)

249 3632 442 3685 λαϐὼν
495 3633 633 3699 πρὸς
680 3634 807 3696 τοὺς
860 3635 1005 3703 ὑπὲρ
1052 3635 1219 3688 αὑτοῦ
1296 3635 1554 3702 λέγοντας
1617 3638 1844 3705 μετετά-

250 3727 409 3790 ξατο,
441 3728 537 3779 xa‘t
572 3725 909 3795 βουλομένων
978 3726 1281 3798 Ἀθηναίων
1344 3728 1685 3798 Ἀντιπάτρῳ
1710 3745 1843 3799 προ-

249 3819 447 3872 δοῦναι
467 3818 513 3850 ⁸⁷
545 3819 637 3871 τὸν
684 3817 973 3888 ἄνθρωπον
1017 3820 1276 3872 ἀντεῖπεν
1300 3820 1373 3884 *⁸,
1406 3820 1477 3875 τά
1523 3838 1584 3873 τε
1636 3822 1842 3892 ’Δρπάι

251 3910 383 3963 λεια
406 3911 451 3942 “
495 3910 757 3979 χρήματα
776 3910 857 3972 είς
895 3910 1192 3979 ἀκρόπολιν
1238 3910 1478 3982 ἔγραψεν
1517 3912 1840 3978 ἀποθέσθαι,

257 4003 403 4072 μηδὲ
432 4000 515 4072 τῷ
550 4001 709 4072 δήμῳ
753 4002 844 4054 τὸν
890 4002 1127 4073 ἀριθμὸν
1176 4004 1358 4057 αὐτῶν
1413 4004 1844 4076 άποσημηνάμε-

252 4111 345 4157 νος
384 4093 459 4144 ⁷⁸.
506 4093 776 4160 Λέγοντος
817 4092 874 4145 δὲ
935 4093 1206 4162 Ἁρπάλου
1250 4094 1305 4164 ψ’
1364 4099 1842 4167 συγκατακομίσαι

254 4184 533 4247 τάλαντα,
551 4184 621 4238 τὰ
651 4183 1009 4254 ἀνενεχθέντα
1041 4188 1123 4248 είς
1150 4187 1249 4257 τὴν
1262 4188 1563 4258 ἀκρόπολιν
1593 4190 1765 4258 η’-καὶ
1793 4195 1838 4241 τ’

254 4276 287 4344 ἢ
316 4276 499 4345 ὀλίγῳ
566 4275 790 4328 πλείονα
843 4276 1075 4347 εὑρέθη.
1110 4279 1377 4347 Φυγόντος
1423 4280 1587 4334 δὲέκ
1614 4281 1709 4334 τοῦ
1754 4282 1841 4334 δε-

256 4367 585 4437 σμωτηρίου
627 4366 923 4438 Ἁρπάλου,
951 4371 999 4423 οἱ
1059 4369 1160 4440 μὲν
1196 4372 1276 4433 εἰς
1305 4372 1533 4443 Κρήτην
1575 4376 1762 4441 φασιν,
1790 4375 1840 4426 ei

1944 3269 2062 3338 ipse
2106 3282 2207 3338 pro
2248 3282 2308 3322 se
2334 3267 2651 3323 defensione
2684 3281 2814 3321 usus
2838 3266 2988 3320 vicit.
3013 3266 3206 3320 Postea
3234 3280 3363 3318 vero
3397 3280 3518 3319 cum

1940 3364 2248 3418 Alexander
2298 3363 2354 3417 in
2401 3361 2591 3417 Asiam
2636 3360 2940 3416 exercitum
2981 3359 3267 3425 ductaret,
3304 3354 3518 3427 Harpa-

1943 3453 2135 3523 lusque
2166 3455 2405 3509 Athenas
2437 3469 2562 3509 cum
2595 3453 2947 3508 facultatibus
2982 3450 3335 3521 pecuniisque
3365 3449 3519 3519 fuge-

1943 3556 2060 3610 ret,
2111 3548 2257 3600 hunc
2290 3547 2511 3616 quidem
2558 3545 2737 3616 primo
2778 3544 2946 3612 recipi
2980 3551 3166 3597 orator
3201 3541 3516 3611 prohibuit:

1944 3639 2140 3693 deinde
2186 3648 2474 3707 postquam
2520 3638 2741 3704 navigio
2792 3642 2876 3690 est
2916 3635 3221 3703 ingressus,
3277 3631 3517 3699 acceptis

1946 3731 2094 3784 mille
2122 3729 2332 3784 Daricis
2364 3730 2658 3799 acquievit.
2684 3726 2934 3798 Cumque
2961 3724 3324 3780 Athenienses
3342 3722 3523 3775 homi-

1945 3838 2069 3877 nem
2096 3824 2381 3892 Antipatro
2408 3822 2606 3876 dedere
2635 3820 2858 3883 vellent,
2896 3814 3240 3886 repugnavit,
3274 3811 3522 3881 scripsit-

1944 3931 2052 3986 que
2079 3924 2244 3980 utea,
2270 3931 2433 3985 quam
2465 3929 2653 3971 secum
2688 3914 2947 3967 attulerat
2975 3908 3265 3979 Harpalus,
3288 3905 3519 3975 pecunia

1944 4007 1999 4061 in
2033 4021 2247 4062 summa
2296 4022 2424 4062 arce
2474 4008 2859 4075 deponeretur,
2896 4013 3062 4072 utque
3103 3998 3370 4069 Harpalus
3402 3996 3521 4066 ejus

1943 4104 2118 4173 ipsius
2190 4102 2435 4171 pecuniae
2483 4112 2775 4153 numerum
2839 4111 2903 4151 ac
2952 4108 3224 4150 summam
3292 4092 3519 4152 diceret,

1946 4208 2127 4263 neque
2178 4191 2380 4261 populo
2438 4190 2683 4260 pecunia:
2737 4201 3005 4242 summam
3060 4184 3339 4238 indicavit.
3382 4183 3520 4237 Cum

1943 4296 2125 4340 autem
2175 4285 2399 4337 dixisset
2451 4282 2722 4350 Harpalus
2785 4278 3121 4348 septingenta
3167 4276 3366 4328 talenta
3396 4290 3426 4328 a
3462 4287 3522 4328 sc

1943 4380 2130 4446 allata,
2162 4389 2215 4432 et
2267 4378 2320 4432 in
2365 4390 2490 4431 arce
2534 4374 2817 4436 collocata,
2842 4380 2966 4424 octo
2984 4377 3192 4424 tantum
3237 4377 3523 4422 ettrecen-

254 4458 310 4510 δὲ
339 4460 428 4521 είς
481 4458 750 4531 Ταίναρον
774 4463 873 4530 τῆς
900 4463 1243 4532 Λακωνικῆς,
1271 4462 1597 4533 δωροδοκίας
1660 4466 1841 4519 αἰτίαν

1950 4480 2036 4539 ta,
2098 4482 2196 4527 aut
2234 4472 2397 4542 paulo
2441 4469 2676 4537 amplius
2712 4472 2928 4535 reperta
2972 4472 3123 4518 sunt.
3156 4462 3349 4516 Postea
3394 4474 3520 4514 cum

260 4548 544 4616 παρέσχεν
567 4551 597 4600 ό
628 4551 998 4621 Δημοσθένης.
1044 4552 1198 4606 Ἐπεὶ
1230 4553 1401 4625 ταύτῃ
1454 4554 1511 4607 δὲ
1562 4558 1839 4620 καταστάς

1949 4564 2217 4635 Harpalus
2255 4579 2286 4617 e
2336 4576 2557 4617 carcere
2592 4558 2926 4628 aufugisset,
2961 4566 3124 4626 atque
3177 4556 3231 4609 in
3280 4554 3519 4616 Cretam,

255 4640 336 4700 ei;
366 4639 553 4706 κρίσιν
576 4639 681 4691 ὑπὸ
721 4640 1063 4709 Ὑπερείδου,
1093 4641 1300 4696 Πυθέου
1333 4644 1400 4708 ⁷³,
1426 4646 1838 4716 Μενεσαίχμου,

1948 4656 2070 4718 vel,
2119 4666 2176 4709 ut
2216 4654 2305 4708 alii
2358 4654 2587 4717 volunt,
2634 4654 2687 4705 in
2746 4651 3035 4704 Taenarum
3095 4650 3209 4719 agri
3268 4646 3522 4700 Laconici

270 4727 558 4798 Ἱμεραίου
610 4731 707 4783 καὶ
752 4732 1081 4801 Προκλέους,
1116 4734 1167 4786 οἳ
1213 4733 1308 4786 καὶ
1341 4733 1438 4805 τὴν
1494 4735 1553 4801 ἐξ
1628 4736 1841 4807 Ἀρείου

1950 4746 2206 4817 oppidum
2237 4745 2512 4809 venisset,
2556 4754 2848 4799 accusatus
2888 4742 3282 4797 Demosthenes
3324 4754 3520 4808 accep-

261 4821 450 4888 πάγου
516 4820 711 4890 βουλὴν
760 4825 1169 4879 κατεσκεύασαν
1221 4826 1389 4879 αὑτοῦ
1444 4828 1838 4896 καταγνῶναι,

1951 4845 2133 4889 torum
2159 4836 2429 4888 donorum
2477 4842 2599 4896 est,
2658 4844 2999 4900 vocatusque
3030 4831 3085 4883 in
3131 4830 3400 4897 judicium
3455 4828 3523 4881 ab

258 4913 427 4976 ἑάλω,
462 4913 558 4965 καὶ
580 4914 739 4976 ἁλοὺς
773 4914 962 4983 ἔφυγε,
999 4919 1077 4987 μὴ
1102 4917 1399 4986 δυνάμενος
1424 4920 1679 4973 ἀποτῖσαι
1717 4938 1841 4974 πεν-

1941 4922 2229 4990 Hyperide,
2263 4919 2504 4991 Pythaaa,
2525 4919 2945 4981 Menesamhmo,
2976 4916 3268 4978 Hlmeraeo,
3292 4914 3515 4968 Procle:

255 5004 545 5056 car-Metu
571 5018 585 5031 ο
612 5003 842 5074 ᾐτιῶντο
864 5005 919 5058 δὲ
947 5007 1109 5059 αὑτὸν
1147 5006 1473 5077 δωροδοκίας
1500 5009 1742 5063 τάλαντα
1766 5012 1830 5063 λ’.

1946 5030 2176 5082 quorum
2236 4993 2404 5083 opera
2457 5011 2716 5067 effectum
2766 5020 2899 5075 est,
2957 5019 3016 5064 ut
3073 5009 3523 5078 Areopagitarum

262 5097 426 5152 Ἐστι
472 5097 531 5149 δὲ
574 5098 669 5151 καὶ
707 5098 865 5161 ἄλλος
905 5099 1063 5167 λόγος
1092 5100 1153 5162 ὃς
1202 5101 1323 5154 οὐδὲ
1362 5101 1463 5171 τὴν
1508 5103 1691 5170 κρίσιν
1744 5104 1841 5155 αὐ-

1948 5107 2219 5161 sententia
2258 5107 2664 5160 condemnatus
2729 5105 3036 5158 exsulatum
3108 5100 3329 5163 abiret,
3399 5114 3523 5153 cum

257 5191 351 5242 τὸν
396 5191 447 5220 ⁷³
502 5189 791 5257 ὑπομεῖναι
828 5190 997 5258 λέγει,
1026 5190 1161 5245 ἀλλὰ
1208 5194 1404 5260 φυγεῖν
1451 5192 1564 5247 τῶν
1630 5194 1841 5263 μελλόν-

1951 5198 2143 5251 multa:
2195 5197 2250 5250 in
2281 5197 2626 5266 quintuplam
2651 5196 2924 5252 solvendae
2968 5207 3083 5249 non
3133 5204 3277 5248 esset
3310 5191 3524 5247 futurus

258 5298 370 5335 των
434 5278 643 5351 κρίνειν
685 5282 1485 5355 αὑτὸνιπαρασκευαζομένων.
1542 5287 1735 5357 Χρόνῳ
1788 5288 1841 5340 δὲ

1953 5287 2108 5342 satis.
2162 5289 2533 5343 Accusabant
2574 5298 2755 5342 autem
2816 5286 2963 5356 quod
3028 5284 3249 5355 triginta
3321 5285 3525 5340 talenta

265 5372 497 5443 ὕστερον
522 5371 693 5444 ὀλίγῳ
732 5374 1071 5430 Πολύευκτον
1117 5376 1372 5448 ἔπεμψαν
1414 5379 1686 5449 Ἀθηναῖοι
1708 5379 1841 5450 πρὸς

1951 5379 2276 5448 accepisset,
2322 5380 2445 5445 vel,
2479 5390 2537 5435 ut
2591 5380 2840 5436 nonnulli
2890 5379 3099 5446 dicunt,
3159 5393 3268 5433 non
3328 5376 3523 5448 M6

1511 5494 1746 5549 VARUE
1776 5493 2176 5553 LECTIONES.

408 5607 803 5697 ῥηιξρςοὲγους,
820 5611 980 5679 νυιεο
1019 5620 1142 5697 past
1176 5611 1353 5697 (ξυγὴν
1382 5626 1610 5697 ponunt.
1640 5687 1651 5697 .
1688 5616 1734 5647 ⁸³
1756 5616 2115 5697 κατεϐάλλετο
2149 5635 2208 5682 ς.
2276 5617 2330 5697 ,⁸1⁵
2354 5617 2652 5697 καταστὰς]
2686 5618 3069 5697 ungues-actu;
3104 5619 3171 5671 Δ.
3247 5617 3292 5650 ⁸⁸
3313 5614 3525 5697 Ξὰ-μέν

273 5679 484 5764 πρῶτοι⁹
513 5679 857 5764 δημηγορῶν.
898 5681 1115 5764 mihi).
1146 5684 1235 5764 ηδτ
1270 5679 1587 5764 προδοῦναι]
1640 5687 1750 5764 it_n_0
1791 5679 2203 5764 ,παραδοῦναιξ-
2275 5688 2320 5720 ⁸³
2351 5690 2572 5744 ἀνεῖπεν
2603 5679 2662 5752 ξ.
2757 5690 2801 5723 ⁸⁸
2844 5679 3111 5761 Ἀρπάλια
3154 5705 3212 5753 ς.
3313 5688 3360 5718 ’⁷ο
3401 5679 3521 5740 {nt-

276 5750 739 5819 c‘qpqvipuvogA.
816 5751 858 5783 "
900 5750 1105 5804 Πυθέου
1146 5754 1186 5805 Β
1224 5771 1235 5806 :
1270 5753 1505 5807 Ποθαίου
1536 5750 1594 5817 ς’.
1670 5758 1718 5789 ⁷³
1747 5750 1908 5812 αὑτὸν
1940 5760 1980 5812 Β
2013 5777 2026 5813 ι
2064 5757 2245 5815 αὐτῶν
2284 5776 2342 5823 ς.
