4036 6318
590 351 691 417 ιειτ
1742 351 2007 433 pnorn
2033 343 2542 412 PATRIARCHIE
2577 345 2696 411 cr.
3753 339 3847 408 188

584 472 902 536 exspectato
956 464 1168 537 judicio
1214 464 1372 525 illum
1423 466 1672 542 fugisse,
1708 468 1834 540 'jam
1880 464 2157 539 iudicibus

2280 460 2320 515 :6
2367 461 2545 514 κοινὸν
2595 457 3040 531 πρεσϐεύσασθαι
3083 455 3194 512 τῶν
3268 454 3553 526 Ἀρκάδων
3583 496 3602 523 ,
3627 461 3634 471 ’
3655 454 3742 527 ἐφ’
3796 451 3841 529 ᾧ

588 554 919 609 sententiam
948 556 1092 613 ferre
1112 559 1457 629 parantibus.
1484 560 1680 615 Postea
1701 573 1834 615 vero
1854 572 1978 614 cum
1997 556 2167 611 Athe-

2280 552 2461 616 ιὺτοὺς
2496 551 2798 623 ἀποστῆναι
2823 552 2922 623 τῆς
2970 549 3080 605 τῶν
3131 548 3468 604 Μακεδόνων
3512 548 3845 619 συμμαχίας.

592 643 817 701 nienses
850 644 1202 719 Polyeuctum
1224 649 1461 721 legatum
1495 649 1564 706 ad
1588 648 1832 705 Arcadas
1860 646 2165 711 misissent,

2280 643 2449 717 Μηδὲν
2480 644 2540 699 δὲ
2592 642 2848 709 ἀνύοντος
2879 642 2976 697 τοῦ
3029 641 3376 697 Πολυεύκτου
3420 641 3707 710 ἐπιφανεὶς
3743 644 3846 715 Δη-

588 743 651 790 ut
684 752 784 794 eos
829 754 861 793 a
895 738 1250 797 Macedonum
1299 743 1559 799 societate
1604 740 1941 808 abduceret,
1988 752 2169 808 neque

2280 734 2538 809 μοσθινης
2593 736 2690 792 καὶ
2746 734 3013 792 συνειπὼν
3085 734 3290 789 ἔπεισε.
3347 733 3443 787 Διὸ
3490 735 3589 787 καὶ
3643 733 3849 806 θαυμα-

588 826 919 902 Polyeuctns
976 835 1307 905 persuadere
1390 834 1695 902 potuisset,
1742 832 2003 903 prodiens
2059 829 2169 888 De-

2280 830 2475 886 σθίντα
2503 832 2572 903 τῇ
2597 828 2797 903 πράξει
2825 829 2978 903 παρά
3014 828 3124 884 τῶν
3163 826 3468 899 Ἀθηναίων
3495 826 3723 881 καθόδου
3756 845 3849 882 τυ-

590 923 929 990 mosthenes,
960 936 1017 981 et
1063 942 1171 981 una
1217 926 1435 982 dicendi
1474 935 1659 996 partes
1688 941 1979 982 assumens
2002 965 2018 993 ,
2043 940 2171 997 pcr-

2280 925 2384 995 κετν
2414 923 2601 989 αὐτὸν,
2631 922 2970 996 ψηφίσαντός
3018 939 3082 976 τε
3120 920 3427 993 γραφέντος
3448 920 3548 973 καὶ
3594 921 3848 991 τριήρους

592 1013 793 1070 suasit.
845 1014 1019 1086 Cujus
1068 1018 1149 1073 rei
1206 1031 1373 1073 causa
1433 1031 1560 1071 cum
1608 1031 1734 1072 eum
1784 1016 2170 1072 admirandum

2280 1016 2690 1088 ὶποσταλείσης.
2729 1014 3097 1087 Ἐψηφίσαντο
3143 1014 3203 1069 δὲ
3244 1012 3340 1067 καὶ
3377 1013 3504 1069 ἀντὶ
3530 1011 3644 1066 τῶν
3683 1010 3725 1065 λ’
3750 1029 3847 1070 τα-

590 1103 888 1172 qnemdam
919 1108 1196 1162 hominem
1218 1121 1411 1162 omnes
1432 1106 1719 1173 ducerent,
1748 1108 1942 1178 paucis
1968 1105 2172 1178 elapsis

2280 1109 2502 1175 λάντων,
2533 1106 2572 1164 s
2618 1108 2843 1179 ὤφειλε,
2866 1108 2960 1162 τὸν
2998 1106 3092 1161 τοῦ
3123 1106 3247 1170 Διὸς
3273 1106 3461 1178 βωμὸν
3498 1105 3593 1159 τὸν
3626 1106 3687 1159 ἐν
3726 1106 3848 1161 Πει-

593 1194 787 1251 diebus
826 1197 1107 1269 decretum
1141 1199 1210 1253 de
1243 1198 1335 1254 illo
1366 1199 1672 1256 revocando
1705 1208 1792 1255 est
1823 1197 2029 1254 factum
2053 1238 2071 1265 ,
2103 1212 2173 1253 ex

2280 1202 2423 1272 ραιεϊ
2452 1200 2941 1256 ἑπισκευάσασθαι.
2972 1199 3085 1255 Καὶ
3101 1194 3172 1273 ἦν
3199 1198 3364 1254 πάλιν
3396 1197 3546 1253 κατὰ
3585 1195 3850 1273 πρότερον

596 1300 774 1358 eoque
806 1290 974 1345 missa
999 1300 1086 1346 est
1108 1290 1358 1347 triremis
1388 1308 1513 1363 quae
1552 1292 1706 1347 illum
1730 1292 2046 1356 adveheret,
2076 1290 2175 1347 de-

2281 1294 2720 1367 πολιτευόμενος.

596 1394 997 1454 creveruntque
1040 1384 1429 1451 Athenienses,
1492 1394 1555 1443 ut
1608 1387 1831 1459 triginta
1888 1386 1981 1442 illa
2023 1386 2251 1456 talenta,
2289 1390 2496 1459 quibus
2561 1391 2827 1447 multatus
2881 1387 3061 1445 fuerat
3101 1386 3522 1452 Demosthenes.
3558 1399 3627 1441 ex
3666 1386 3849 1444 aeraria

597 1471 667 1526 ad
705 1475 1023 1527 struendam
1054 1487 1214 1565 aram
1262 1472 1385 1529 Jovi
1416 1474 1474 1531 in
1530 1473 1738 1533 Piraeeo
1768 1473 2174 1545 conferrentur,
2213 1488 2380 1550 atque
2410 1480 2486 1537 ita
2520 1480 2871 1538 liberaretur.
2901 1479 2969 1537 Et
3000 1495 3225 1537 rursum
3299 1477 3701 1550 rempublicam
3756 1479 3850 1536 ad-

595 1565 945 1622 ministravit.

665 1679 914 1750 Cumque
946 1679 1272 1737 Pharsalum
1302 1682 1539 1753 cepisset
1590 1681 1895 1755 Antipater,
1940 1682 2177 1739 minare-
2202 1683 2252 1746 B

600 1778 801 1842 turque
824 1772 928 1827 nisi
952 1773 1314 1829 Athenienses
1333 1783 1580 1829 oratores
1599 1774 1879 1838 dederent,
1906 1789 1965 1831 se
1983 1775 2175 1831 urbem

594 1861 978 1929 obsessurum,
1040 1862 1462 1930 Demosthenes,
1507 1864 1697 1920 relicta
1744 1865 2004 1931 civitate,
2074 1865 2177 1922 sibi

597 1954 828 2008 salutem
854 1952 978 2025 fuga
1006 1954 1243 2026 quaesiit,
1275 1970 1341 2010 ac
1387 1955 1625 2026 primum
1675 1955 1896 2028 quidem
1933 1956 1988 2012 in
2022 1956 2177 2025 digi-

598 2062 727 2101 nam
761 2046 1032 2118 confugit.
1079 2050 1190 2105 Sed
1247 2064 1373 2106 cum
1407 2059 1686 2106 vereretur
1707 2048 1979 2121 Antipatri
2015 2051 2174 2115 iram,

598 2152 661 2193 se
688 2136 742 2191 in
765 2135 1075 2193 Calauriam
1101 2140 1402 2196 transtulit.
1430 2139 1571 2195 Cum
1604 2148 1785 2194 autem
1814 2140 2176 2196 Athenienses

598 2232 872 2289 oratOres,
914 2225 1207 2297 ipsumque
1248 2227 1669 2284 Demosthenem
1702 2227 1904 2283 dedere
1952 2227 2179 2283 statuis-

2350 1682 2511 1756 [1477
2537 1681 2632 1756 11.]
2662 1682 2885 1738 Ἐπεὶδὲ
2910 1680 3267 1754 Ἀντίπατρος
3290 1676 3581 1752 Φάρσαλον
3600 1676 3702 1749 μὶν
3716 1677 3852 1732 ἀνεῖ-

2277 1774 2391 1841 λεν,
2418 1776 2705 1847 ὴπείλειδὲ
2737 1775 3122 1848 πολιορκήσειν
3140 1773 3270 1838 τοὺς
3318 1770 3666 1842 Ἀθηναίους,
3709 1771 3758 1823 εί
3779 1774 3850 1843 μὴ

2278 1865 2574 1937 παραδοῖεν
2599 1866 2750 1938 αὐτῷ
2776 1866 2911 1931 τοὺς
2942 1866 3203 1939 ῥήτορας,
3235 1859 3561 1919 καταλιπὼν
3588 1863 3618 1916 ὁ
3675 1863 3849 1935 ῥήτωρ

2277 1960 2376 2030 τὴν
2422 1958 2545 2031 μηδ’
2589 1960 2789 2031 ἑαυτὴν
2837 1958 3148 2030 δυναμένην
3196 1956 3370 2011 σῶσαι
3451 1954 3612 2009 πόλιν
3663 1953 3845 2025 ῑφυγε.

2277 2048 2389 2103 Καὶ
2422 2048 2640 2120 πρῶτον
2685 2048 2785 2120 μὲν
2814 2048 3013 2121 Δίγίνῃ
3059 2048 3105 2080 ⁷³
3132 2046 3366 2117 επιστη,
3387 2041 3534 2111 εἷτα,
3567 2044 3731 2100 κάκεῖ
3756 2045 3849 2115 τὴν

2276 2139 2449 2211 ὀργὴν
2464 2139 2735 2194 Φιλίππου
2754 2140 2803 2173 ’⁸
2820 2138 3031 2206 δεδιὼς,
3063 2139 3146 2203 είς
3167 2138 3497 2210 Καλασρίαν
3516 2138 3566 2170 ’⁸
3603 2137 3849 2209 μετέστη.

2277 2231 2471 2302 Ψῆφον
2491 2230 2548 2285 δὲ
2579 2231 2824 2302 θεμένων
2862 2230 3163 2303 Ἀθηναίων
3180 2230 3438 2286 ἐκδοῦναι
3460 2230 3590 2294 τοὺς
3607 2232 3851 2302 ῥήτορας,

600 2323 741 2379 sent,
770 2314 823 2369 in
855 2313 1091 2387 Neptuni
1122 2317 1324 2387 templo
1350 2318 1579 2388 supplex
1631 2318 1901 2375 consedit.
1932 2319 2179 2390 Cumque

599 2404 669 2458 ad
695 2420 822 2460 eum
852 2407 1106 2473 Archias,
1135 2411 1226 2478 qui
1256 2408 1703 2480 Phygadotheres
1719 2412 1900 2483 (quasi
1924 2412 2178 2468 exsulum

600 2497 852 2569 venator)
894 2509 1254 2570 cognomento
1292 2501 1594 2567 dicebatur,
1648 2504 1961 2569 accederet,
2019 2504 2180 2575 eique

599 2590 881 2655 suaderet,
908 2591 1180 2658 utesiret,
1214 2592 1459 2664 beneque
1495 2592 1565 2650 de
1594 2595 1881 2665 Antipatro
1911 2607 2175 2666 speraret.

600 2680 759 2737 Tunc
794 2682 1184 2740 Demosthenes
1222 2702 1236 2740 :
1272 2684 1453 2756 Neque
1478 2703 1596 2741 cum
1637 2688 1947 2758 tragazdios,
1975 2689 2177 2760 inquit,

600 2791 807 2844 ageres,
849 2776 979 2829 mihi
1025 2777 1387 2844 persuasisti,
1420 2793 1583 2847 neque
1615 2776 1713 2832 hoc
1744 2796 1882 2833 nunc
1926 2781 2177 2849 suadens,

600 2864 971 2933 persuadebis.
1006 2864 1217 2918 Etcum
1238 2865 1472 2921 Archias
1502 2866 1611 2920 vim
1637 2865 1841 2924 inferre
1863 2878 2176 2938 conaretur,

604 2955 1002 3024 prohibuerant
1026 2955 1124 3021 illi,
1144 2956 1237 3026 qui
1262 2957 1329 3011 ad
1362 2956 1514 3013 urbis
1537 2960 1841 3015 custodiam
1872 2956 2025 3016 erant
2046 2977 2179 3017 con-

2279 2323 2468 2394 ἱκέτης
2512 2322 2570 2376 ἐν
2611 2322 2690 2394 τῷ
2732 2320 2827 2376 τοῦ
2881 2320 3216 2387 Ποσειδῶνος
3266 2321 3656 2394 προσήδρευεν
3706 2321 3849 2392 ἱερῷ.

2290 2413 2511 2483 Ἀρχίου
2539 2410 2598 2465 δὲ
2632 2410 2729 2465 τοῦ
2782 2410 3015 2483 ἐπίκλην
3066 2410 3429 2483 φυγαδοθήρα
3465 2408 3848 2481 προσελθόντος

2275 2504 2446 2575 αὐτῷ,
2474 2504 2567 2558 καὶ
2600 2503 2812 2557 πείθειν
2841 2501 3250 2574 ιπιχειροῦντος
3280 2501 3612 2559 ἀνίστασθαί
3657 2517 3717 2554 τε
3761 2501 3847 2557 τοῦ

2280 2595 2428 2668 ίεροῦ
2474 2596 2570 2650 καὶ
2611 2584 2853 2667 χρηστάς
2891 2595 3114 2660 δλπίδας
3156 2594 3301 2667 ἔχειν
3344 2595 3441 2649 ἐπ’
3496 2594 3845 2666 Ἀντιπάτρῳ,

2288 2687 2475 2754 Ἀλλ’,
2498 2682 2546 2742 ὦ
2564 2685 2875 2751 βέλτιστε,
2897 2681 3071 2754 εἶπεν,
3093 2687 3233 2742 οὔτε
3255 2685 3581 2756 τραγῳδῶν
3616 2685 3847 2752 δπεισάς

2270 2796 2368 2850 με,
2399 2780 2539 2834 οὔτε
2562 2779 2682 2833 νῦν
2709 2778 3146 2847 συμϐουλεύων
3193 2778 3453 2843 πείσεις.
3498 2777 3845 2849 Ἐπιχειροῦν-

2274 2889 2368 2937 τος
2395 2870 2453 2925 δὲ
2488 2871 2651 2925 αὑτὸν
2687 2869 2991 2941 βιάζεσθαι,
3027 2871 3078 2925 οί
3130 2868 3234 2941 τῆς
3281 2870 3498 2935 πόλεως
3550 2870 3713 2925 αὑτὸν
3760 2874 3848 2925 ὲπ-

2281 2964 2459 3037 ισχον.
2482 2965 2594 3018 Καὶ
2611 2964 2640 3018 ὁ
2658 2962 3011 3034 Δημοσθένης
3041 2960 3188 3033 μάλα
3203 2962 3476 3032 γενναίως
3503 2963 3600 3016 καὶ
3622 2962 3845 3034 φαιδρῶς

603 3041 805 3096 stituti.
843 3041 979 3097 Tum
1015 3042 1408 3101 Demosthenes
1433 3054 1659 3103 strenue
1686 3060 1743 3104 et
1768 3048 1979 3106 fortiter
2005 3065 2027 3105 :
2056 3050 2182 3107 Non

2445 3058 2529 3111 Οὐ
2561 3026 2870 3124 σωτηρίας
2891 3026 3174 3123 δεόμενος
3197 3026 3547 3124 κατάφυτον
3560 3026 3647 3122 sic
3665 3026 3846 3109 Rada-

602 3132 819 3200 salutis,
854 3134 1050 3206 inquit,
1080 3152 1231 3205 egens
1261 3138 1315 3191 in
1367 3137 1685 3194 Calauriam
1727 3144 1962 3215 confugi,
1993 3146 2083 3200 sed
2123 3154 2183 3201 ut

2285 3149 2479 3218 δρίαν,
2509 3149 2647 3204 ἀλλ’
2674 3146 2918 3219 ἐλέγξαι
2973 3145 3326 3213 Μακεδόνας
3366 3146 3752 3215 ,ϐουλόμενος
3776 3146 3846 3214 ὡς

603 3226 895 3295 impietatis
926 3237 975 3281 et
1002 3229 1265 3284 violentia:
1308 3230 1365 3284 in
1407 3231 1529 3285 deos
1560 3230 1874 3289 Macedones
1911 3237 2183 3293 convince-

2283 3238 2383 3294 καί
2417 3238 2490 3294 τὰ
2522 3237 2649 3311 [806
2675 3235 2773 3310 ιι]
2795 3236 2916 3292 τῶν
2961 3237 3115 3294 θεῶν
3160 3235 3281 3291 εισι
3309 3235 3649 3301 βιάσασθαι
3671 3239 3845 3290 παλα-

603 3330 740 3371 rem.
778 3314 842 3370 Et
873 3318 1183 3375 codicillum
1237 3320 1520 3392 postulans
1584 3322 1931 3394 inscripsisse
1988 3325 2183 3393 fertur,

2280 3330 2503 3404 μναῖοι.
2537 3332 2647 3385 Καὶ
2673 3330 3053 3402 γραμματεῖον
3083 3328 3313 3399 αἰτήσας
3338 3327 3551 3401 γράψαι
3569 3327 3774 3396 λέγεται
3792 3328 3847 3381 τὸ

604 3413 799 3462 statuae
844 3406 1249 3464 inscribendum
1310 3411 1621 3480 distichon,
1677 3413 1824 3486 quod
1884 3425 2072 3487 postea
2114 3416 2183 3474 ab

2284 3421 2379 3477 ἐπὶ
2402 3421 2500 3492 τῆς
2524 3420 2749 3489 δείκόνος
2782 3418 2948 3473 αὐτοῦ
3002 3416 3261 3486 ελεγεϊον,
3291 3417 3436 3487 ὅπερ
3486 3414 3708 3487 ὕστερον
3752 3414 3848 3469 ὑπὸ

610 3498 1038 3558 Atheniensibus
1084 3501 1410 3574 inscriptum
1436 3496 1460 3558 ἐ

2284 3514 2394 3570 τῶν
2446 3511 2747 3583 Ἀθηναίων
2782 3508 3145 3580 ἑνεκολάφθηο

2284 3626 2471 3705 ειεςρ
2488 3621 2861 3705 εστιν
2879 3621 3173 3705 ἶῖῥώμηϊο
3196 3616 3785 3705 θημιίτξθενεςιρῖκπςε

2361 3687 2446 3751 Οὗ
2468 3687 2599 3750 ποτ’
2638 3687 2717 3750 ἂν
2764 3687 3074 3760 ἘλλήΜν
3099 3687 3299 3764 ἦρξεν
3343 3694 3532 3761 Ἄρης
3553 3687 3846 3745 Μακεδών.

608 3608 670 3667 Si
698 3613 860 3685 goria
883 3613 1110 3684 eloquio,
1141 3614 1534 3683 Demosthenes,
1555 3636 1708 3675 arma
1732 3622 1971 3685 tulisses,

681 3681 806 3737 Non
832 3681 1043 3740 caderet
1075 3686 1355 3741 Macedum
1385 3681 1593 3745 Gracia
1613 3692 1752 3745 uicta
1778 3681 1978 3748 manu}

609 3807 671 3853 ut
685 3798 849 3855 refert
870 3798 1175 3858 Demetrius
1206 3800 1468 3873 Magnus:
1497 3813 1613 3871 aut,
1644 3816 1706 3861 ut
1731 3805 2010 3862 nonnullis
2039 3804 2190 3861 vide-

608 3898 720 3956 tur,
751 3901 1024 3960 repertum
1064 3902 1153 3949 est
1186 3893 1288 3950 hoc
1327 3896 1592 3966 scriptum
1622 3913 1638 3952 :
1679 3896 2049 3954 Demosthenes
2080 3898 2192 3951 An-

609 3981 807 4049 tipatro
827 3980 1055 4036 salutem
1078 3983 1233 4041 dicit.
1264 3983 1450 4041 Genus
1488 4001 1617 4040 vero
1650 3989 1843 4043 mortis
1870 4003 1981 4058 quo
2028 3987 2183 4051 obiitI

2292 4013 2385 4069 ρον
2411 3995 2458 4027 ⁷⁸
2490 3993 2646 4048 οὐδὲν
2670 3992 2813 4063 πλὴν
2833 3992 2917 4046 δτι
2935 3990 3321 4061 Δημοσθένης
3350 3987 3718 4057 Ἀντιπάτρῳ
3737 3990 3849 4057 χιιι-

610 4073 747 4127 varii
782 4074 1002 4129 tradunt
1035 4093 1050 4130 :
1082 4074 1175 4131 alii
1222 4088 1383 4147 epoto
1411 4093 1622 4133 veneno
1668 4079 1871 4136 obiisse
1906 4098 1921 4135 :
1955 4080 2046 4135 alii
2092 4096 2183 4136 ca-

2284 4102 2436 4157 ρειν.
2472 4081 2795 4138 Ἀποθανεῐν
2818 4081 2874 4135 δι
2914 4080 3008 4135 τὸν
3036 4079 3244 4151 ῥήτορά
3272 4094 3441 4148 φασιν
3484 4077 3536 4133 oi
3586 4078 3684 4150 μὲν
3725 4074 3851 4145 «pap-

612 4163 817 4219 lamum
864 4180 1075 4222 veneno
1131 4166 1399 4224 infectum
1432 4170 1816 4237 momordisse,
1843 4186 1952 4242 quo
1986 4172 2183 4241 episto-

2294 4194 2470 4249 μακον
2498 4175 2781 4238 ἐκπιόντα,
2799 4174 2849 4227 oi
2868 4172 2928 4227 δὴ
2960 4171 3301 4242 γευσάμενον
3314 4170 3416 4225 τοῦ
3438 4172 3497 4225 ἑν
3524 4169 3605 4240 τῷ
3629 4167 3847 4237 καλάμῳ

612 4255 721 4311 lam
761 4256 1001 4314 scribere
1048 4270 1319 4330 coeperat,
1378 4276 1554 4332 eoque
1611 4272 1850 4334 gustato,
1911 4273 2183 4320 mortuum

2296 4269 2592 4340 φαρμάκου
2624 4283 2641 4299 ο
2677 4267 2776 4321 καὶ
2818 4263 2930 4336 γὰρ
2986 4262 3402 4335 παρεσκεύαστο
3434 4262 3501 4318 δι’
3524 4255 3586 4315 οὗ
3612 4261 3709 4332 την
3747 4261 3851 4311 ἐπι-

611 4362 765 4403 esse:
785 4349 879 4404 alii
896 4349 951 4404 in
974 4351 1180 4407 circulo
1197 4368 1437 4409 concavo
1458 4368 1621 4424 quem
1650 4354 1857 4410 circum
1898 4354 2183 4411 brachium

2296 4359 2490 4431 στολὴν
2522 4358 2783 4428 ἔγραφεν.
2808 4354 2993 4409 ’Ἄλλοι
3014 4354 3071 4409 δὲ
3100 4353 3290 4427 κρίκον
3317 4354 3487 4409 αὐτοῦ
3523 4352 3602 4423 τῷ
3631 4349 3851 4423 βραχίονι

614 4438 845 4506 ferebat,
888 4457 1161 4500 venenum
1211 4460 1483 4502 servasse.
1548 4444 1689 4502 Sunt
1750 4463 1880 4503 vero
1918 4448 2008 4518 qui
2063 4463 2183 4502 eum

2294 4451 2710 4523 περιάπτουσιν,
2738 4450 2799 4503 ὲν
2868 4443 2913 4517 ᾧ
2937 4447 3001 4502 τὸ
3046 4446 3342 4520 φάρμακον
3382 4446 3721 4501 εναπέκειτο.
3751 4438 3850 4495 Καὶ

613 4547 932 4604 compresso
956 4537 1177 4605 spiritu,
1206 4548 1437 4593 mortem
1467 4538 1573 4594 sibi
1602 4538 1935 4595 conscivisse
1966 4538 2183 4595 dicant:

2300 4543 2570 4615 συσχόντα
2597 4542 2654 4597 δὲ
2694 4540 2860 4596 αὑτοῦ
2899 4541 2962 4595 τὸ
3002 4539 3222 4610 πνεῦμα
3243 4579 3260 4606 ,
3287 4537 3449 4602 ἄλλος
3477 4538 3634 4606 λόγος
3662 4531 3849 4589 ἀποθα-

615 4628 710 4683 alii
735 4628 937 4701 ωδε
987 4648 1279 4700 venenum,
1304 4634 1450 4705 quod
1492 4634 1546 4689 in
1573 4635 1759 4693 annuli
1786 4635 1908 4705 pala
1934 4636 2183 4695 candide

2292 4637 2406 4691 νεῖν
2459 4635 2631 4704 λέγει,
2679 4633 2867 4704 ὥσπερ
2912 4632 3071 4697 ἄλλος
3120 4630 3213 4686 διὰ
3247 4629 3345 4685 τοῦ
3384 4628 3676 4702 φαρμάκου
3729 4624 3755 4677 δ
3786 4622 3845 4689 τῇ

615 4732 722 4783 rat.
749 4725 1019 4781 hausisse.
1055 4724 1204 4781 Vixit
1231 4742 1429 4792 annos,
1467 4736 1525 4781 vt
1552 4728 1709 4782 multi
1736 4728 1947 4793 dicunt,
1976 4738 2183 4798 septua-

2295 4727 2557 4800 σφενδόνῃ
2592 4726 2688 4782 τοῦ
2741 4724 3031 4780 δακτυλίου
3063 4709 3847 4820 ἐναπετεθησαύριστο.“⁹1ξ6ίω

616 4821 765 4888 ginta
798 4837 812 4874 :
848 4828 908 4873 ut
933 4820 1027 4875 alii
1052 4821 1336 4892 sexaginta
1365 4827 1597 4890 septem.
1621 4818 2031 4891 Rempublicam
2056 4822 2183 4878 duo:

2292 4822 2372 4888 δὲ,
2399 4822 2476 4886 ὡς
2498 4821 2599 4893 μὲν
2619 4819 2670 4873 oi
2700 4818 2771 4873 τὰ
2814 4816 2988 4871 πλείω
3023 4816 3297 4885 λέγουσιν,
3322 4815 3420 4885 ἐτη
3446 4818 3513 4879 of,
3538 4811 3614 4876 ὼς
3650 4809 3694 4863 δ’
3719 4807 3765 4861 οί
3789 4807 3849 4857 τὰ

616 4917 673 4964 et
728 4909 915 4980 viginti
968 4925 1145 4967 annos
1196 4911 1385 4982 gessit.
1436 4909 1663 4967 Liberos
1706 4926 1774 4966 ex
1828 4926 1996 4967 uxore
2025 4911 2183 4967 nohili

2296 4916 2524 4980 ἐλάττω,
2554 4912 2601 4977 ζ’
2649 4913 2741 4966 καὶ
2784 4910 2849 4976 ξ’.
2891 4908 3313 4963 Ἐπολιτεύσατο
3343 4907 3402 4961 δὲ
3429 4906 3474 4978 β’
3530 4905 3624 4959 καὶ
3654 4908 3701 4955 κ’
3746 4898 3847 4965 ἐτη.

619 5001 836 5069 reliquit
861 5001 1020 5057 duos.
1053 5001 1150 5058 Est
1176 5010 1360 5058 autem
1390 5002 1564 5074 ipsius
1592 5003 1773 5073 imago
1811 5003 1867 5059 in
1906 5002 2183 5076 Prytaneo

2294 4999 2572 5056 Κατέλιπε
2594 4998 2651 5052 δὲ
2674 4997 2769 5052 δύο
2804 4996 3001 5061 παῖδας
3027 4998 3093 5049 ὲκ
3137 4997 3267 5067 μιᾶς
3297 4996 3560 5066 γυναικὸς
3605 4992 3713 5048 τῶν
3742 4990 3849 5041 ἑπι-

619 5094 797 5164 gladio
826 5095 1004 5149 cincta
1031 5112 1045 5149 :
1074 5109 1141 5149 eo
1166 5096 1313 5150 enim
1360 5095 1545 5151 habitu
1602 5097 1903 5151 orationem
1940 5096 2183 5152 habuisst

2298 5092 2504 5165 φανῶν.
2541 5091 2697 5144 Ἐστι
2737 5091 2795 5145 δὲ
2822 5090 2990 5144 αὑτοῦ
3034 5088 3201 5144 είκὼν
3232 5090 3292 5143 ὲν
3318 5088 3398 5159 τῷ
3444 5085 3748 5159 πρυτανείῳ
3770 5095 3852 5133 πε·

622 5188 815 5252 lertur,
849 5202 977 5242 cum
1030 5186 1312 5257 Antipater
1352 5197 1603 5243 oratores
1654 5188 1726 5243 ab
1776 5187 2183 5242 Atheniensibut

2303 5183 2644 5258 ριεξωσμένη
2695 5182 2848 5252 ξίφος
2872 5198 2887 5214 ’
2931 5181 3077 5237 οὕτω
3111 5183 3221 5254 γάρ
3254 5183 3419 5237 αὐτὸν
3468 5177 3851 5279 σκευασάμενον

621 5278 746 5333 dedi
770 5277 875 5334 sibi
902 5279 1217 5349 postulavit.
1236 5278 1367 5336 Post
1385 5280 1550 5352 paulo
1581 5280 1944 5337 Athenienses
1978 5279 2033 5334 in
2062 5281 2183 5351 Pry-

2298 5276 2682 5349 δημηγορῆσαι
2724 5275 2944 5344 λέγεται
2995 5276 3141 5329 κατὰ
3190 5275 3575 5346 Ἀντιπάτρου,
3623 5273 3708 5326 ὅτε
3744 5273 3850 5325 τοὺς

622 5378 782 5426 taneo
828 5370 1030 5428 vietum
1060 5372 1380 5445 propinquis
1408 5372 1789 5430 Demosthenis
1824 5371 2183 5443 praebuerunt,

2304 5372 2539 5443 ῥήτορας
2578 5369 2761 5425 λαδετν
2791 5367 2852 5437 ἐξ
2892 5368 3135 5440 Ἀθηνῶν
3162 5369 3430 5435 ἐϐιάζετο.
3466 5366 3657 5439 Χρόνῳ
3690 5360 3851 5433 μέντοι

2300 3810 2466 3865 Ἀλλά
2490 3806 2653 3863 τοῦτο
2683 3807 2785 3878 μὲν
2810 3806 3125 3879 Δημήτριος
3147 3808 3177 3861 ό
3198 3805 3431 3879 Μάγνης
3462 3806 3512 3839 "
3542 3804 3688 3875 λέγει
3705 3821 3720 3837 ο
3752 3802 3849 3857 εισι

2289 3904 2350 3958 δὲ
2383 3902 2439 3956 of
2457 3916 2593 3971 φασι
2635 3898 2696 3953 τὸ
2752 3899 3139 3970 γραμματεῖον
3177 3896 3478 3969 εὑρεθῆναι
3504 3896 3716 3969 γράφον
3734 3895 3849 3948 ιτε-

1914 5546 2150 5605 ἾΑΒΙᾹΞ
2188 5546 2594 5607 LECTIONES.

700 5745 749 5778 "
785 5741 977 5832 Αἰγίνῃ
1000 5741 1065 5803 Β.
1080 5742 1385 5832 Αἰγίνηςις.
1459 5738 1509 5832 7:
1528 5737 1913 5832 Q.tlli‘l.'tﬂ0\:,lt6_.
1930 5734 2641 5832 ’ἐνέιπάτροξὲἐορὴὶιηιιῗ
2679 5733 3089 5832 Ξαλαοριαν
3112 5732 3179 5787 Β;
3203 5728 3561 5803 Καλαμθριαν
3573 5724 3634 5779 Δ.
3704 5716 3745 5748 ⁷⁸
3761 5708 3848 5786 ρώ-

634 5832 745 5891 μην
773 5802 1059 5891 A.
1160 5802 1208 5849 '"
1234 5802 1464 5885 Μάγνης
1489 5810 1767 5876 Leichius,
1785 5809 1905 5868 libri
1945 5809 2165 5874 Μάγνος
2183 5802 2207 5863 ε’
2277 5807 2322 5840 ⁷⁸
2342 5802 2528 5877 ἕτερον
2550 5802 2651 5877 μὲν
2678 5806 2829 5861 οὐδὲν
2868 5820 2929 5868 ς.
