4020 6412
217 328 329 394 189
1293 343 1820 408 BlBLIO’l‘HECA.
1860 372 1934 384 -
1967 349 2130 411 COD.
2160 350 2450 416 CCLXVI.
3361 355 3466 421 190

210 443 450 514 ὓστερον
467 444 590 538 σίτη
598 449 726 519 σινή
746 449 899 515 πόλις
915 451 972 506 ὲν
987 452 1067 524 τῷ
1084 455 1387 525 πρυτανείῳ
1405 460 1515 523 τοῖς
1534 460 1630 512 τοῦ
1647 460 1782 530 ῥήτρα

1900 463 2132 534 aliisque
2189 465 2491 521 honoribus
2550 473 2832 521 mortuum
2883 474 3251 536 exornarunt,
3300 467 3463 538 eique

210 550 311 603 ρος
330 537 653 604 συγγενέσιν
666 539 996 611 ἐδωρήσατο,
1016 547 1106 597 καὶ
1118 545 1304 610 ἀλλαις
1319 551 1505 618 τιμαῖς
1522 550 1782 619 ἐτίμησαν

1893 571 2134 618 statuam
2174 562 2232 617 in
2258 561 2382 617 foro
2419 567 2752 617 statuerunt.

206 624 636 696 τελευτήσαντα,
670 632 764 682 καὶ
788 632 888 702 τὴν
916 634 1100 688 είκόνα
1135 637 1402 692 ἀνέθεσαν
1428 642 1488 694 ὲν
1502 644 1567 711 τῇ
1592 642 1788 713 ἀγορᾷ.

279 714 549 786 Φέρονται
595 719 652 772 δὲ
707 721 873 775 αὑτοῦ
940 725 1362 798 Ἀποφθέγματα
1406 730 1636 786 πλείστα
1684 733 1778 787 καὶ

205 802 615 875 Γνωμολογίαι,
662 809 813 882 ἅπερ
860 813 1022 879 αὐτὸς
1076 817 1175 886 μὲν
1208 820 1465 874 ἑκάστοτε
1507 823 1642 894 πρὸς
1691 824 1792 894 τὴν

205 896 644 954 ἀνακύπτουσαν
693 904 886 974 χρείαν
928 907 1333 979 ἁρμοττόμενος
1377 912 1587 981 ἔλεγεν,
1629 915 1680 968 οἱ
1732 917 1792 971 δὲ

205 987 512 1054 ἀκούοντες
537 993 732 1067 μνήμῃ
763 1012 824 1048 τε
876 999 972 1050 καὶ
1000 1002 1186 1071 γραφῇ
1234 1002 1584 1060 διεσώσαντο.
1625 1002 1794 1072 Οὗτός

204 1095 343 1132 ποτε
378 1081 732 1156 κωλυόμενος
766 1086 859 1141 ὑπ’
898 1089 1200 1160 Ἀθηναίων
1233 1094 1292 1146 ὲν
1312 1096 1580 1169 ἐκκλησίᾳ
1615 1098 1794 1167 λέγειν

204 1171 391 1244 βραχύ
416 1193 470 1228 τι
500 1178 993 1253 προσδιαλεχθήναι
1031 1185 1077 1216 ¹¹⁹
1108 1186 1295 1250 αὐτοῖς
1343 1186 1449 1257 ἔφη
1484 1189 1790 1258 βούλεσθαι.

201 1263 331 1318 Τῶν
356 1265 419 1318 δὲ
439 1266 754 1340 δεξαμένων
778 1274 1037 1341 Νεανίας
1056 1292 1166 1341 τις,
1192 1279 1410 1350 ἔφησεν,
1433 1279 1555 1350 ὥρᾳ
1582 1283 1794 1352 θέρους

199 1354 271 1420 ἐξ
299 1356 531 1426 ἄστεος
567 1360 713 1415 ὄνον
761 1364 1138 1433 ἐμισθώσατο
1197 1368 1532 1439 Μέγαράδε.
1581 1374 1696 1442 Τῆς
1725 1376 1796 1431 δὲ

201 1449 440 1516 φλογὸς
479 1451 635 1506 κατὰ
676 1452 744 1507 τὸ
797 1454 992 1524 μέσον
1042 1458 1154 1527 τῆς
1192 1461 1416 1531 ἡμέρας
1468 1464 1568 1518 ἐπὶ
1603 1466 1795 1521 πλέον

202 1539 658 1611 ἀναπτομένης,
706 1546 986 1617 ἑκάτερος
1023 1551 1225 1606 αὐτῶν
1272 1554 1578 1611 ἔσπευδεν
1601 1559 1730 1612 ὑπὸ
1744 1561 1792 1593 ⁸⁸

201 1630 316 1698 τὴν
339 1633 453 1687 τοῦ
484 1634 633 1690 ὄνου
657 1639 938 1707 γενέσθαι
959 1643 1161 1709 σκιὰν,
1185 1646 1218 1698 ό
1241 1645 1362 1714 μὲν
1387 1649 1585 1717 λέγων
1616 1667 1791 1719 μεμι-

203 1725 506 1780 σθωκέναι
536 1728 645 1782 τὸν
666 1730 831 1797 ὄνον,
856 1733 994 1787 ἀλλ’
1023 1737 1135 1789 οὐκ
1177 1735 1247 1790 ὲν
1285 1737 1451 1807 σκιᾷ,
1471 1743 1505 1794 ό
1540 1740 1608 1794 δὲ
1625 1760 1794 1811 μεμι-

1967 739 2243 795 Feruntur
2271 739 2506 811 plurima
2544 739 2693 797 illius
2718 739 3215 813 Apopbthegmata,
3243 755 3310 796 ac
3337 754 3468 795 sen-

1892 831 2092 897 tentiae,
2150 846 2270 902 quae
2323 831 2614 888 identidem
2661 832 2907 903 apposite
2957 834 3309 904 proferebat:
3362 849 3466 887 au-

1890 921 2106 979 dientes
2170 937 2302 977 νει-ο
2369 925 2647 979 memoria:
2699 939 2764 979 ac
2826 924 3044 995 scriptis
3117 925 3464 983 mandarunt.

1895 1016 2035 1072 Cum
2069 1015 2362 1084 aliquando
2383 1016 2435 1070 in
2462 1019 2726 1072 concione
2749 1015 2820 1072 ab
2842 1014 3264 1074 Atheniensibus
3288 1019 3468 1073 dicere

1893 1118 2037 1164 esset
2055 1107 2524 1190 prohibitus,disit
2549 1125 2723 1180 pauca
2736 1110 2935 1166 habere
2949 1126 3010 1166 se
3024 1125 3146 1180 quae
3165 1109 3271 1164 illis
3287 1110 3470 1166 dicere

1893 1207 2127 1268 Optaret.
2186 1197 2378 1268 Itaque
2433 1199 2581 1254 iacto
2612 1200 2682 1256 ab
2739 1201 3166 1256 Atheniensibus
3199 1199 3466 1258 silentio:

1894 1289 2229 1357 Adolescens,
2260 1291 2457 1360 inquit,
2491 1301 2674 1347 testate
2702 1293 2914 1347 asinum
2948 1292 3214 1358 conducit,
3250 1308 3350 1362 quo
3401 1306 3467 1345 ex

1893 1383 2020 1436 urbe
2042 1382 2316 1453 Megaram
2373 1382 2813 1452 proﬁcisceretur.
2846 1383 2976 1438 Cum
3003 1392 3179 1436 autem
3210 1383 3320 1435 dies
3360 1399 3470 1436 me-

1892 1475 2013 1530 dius
2043 1486 2199 1542 esset,
2247 1493 2310 1530 ac
2363 1476 2444 1530 sol
2503 1476 2833 1530 vehementer
2855 1476 3236 1546 eﬂ'ervesceret,
3265 1477 3477 1528 locator-

1891 1577 1943 1621 et
1974 1567 2260 1622 conductor
2315 1569 2411 1622 sub
2444 1567 2632 1622 umbra
2676 1569 2818 1622 asini
2871 1569 3130 1638 quiescere
3167 1567 3466 1637 cupiebant.

1898 1654 2129 1726 Urgebat
2158 1657 2297 1711 alter
2320 1658 2548 1711 alterum
2572 1674 2591 1712 :
2617 1657 2822 1713 locator
2851 1659 3061 1728 quidem
3093 1674 3213 1712 cum
3271 1659 3469 1711 diceret

1894 1761 1948 1799 se
1971 1747 2177 1800 asinum
2215 1762 2319 1799 non
2344 1747 2586 1800 umbram
2613 1747 2838 1801 locasse:
2873 1747 3160 1801 conductor
3187 1763 3325 1811 vero,
3347 1763 3468 1799 cum

201 1816 538 1909 σθωμένος,
591 1820 704 1885 ἕως
734 1821 812 1876 ἂν
864 1823 1053 1878 αὐτὸν
1101 1827 1312 1894 κύριον
1351 1829 1458 1882 τοῦ
1514 1832 1782 1901 σώματος

1891 1856 1945 1894 se
1965 1840 2109 1893 circa
2131 1837 2343 1892 asinum
2365 1855 2569 1894 omnem
2609 1847 2920 1909 potestatem
2970 1839 3158 1892 habere
3180 1839 3468 1907 conﬁrma~~

203 1908 515 1979 ἀποφαίνῃ
539 1911 609 1965 τὸ
628 1913 924 1982 μίσθωμα,
949 1916 1046 1969 καὶ
1071 1917 1187 1987 τὴν
1211 1919 1412 1988 ἄλλην
1431 1921 1598 1990 ἔχειν
1618 1925 1789 1990 ἐξου-

201 2003 345 2055 σίαν
370 2002 498 2055 τῶν
529 2007 988 2073 συμϐαινόντων
1021 2008 1120 2064 διὰ
1172 2011 1279 2066 τοῦ
1327 2013 1624 2083 σώματος.
1679 2018 1789 2073 Καὶ

201 2093 371 2146 ταῦτα
405 2094 584 2147 είπὼν
607 2096 797 2168 ἀπῄει.
831 2098 1081 2169 ὀργώσας
1112 2102 1293 2156 αὐτῶν
1322 2105 1421 2169 τὰς
1444 2107 1616 2172 ἀκοὰς
1649 2111 1787 2179 πρὸς

205 2183 430 2273 τὴντῶν
459 2187 668 2240 λοιπῶν
698 2190 952 2262 διήγησιν
979 2194 1280 2250 ἀπολιπών.
1315 2195 1476 2269 [1480
1512 2200 1603 2273 IL]
1634 2201 1788 2258 Ἐπι-

216 2272 439 2365 aliame
458 2275 516 2328 δὲ
542 2276 710 2330 αὐτὸν
738 2278 1038 2352 Ἀθηναίων
1067 2285 1161 2338 καὶ
1198 2285 1373 2355 πέρας
1407 2272 1673 2346 ἐπιθεῖναι
1705 2293 1784 2365 τῷ

219 2360 358 2432 λόγῳ
378 2366 656 2433 δεομένων,
677 2370 983 2439 ὑπολαῶῦν,
998 2371 1164 2442 Εἶτα,
1209 2377 1336 2447 ἔφη,
1349 2379 1502 2449 ὑπὲρ
1507 2383 1626 2450 μὲν
1640 2360 1784 2437 ὄνου

1891 1939 1991 1993 ret,
2031 1937 2086 1983 et
2123 1928 2239 1982 hazc
2289 1943 2413 1982 cum
2454 1928 2699 1994 dixisset,
2731 1928 2866 1983 abiit
2936 1937 3141 1992 orator,
3176 1943 3339 1981 aures
3377 1943 3470 1982 eo-

1889 2037 2012 2077 rum
2042 2023 2109 2077 ad
2140 2020 2347 2093 reliqua
2408 2020 2602 2090 cupide
2660 2020 2931 2075 audienda
2965 2035 3261 2076 exacuens.
3312 2018 3469 2074 ilunc

1889 2125 2068 2168 autem
2107 2128 2232 2168 cum
2295 2111 2659 2166 Athenienses
2694 2111 3013 2178 retinerent,
3053 2117 3380 2178 orarentque
3410 2118 3470 2162 ut

1888 2204 2126 2260 fabulam
2159 2204 2227 2260 ad
2272 2203 2434 2258 finem
2475 2203 2796 2272 perduceret
2826 2221 2840 2257 :
2875 2201 3052 2266 Itane,
3092 2202 3156 2256 de
3191 2202 3358 2267 asini,
3387 2202 3472 2254 in-

1889 2295 2008 2365 quit
2031 2294 2442 2357 Demosthenes,
2476 2291 2667 2346 umbra
2707 2291 2893 2345 audire
2945 2291 3125 2356 uultis,
3155 2305 3237 2343 me
3263 2305 3382 2342 vero
3407 2288 3471 2341 de

1890 2385 2044 2439 rebus
2079 2384 2390 2437 necessariis
2424 2381 2684 2435 dicentem
2713 2381 2899 2436 audire
2942 2383 3221 2435 recusatis.

221 2457 388 2523 σκιᾶς
405 2460 976 2535 βούλεσθεάκούειν,
999 2470 1153 2538 ὑπὲρ
1181 2470 1250 2524 δὲ
1279 2476 1630 2530 σπουδαίων
1671 2478 2034 2548 πραγμάτων
2061 2476 2160 2529 καὶ
2202 2474 2632 2545 συμφερόντων
2684 2471 2759 2541 τῇ
2791 2473 2963 2525 πόλει
3014 2473 3085 2524 οὐ
3127 2469 3471 2541 ﬁmi/leads;

288 2548 515 2605 Βάταλον
537 2553 595 2607 δὲ
629 2556 1003 2630 ὀνομασθῆναι
1037 2562 1088 2614 oi.
1118 2562 1219 2632 μὲν
1262 2564 1427 2619 αὐτόν
1456 2585 1613 2636 φασι,
1642 2568 1775 2623 διότι

1965 2567 2211 2621 Batalum
2252 2566 2594 2620 nominatum
2654 2562 2748 2616 alii
2794 2561 3002 2625 dicunt,
3059 2560 3202 2630 quod
3249 2560 3468 2629 juvenis

212 2639 324 2703 νέος
345 2640 418 2695 ῶν
451 2646 547 2697 καὶ
593 2649 870 2717 κωμάζων
921 2654 1256 2720 γυναικείοις
1308 2656 1615 2728 ὲσθήμασιν
1675 2662 1781 2713 ἀπ-

1891 2671 1952 2713 ac
1991 2658 2286 2712 lasciviens
2338 2655 2582 2710 vestibus
2611 2651 2970 2707 muliebribus
3010 2651 3216 2705 abusus
3267 2662 3414 2705 esset
3449 2667 3466 2705 :

197 2730 498 2802 εκέχρητοο
542 2738 593 2789 οἱ
646 2738 704 2792 δὲ
757 2740 1188 2812 ὑποκοριστικῶς
1231 2747 1395 2800 αὑτὸν
1423 2750 1780 2822 ἐπικληθῆναι

1891 2750 1974 2803 alii
2028 2747 2300 2804 diminute
2360 2748 2540 2818 ipsum
2592 2746 2672 2801 sic
2705 2741 3152 2815 cognominatum
3181 2742 3469 2797 anutricis

196 2823 345 2878 τοῦτο
379 2827 493 2880 ἀπὸ
525 2830 622 2882 τοῦ
676 2833 940 2903 ὀνόματος
961 2836 1062 2907 τῆς
1098 2839 1301 2908 τροφοῦ
1347 2840 1570 2908 λέγουσι
1602 2843 1778 2896 λοιδο-

1891 2841 2101 2896 nomine
2119 2839 2498 2895 conviciantur
2516 2855 2528 2891 :
2546 2838 2634 2892 alii
2653 2851 2800 2902 vero,
2817 2851 2955 2905 quos
2974 2836 3113 2889 inter
3138 2844 3191 2888 et
3207 2833 3470 2889 Libanius

201 2915 474 2986 ρούμενοι.
508 2919 728 2992 Ἔτεροι
761 2923 818 2977 δέ
851 2942 1014 2995 φασιν
1049 2921 1152 2996 (οἷς
1204 2931 1299 2982 καὶ
1348 2931 1604 2996 Λιδάνιος
1631 2936 1659 2986 ὁ
1695 2951 1780 2986 σο-

1891 2933 2153 3002 sopbista,
2183 2932 2328 3001 quod
2389 2930 2605 2999 juvenis
2648 2927 2918 2983 imbecillo
2950 2935 3094 2982 esset
3140 2940 3390 2994 corpore,
3414 2933 3471 2979 et

196 3010 388 3081 φιστὴς
413 3012 817 3086 ἠκολούθησεν)
848 3019 924 3082 ὡς
973 3019 1091 3084 νέος
1124 3018 1250 3092 [807
1281 3023 1375 3094 ΙΙ.]
1404 3023 1479 3078 ὢν
1533 3026 1776 3090 ἀσθενῶς

1891 3022 2338 3078 valetudinarius.
2379 3020 2560 3087 Quare
2589 3019 2840 3090 nequein
2895 3017 3205 3087 palaestram
3257 3017 3466 3079 venire,

189 3099 426 3155 διέκειτο
444 3101 529 3174 τῷ
556 3103 772 3175 σώματι
795 3109 891 3160 καὶ
916 3108 1156 3182 νοσώδης
1180 3107 1251 3183 ἦν
1279 3127 1293 3140 ·
1321 3111 1401 3165 διὸ
1424 3114 1559 3184 μηδὲ
1588 3118 1776 3186 φοιτᾷν

1891 3123 1948 3170 ut
1979 3129 2170 3170 omnes
2201 3112 2618 3168 Atheniensium
2673 3125 2896 3182 pueros,
2927 3109 3170 3165 solitum.
3233 3109 3470 3176 Ideoque

186 3191 261 3254 είς
286 3173 666 3268 παλαίστραν,
695 3198 773 3260 ὡς
793 3199 992 3263 πάντες
1025 3202 1076 3253 oi
1253 3173 1560 3275 Ἀθηναίων
1586 3173 1778 3272 παῖδες

1891 3206 2027 3261 virili
2044 3214 2201 3261 aetate
2217 3205 2287 3260 ab
2312 3204 2553 3260 inimicis
2575 3215 2799 3274 propter
2827 3201 3197 3256 eifeminatum
3218 3199 3464 3254 animum

183 3283 496 3338 εἰώθεσανυ
525 3287 617 3341 διὰ
661 3287 822 3343 τοῦτο
860 3292 956 3344 καὶ
1006 3292 1305 3364 ἀνδρωθεὶς
1365 3298 1446 3359 εἰς
1506 3298 1778 3366 μαλακίαν

1891 3300 2082 3356 irrisus
2130 3308 2232 3363 est,
2263 3307 2318 3354 et
2348 3297 2570 3352 Batalus
2610 3296 2950 3351 nominatus.
2999 3293 3195 3349 Fertur
3246 3292 3468 3346 Batalus

184 3376 283 3429 ὑπὸ
308 3377 436 3431 τῶν
462 3378 678 3449 ἐχθρῶν
707 3379 1042 3448 ἐσκώπτετο,
1088 3385 1181 3438 καὶ
1217 3387 1456 3451 Βάταλος
1492 3391 1781 3459 ἐπωνομά-

183 3465 319 3530 ζετο.
381 3468 695 3541 Ἱστόρηται
724 3475 835 3544 γάρ
861 3491 945 3538 τις
977 3477 1229 3545 Ἐφέσιος
1261 3479 1502 3544 Βάταλος
1537 3481 1780 3553 αὑλητὴς

181 3560 472 3626 γενέσθαι,
503 3561 562 3625 ὃς
595 3564 810 3634 πρῶτος
833 3567 1146 3638 ὑποδήμασι
1179 3572 1514 3638 γυναικείοις
1545 3573 1638 3627 ἐπὶ
1680 3574 1781 3644 τῆς

182 3653 402 3723 σκηνῆς
455 3653 731 3725 ἐχρήσατο
771 3659 866 3711 καὶ
898 3658 1087 3728 μέλεσι
1137 3664 1458 3732 κατεαγόσι,
1507 3667 1603 3720 καὶ
1634 3667 1774 3732 ὅλως

177 3744 270 3816 τὴν
296 3748 524 3817 τέχνην
572 3749 908 3818 ὲμαλάκισεν
928 3767 945 3784 ο
978 3753 1075 3822 ἀφ’
1102 3748 1163 3808 οὗ
1209 3755 1339 3819 τοὺς
1387 3757 1654 3824 ἐκλύτους
1683 3761 1778 3815 καὶ

175 3837 494 3909 ἀνάνδρους
525 3839 800 3907 Βατάλους
827 3843 1258 3914 ἐπονομάζουσιν
1287 3848 1355 3903 ⁸⁸.

903 3936 1079 4005 ΣΞεῖι.

723 4024 1061 4096 Ὑπερείδου
1111 4032 1304 4101 λόγοι.

250 4111 731 4182 Ἀνεγνώσθησαν
781 4117 830 4149 ⁸⁸
916 4117 1242 4189 Ὑπερείδου
1302 4122 1458 4192 λόγοι
1505 4124 1774 4198 διάφοροι.

170 4202 411 4259 Τούτων
435 4205 483 4258 oi
519 4207 618 4276 μὲν
644 4209 726 4271 είς
754 4208 815 4261 τὸ
838 4209 934 4263 τοῦ
959 4213 1191 4284 ῥήτορος
1218 4215 1618 4288 ἀναφερόμενοι
1642 4221 1776 4292 γνή-

177 4316 299 4351 σιον
329 4296 390 4369 β’
432 4299 528 4351 καὶ
565 4305 607 4353 ν
635 4303 794 4364 εἰσιν,
829 4305 879 4355 οἱ
907 4303 964 4357 δὲ
993 4307 1375 4378 παρασχόντες
1411 4311 1773 4384 ἀμφισϐήτη-

173 4406 258 4444 σιν
291 4399 336 4445 ε¹
377 4394 477 4444 καὶ
499 4399 546 4444 κ’
574 4409 588 4425 ⁸
612 4394 798 4465 τὸγὰρ
823 4396 945 4451 ὅλον
964 4398 1146 4451 αὐτῶν
1170 4399 1445 4471 πλήρωμα
1468 4403 1548 4466 είς
1575 4403 1622 4468 ζ’
1650 4422 1776 4458 συν-

1880 3394 2101 3465 quidem
2140 3393 2342 3449 tibicen
2376 3392 2573 3456 fuisse,
2604 3391 2699 3462 qui
2723 3392 2903 3461 primo
2935 3389 3132 3444 calceis
3179 3387 3467 3442 muliebri-

1880 3485 1986 3541 bus
2016 3482 2073 3539 in
2105 3498 2266 3540 scena
2300 3498 2433 3537 usus
2462 3491 2565 3544 est,
2597 3491 2651 3535 et
2696 3479 2962 3534 membris
2985 3477 3202 3542 fractis,
3241 3475 3470 3529 omnino

1881 3585 2052 3632 artem
2078 3575 2323 3641 mollem,
2358 3584 2411 3628 et
2457 3581 2771 3627 enervatam
2805 3570 3060 3633 reddidit,
3093 3568 3239 3622 unde
3268 3576 3323 3622 et
3356 3567 3470 3622 dis-

1881 3667 2094 3724 solutos
2120 3675 2176 3723 et
2201 3663 2545 3723 eil‘eminatos
2569 3659 2792 3716 Batalos
2831 3654 3140 3715 neminant.

2576 3946 2859 4007 CCLXVI.

2196 4047 2395 4122 4951)
2428 4045 2716 4118 Hyperidis
2788 4040 3082 4096 orationes.

1950 4140 2089 4214 Legi
2119 4142 2306 4197 varias
2353 4141 2631 4196 orationes
2690 4133 3282 4207 Hyperidzetquarum
3343 4141 3468 4198 ger-

1878 4249 2054 4288 manae
2081 4232 2474 4304 quinquaginta
2497 4230 2621 4285 dure
2657 4238 2812 4289 sunt,
2843 4234 2896 4279 et
2913 4221 3107 4294 viginti
3135 4219 3381 4289 quinque
3411 4217 3468 4272 in

1879 4324 2106 4380 dubium
2135 4332 2423 4378 vocantur.
2475 4319 2616 4374 Sunt
2648 4324 2832 4370 autem
2879 4314 2934 4368 in
2965 4311 3281 4367 universum
3313 4323 3470 4364 sexa—

1880 4411 2030 4480 ginta
2058 4420 2289 4480 septem.
2322 4411 2380 4463 ln
2409 4403 2798 4475 componendis
2830 4400 3172 4457 orationibus
3193 4397 3468 4469 egregius,

168 4483 337 4538 τείνει
382 4485 480 4538 ul.
511 4491 573 4539 θ’.
611 4487 864 4555 ’Ἄριστος
882 4489 939 4542 δὲ
965 4489 1193 4559 γέγονεν
1226 4494 1284 4546 ὲν
1308 4497 1428 4558 ταῖς
1450 4494 1558 4547 τῶν
1601 4496 1775 4564 λόγων

1891 4511 1947 4558 ιιι
1973 4502 2224 4558 dubitent
2248 4501 2497 4556 nonnulli
2529 4510 2708 4553 utrum
2756 4495 3158 4549 Demosthenes
3183 4506 3308 4545 eum
3347 4489 3469 4543 vin-

169 4574 499 4645 ἐργασίαις,
550 4579 628 4640 ὡς
684 4582 798 4634 τισὶ
837 4583 936 4651 μὲν
991 4583 1406 4658 ἀμφισϐήτησιν
1462 4593 1770 4659 παρασχεῖν

1891 4604 1985 4662 :at,
2027 4611 2095 4650 an
2128 4590 2910 4665 HyperideS'Demosthenem.
2944 4586 3085 4641 Sunt
3113 4584 3206 4655 qui
3235 4580 3469 4653 Hyperi-

169 4666 418 4734 πότερον
470 4668 500 4719 ὁ
551 4670 904 4741 Δημοσθένης
953 4674 1094 4727 κατά
1125 4677 1251 4739 τοὺς
1305 4677 1499 4746 λόγους
1556 4679 1768 4732 ἐκείνου

169 4759 432 4828 προέχει,
466 4759 501 4829 ἦ
532 4762 909 4830 Δημοσθένους
929 4765 957 4816 ὁ
998 4765 1324 4838 Ὑπερείδης
1347 4784 1361 4798 ⁹
1389 4772 1495 4823 sint
1519 4771 1575 4824 δὲ
1596 4771 1646 4824 οἳ
1675 4774 1772 4826 καὶ¹

167 4851 268 4917 τὴν
301 4852 555 4904 νικῶσαν
587 4853 773 4906 ἔθεντο
823 4856 1002 4926 ψῆφον
1049 4858 1361 4934 Ὑπερείδῃο
1394 4862 1532 4916 ἀλλά
1587 4867 1682 4918 καὶ
1713 4866 1774 4919 τὸ

1877 4687 1999 4742 dem
2032 4693 2386 4757 anteponant,
2426 4695 2482 4740 et
2507 4684 2610 4738 hoc
2639 4682 2996 4752 epigramma,
3044 4677 3190 4747 quod
3219 4673 3466 4730 nonnulli

1880 4775 2264 4831 Demosthenis
2287 4783 2480 4829 statuae
2505 4771 2881 4833 subscribunt,
2910 4768 3061 4836 buic,
3089 4765 3207 4822 solo
3241 4763 3464 4819 nomine

1881 4877 2116 4933 mutato,
2141 4866 2466 4921 attribuunt.
2492 4864 2750 4920 Scribunt
2771 4862 2917 4918 enim
2943 4878 2960 4916 :

171 4941 539 5013 ἐπίγραμμα.
571 4945 600 4997 ὅ
626 4962 771 5010 τινες
806 4950 1240 5025 ὲγγράφουσιτῇ
1267 4953 1362 5006 τοῦ
1387 4955 1767 5025 Δημοσθένους
1843 4959 2034 5032 στήλῃ,
2103 4959 2185 5022 εἰς
2252 4960 2461 5012 ἐκεῖνον
2519 4956 2913 5029 μεταφέρουσι,
2971 4954 3036 5007 τὸ
3087 4951 3261 5023 ὄνομα
3301 4948 3463 5020 μόνον

174 5039 548 5109 ἀμειψάμενοι
577 5057 591 5069 ·
621 5043 892 5111 γράφουσι
923 5047 1029 5120 γάρ
1050 5064 1067 5080 ⁸

180 5134 364 5211 Εἴπερ
394 5133 777 5211 ἵσηηγνίῴμη
798 5137 1008 5211 ῥώμην
1036 5140 1084 5172 ⁸⁸
1113 5141 1450 5210 Ὑπερείδης
1470 5138 1658 5211 εἶχεν,

247 5206 333 5256 οὐ
365 5201 501 5256 ποτ’
530 5202 609 5256 ἂν
639 5201 1154 5279 Ἑλλήνωνῆρξεν
1178 5201 1353 5280 ’Ἄρης
1384 5201 1691 5268 Μακεδών.

245 5286 424 5354 Οὗτος
453 5291 513 5344 δὲ
543 5294 571 5345 ὁ
616 5293 940 5367 Ὑπερείδης
961 5303 1092 5356 παῖς
1128 5300 1228 5369 μὲν
1251 5302 1442 5370 γέγονε
1490 5304 1764 5356 Γλαυκίπ-

178 5401 281 5436 που
316 5386 418 5438 τοῦ
462 5386 764 5452 Διονυσίου,
794 5390 1100 5456 Κολλυτεὺς
1131 5394 1177 5426 ⁸³
1196 5394 1253 5447 δὲ
1279 5394 1370 5447 τὸν
1397 5395 1570 5466 δῆμον
1594 5412 1608 5426 ·
1634 5395 1763 5466 ἔσχε

177 5474 234 5527 δὲ
267 5477 371 5528 καὶ
387 5476 687 5546 ὁμώνυμον
713 5479 826 5535 υίὺν
847 5481 927 5553 τῷ
954 5486 1124 5555 πατρὶ
1150 5486 1505 5542 Γλαύκιππον
1535 5491 1762 5561 ῥήτορα,

1879 5144 1984 5200 Hic
2012 5145 2058 5198 si
2087 5151 2344 5206 quantum
2361 5142 2540 5195 animo
2565 5149 2770 5195 tantum
2809 5138 3060 5194 valuisset
3093 5145 3142 5192 et
3163 5138 3352 5206 armis,

1945 5211 2225 5285 Argolicas
2267 5211 2488 5266 Macedo
2521 5229 2626 5267 non
2656 5212 2943 5265 domuisset
2971 5224 3113 5278 opes.

1943 5302 2246 5375 Hyperides
2285 5310 2441 5371 patre
2495 5309 2659 5354 natus
2695 5307 2813 5354 erat
2840 5297 3161 5368 Glaucippo,
3212 5297 3460 5368 Dionysii

1877 5397 2012 5464 ﬁlio,
2042 5398 2184 5454 tribu
2217 5393 2533 5452 Colitensis.
2590 5390 2790 5445 Filium
2820 5389 3009 5444 habuit
3035 5389 3227 5445 eodem
3258 5404 3370 5459 quo
3399 5396 3455 5442 et

1873 5499 2029 5560 pater
2052 5489 2201 5546 illius
2220 5495 2342 5543 erat
2362 5484 2584 5541 nomine
2607 5482 2960 5552 Glaucippus,
2975 5481 3248 5538 rhetorem
3274 5479 3454 5546 illum,

1465 5621 1698 5678 VARUE
1740 5620 2145 5680 LECTIONES.

249 5704 862 5784 ’³πρῇιαλεχθῆναις.
938 5709 984 5740 ει
1023 5711 1143 5782 ὑπὸ,
1171 5714 1260 5767 ἐπὶ
1295 5711 1351 5768 B.
1433 5716 1472 5747 δ’
1507 5714 1858 5784 ἐπωνόμαζον
1883 5716 1944 5772 B.
2019 5713 2065 5745 υ
2089 5707 2405 5781 ἀνεγνώσθη
2429 5709 2494 5763 Α.
2569 5706 2614 5738 ⁸³
2653 5702 2844 5777 ῥώμην
2873 5702 3066 5777 γνώμη
3102 5705 3165 5759 Α·
3226 5701 3272 5735 ⁸⁸
3302 5701 3445 5756 Κολ-

183 5773 383 5837 λυτεὺς
408 5776 494 5831 ΔΒ
534 5794 549 5831 :
594 5773 866 5842 Κολυτεὺς
901 5796 964 5842 ς.
