4020 6468
231 479 347 548 193

1300 476 1823 536 BIBLIOTHECA.
1863 501 1930 511 ’-
1968 475 2132 535 COD.
2162 476 2482 535 CCLXVII.

3380 476 3486 540 194

224 598 341 666 τῆς
382 592 688 659 ’Δθηναίων
716 590 920 653 πόλεως
951 592 1029 653 είς
1081 586 1303 656 Αἴγιναν
1346 586 1668 654 ἀποφεύγει.
1703 586 1813 637 Καὶ

1917 596 1996 639 tra
2014 586 2164 639 illum
2178 595 2294 640 orta
2311 585 2486 639 fuerat
2507 586 2931 652 contentionem,
2951 586 3100 641 illinc
3113 586 3488 648 discessurus.

220 686 592 755 συγγεγονὼς
619 683 977 755 Δημοσθένει,
1023 682 1116 734 καὶ
1159 678 1639 749 ἀπολογησάμενος
1675 679 1815 748 ὑπὲρ

222 773 309 833 ὧν
358 779 500 849 πρὸς
553 777 718 829 αὐτὸν
752 775 1031 846 διηνέχθη,
1088 771 1427 840 ἀπαλλαγεὶς
1464 771 1675 823 ἐκεῖθεν
1724 770 1815 822 ὑπ’

236 871 472 939 Ἀρχίου
520 867 615 921 τοῦ
646 866 1112 937 ἐπονομασθέντος
1172 863 1524 932 φυγαδοθήρα
1576 864 1634 914 ὲν
1668 859 1817 931 αὐτῷ

220 960 307 1029 τῷ
333 958 439 1012 τοῦ
482 957 819 1019 Ποσειδῶνος
864 955 995 1025 ίερῷ
1040 954 1380 1023 συνελήφθη,
1413 952 1591 1005 καίτοι
1624 950 1670 982 ³³
1724 952 1817 1003 καὶ

219 1050 322 1104 τοῦ
363 1050 687 1118 ἀγάλματος
750 1048 1028 1118 ἐχόμενος.
1073 1045 1353 1100 Ἐντεῦθεν
1387 1044 1525 1114 πρὸς
1566 1042 1819 1095 ’Δντίπα-

219 1159 362 1213 τρον
405 1140 600 1211 ἀχθεὶς
629 1142 687 1194 ὲν
718 1140 967 1210 Κορίνθῳ
1005 1138 1376 1209 διατρίϐοντα,
1407 1138 1504 1189 καὶ
1531 1135 1818 1206 βασανιζό-

223 1252 403 1303 μενος
435 1233 523 1303 ἐφ’
555 1228 601 1301 ᾧ
628 1230 699 1287 τὰ
736 1232 1023 1304 ἀπόρρητα
1048 1231 1148 1300 τῆς
1193 1230 1399 1293 πόλεως
1426 1226 1685 1294 ἐξειπεῖν,
1721 1228 1818 1283 ἐπὶ

217 1325 501 1379 τοσοῦτον
553 1325 602 1357 9⁸
652 1324 945 1395 ὴνδρίσατο
990 1322 1159 1393 μηδὲν
1217 1322 1362 1377 κατὰ
1405 1322 1504 1392 τῆς
1565 1319 1820 1389 πατρίδος

223 1418 482 1482 ἐξειπεῖν
513 1418 583 1481 ’⁵,
636 1417 779 1471 ὥστε
815 1415 912 1469 καὶ
957 1414 1059 1486 τὴν
1095 1413 1350 1484 γλῶσσαν
1388 1409 1693 1481 διαφαγὼν,
1728 1411 1815 1467 ἵνα

227 1510 306 1577 μὴ
336 1509 498 1562 ἄκων
532 1510 579 1541 ⁷⁸
614 1525 668 1559 τι
700 1504 1177 1577 παραφθέγξηται.
1207 1501 1503 1574 μετήλλαξε
1551 1501 1644 1554 τὸν
1678 1500 1812 1570 βίον.

226 1598 358 1651 Εἰσὶ
399 1600 457 1651 δὲ
482 1600 541 1651 οἵ
569 1616 736 1668 φασιν
768 1597 931 1650 αὑτὸν
974 1597 1056 1656 είς
1088 1594 1431 1651 Μακεδονίαν
1460 1593 1693 1663 ἀχθέντα
1713 1592 1811 1661 τήν

1909 678 1963 731 vi
2013 677 2161 746 (licet
2189 676 2540 732 simulacrum
2593 678 3016 748 amplcxaretur)
3051 681 3480 750 comprehensus

1914 770 1969 824 in
2004 768 2208 838 templo
2237 766 2467 837 Neptuni
2485 769 2553 822 ab
2581 768 2776 822 Archia
2798 779 2902 833 est,
2923 771 3013 839 qui
3047 769 3491 841 Phygadntheras

1913 860 2136 916 nomine
2199 861 2500 927 dicebatur,
2561 861 2689 917 hinc
2719 862 2785 916 ad
2815 863 3185 934 Antipatrum,
3242 866 3333 933 qui
3373 874 3485 919 tum

1916 952 2165 1008 Corinthi
2226 954 2418 1022 agebat
2459 954 2677 1010 ductus.
2722 953 2968 1024 Cumque
3028 966 3395 1024 torqueretur,
3431 966 3491 1009 ut

1917 1043 2188 1115 proferret
2218 1059 2420 1101 arcana
2450 1046 2709 1109 civitatis,
2735 1046 2871 1101 adeo
2919 1063 2977 1103 se
3008 1048 3186 1102 virum
3237 1048 3488 1117 praebuit,

1917 1152 1987 1192 ne
2007 1137 2139 1206 quid
2195 1146 2386 1193 contra
2428 1138 2658 1207 patriam
2691 1139 2912 1204 diceret,
2941 1151 3001 1195 ut
3030 1140 3267 1210 linguam
3302 1156 3491 1195 corro-

1912 1228 2068 1292 dens,
2093 1244 2161 1284 ne
2184 1229 2316 1298 quid
2354 1229 2526 1285 invito
2546 1231 2649 1285 sibi
2677 1231 2969 1295 excideret,
2992 1241 3220 1286 mortem
3247 1234 3489 1301 oppetie-

1916 1318 2005 1376 rit.
2026 1319 2550 1375 Referuntnonnulli
2582 1321 2725 1376 hunc
2750 1321 2988 1391 linguam
3021 1324 3122 1379 sibi
3155 1323 3495 1393 praecidisse,

1919 1425 2044 1464 cum
2097 1411 2153 1465 in
2213 1409 2586 1467 Macedoniam
2646 1412 2958 1478 duceretur,
2995 1428 3283 1481 eumquea
3316 1424 3494 1468 morte

1920 1502 2251 1572 insepultum
2283 1503 2605 1573 projectum,
2636 1503 2741 1559 nisi
2764 1503 2909 1573 quod
2930 1505 3090 1560 amici
3120 1505 3288 1567 illius,
3306 1505 3495 1559 invitis

1916 1592 2586 1662 Macedonibus,ossaejus
2600 1606 2903 1652 cremantes
2922 1595 3165 1652 Athenas
3185 1597 3493 1666 retulerim.

227 1710 289 1745 τε
316 1694 425 1762 τῆς
454 1692 710 1762 γλώττης
740 1688 980 1761 ἐκτομὴν
1040 1687 1343 1755 ὑποστῆναι
1413 1685 1510 1739 καὶ
1578 1684 1718 1754 μετὰ
1757 1683 1986 1738 θάνατον
2015 1685 2222 1754 ἄταφον
2258 1688 2482 1757 ῥιφῆναι
2512 1702 2526 1716 ⁸
2556 1686 2695 1758 πλὴν
2724 1687 2780 1740 οἵ
2799 1705 2862 1757 γε
2927 1691 3299 1759 προσήκοντες
3337 1690 3491 1763 αὑτῷ

234 1788 389 1854 παρὰ
419 1786 483 1841 τὸ
508 1785 693 1855 δόγμα
719 1784 829 1841 τῶν
856 1783 1206 1849 Μακεδόνων,
1238 1780 1544 1844 καύσαντες
1576 1779 1645 1833 τὰ
1677 1780 1810 1833 ὀστᾶ
1849 1781 1927 1845 εἰς
1969 1781 2199 1852 Ἀθήνας
2230 1782 2616 1852 μετεκόμισαν.

951 1953 1109 2009 ΣΞΖ’.

750 2068 1073 2137 Δεινάρχου
1110 2068 1299 2139 λόγοι.

321 2204 772 2278 ’Δνεγνώσθησαν
799 2203 844 2236 ⁸⁷
898 2204 1190 2273 Δεινάρχου
1237 2201 1384 2270 λόγοι
1419 2201 1686 2271 διάφοροι.
1716 2199 1814 2253 Φέ-

259 2318 427 2371 ρονται
456 2299 514 2350 δὲ
552 2294 724 2350 αὐτοῦ
755 2296 797 2349 δ’
837 2295 930 2347 καὶ
964 2291 1031 2361 ξ’,
1069 2295 1162 2356 οὒς
1187 2293 1237 2345 οἱ
1273 2293 1513 2346 πλεῖστοι
1544 2292 1652 2345 τῶν
1694 2309 1815 2363 κρι-

264 2391 420 2441 τικῶν
442 2389 697 2459 γνησίους
743 2386 984 2441 τιθέασιν
1006 2400 1021 2415 ·
1063 2384 1172 2436 είσὶ
1194 2383 1252 2436 δὲ
1282 2383 1335 2435 οἴ
1369 2401 1522 2446 τινας
1549 2382 1608 2447 ἐξ
1634 2381 1815 2435 αὐτῶν

266 2479 343 2540 είς
374 2476 797 2546 Ἀριστογείτονα
844 2474 1138 2545 Ὑπερείδῃ
1171 2472 1602 2541 συνακμάσαντα
1644 2488 1814 2542 μετα-
1868 2527 1883 2543 ,

261 2568 525 2636 φέρουσιν.
558 2567 623 2618 ΟΞ
653 2564 710 2618 δὲ
735 2565 885 2633 λόγοι
911 2564 1078 2617 αὐτοῦ
1104 2565 1216 2626 τοῖς
1239 2562 1337 2632 μὲν
1370 2560 1464 2614 τοῦ
1504 2562 1815 2631 Ὑπερείδου

251 2657 528 2727 ίδιώμασιν
555 2656 671 2709 ἔσθ’
724 2657 811 2708 ὅτε
848 2653 1297 2726 διαμορφοῦνται,
1343 2652 1543 2723 μᾶλλον
1580 2653 1636 2705 δὲ
1680 2655 1815 2725 πρὸς

244 2748 601 2818 Δημοσθένην
647 2746 1075 2808 ἀποκεκλικότες
1132 2747 1438 2815 φαίνονται,
1481 2746 1539 2799 ὲν
1574 2746 1696 2818 [809
1722 2746 1814 2817 Η.]

241 2835 319 2902 οἷς
345 2839 408 2893 τὸ
434 2839 747 2911 παθητικὸν
778 2840 944 2893 αὑτοῦ
992 2840 1087 2891 καὶ
1122 2838 1350 2909 σφοδρὸν
1395 2838 1490 2891 καὶ
1534 2838 1642 2891 τῶν
1681 2856 1816 2909 σχη-

245 2930 427 3001 μάτων
447 2931 545 2985 τὸν
567 2930 737 2985 τύπον
760 2931 855 2983 καὶ
881 2931 980 3001 τὴν
1011 2929 1285 2982 ποικιλίαν
1325 2928 1563 2999 σπουδὴν
1593 2929 1748 3000 ἔσχον
1770 2930 1815 2962 9⁸

235 3024 682 3095 ἐκμιμήσασθαι.
714 3016 882 3087 Οὗτος
906 3024 1020 3086 υίὸς
1051 3022 1149 3093 μὲν
1176 3018 1244 3090 ἦν
1274 3006 1619 3094 Σωκράτους,
1644 3023 1676 3092 ἢ
1704 3023 1816 3075 Σω-

234 3119 498 3184 στράτου,
534 3115 819 3186 Ἀθηναϊος
840 3116 936 3185 τὴν
954 3114 1211 3185 πατρίδα,
1232 3114 1306 3178 ὡς
1323 3115 1368 3168 δ’
1383 3113 1563 3177 ἄλλοις
1584 3113 1814 3185 ἐρρήθη,

230 3208 552 3279 Κορίνθιος.
615 3207 970 3276 Ἀφικόμενος
1025 3207 1081 3259 δὲ
1133 3208 1211 3270 εἰς
1277 3206 1512 3276 Ἀθήνας
1557 3204 1638 3258 ἔτι
1699 3205 1817 3268 νέος

229 3299 299 3353 ὢν
326 3298 505 3370 [1484
540 3295 633 3367 8.]
670 3295 1016 3367 Θεοφράστου
1069 3294 1379 3365 ἠκροάσατο
1400 3312 1414 3325 ·
1468 3293 1815 3364 Ἀλέξανδρος

1843 1895 1890 1954 Β

2584 1936 2857 1993 CCLXVII
2875 1980 2890 1995 .

2408 2051 2661 2106 Dinarchi
2717 2056 3004 2109 orationes.

1990 2184 2163 2238 Lectae
2201 2195 2331 2240 sunt
2360 2185 2523 2240 varia:
2563 2186 2839 2241 orationes
2900 2186 3177 2253 Dinarchi,
3215 2202 3337 2257 qum
3365 2197 3491 2241 sunt

1923 2291 2149 2330 numero
2167 2279 2448 2347 sexaginta
2468 2289 2722 2348 quatuor,
2747 2293 2884 2348 quas
2914 2294 3102 2333 omnes
3120 2279 3339 2349 plurimi
3373 2278 3493 2333 Cri-

1922 2369 2009 2422 tici
2024 2370 2225 2441 [‘96b
2258 2386 2541 2439 germanas
2571 2387 2689 2427 esse
2704 2373 2911 2427 dicunt.
2936 2372 3072 2426 Sunt
3092 2374 3181 2441 qui
3203 2373 3495 2427 nonnullas

1920 2463 2643 2533 AristOgitoni,quijtempore
2658 2464 2942 2535 Hyperidis
2956 2463 3155 2527 ﬂoruit,
3172 2466 3492 2526 attribuunt,

1921 2552 2208 2608 Orationes
2266 2566 2442 2607 autem
2475 2555 2594 2624 ejus
2626 2554 2900 2609 interdum
2950 2554 3239 2624 Hyperidis
3287 2554 3488 2622 stylum

1923 2648 2212 2701 redolent:
2248 2646 2416 2716 magis
2465 2663 2590 2701 vero
2643 2648 2708 2700 ad
2758 2647 3174 2702 Demosthenem
3228 2647 3494 2700 inclinare

1920 2740 2193 2803 videntur,
2237 2728 2438 2806 quibus
2491 2740 2869 2794 incitationem
2910 2741 3083 2810 ipsius
3110 2749 3164 2795 et
3198 2741 3489 2795 vehemen-

1921 2833 2073 2899 tiam,
2108 2843 2161 2887 et
2190 2835 2525 2888 schematum
2574 2831 2781 2887 formas
2819 2843 2873 2886 et
2922 2834 3239 2886 varietatem
3292 2832 3490 2884 imitari

1920 2935 2170 2979 conatur.
2205 2924 2471 2990 Socratis,
2504 2936 2601 2979 aut
2635 2925 2870 2980 Sostrati
2901 2932 3019 2980 erat
3049 2925 3214 2991 filius,
3242 2925 3492 2993 indigena

1923 3020 1981 3069 ut
2003 3017 2277 3071 nonnullis
2337 3018 2580 3081 videtur,
2630 3027 2686 3073 ut
2721 3018 3083 3087 quihusdam,
3142 3018 3490 3075 Corinthius.

1921 3107 2056 3162 Cum
2090 3123 2219 3161 vero
2253 3107 2541 3162 admodum
2574 3110 2890 3164 adolescens
2938 3109 3183 3164 Athenas
3233 3110 3491 3176 venisset,

1922 3216 2031 3269 quo
2062 3209 2302 3269 tempore
2331 3202 2380 3253 in
2412 3200 2597 3255 Asiam
2629 3203 2786 3257 duxit
2829 3203 3125 3256 exercitum
3163 3202 3490 3263 Alexander,

1922 3288 2355 3360 Theophrastum
2387 3292 2618 3357 audivit,
2649 3302 3004 3362 versatusque
3043 3308 3167 3346 cum
3220 3292 3493 3346 Demetrio

228 3389 281 3442 δὲ
313 3387 639 3459 τηνικαῦτα
672 3388 768 3438 ἐπὶ
792 3387 892 3456 τὴν
938 3384 1125 3437 Ἀσίαν
1175 3384 1463 3437 διέϐαινεν.
1528 3384 1817 3453 Ὀμιλητὴς

1920 3382 2184 3436 Phalereo
2211 3396 2315 3437 eet.
2364 3382 2595 3438 Maxime
2645 3398 2773 3438 vero
2825 3400 2883 3439 se
2927 3384 3239 3453 reipublicae
3272 3383 3493 3437 tradidit

226 3480 276 3532 δὲ
316 3478 647 3547 καθέστηκε
690 3476 1002 3548 Δημητρίου
1049 3475 1145 3529 τοῦ
1190 3475 1502 3545 Φαληρέως.
1560 3476 1715 3527 Μετὰ
1761 3473 1818 3526 δὲ

224 3573 320 3642 τὴν
380 3573 750 3641 Ἀντιπάτρου
776 3569 1059 3639 τελευτὴν,
1084 3568 1210 3621 ἐπεὶ
1239 3567 1346 3621 τῶν
1376 3568 1624 3639 ρητόρων
1651 3566 1700 3620 οἱ
1721 3566 1819 3637 μὲν

224 3666 464 3732 ἔφυγον,
494 3665 541 3715 οἱ
574 3663 629 3716 δὲ
646 3662 1011 3736 ἀνῃρέθησαν,
1033 3661 1195 3724 αὐτὸς
1219 3659 1433 3731 ἐδείχθη
1465 3659 1817 3729 πολιτευόμε-

225 3772 338 3816 νος.
372 3754 470 3816 El;
509 3753 696 3821 φιλίαν
723 3753 780 3805 δὲ
804 3751 1107 3821 Κασάνδρῳ
1127 3750 1206 3821 τῷ
1234 3750 1560 3805 Μακεδόνων
1589 3750 1817 3820 ἡγεμόνι

230 3840 515 3909 συνάψας,
564 3843 659 3893 καὶ
690 3841 950 3911 χρήματα
972 3840 1082 3894 τῶν
1124 3839 1300 3910 λόγων
1355 3840 1819 3911 εἰσπραττόμενος

228 3933 320 3998 οὒς
361 3935 483 3996 τοῖς
528 3934 803 4003 δεομένοις
842 3934 1182 3999 συνέταττεν,
1215 3934 1308 3986 ἐπὶ
1354 3933 1607 3986 πλεῖστον
1634 3932 1815 3986 εὐδαι-

230 4023 441 4094 μονίας
472 4023 720 4091 ἀφίκετο.
771 4024 1153 4077 Ἀντετάττετο
1177 4022 1233 4076 δὲ
1251 4022 1389 4093 πρὸς
1417 4024 1543 4085 τοὺς
1582 4023 1817 4094 ῥήτορας

227 4117 334 4169 οὐκ
376 4116 457 4179 είς
494 4115 588 4168 τὸν
619 4116 791 4184 δῆμον
810 4115 973 4179 αὐτὸς
1000 4114 1215 4185 παριὼν
1245 4116 1326 4187 (οὐ
1359 4115 1469 4187 γὰρ
1487 4109 1599 4178 οἷός
1620 4132 1679 4167 τε
1702 4111 1813 4187 ἦν),

228 4210 353 4272 τοῖς
386 4207 827 4275 ἐναντιουμένοις
859 4209 905 4240 ⁸³
935 4206 993 4260 δὲ
1027 4207 1153 4271 τοὺς
1196 4206 1388 4275 λόγους
1422 4206 1815 4278 παρεχόμενος.

229 4301 319 4354 Διὸ
363 4300 461 4352 καὶ
495 4299 766 4369 Ἁρπάλου
793 4300 1146 4371 διαφυγόντος
1171 4300 1228 4367 ἐξ
1265 4300 1508 4370 Ἀθηνῶν
1533 4300 1816 4364 πλείστους

230 4390 439 4459 λόγους
486 4390 599 4450 τοῖς
646 4389 971 4460 κατηγόροις
1004 4387 1232 4454 ἐξέδωκε
1275 4392 1415 4445 κατὰ
1447 4390 1556 4444 τῶν
1585 4390 1814 4461 δωροδο-

228 4481 412 4549 κῆσαι
442 4477 716 4532 λαϐόντων
748 4480 947 4533 αἰτίαν.
974 4480 1164 4550 Χρόνῳ
1196 4481 1251 4534 δὲ
1281 4480 1509 4553 ὕστερον
1557 4481 1813 4551 ἐμπεσὼν

230 4572 310 4633 είς
353 4569 537 4623 αἰτίαν
574 4569 653 4632 ὡς
684 4570 983 4641 Κασάνδρῳ
1002 4571 1389 4639 κοινολογεῖται
1418 4573 1559 4626 κατὰ
1584 4573 1685 4642 τῆς
1716 4574 1813 4625 πό-

233 4662 406 4726 λεως,
435 4661 505 4715 τὰ
525 4660 751 4713 πλείστα
784 4661 884 4729 τῆς
906 4660 1225 4731 περιουσίας
1254 4663 1334 4724 είς
1356 4661 1621 4734 ἀργύριον
1651 4679 1815 4732 μετα-

232 4752 426 4808 ϐαλὼν
459 4752 662 4821 ἔφυγεν
692 4754 771 4814 είς
797 4752 1058 4807 Χαλκίδα.
1108 4754 1232 4807 Ἐπὶ
1263 4753 1321 4807 δὲ
1362 4755 1461 4824 τῆς
1486 4754 1665 4824 φυγῆς
1696 4755 1812 4809 δια·
1845 4735 1888 4791 Ῑ)

235 4847 441 4915 μείνας
480 4846 649 4914 ὲγγὺς
680 4846 774 4916 ἔτη
822 4845 954 4899 δέκα
999 4846 1185 4912 πέντε,
1237 4847 1333 4899 καὶ⁵
1371 4846 1572 4916 πολλὴν
1622 4845 1811 4899 οὐσίαν

232 4936 672 5011 περιϐαλόμενος
706 4939 746 5002 ¹,
787 4938 1111 5010 πραξάντων
1145 4939 1411 5010 αὐτῷτὴν
1450 4938 1673 4993 κάθοδον
1702 4939 1810 4992 τῶν

234 5032 372 5101 περὶ
398 5029 749 5099 Θεόφραστον
787 5030 1155 5099 συγκατῆλθεν
1189 5031 1307 5099 ἅμα
1338 5032 1451 5093 τοῖς
1485 5030 1667 5092 ἄλλοις
1709 5047 1812 5099 φυ-

236 5122 392 5191 γάσι.
429 5121 593 5190 Παρὰ
610 5120 667 5174 δὲ
695 5121 945 5191 Προξένῳ
966 5121 1043 5193 τῷ
1066 5120 1228 5174 αὑτοῦ
1254 5122 1566 5184 καταλύσας
1589 5121 1810 5193 ἑταίρῳ,

238 5216 331 5267 καὶ
370 5210 439 5265 τδ
468 5210 690 5281 χρυσίον
717 5210 1097 5275 ἀπολωλεκὼς,
1115 5211 1216 5281 ἤδη
1240 5211 1466 5281 γηραιὸς
1496 5210 1575 5263 ὢν
1602 5210 1810 5273 καὶτὰς

239 5305 465 5374 ὁράσεις
493 5302 725 5372 ἀσθενὴς
774 5302 1034 5379 λαγχάνει
1063 5302 1142 5373 τῷ
1189 5302 1443 5377 Προξένῳ
1492 5303 1669 5373 δίκην,
1714 5303 1809 5355 καὶ

239 5394 361 5445 τότε
394 5392 617 5463 πρῶτον
634 5393 788 5463 ὤφθη
814 5393 985 5461 λέγων
1013 5395 1071 5447 ὲν
1094 5394 1474 5465 δικαστηρίῳο
1507 5392 1804 5462 φέρεταιδὲ

242 5481 407 5536 αὑτοῦ
431 5483 527 5537 καὶ
557 5485 587 5537 ὁ
616 5484 759 5537 κατὰ
789 5483 1060 5553 Προξένου
1092 5485 1269 5553 λόγος.

1920 3481 2044 3543 post
2096 3476 2367 3545 Antipatri
2399 3486 2652 3540 mortem,
2680 3493 2745 3531 ex
2778 3478 3087 3532 oratoribus
3119 3476 3241 3531 aliis
3270 3477 3490 3546 quidem

1919 3575 2093 3621 morte
2119 3583 2149 3622 e
2172 3568 2349 3622 medio
2373 3569 2604 3623 sublatis
2637 3588 2651 3623 :
2691 3569 2811 3624 aliis
2836 3585 2963 3623 vero
2995 3571 3120 3640 fuga
3151 3568 3491 3640 creptis.llic

1919 3675 2044 3716 cum
2067 3660 2380 3718 Cassandro
2407 3662 2759 3719 Macedonum
2782 3662 2906 3716 duci
2926 3663 3166 3717 amicitia
3188 3674 3331 3717 esset
3356 3679 3489 3717 con-

1914 3750 2162 3822 junctus,
2196 3755 2495 3809 maximam
2526 3753 2636 3807 vim
2665 3755 2873 3822 argenti
2906 3755 3268 3820 coacervavit,
3300 3753 3490 3807 vendi-

1918 3844 1989 3899 tis
2020 3845 2359 3900 orationibus
2379 3847 2727 3916 conscripsit.
2762 3847 2930 3903 Porro
2960 3864 3018 3903 se
3046 3848 3348 3919 quibusque
3374 3847 3488 3899 cla-

1917 3934 2151 3991 rissimis
2205 3937 2514 3995 oratoribus
2571 3940 2846 4009 opposuit,
2902 3956 3011 3994 non
3070 3941 3213 4010 quod
3276 3938 3490 4009 publice

1917 4041 2114 4083 causas
2165 4035 2370 4097 ageret,
2401 4028 2603 4099 (neque
2630 4030 2775 4083 enim
2808 4026 3039 4100 poterat)
3068 4030 3161 4083 sed
3200 4045 3321 4084 cum
3366 4043 3490 4083 ora—

1915 4119 2095 4175 tiones
2119 4117 2327 4187 judicio
2363 4120 2622 4176 adversus
2652 4120 2774 4177 illos
2819 4122 3252 4191 disceptantibus
3281 4120 3491 4176 scribe-

1917 4220 2018 4266 ret.
2073 4210 2322 4281 Cumque
2361 4211 2602 4268 Athenas
2662 4210 2929 4282 Harpalus
2998 4212 3247 4282 fugisset,
3305 4211 3491 4282 plures

1915 4303 2134 4373 scriptae
2159 4312 2288 4359 sunt
2333 4303 2402 4358 ab
2445 4319 2511 4359 eo
2539 4314 2725 4359 contra
2771 4320 2887 4372 eos,
2923 4304 3013 4373 qui
3050 4305 3288 4359 accusati
3322 4320 3488 4375 pecu-

1916 4396 2128 4450 niarum
2164 4396 2233 4451 ab
2272 4396 2524 4453 hostibus
2559 4407 2906 4468 acceptarum
2950 4407 3155 4453 essent.
3202 4399 3328 4455 Post
3359 4415 3489 4455 vero

1916 4487 2047 4542 illud
2079 4494 2315 4558 tempus,
2341 4501 2634 4544 accusatus
2656 4489 2797 4558 quod
2822 4489 2889 4543 ad
2920 4484 3293 4544 Cassandrum
3318 4490 3491 4545 collo-

1913 4580 2115 4650 quendi
2140 4583 2313 4652 gratia
2332 4581 2589 4644 venisset,
2610 4598 2675 4637 ex
2732 4582 3084 4639 facultatibus
3137 4584 3366 4639 conflata
3400 4585 3488 4639 in-

1916 4672 2067 4741 genti
2117 4673 2346 4742 pecunia
2397 4672 2536 4745 fugit
2584 4676 2637 4729 in
2676 4675 3005 4731 Chalcidem.
3059 4677 3114 4732 In
3146 4679 3337 4732 exsilio
3361 4694 3489 4733 vero

1916 4779 2038 4819 cum
2058 4764 2349 4819 mansisset
2378 4767 2875 4838 annisquindecim,
2906 4769 3090 4839 multis
3120 4772 3314 4838 Opibus
3340 4787 3489 4825 com-

1916 4855 2143 4925 paratis,
2174 4855 2334 4910 rediit
2351 4872 2513 4927 opera
2543 4874 2606 4913 ac
2637 4858 2819 4912 studio
2845 4860 3229 4930 Theophrasti,
3260 4862 3353 4930 qui
3384 4862 3483 4930 illi,

1918 4947 2259 5013 caeterisque,
2278 4946 2371 5017 qui
2407 4962 2512 5003 una
2535 4948 2878 5012 exsulabant,
2905 4950 3136 5003 reditum
3172 4950 3223 5003 in
3249 4952 3481 5020 patriam

1918 5033 2149 5101 aperuit.
2218 5034 2353 5090 Cum
2417 5044 2598 5091 autem
2653 5037 2943 5094 diverteret
2985 5041 3126 5111 apud
3178 5041 3483 5096 Proxcmnn

1917 5125 2034 5194 ejus
2061 5127 2291 5194 socium,
2311 5128 2534 5201 jamque
2564 5147 2748 5198 senex,
2778 5142 2832 5187 et
2860 5135 3142 5188 oculorum
3177 5136 3291 5188 acie
3331 5136 3485 5205 debi-

1917 5216 1983 5272 lis
2037 5232 2322 5289 argentum
2392 5222 2688 5289 amisisset,
2728 5224 2869 5278 diem
2921 5223 3168 5279 Proxeuo
3226 5226 3381 5285 dixit,
3418 5244 3481 5283 ac

1914 5318 2027 5363 tum
2073 5309 2311 5380 primum
2336 5312 2391 5371 in
2431 5313 2641 5385 judicio
2659 5314 2818 5381 dixit,
2852 5329 3025 5386 eaque
3079 5327 3254 5374 exstat
3281 5320 3477 5374 oratio.

1496 5642 1727 5698 VARIA'I
1780 5643 2179 5706 LECTIONES.

350 5799 396 5828 9’
432 5798 609 5849 καίτοι
648 5796 771 5853 add.
817 5798 882 5850 A.
984 5798 1029 5832 ⁸⁸
1054 5795 1275 5851 τοσοῦτο
1312 5801 1375 5851 A.
1452 5800 1499 5830 ’⁵
1528 5799 1704 5852 εἰπεῖν
1745 5803 1805 5856 Α.

1912 5802 1959 5834 ’⁸
2004 5807 2131 5859 ἄκον
2165 5823 2221 5869 ς.

2319 5806 2361 5837 ⁹⁷
2417 5807 2730 5877 ἀνεγνώσθη
2772 5809 2836 5871 Α,
2929 5808 2975 5841 ’⁸
3020 5806 3199 5879 ἔσχον]
3236 5810 3375 5879 ἔχων
3404 5810 3470 5864 Λ.

323 5868 580 5930 ἐναντίοις
623 5866 683 5920 Β.
761 5867 777 5898 ¹
814 5868 1235 5939 περιϐαλόμενος
1267 5868 1353 5922 B:
1400 5870 1856 5940 περιόαλλόμενος
1901 5891 1961 5938 ς.
