4020 6412
517 418 620 483 195

1675 415 1942 479 ΡΗΟΤῙΙ
1972 412 2481 476 ΡΛΤΒΙΑΒΟΗΕ
2507 411 2617 473 CP.

3668 414 3774 482 196

582 528 787 585 Novem
840 536 1126 582 oratorum
1159 524 1460 592 orationes,
1491 538 1631 596 quas
1694 516 1950 597 legimus,
2007 523 2095 579 his

2265 522 2387 577 Τῶν
2417 521 2519 592 μὲν
2556 519 2652 574 οὖν
2679 519 2702 550 ⁸
2732 518 2777 573 θ’
2814 519 3062 593 ρητόρων
3102 521 3155 575 οί
3177 520 3349 593 λόγοι,
3392 514 3470 576 ῶν
3513 522 3781 596 ἐποιησά-

511 619 882 677 continentur.

1132 836 1458 897 CCLXVIII.

1018 931 1248 1002 Lycurgi
1287 930 1578 984 orationes.

581 1026 698 1083 Non
738 1025 842 1081 fuit
881 1024 1054 1078 otium
1100 1021 1312 1091 legendi
1367 1018 1647 1075 orationes
1704 1014 1961 1089 Lycurgi,
2000 1015 2095 1086 qui

512 1136 622 1176 non
674 1118 983 1190 pauciores,
1046 1129 1210 1184 quam
1274 1113 1454 1169 caeteri
1506 1122 1795 1177 oratores,
1821 1113 2097 1169 orationes

513 1211 755 1281 scripsit.
788 1208 1034 1277 Scriptas
1060 1221 1190 1260 vero
1215 1220 1281 1260 ex
1314 1205 1436 1275 ejus
1460 1204 1687 1260 historia
1712 1204 1889 1259 solum
1931 1205 2097 1275 quin-

511 1300 688 1353 decim
712 1298 1024 1353 didicimus.
1057 1295 1258 1367 497α
1297 1292 1511 1350 Patrem
1541 1294 1736 1349 habuit
1780 1293 2103 1366 Lycophro-

512 1405 661 1455 nem,
695 1388 928 1460 Lycurgi
961 1387 1157 1453 ﬁlium,
1186 1401 1351 1457 quem
1395 1387 1616 1457 triginta
1663 1386 1878 1458 tyranni
1931 1387 2101 1442 inter.

514 1481 784 1546 fecerunt,
815 1481 959 1535 tribu
1014 1479 1379 1535 Eteohutades
1410 1478 1534 1534 fuit.
1584 1478 1826 1535 Primum
1856 1480 2097 1550 quidem,

513 1584 576 1630 ut
598 1573 826 1629 historia
877 1580 1130 1637 testatur,
1163 1571 1521 1642 philosophia-
1550 1573 1733 1628 studio
1756 1588 1816 1628 se
1851 1573 2018 1637 dedit,
2044 1572 2099 1626 in

516 1681 628 1736 quo
683 1666 946 1733 magistro
976 1674 1059 1720 est
1084 1680 1218 1719 usus
1255 1663 1480 1718 Platone
1514 1664 1858 1736 phil050pbo.
1898 1664 2103 1719 Deinde

516 1756 693 1813 factus
733 1754 991 1813 Isocratis
1035 1754 1347 1820 familiaris,
1379 1757 1705 1810 versabatur
1732 1756 1785 1809 in
1821 1755 2102 1825 republica

516 1848 796 1917 praeclare,
826 1858 939 1901 tum
969 1845 1201 1901 dicendo
1257 1853 1371 1900 tum
1410 1843 1661 1901 faciendo
1690 1862 1705 1900 :
1731 1857 1785 1902 et
1807 1845 1922 1916 jam
1950 1844 2101 1901 illius
2134 1879 2178 1937 Β

518 1938 644 1993 fidei
702 1938 1059 2008 pecuniarum
1121 1936 1527 1993 administratio
1596 1946 1716 1993 erat
1765 1938 2096 1993 commissa.

519 2029 769 2096 Quaestor
819 2044 950 2084 vero
1002 2038 1088 2084 est
1114 2039 1355 2094 creatus,
1383 2040 1438 2084 et
1475 2043 1573 2100 per
1596 2028 1701 2084 tria
1752 2028 1926 2085 lustra
1952 2043 2102 2100 quae-

521 2131 730 2177 sturam
816 2120 983 2189 gessit
1048 2121 1464 2190 quatuordecim
1550 2120 1787 2176 millium
1866 2123 2105 2177 talento-

519 2227 643 2266 rum
675 2211 810 2283 (ιι).
844 2212 927 2266 Ad
972 2211 1200 2267 bellicos
1252 2219 1549 2282 apparatus
1594 2210 1859 2277 delectus,
1890 2226 2109 2282 rempu-

521 2300 721 2356 blicam
774 2299 1004 2358 fractam
1038 2301 1229 2357 multis
1266 2303 1434 2358 rebus
1482 2302 1762 2358 meliorem
1812 2310 1867 2357 et
1897 2300 2108 2356 firmio-

522 2408 638 2447 rem
709 2393 988 2449 reddendo
1061 2394 1426 2459 instauravit,
1492 2395 1854 2465 triremesque
1905 2392 2110 2464 popqu

522 2493 793 2539 trecentas
838 2484 1123 2550 instruxit,
1151 2485 1434 2556 multaque
1470 2500 1635 2556 opera
1680 2484 1964 2542 interfecta
2017 2500 2108 2543 re-

522 2574 651 2630 licta
678 2575 744 2629 ad
772 2574 933 2630 finem
959 2577 1219 2645 perduxit
1255 2593 1270 2631 :
1307 2576 1520 2632 navalia
1548 2586 1683 2632 Item
1714 2585 1769 2633 et
1791 2592 1972 2632 rerum
2013 2591 2113 2635 ne-

525 2668 890 2723 cessariarum
940 2670 1427 2725 armamentarium
1477 2669 1642 2741 :ipse
1668 2685 1886 2741 quoque
1912 2670 2112 2727 funda-

526 2765 838 2811 mentorum
910 2755 1290 2827 jaciendorum
1348 2758 1402 2813 in
1456 2759 1636 2814 stadio
1705 2759 2114 2815 Panathenaico

529 2860 724 2903 anetor
764 2848 889 2904 fuit.
931 2848 1105 2905 Penes
1147 2849 1299 2905 hunc
1349 2848 1455 2905 fuit
1482 2850 1721 2907 civitatis
1769 2852 2041 2917 custodia,
2060 2859 2117 2908 et

528 2941 827 2997 sceleratos
863 2940 1363 3012 comprehendendi
1415 2951 1658 3013 potestas
1690 2960 1706 2998 :
1737 2958 1880 3013 quos
1924 2957 2114 3000 omnes

530 3032 605 3088 ita
633 3032 819 3103 eiecit,
848 3041 907 3086 ut
942 3032 1314 3103 sophistarum
1341 3034 1593 3090 nonnulli
1614 3034 1883 3099 dicerent,
1914 3033 2119 3107 Lycur-

531 3137 659 3192 gum
692 3135 802 3175 non
850 3130 1179 3188 atramento,
1203 3122 1301 3178 sed
1335 3123 1603 3194 sanguine
1629 3124 1900 3180 calamum
1927 3134 2118 3180 contra

2200 615 2345 687 μεθα
2385 614 2488 687 τήν
2528 614 2857 685 ἀνάγνωσιν,
2908 614 2970 669 ἐν
3024 614 3238 681 τούτοις
3296 615 3706 688 περιγράφεται
3743 618 3783 691 ﬁ

2200 710 2306 780 μνή
2314 725 2412 782 μηο

2899 820 3068 875 ΣΞΗν.

2699 914 3050 985 Λυκούργου
3078 914 3271 985 λόγοι.

2270 1006 2587 1079 Λυκούργου
2614 1005 2675 1061 δέ
2698 1007 2915 1072 οὐδενὸς
2949 1007 3061 1062 τῶν
3108 1007 3305 1075 ἄλλων,
3342 1008 3446 1063 ὅσα
3484 1026 3553 1080 γε
3603 1009 3786 1066 τελεῖν

2200 1100 2282 1165 είς
2325 1102 2565 1173 ῥήτορας
2614 1102 2710 1155 καὶ
2737 1099 3105 1171 δημαγωγοὺς
3132 1100 3194 1154 τὸ
3224 1100 3447 1155 ἔλαττον
3469 1102 3783 1174 φερομένου

2201 1192 2362 1246 ούπω
2403 1191 2683 1263 παρέσχεν
2719 1190 2855 1262 ἡμῖν
2898 1192 2928 1244 ό
2975 1190 3168 1261 χρόνος
3201 1190 3397 1261 λόγους
3449 1191 3787 1262 ἀναγνῶναι.

2204 1283 2473 1356 φέρεσθαι
2495 1283 2555 1337 δέ
2574 1280 2744 1337 αὑτοῦ
2770 1282 2834 1346 ἐξ
2854 1280 3101 1352 ἱστορίας
3133 1287 3202 1334 ιε’
3225 1282 3651 1353 μεμαθήκαμεν.
3682 1278 3789 1339 οὗ-

2202 1394 2296 1440 τος
2329 1376 2387 1430 δὲ
2413 1375 2529 1439 υίὸς
2555 1374 2656 1446 μέν
2686 1370 2757 1446 ἦν
2784 1372 3136 1445 Λυκόφρονος
3165 1372 3264 1427 τοῦ
3291 1373 3638 1446 Λυκούργου,
3663 1374 3729 1430 δν
3751 1377 3789 1446 ή

2203 1469 2313 1523 τῶν
2344 1467 2389 1520 λ’
2410 1466 2663 1538 τυραννὶς
2710 1464 2910 1529 ἀνεῖλε,
2940 1465 3034 1517 τὸν
3083 1464 3257 1535 δῆμον
3318 1466 3743 1538 Ἐτεοὸουτάδης
3766 1483 3785 1500 ο

2205 1560 2517 1630 ἠκροάσατο
2560 1557 2618 1611 δὲ
2651 1556 2721 1611 τὰ
2765 1557 2866 1628 μὲν
2898 1554 3095 1627 πρῶτα
3133 1555 3293 1627 (ώςή
3353 1557 3561 1629 ίστορία
3612 1558 3784 1629 λέγει)

2208 1651 2494 1713 Πλάτωνος
2526 1648 2621 1704 τοῦ
2658 1649 2974 1720 φιλοσόφου,
3000 1650 3191 1705 ἔπειτα
3211 1650 3270 1705 δὲ
3300 1650 3515 1706 καὶτοῦ
3549 1654 3785 1724 ῥήτορος

2220 1741 2581 1811 Ἰσοκράτους.
2629 1740 3122 1796 Ἐπολιτεύσατοδὲ
3142 1741 3240 1795 καὶ
3266 1740 3443 1810 λέγων
3481 1742 3579 1796 καὶ⁵
3606 1742 3788 1815 πράτ-

2206 1848 2318 1886 των
2350 1831 2649 1902 ἐπιφανῶς,
2679 1831 2776 1887 διαὶ⁵
2806 1831 2876 1887 τά
2900 1835 3003 1903 τῆς
3029 1833 3237 1897 πόλεως
3260 1836 3523 1905 χρήματα
3552 1834 3781 1889 διοικεῖν

2208 1924 2662 1987 καταπιστευθεὶς
2713 1924 2807 1978 ἐπὶ
2854 1930 2905 1993 γ’
2939 1925 3369 1997 πενταετηρίδας
3398 1926 3540 1980 κατὰ
3564 1926 3631 1980 τὸ
3662 1925 3790 1998 dpr-

2208 2032 2335 2070 στον
2362 2015 2538 2071 ταῦτα
2575 2017 2671 2070 καὶ
2726 2016 3200 2087 φιλοπονώτατον,
3250 2017 3531 2075 ταλάντων
3578 2020 3792 2091 μυρίων

2205 2108 2340 2163 ὄντα
2367 2108 2465 2162 καὶ
2490 2108 2965 2180 τετρακισχιλίων,
2996 2109 3327 2180 διῳκήσατο.
3358 2111 3784 2183 Χειροτονηθεὶς

2204 2199 2263 2255 δέ
2290 2201 2313 2233 ³
2338 2200 2433 2253 ἐπὶ
2462 2198 2561 2271 τήν
2583 2198 2679 2253 τοῦ
2715 2200 2952 2271 πολέμου
2976 2202 3350 2276 παρασκευὴν,
3368 2202 3504 2258 ἄλλα
3533 2221 3597 2257 τε
3620 2203 3795 2259 πολλὰ

2205 2290 2305 2361 τῆς
2332 2290 2541 2354 πόλεως
2574 2291 2991 2363 κατερρυηκότα
3024 2292 3354 2362 ἐπανέλαϐε,
3384 2294 3482 2349 καὶ
3539 2296 3793 2367 τριήρεις

2209 2381 2289 2452 τῷ
2327 2381 2487 2454 δήμῳ
2512 2381 2559 2435 υ⁹
2584 2382 2989 2453 παρεσκεύασε.
3040 2375 3223 2440 Πολλά
3246 2385 3304 2439 δὲ
3338 2386 3437 2443 καὶ
3473 2384 3586 2440 τῶν
3613 2388 3794 2459 ἔργων

2209 2474 2445 2546 ἡμιτελῆ
2472 2475 2828 2547 παρειληφὼς
2859 2478 2941 2541 είς
2964 2477 3119 2543 τέλος
3141 2479 3450 2550 προήνεγκε
3486 2477 3531 2543 ⁸,
3558 2479 3698 2543 νεώς
3729 2496 3792 2533 τε

2217 2566 2399 2630 οἴκους
2428 2566 2702 2637 ἐδείματο,
2733 2567 2828 2622 καὶ
2851 2567 2951 2640 τήν
2986 2569 3330 2642 σκευοθήκην
3354 2570 3785 2636 ἀπεσκευάσατο,

2218 2657 2316 2712 καὶ
2337 2656 2416 2729 τῷ
2441 2658 2836 2731 παναθηναῖκῷ
2858 2660 3057 2732 σταδίῳ
3072 2659 3173 2734 τήν
3196 2662 3440 2735 κρηπῖδα
3465 2663 3792 2719 ύπεὸάλετο.

2223 2747 2557 2821 Ἐπιστεύθη
2586 2748 2644 2802 δὲ
2676 2750 2699 2781 ⁸
2725 2752 2821 2805 καὶ
2845 2751 2937 2805 τοῦ
2965 2752 3161 2817 άστεος
3189 2751 3317 2825 [810
3340 2752 3435 2826 [1.]
3468 2754 3566 2826 τήν
3597 2754 3795 2825 ἐπιμέ-

2213 2839 2387 2908 λειαν,
2427 2841 2523 2894 καὶ
2557 2840 2666 2913 μὴν
2686 2841 2912 2896 καὶτῶν
2944 2842 3273 2914 κακούργων
3296 2844 3397 2915 τήν
3416 2843 3705 2915 άνεύρεσίν
3728 2861 3793 2899 τε

2217 2933 2313 2990 καὶ
2348 2934 2612 3007 σύλληψιν
2637 2951 2652 2967 ⁸
2679 2936 2774 2990 καὶ
2800 2935 2975 3001 οὕτως
3008 2936 3248 3010 ἐκάθηρε
3277 2936 3300 2969 ⁸
3322 2938 3423 3011 τήν
3468 2938 3629 2994 πόλιν
3678 2939 3794 2994 τῶν

2219 3026 2545 3099 κακούργων
2575 3028 2621 3094 ⁷,
2644 3027 2907 3096 ἐξελάσας
2945 3029 3215 3096 ἅπαντας,
3249 3028 3327 3094 ώς
3360 3030 3458 3085 καὶ
3478 3030 3610 3102 παρ’
3633 3031 3799 3096 ἐνίοις

2217 3116 2328 3170 τῶν
2358 3116 2628 3187 σοφιστῶν
2669 3117 2965 3188 ⁸λέγεσθαι
3001 3119 3087 3172 ὃτι
3138 3118 3215 3190 μή
3258 3118 3452 3193 μέλανι
3483 3119 3799 3193 Λυκοῦργος

533 3213 813 3283 improbos
840 3212 1209 3283 ἱηιίηςειιιειιι,
1229 3215 1599 3273 conscribere.
1641 3214 1877 3272 Tantum
1904 3216 1989 3272 sui
2026 3217 2117 3273 de-

2221 3208 2358 3263 άλλὰ
2383 3208 2463 3280 τῷ
2514 3207 2728 3281 θανάτῳ
2767 3210 2937 3281 χρίων
2990 3210 3082 3265 τὸν
3132 3211 3380 3283 κάλαμον
3420 3210 3491 3267 τά
3520 3212 3665 3268 κατὰ
3688 3211 3802 3267 τῶν

534 3300 823 3365 siderium,
862 3315 1217 3371 amoremque
1261 3302 1694 3360 Atheniensibus
1756 3302 1998 3375 reliquit,
2054 3312 2116 3360 ut

2222 3300 2477 3373 πονηρῶν
2543 3300 2871 3374 ψηφίσματα
2920 3302 3151 3375 ἔγραψε.
3195 3303 3464 3359 Τοσοῦτον
3524 3304 3584 3359 δέ
3638 3304 3808 3359 πόθον

535 3406 660 3445 cum
686 3399 831 3446 esset
861 3391 930 3445 ab
959 3390 1268 3448 Alexandro
1287 3408 1413 3449 cum
1435 3395 1650 3450 caeteris
1684 3396 1996 3451 oratoribus
2031 3410 2125 3466 po—

535 3483 795 3549 stulatus,
811 3483 1043 3555 populus
1061 3500 1407 3559 nequaquam
1430 3486 1582 3542 hunc
1599 3486 1904 3542 dedendum
1929 3485 2123 3543 existi-

537 3577 723 3632 marit.
776 3575 1100 3647 Legationes
1136 3578 1370 3634 tmultas
1443 3576 1580 3633 obiit
1628 3592 1645 3630 :
1705 3591 1831 3632 cum
1894 3575 2124 3633 Demos-

538 3668 703 3723 thene
730 3683 862 3723 vero
881 3667 949 3723 ad
966 3668 1402 3740 Peloponnesios
1427 3667 1566 3738 (l5).
1599 3664 1792 3738 Magna
1824 3666 1925 3722 fuit
1957 3666 2127 3723 Athe-

538 3760 628 3815 nis
656 3760 849 3830 gloria,
877 3776 1200 3831 semperque
1252 3758 1529 3830 azquitatis
1570 3757 1729 3814 laude
1749 3757 1941 3824 valuit,
1979 3766 2039 3812 ut
2071 3756 2127 3813 in

535 3852 758 3924 iudiciis
811 3851 1041 3922 Lycurgi
1094 3866 1404 3906 sermonem
1467 3851 1784 3922 protulisse,
1819 3848 2129 3921 patrocinio

544 3943 771 3999 adderet
819 3944 1220 3997 auctoritatem.
1267 3940 1427 3997 Tulit
1479 3956 1611 3997 vero
1676 3940 1844 4012 leges,
1891 3956 2128 4012 quarum

540 4037 732 4107 quinta
777 4044 883 4101 est,
934 4049 1002 4089 ne
1066 4033 1263 4089 mulier
1328 4032 1641 4089 Eleusinem
1710 4034 1961 4089 vehiculo
2025 4032 2130 4089 iter

540 4126 766 4190 faceret,
811 4140 880 4180 ne
940 4124 1215 4182 tenuiores
1244 4124 1539 4180 ditioribus
1586 4132 1771 4180 essent
1820 4123 2129 4180 inferiores.

2223 3392 2392 3449 αὐτοῦ
2428 3393 2523 3447 καὶ
2545 3393 2679 3448 αίδῶ
2705 3396 2819 3459 τοῖς
2863 3394 3171 3467 Ἀθηναίοις
3217 3398 3504 3468 ἐνεποίησε
3550 3395 3805 3451 πολιτευ-

2220 3485 2439 3555 όμενος,
2464 3483 2541 3548 ὡς
2574 3485 2899 3556 αίτήσαντος
2930 3486 3097 3541 αὐτὸν
3138 3486 3488 3560 Ἀλεξάνδρου
3516 3486 3611 3541 τοῦ
3645 3487 3803 3557 βασι-

2221 3575 2384 3645 λέως,
2416 3577 2608 3650 ῶσπερ
2628 3577 2870 3643 καὶτοὺς
2897 3579 3113 3647 ἄλλους,
3145 3580 3175 3634 δ
3204 3580 3376 3651 δῆμος
3404 3580 3466 3633 οὑ
3499 3580 3801 3653 προήκατο.

2236 3668 2608 3742 Ἔπρέσϐευσε
2641 3668 2701 3723 δέ
2731 3668 2984 3742 καὶπρὸς
3008 3669 3301 3743 διαφόρους
3322 3671 3507 3735 πόλεις
3538 3672 3634 3725 καὶ
3664 3670 3810 3742 μετὰ

2225 3759 2605 3828 Δημοσθένους
2643 3760 2725 3825 είς
2761 3759 3191 3835 Πελοπόννησον.
3232 3763 3342 3817 Καὶ
3367 3761 3639 3817 διετέλεσε
3664 3763 3686 3794 ⁹
3712 3763 3811 3817 τὸν

2226 3849 2323 3903 τοῦ
2354 3850 2470 3920 βίου
2522 3852 2716 3924 χρόνον
2770 3852 3078 3926 εὐδοκιμῶν
3137 3855 3234 3911 καὶ
3252 3855 3459 3920 δίκαιος
3496 3852 3635 3910 εἶναι
3672 3854 3813 3927 παρ’

2226 3941 2534 4015 ’Δθηναίοις
2570 3944 2928 4016 νομιζόμενος
2950 3962 2966 3978 '
3013 3945 3063 4020 [ι
3074 3947 3178 4005 ι85
3206 3947 3302 4020 11.]
3328 3948 3411 4003 διὸ
3443 3949 3537 4002 καὶ
3564 3947 3626 4002 τὺ
3650 3947 3816 4017 λόγον

2228 4038 2354 4091 τινὰ
2383 4040 2738 4109 προενεγκεῖν
2771 4041 2831 4093 ἐν
2856 4041 2973 4105 τοῖς
3004 4041 3379 4113 δικαστηρίοις
3412 4042 3553 4112 ὑπὲρ
3582 4042 3813 4095 ὁτουοῦν

2242 4127 2452 4200 μεγάλη
2528 4127 2607 4199 τῷ
2664 4130 3118 4203 συναγορευθέντι
3158 4131 3419 4203 ρβοήθεια
3480 4132 3691 4200 ἐγίνετο
3743 4132 3813 4187 ⁸⁸.

553 4219 881 4291 Ἐποιήσατο
917 4218 975 4272 δὲ
1019 4218 1118 4272 καὶ
1160 4217 1345 4289 νόμων
1387 4216 1653 4286 εἰσφοράς
1699 4215 2006 4287 διαφόρων
2053 4210 2132 4272 ὧν
2169 4218 2289 4274 ἐστὶ
2315 4218 2589 4291 πέμπτος,
2652 4220 2713 4287 ὃς
2751 4222 2853 4277 οὐκ
2901 4224 2969 4295 ἐᾷ
3002 4222 3425 4293 τάς-γυναῖκας
3474 4224 3816 4289 Ἐλευσῖνάδε

560 4312 657 4367 ἐπὶ
685 4311 915 4382 ζεύγους
946 4309 1257 4383 ὀχουμέναις
1304 4309 1680 4382 ἀφικνεῖσθαι,
1709 4309 1785 4373 ώς
1814 4309 1882 4364 ἂν
1908 4310 1965 4365 αί
1993 4308 2287 4382 δημοτικαὶ
2312 4314 2390 4386 μή
2416 4308 2552 4369 ὦσιν
2582 4314 2690 4368 ύπδ
2722 4314 2835 4368 τῶν
2870 4315 3144 4370 πλουσίων
3181 4316 3597 4387 ἐλαττούμεναι.

614 4406 755 4463 Cum
787 4415 970 4460 autem
999 4404 1348 4477 vectigalium
1396 4411 1622 4459 exactor
1662 4403 1884 4473 quidam
1930 4418 2131 4461 manus

545 4499 601 4555 in
656 4496 1032 4552 Xenocratum
1088 4496 1475 4567 philosophum
1538 4494 1853 4565 iniecisset,
1892 4510 2129 4567 cumque

547 4592 604 4647 in
632 4589 941 4646 custodiam
975 4588 1294 4654 abduceret,
1324 4588 1456 4643 huic
1476 4588 1638 4644 datus
1667 4587 1885 4643 obviam
1922 4588 2130 4659 Lycur-

548 4700 651 4755 gus
684 4681 938 4737 baculum
990 4680 1047 4734 in
1098 4688 1262 4751 caput
1319 4679 1566 4751 impegit,
1613 4678 1904 4750 ipsumque
1948 4678 2131 4736 Xeno—

550 4784 759 4831 cratem
788 4772 1081 4840 liberavit;
1109 4773 1263 4828 illum
1301 4782 1483 4828 autem
1507 4772 1685 4844 turpis
1713 4781 1879 4842 atque
1911 4770 2132 4829 infamis

551 4867 821 4923 facinoris
849 4874 1155 4930 auctorem,
1189 4864 1245 4919 in
1291 4878 1570 4919 carcerem
1618 4862 1894 4934 compingi
1939 4863 2131 4934 jussit.

551 4957 709 5015 lianc
735 4956 806 5014 ob
849 4970 1074 5012 causam
1103 4970 1229 5011 cum
1272 4966 1420 5011 esset
1457 4953 1800 5010 collaudatus
1830 4952 2133 5030 Lycurgus,

552 5051 859 5125 paucisque
902 5047 1107 5119 elapsis
1157 5046 1353 5104 diebus
1400 5044 1634 5119 Lycurgi
1688 5044 1788 5101 filii
1843 5037 2133 5100 Xenocrati

2303 4406 2625 4478 Ξενοκράτει
2661 4407 2720 4462 δέ
2770 4423 2903 4462 ποτε
2936 4408 3020 4479 τῷ
3053 4408 3095 4439 ¹¹
3142 4408 3419 4481 φιλοσόφῳ
3473 4408 3573 4473 τὰς
3622 4410 3818 4481 χεῖρας

2234 4496 2587 4562 ἐπιϐαλόντος
2625 4497 2880 4565 τελώνου,
2931 4501 3030 4553 καὶ⁸
3054 4499 3191 4568 πρὸς
3221 4500 3281 4553 τὸ
3326 4498 3600 4571 μετοίκιον
3647 4499 3817 4553 αὑτὸν

2237 4587 2484 4657 ἄγοντος,
2509 4589 2847 4659 συναντήσας
2871 4588 2962 4643 τὸν
2988 4588 3089 4658 μὲν
3116 4588 3404 4660 φιλόσοφον
3431 4588 3692 4659 ἀπέλυσε,
3714 4589 3819 4661 τὴν

2234 4677 2292 4733 δὲ
2319 4678 2564 4750 κεφαλήν
2586 4678 2683 4734 τοῦ
2708 4678 2943 4735 τελώνου
2966 4680 3146 4751 ράδδῳ
3166 4682 3386 4747 παίσας,
3410 4684 3506 4737 ἅτε
3524 4682 3592 4750 δή
3609 4684 3652 4715 ³⁸
3670 4681 3820 4736 κατὰ

2234 4768 2332 4824 τοῦ
2353 4770 2656 4840 πρέποντος
2684 4769 3221 4843 άποθρασυνομένου,
3244 4773 3618 4845 δεσμωτήριον
3643 4774 3818 4828 οίκεῖν

2236 4860 2612 4932 παραδέδωκε,
2676 4861 2775 4915 καὶ
2821 4861 3033 4916 πολλῶν
3082 4862 3319 4916 ἐπαίνων
3381 4864 3475 4916 ἐπὶ
3517 4862 3693 4935 ταύτῃ
3742 4864 3816 4933 τῇ

2237 4951 2439 5023 πράξει
2489 4951 2783 5023 τετύχηκε.
2833 4953 2925 5006 Διὸ
2951 4954 3045 5007 καὶ
3094 4954 3215 5026 μεθ’
3263 4954 3480 5026 ἡμέρας
3522 4954 3674 5017 τινάς
3702 4955 3818 5017 τοῖς

2240 5043 2402 5097 παισὶ.
2449 5043 2546 5097 τοῦ
2602 5043 2921 5114 Λυκούργου
2974 5043 3316 5116 Ξενοκράτης
3346 5042 3624 5114 συντυχὼν
3658 5042 3818 5111 Talai

1835 5155 2073 5213 VARIE
2108 5155 2515 5216 LECTIONES.

628 5288 651 5320 ’
675 5279 768 5339 οὖν
799 5300 910 5342 om.
945 5284 1008 5339 Β.
1082 5285 1105 5318 ³
1136 5282 1195 5339 δὲ
1231 5297 1345 5340 om.
1370 5282 1437 5336 A.

1538 5277 1561 5313 ‘
1590 5277 1962 5353 uarium}-

558 5356 715 5412 πόλιν
744 5372 807 5423 ς.
878 5357 901 5388 ³
929 5354 1109 5426 σοφῶν
1138 5371 1200 5418 ς.
1274 5355 1297 5386 ⁸
1333 5350 1547 5407 ἐτέλεσε
1582 5352 1651 5406 Δ.

1747 5349 1770 5382 ο
1792 5347 2007 5418 ἐγένετο
2033 5364 2097 5414 ς.

2070 5277 2094 5310 ι
2124 5276 2183 5331 δι
2213 5290 2327 5333 om.
2368 5277 2432 5333 Β.
2543 5279 2567 5312 ι
2595 5279 2805 5349 κάθηρε
2850 5293 2936 5349 pr.
2986 5279 3053 5334 Α.
3157 5279 3181 5312 τ
3218 5297 3224 5315 ι

2070 5366 2097 5404 ι.
2172 5347 2215 5379 ιι
2243 5348 2324 5420 τῷ
2354 5348 2480 5405 add.
2532 5349 2600 5406 Α.
2676 5347 2721 5381 ιι
2746 5347 2836 5420 δή]
2864 5349 3095 5406 fortasse
3125 5348 3224 5421 μή.

2543 5279 2567 5352 f
2595 5279 2936 5352 κάσῃρε-ριι.
2986 5279 3053 5334 Λ.
3157 5279 3191 5352 '_
3218 5278 3326 5336 τῶν
3353 5277 3682 5352 κακούργων
3716 5277 3818 5351 τήν

2059 5502 2291 5563 NOTAE.

633 5672 748 5800 ‘1“)
784 5670 955 5729 Hodie
1002 5679 1132 5729 sunt
1171 5681 1297 5728 octo
1341 5667 1617 5753 myriades
1670 5675 1727 5768 et
1776 5660 2134 5735 quadraginta

633 5746 731 5799 ιιιε
768 5752 1101 5800 scutatorum
1133 5741 1353 5800 Budzeo.
1406 5749 1467 5797 ut
1498 5738 1712 5800 Singula
1767 5738 1968 5794 talenta
2010 5747 2134 5791 sex-

560 5738 739 5827 millia'
768 5752 1101 5827 scutatorum
1133 5741 1353 5827 Budare,
1403 5738 1467 5797 ut
1498 5738 1712 5813 singula
1767 5738 1968 5794 talenta
2010 5747 2135 5791 sex-

559 5822 733 5875 centis
758 5822 1035 5874 coronatis
1070 5822 1427 5871 aestimentur.

2316 5663 2432 5794 με)
2462 5665 2813 5739 Polyeuctum
2852 5666 2941 5723 hic
2998 5666 3222 5727 tertium
3271 5666 3426 5729 addit
3469 5667 3704 5742 legatum
3755 5667 3816 5729 In

2338 5752 2677 5794 onounesum
2710 5736 3056 5794 Plutarchus.

2243 5736 2677 5809 Peloponnesium
2710 5736 3056 5798 Plutarchus.
