4020 6412
292 419 392 486 197

1079 361 1606 473 memorares.
1644 425 1714 436 —
1749 395 1966 459 com).
2005 395 2363 475 CCLXVIII,
2402 399 2700 466 CCLXIX.

3442 412 3545 479 198

284 549 408 590 που
433 533 504 600 ¹⁸,
534 530 665 603 ἔφη,
693 528 777 596 τῷ
801 527 978 597 πατρί
996 525 1183 597 ὑμῶν,
1202 519 1493 588 ὦπαῖδες,
1515 516 1871 576 ἀποδέδωκα

1971 512 2116 603 obvii
2147 511 2382 603 fui-ssent
2416 533 2430 570 :
2456 514 2605 603 Cito,
2638 517 2832 589 inquit,
2865 535 2896 574 ο
2915 519 3042 590 filii,
3064 524 3208 590 patri
3230 535 3397 582 uestro
3421 548 3546 600 θνα..

287 626 407 694 τὴν
441 624 624 694 χάριν
650 641 666 655 ο
716 620 1045 676 ἐπαινεῖται
1071 619 1186 690 γὰρ
1211 617 1332 674 ὑπὸ
1376 614 1494 669 τῶν
1541 613 1861 675 πλειόνων,

286 717 382 771 ὅτι
414 734 518 785 μοι
543 715 756 786 γέγονε
781 712 1010 780 ,ϐοηθὸς
1053 703 1634 778 προπηλακιζομένῳ.
1679 702 1776 755 ’Ἑν
1805 700 1866 754 δὲ

281 809 504 877 ἱμάτιον
546 804 938 875 περιεϐάλλετο
969 803 1168 870 θέρους.
1197 817 1259 853 τε
1288 799 1382 852 καὶ
1419 795 1705 868 χειμῶνος,
1738 792 1864 846 καί-

278 916 366 952 τοι
390 898 504 950 τῶν
525 896 567 928 “
586 897 688 968 τῆς
708 896 915 958 πόλεως
938 893 1186 964 εὐπόρων
1204 890 1417 954 οὐδενὸς
1449 885 1860 955 ἐλαττούμενος.

294 988 459 1042 Ἀλλά
498 988 596 1043 καὶ
640 987 963 1049 ἀνυπόδετος
1010 983 1082 1038 τὰ
1128 982 1302 1036 πολλὰ
1345 982 1550 1050 διῆγεν,
1608 980 1655 1032 εἰ
1694 977 1769 1049 μὴ
1802 975 1864 1030 τὸ

275 1081 502 1151 πρέπον
526 1079 691 1135 αὑτὸν
720 1077 966 1142 ἐϐιάζετο
995 1075 1132 1148 πρὸς
1153 1074 1253 1145 τὴν
1279 1073 1389 1128 τῶν
1417 1073 1460 1105 ³⁵
1499 1071 1860 1141 ὑποδημάτων

274 1171 575 1225 κατελθεῖν
603 1170 812 1242 χρείαν.
835 1167 949 1222 Ούκ
975 1163 1035 1222 εῦ
1068 1167 1126 1221 δέ
1158 1163 1427 1236 πεφυκὼς,
1451 1163 1589 1235 πρὸς
1613 1162 1681 1216 τὰ
1705 1163 1863 1216 αύτο-

273 1266 472 1336 σχέδια
504 1267 697 1329 νυκτὸς
725 1263 821 1319 καὶ
852 1261 1066 1335 ὴμέρας
1100 1260 1353 1332 ἐμελέτα,
1377 1258 1437 1313 τὸ
1465 1258 1642 1312 ἐνδέον
1661 1260 1728 1329 τῇ
1761 1255 1864 1327 φύ-

274 1371 364 1407 σει
406 1353 742 1424 ἀναπληρῶν
781 1356 894 1416 τοῖς
928 1353 1133 1415 πόνοις.
1167 1350 1278 1404 Καὶ
1301 1348 1364 1402 τὸ
1396 1348 1648 1402 κλινίδιον
1677 1348 1733 1402 δέ
1765 1347 1862 1400 αύ-

270 1444 380 1516 τῷ,
413 1445 500 1513 ἐφ’
530 1437 575 1513 ᾧ
612 1443 894 1510 ἐκάθευδε,
933 1442 1115 1513 κῳδίῳ
1150 1441 1295 1512 μόνῳ
1324 1442 1419 1494 καὶ⁹
1439 1439 1862 1510 προσκεφαλαίῳ

270 1537 641 1607 ἐστρώννυτο,
691 1536 769 1599 ὡς
819 1535 887 1590 ἂν
942 1534 1140 1605 ῥᾳδίως
1180 1533 1535 1603 ἀνιστάμενος
1565 1531 1659 1584 τοῦ
1687 1530 1856 1584 ῦπδου

273 1626 554 1697 μελετῴη.
599 1627 710 1680 Καὶ
762 1623 1180 1698 παρρησιαστὴς
1231 1624 1286 1677 δὲ
1321 1623 1411 1678 διὰ
1451 1623 1551 1695 τὴν
1583 1623 1862 1692 εὐγένειαν

271 1716 496 1786 ὑπῆρχε
534 1731 549 1746 ·
599 1714 682 1767 διὸ
730 1715 826 1768 καὶ
875 1714 1175 1784 Ἀθηναίων
1235 1712 1366 1766 ποτὲ
1419 1711 1860 1784 δημηγοροῦντος

271 1807 446 1859 αὑτοῦ
490 1807 568 1876 μὴ
597 1804 938 1876 ἀνεχομένων
970 1807 1051 1869 εἰς
1094 1805 1329 1875 ἐπήκοον
1354 1805 1398 1836 ⁸⁸
1427 1805 1699 1876 ἀνέκραγε
1724 1805 1862 1857 πάν-

270 1894 506 1953 των-Ὦ
528 1899 861 1967 Κερκυραία
887 1897 1146 1966 μάστιξ,
1177 1898 1254 1963 ὡς
1276 1896 1524 1954 πολλῶν
1556 1897 1864 1950 caldarth

272 1986 329 2044 ει
357 1990 527 2055 ἀξία.
557 1989 785 2044 Μέλλων
809 1988 867 2043 δέ
909 1989 1169 2060 τελευτᾷν
1196 1991 1278 2053 είς
1303 1988 1365 2042 τὺ
1394 1987 1646 2059 μητρῷον
1669 1990 1764 2042 καὶ
1800 1988 1861 2042 τὸ

277 2081 671 2153 βουλευτήριον
715 2079 1029 2150 προστάξας
1074 2078 1360 2149 ἐκομίσθη,
1393 2078 1621 2142 εὐθύνας
1677 2077 1861 2133 δοῦναι

279 2172 388 2224 τῶν
432 2169 856 2240 πολιτευμάτων
892 2169 1236 2241 βουλόμενος.
1278 2168 1504 2233 Οὐδενὸς
1537 2170 1593 2223 δέ
1627 2187 1863 2240 κατηγο-

294 2265 549 2333 ρήσαντος
577 2261 720 2333 πλὴν
757 2262 1164 2332 Μενεσαίχμου,
1192 2260 1303 2314 τῶν
1339 2261 1604 2315 διαϐολῶν
1628 2261 1860 2333 ὑπέρτε-

303 2374 388 2427 ρος
407 2359 586 2426 φανεὶς
617 2357 700 2422 εἰς
735 2356 836 2428 τὴν
873 2355 1051 2410 οἰκίαν
1072 2355 1422 2428 ἀπεκομίσθη
1447 2357 1540 2410 καὶ
1572 2357 1859 2430 ἐτελεύτη-

305 2465 411 2502 σεν.
438 2449 540 2503 Ούκ
567 2451 630 2503 ἐν
683 2447 862 2519 τούτῳ
890 2447 949 2501 δὲ
983 2448 1142 2518 μόνον
1166 2448 1244 2520 τῷ
1267 2447 1440 2518 ἀγῶνι
1492 2449 1595 2520 τῆν
1620 2450 1862 2505 νικῶσαν

297 2543 465 2611 ἔσχεν,
493 2542 631 2596 ἀλλά
662 2542 760 2595 καὶ
789 2541 1053 2605 πολλάκις
1073 2542 1473 2614 κατηγορηθεὶς
1510 2545 1605 2598 καὶ
1630 2543 1730 2608 τὰς
1769 2545 1858 2599 ai-

287 2635 402 2697 τίας
423 2630 483 2688 εὖ
508 2635 656 2705 μάλα
684 2634 1082 2705 διαλυσάμενος
1120 2635 1395 2705 ἐκράτησε
1422 2635 1532 2689 τῶν
1563 2637 1861 2705 ἀνταγωνι-

280 2727 424 2780 στῶν
449 2744 464 2758 ο
525 2727 794 2792 πολλάκις
823 2727 880 2780 δὲ
906 2728 1001 2782 καὶ
1034 2727 1314 2796 στεφάνων
1346 2727 1556 2798 ἠξιώθη
1585 2729 1736 2798 παρὰ
1761 2726 1858 2782 τοῦ

274 2817 474 2889 δήμου.
535 2819 814 2873 Κατέλιπε
870 2819 929 2872 δέ
989 2819 1085 2873 καὶ
1151 2820 1348 2882 παῖδας
1411 2821 1475 2874 ἐκ
1529 2820 1860 2886 Καλλιστοῦς

275 2909 561 2981 Ἅϐρωνα,
587 2913 925 2984 Λυκοῦργον,
958 2915 1312 2986 Λυκόφρονα·
1343 2913 1438 2980 οὓς
1485 2918 1578 2968 καὶ
1609 2916 1862 2987 τελευτή-

270 3016 474 3065 σαντος
502 3001 824 3072 Λυκούργου
851 3004 902 3057 οἱ
941 3001 1258 3074 ἀγνώμονες
1304 3005 1577 3076 Ἀθηναῖοι
1605 3004 1722 3078 [8H
1758 3004 1852 3077 IL]

263 3095 386 3156 τοῖς
431 3093 472 3124 ⁸⁷
495 3093 728 3148 Ἕνδεκα
753 3094 797 3126 ⁸⁸
833 3095 1175 3165 παρέδωκαν,
1237 3096 1613 3167 Μενεσαίχμου
1663 3099 1706 3130 ’⁸
1759 3098 1861 3169 μέν

1969 600 2102 654 tiam
2139 600 2371 659 reddidi.
2427 602 2470 655 Α
2521 605 2703 659 multis
2758 608 2897 660 enim
2951 609 3225 678 laudatur,
3279 617 3418 683 quod
3461 635 3545 674 me

1965 695 2290 750 contumelia
2316 705 2365 751 et
2396 696 2600 767 injuria
2631 700 2882 770 a/fectum
2911 703 3216 760 vindicarit.

2034 785 2232 859 4971)
2261 787 2504 846 Tametsi
2531 806 2662 847 vero
2693 793 2998 852 abundaret
3028 797 3258 869 divitiis,
3292 810 3351 856 ut
3376 817 3541 860 nemo

1966 880 2023 935 in
2055 882 2190 939 urbe
2222 885 2421 955 magis,
2464 894 2672 943 vestem
2715 895 2898 944 tamen
2929 891 3149 948 unicam
3194 895 3446 965 gestabat
3485 907 3542 954 et

1963 983 2174 1042 aestate,
2203 986 2259 1033 et
2287 977 2480 1050 hyeme
2515 997 2530 1035 :
2559 981 2692 1052 quin
2721 991 2900 1038 etnon
2918 985 3194 1043 calceatus
3220 989 3541 1062 plerumque

1965 1067 2275 1135 incedebat,
2312 1070 2418 1126 nisi
2449 1087 2574 1127 cum
2611 1073 2870 1130 honestas
2904 1076 3106 1134 calceis
3158 1079 3240 1134 uti
3287 1083 3539 1151 cogebat.

1964 1159 2094 1220 Dies
2138 1171 2440 1236 noctesque
2486 1181 2672 1221 rerum
2725 1169 3079 1226 meditatione
3132 1172 3344 1230 deﬁxus
3385 1186 3538 1244 erat,

1962 1256 2110 1326 quod
2137 1272 2263 1311 eum
2301 1265 2500 1314 natura
2535 1257 2603 1313 ad
2633 1258 2920 1316 dicendum
2951 1276 3016 1316 ex
3047 1271 3289 1334 tempore
3312 1281 3420 1321 non
3449 1283 3543 1323 sa-

1964 1348 2037 1404 tis
2075 1357 2263 1420 aptum
2294 1350 2595 1419 genuisset,
2626 1361 2686 1406 ut
2709 1352 2852 1421 quod
2875 1362 3086 1410 naturae
3116 1356 3323 1425 deerat,
3357 1359 3545 1415 labore

1962 1449 2219 1511 pensaret
2258 1460 2273 1497 :
2309 1449 2364 1497 et
2414 1457 2525 1513 quo
2571 1443 2784 1500 facilius
2845 1447 3197 1512 excitaretur,
3247 1459 3301 1504 et
3330 1451 3542 1520 cogita-

1964 1530 2114 1586 tione
2141 1529 2220 1584 uti
2260 1541 2464 1601 posset,
2495 1532 2757 1588 lectulum
2792 1534 3023 1592 habebat
3076 1540 3442 1608 suppositum,
3481 1543 3538 1596 in

1961 1636 2073 1691 quo
2104 1621 2260 1692 pellis
2296 1631 2505 1678 tantum
2539 1633 2658 1680 erat
2683 1626 2896 1691 villosa,
2943 1637 2997 1684 et
3025 1631 3281 1689 cervical.
3324 1632 3454 1688 Erat
3484 1635 3537 1688 in

1961 1728 2028 1769 eo
2059 1730 2273 1771 summa
2319 1716 2374 1771 in
2411 1717 2685 1788 loquendo
2732 1720 2957 1776 libertas
2992 1730 3212 1792 propter
3259 1727 3539 1793 generosi-

1964 1814 2155 1863 tatem.
2199 1807 2338 1865 Cum
2377 1811 2807 1868 Atheniensibus
2857 1814 3152 1884 aliquando
3195 1819 3373 1887 ipsum
3406 1834 3540 1873 con-

1964 1899 2274 1955 cionantem
2311 1917 2421 1957 non
2461 1901 2668 1958 ferrent
2694 1903 2762 1958 ad
2807 1918 2904 1960 eos
2945 1906 3316 1961 exclamavit:
3357 1907 3401 1961 0
3437 1909 3542 1977 [la-

1962 2006 2117 2059 grum
2146 1990 2507 2062 Corcyraeum,
2537 2011 2695 2064 quam
2740 1995 2922 2048 multis
2953 1995 3166 2051 talentis
3195 2014 3249 2052 es
3286 1999 3542 2068 dignum?

1961 2080 2100 2136 Cum
2131 2097 2264 2138 vero
2305 2084 2512 2140 instare
2569 2100 2717 2142 mors
2767 2087 3086 2156 videretur,
3138 2106 3198 2145 se
3245 2092 3299 2147 in
3348 2095 3540 2149 matris

1962 2171 2128 2227 deum
2158 2173 2466 2240 delubrum,
2492 2175 2558 2230 ad
2593 2186 2840 2231 senatum
2873 2179 3070 2234 deferri
3095 2181 3282 2252 jussit,
3313 2184 3539 2253 cupiens

1962 2279 2145 2318 rerum
2180 2279 2211 2319 a
2250 2280 2311 2320 se
2361 2265 2416 2320 in
2450 2266 2728 2336 republica
2778 2277 3057 2336 gestarum
3108 2271 3377 2326 rationem
3415 2273 3540 2328 red-

1960 2354 2092 2410 dere
2136 2373 2151 2410 :
2188 2356 2280 2411 ubi
2311 2372 2433 2411 cum
2488 2357 2638 2412 illum
2690 2367 2751 2412 ut
2781 2361 2931 2418 omni
2974 2362 3250 2418 calumnia
3287 2364 3540 2434 superio-

1960 2462 2077 2503 rem
2101 2462 2367 2504 accusare
2392 2459 2585 2518 praeter
2608 2448 3063 2506 Menesaechmum
3098 2454 3323 2510 auderet
3354 2471 3536 2522 nemo,

1961 2539 2185 2596 domum
2214 2551 2301 2597 est
2327 2541 2536 2597 relatus
2565 2550 2620 2597 et
2655 2551 2926 2599 mortuus.
2951 2543 3138 2615 Neque
3159 2546 3212 2601 in
3241 2547 3345 2602 hac
3374 2549 3540 2603 modo

1963 2633 2318 2689 contentione
2357 2634 2553 2699 victor,
2585 2634 2682 2691 sed
2723 2644 2779 2690 et
2825 2652 3203 2707 saepenumero
3244 2648 3540 2696 accusatus

1961 2724 2291 2784 criminibus
2323 2725 2484 2783 facile
2529 2728 2806 2796 refutatis,
2857 2730 3207 2787 adversarios
3238 2732 3536 2803 superavit.

1965 2815 2117 2889 Saepe
2146 2821 2309 2874 etiam
2342 2833 2580 2877 coronas
2611 2836 2641 2876 a
2663 2822 2866 2893 populo
2898 2822 3127 2893 accepit.
3155 2823 3324 2879 Filios
3353 2833 3538 2880 autem

1960 2925 2029 2965 ex
2071 2910 2296 2968 Calliste
2323 2911 2620 2978 Abronem,
2651 2913 2983 2986 Lycurgum,
3039 2925 3094 2970 et
3126 2914 3538 2987 Lycophronem

1961 3002 2204 3073 reliquit,
2236 3019 2399 3074 quos,
2430 3017 2650 3060 mortuo
2681 3007 2954 3080 Lycurgo,
2993 3008 3196 3080 ingrati
3240 3008 3541 3064 Athenien-

1962 3110 2052 3151 ses
2077 3094 2491 3153 Undecemviris
2521 3099 2887 3164 tradiderunt.
2929 3110 3226 3156 accusante
3277 3097 3537 3156 Menesae—

264 3185 769 3256 κατηγορήσαντας
791 3226 808 3253 ,
873 3184 1231 3256 γραψαμένου
1316 3186 1375 3241 δὲ
1458 3187 1855 3257 Θρασυκλέους.

1963 3188 2145 3256 chmo,
2173 3188 2474 3262 Thrasycle
2505 3194 2908 3248 accusationem
2940 3193 3234 3250 scribente.
3279 3193 3385 3248 Sed
3409 3207 3536 3247 cum

264 3280 551 3350 ’Υστερον
615 3279 799 3351 μέντοι
845 3278 1073 3344 τούτους
1127 3275 1429 3347 ἠθώωσανζ
1481 3283 1856 3354 Δημοσθένους

257 3372 687 3436 ἐπιστείλαντος
741 3373 848 3426 ἀπὸ
897 3372 999 3443 τῆς
1060 3372 1243 3443 φυγῆς
1284 3374 1397 3436 τοῖς
1435 3372 1739 3442 Ἀθηναίοις
1781 3374 1857 3439 ὡς

255 3462 481 3534 πολλὴν
536 3463 718 3516 αὐτῶν
755 3464 1168 3519 κατεσκέδασαν
1224 3461 1501 3533 διαϐολὴν,
1535 3463 1856 3531 τηλικούτου

253 3556 480 3619 παιδας
527 3555 723 3628 ἀνδρὸς
767 3557 1144 3628 δεσμωτήριον
1181 3557 1355 3609 οίκεῖν
1410 3555 1858 3627 παραδεδωκότες

251 3645 389 3700 ἀνθ’
416 3639 496 3700 ὧν
523 3645 553 3698 6
579 3647 763 3717 πατὴρ
792 3646 1200 3710 ἐπολιτεύσατο,
1239 3645 1299 3700 ὃν
1329 3643 1426 3700 καὶ
1451 3644 1632 3710 ζῶντα
1668 3645 1736 3699 δι’
1761 3646 1852 3700 αι-

249 3733 397 3800 δοῦς
425 3752 489 3789 τε
512 3736 559 3767 ³⁸
586 3730 723 3808 ἦγον
747 3736 843 3790 καὶ
866 3735 1199 3807 ἐθαύμαζον.

986 3851 1146 3909 ΣΞΘ.

346 3941 809 4015 ’Δνεγνώσθησαν
860 3944 906 3978 ⁸⁸
959 3944 1232 4015 διαφόρων
1285 3942 1448 4015 ἱερῶν
1503 3941 1715 4015 ἀνδρῶν
1766 3941 1857 3998 λό-

251 4041 475 4106 γοικα’,
496 4035 786 4108 διαφόρους
805 4037 1088 4101 ὑποθέσεις
1113 4038 1521 4109 μετερχόμενοι,
1546 4028 1622 4092 ὧν
1650 4039 1684 4109 ἡ
1713 4054 1854 4109 παρο

252 4127 410 4182 οὖσα
449 4127 651 4200 ἐκλογὴ
678 4129 778 4198 τῆς
805 4128 914 4181 τῶν
940 4131 1197 4201 ῥημάτων
1248 4129 1510 4201 καλλονῆς
1538 4129 1634 4184 καὶ
1661 4130 1858 4200 ὡραιό-

254 4235 442 4288 τητος
478 4218 657 4286 ἔρωτα
687 4217 952 4284 λαϐοῦσα,
1001 4220 1138 4290 πρὸς
1166 4221 1380 4285 ἐκείνας
1410 4222 1486 4285 ὡς
1525 4221 1731 4274 ἐπίπαν
1760 4222 1856 4276 καὶ

252 4307 362 4361 τὸν
426 4305 681 4358 πλεῖστον
738 4307 941 4362 σκοπὸν
990 4307 1094 4378 τῆς
1143 4308 1407 4373 ἐκδόσεως
1449 4311 1855 4384 ἀναφερόμενον

253 4396 412 4466 ἔχει,
443 4395 494 4447 εί
523 4396 618 4448 καὶ
643 4393 809 4465 ἕτερά
826 4412 949 4450 τινα
974 4396 1202 4462 ταύταις
1231 4397 1609 4468 συνεισάγεται
1641 4402 1710 4455 ⁸³.

1963 3280 2353 3338 Demosthenes
2394 3284 2448 3339 in
2495 3284 2686 3339 exsilio
2729 3301 2915 3358 agens,
2959 3301 3055 3356 per
3103 3285 3315 3340 litteras
3358 3285 3533 3339 Athe-

1959 3372 2240 3428 niensibus
2267 3373 2618 3442 significaret,
2644 3375 2787 3430 male
2812 3376 2934 3430 illos
2957 3377 3146 3432 audire
3179 3377 3250 3432 ob
3270 3377 3408 3431 tanti
3431 3376 3534 3432 viri

1963 3464 2104 3520 filios
2126 3464 2360 3520 vinculis
2387 3466 2638 3530 traditos,
2666 3467 2810 3536 quod
2844 3476 2995 3538 pater
3019 3468 3408 3537 rempublicam
3437 3469 3538 3522 ad-

1961 3555 2312 3623 ministrarit,
2338 3571 2502 3626 quem
2535 3557 2698 3611 etiam
2727 3558 2911 3612 vivum
2943 3568 3253 3614 reverenter
3277 3558 3534 3614 admirati

1955 3657 2166 3714 essent,
2201 3657 2259 3705 et
2279 3648 2581 3706 coluissent
2603 3690 2620 3717 ,
2642 3651 2887 3706 insontes
2917 3650 3282 3707 declararunt.

2600 3842 2878 3901 CCLXIX.

2031 3929 2159 4006 Legi
2189 3931 2535 3989 diversorum
2590 3944 2906 3990 sanctorum
2962 3937 3208 3990 virorum
3245 3935 3416 3991 libros
3450 3935 3532 3990 vi-

1958 4025 2091 4097 ginti
2123 4036 2178 4082 et
2202 4043 2395 4093 unum,
2417 4027 2758 4082 diversorum
2797 4029 3023 4084 omnino
3049 4038 3529 4100 argumentorum:

1959 4117 2106 4173 unde
2144 4118 2258 4172 haec
2283 4118 2544 4188 epitome,
2579 4118 3042 4188 pulchritudinem
3083 4124 3532 4187 venustatemque

1955 4207 2249 4263 verborum
2294 4209 2788 4279 comprehendens,
2832 4223 2898 4263 eo
2943 4208 3094 4263 hisce
3135 4207 3390 4262 omnibus
3436 4223 3534 4261 ex-

1954 4298 2128 4370 ceptis
2178 4299 2424 4369 respicit,
2459 4315 2773 4372 quanquam
2825 4301 2929 4354 alia
2961 4299 3218 4354 nonnulla
3273 4315 3398 4355 cum
3443 4299 3533 4356 his

1953 4386 2377 4464 coniungantur.

268 4509 578 4576 Ἠσυχίου
620 4509 1027 4581 πρεσϐυτέρου
1061 4509 1500 4581 Ἰεροσολύμων
1534 4512 1603 4567 ἐκ
1633 4512 1740 4568 τοῦ
1761 4513 1850 4581 είς

1960 4507 2044 4564 Ea:
2083 4508 2652 4581 Hesychiipresbyteri
2679 4507 3155 4581 Hierosolymitnni
3193 4505 3445 4581 Encomio
3472 4506 3530 4560 in

628 4580 738 4633 τὸν
768 4578 939 4649 ἅγιον
961 4579 1170 4650 Θωμᾶν
1191 4578 1502 4652 ἐγκωμιου.

351 4753 809 4826 ’Δνεγνὼσθησαν
832 4756 879 4788 ’³
920 4756 1173 4829 Ἦσυχίου
1206 4757 1580 4831 πρεσϐυτέρου
1624 4757 1856 4829 Ἱεροσο-

254 4847 465 4917 λύμων
510 4848 575 4900 ἐκ
602 4848 694 4901 τοῦ
735 4849 816 4913 είς
845 4849 935 4903 τὸν
983 4850 1139 4919 ἆγιον
1170 4850 1428 4922 ’Δνδρέαν
1459 4851 1506 4883 ⁸⁵
1551 4851 1852 4922 ἐγκωμίου.

259 4938 442 5012 [1488
469 4937 563 5011 8.]
609 4939 852 5008 Σάλπιγξ
900 4943 1046 5012 ἡμᾶς
1077 4942 1323 5014 ίερατικὴ
1368 4943 1504 5014 πρὸς
1543 4943 1855 5014 πανήγυριν

253 5033 531 5104 ἥθροισεν
581 5031 835 5101 Ἀνδρέας
857 5033 886 5085 6
908 5031 1003 5086 τοῦ
1033 5033 1196 5104 χοροῦ
1225 5033 1335 5087 τῶν
1355 5033 1666 5087 ἀποστόλων
1702 5052 1853 5108 πρω-

1884 4563 1931 4623 Ῐ)
1961 4563 1972 4564 7
2029 4563 2241 4634 beatum
2285 4563 2897 4648 ThbmauiJDominica
2929 4563 2991 4633 in
3038 4577 3184 4632 Albis
3229 4578 3364 4644 forte
3405 4593 3529 4646 pro-

2029 4653 2296 4705 nuntiato.
2324 4649 2483 4704 Joan.
2516 4647 2632 4719 20.]

2023 4762 2228 4835 ἤθεα
2299 4760 2557 4831 Legimus
2614 4759 2874 4814 nonnulla
2910 4757 3162 4830 Hesychii
3227 4758 3527 4832 presbyteri

1953 4852 2431 4925 ilierosolymitani
2467 4868 2531 4906 ex
2565 4852 2819 4907 encomio
2847 4852 3021 4906 sancti
3047 4851 3274 4906 Thomas
3310 4869 3324 4905 :
3359 4851 3529 4907 Sacra

1951 4948 2044 5002 illa
2073 4945 2200 5000 tuba
2221 4945 2486 5010 Andreas,
2509 4945 2719 5015 primus
2742 4945 3112 5014 apostolorum
3141 4945 3324 5011 fimus,
3352 4945 3525 5014 prima

1953 5033 2212 5088 Ecclesiae
2242 5033 2496 5087 columna
2531 5071 2546 5096 ,
2575 5041 2697 5086 ante
2732 5030 2952 5086 Petrum
2993 5040 3165 5102 petra,
3193 5031 3527 5088 fundamenti

256 5124 518 5185 τότοκος,
563 5123 594 5175 6
626 5124 998 5194 πρωτοπαγὴς
1046 5125 1147 5194 τῆς
1183 5125 1510 5195 Ἐκκλησίας
1565 5125 1774 5191 στύλος,
1834 5129 1864 5181 6

1960 5124 2362 5180 fundamentum
2399 5164 2414 5189 ,
2455 5123 2598 5178 initii
2641 5124 2932 5193 primitias,
2976 5139 3180 5179 vocans
3231 5133 3526 5194 antequam

258 5213 382 5284 πρὸ
411 5213 622 5282 Πέτρου
655 5213 858 5283 Πέτρος
879 5214 949 5278 ³⁸,
978 5215 1008 5266 6
1035 5214 1129 5268 τοῦ
1160 5215 1414 5286 θεμελίου
1445 5217 1714 5288 θεμέλιος,
1752 5220 1786 5284 ἡ
1804 5219 1850 5250 ’⁸

1960 5225 2270 5285 vocaretur,
2315 5218 2592 5273 adducens
2649 5225 2941 5286 antequam
2995 5216 3381 5282 adduceretur,
3425 5233 3528 5275 nos

257 5307 372 5377 τῆς
399 5305 579 5377 ἀρχῆς
625 5305 770 5378 ἀρχὴ
793 5306 862 5374 ³⁷,
889 5306 920 5360 6
952 5307 1082 5380 πρὶν
1111 5307 1376 5380 κληθῆναι
1417 5308 1620 5374 καλῶν,
1656 5309 1686 5362 6
1721 5309 1853 5380 πρὶν

1960 5308 2028 5364 ad
2083 5318 2414 5366 conventum
2469 5309 2617 5364 hunc
2679 5307 2996 5364 solemniter
3049 5309 3318 5380 agendum
3390 5309 3527 5366 inci-

1558 5511 1792 5567 VARlA‘I
1833 5508 2234 5567 LECTIONES.

347 5646 392 5723 [³
419 5659 497 5723 χε
521 5643 717 5723 Agre
743 5658 805 5707 ς.
914 5646 962 5678 ιδ
991 5647 1126 5723 τῶν,
1171 5648 1273 5723 καί
1319 5649 1434 5723 τῷν
1467 5648 1527 5723 Β.
1633 5650 1682 5723 "_
1716 5651 1827 5705 τῶν
1858 5655 2064 5723 om.'A.
2160 5653 2204 5684 "
2230 5650 2465 5723 ἐπήκοον
2505 5653 2564 5723 Β,
2593 5669 2608 5708 :
2635 5651 2666 5706 ὕ

269 5714 320 5746 ³⁸
354 5711 1050 5792 ἕνδεκαοηὲνβεσμῳτληρίῳ
1236 5720 1279 5792 ‘_’
1318 5721 1636 5792 Μεναίχμου
1669 5721 1728 5778 B.
1816 5722 1880 5792 _'°
1915 5739 1971 5774 τε
2024 5724 2112 5774 A:
2156 5738 2219 5788 γε
2264 5711 2335 5786 ς.’
2432 5724 2475 5754 ³⁸
2524 5711 2994 5792 Ἀνεγνώσθησαῖν.
3069 5725 3114 5756 ³⁸
3144 5711 3526 5792 συνεισάγεται

267 5800 389 5866 om.
418 5786 485 5838 A.
524 5785 609 5866 _’_’
647 5783 1033 5866 dvajvdmgiﬂ
1078 5788 1332 5866 'iicuxiou
1360 5790 1422 5866 li.
1495 5783 1791 5866 ῖίνᾋνδρέα
1885 5814 1897 5847 :
1939 5783 2243 5866 Θωμᾶνξς.
2276 5783 2291 5786 ἡ
2320 5795 2365 5834 ἰ
2385 5792 2413 5846 6
2443 5794 2549 5866 πρὸ
2586 5783 2793 5866 Πέτρου
2831 5783 3030 5866 πέτρα,
3068 5795 3098 5847 6
3123 5795 3231 5866 πρὸ
3249 5793 3344 5851 τοῦ
3375 5783 3429 5850 θ.
3466 5793 3517 5848 θ.

277 5853 501 5911 Suicer.
524 5852 695 5911 Thes.
735 5852 772 5907 2
807 5871 860 5926 p.
893 5852 1027 5914 7(2.‘
1099 5860 1145 5892 "
1179 5852 1291 5932 η”Α
1331 5879 1345 5919 :
1379 5863 1408 5915 6
1441 5879 1502 5926 ς.
1579 5864 1622 5897 ³⁷
1651 5852 1796 5936 ἁρχὴ
1831 5865 1874 5918 Δ
1906 5883 1920 5922 :
1963 5852 2206 5935 ἀπαρχη
2229 5879 2289 5928 ς’.

2753 5670 2876 5707 κοον
2916 5671 2976 5718 ς.
3091 5654 3134 5685 ¹⁷
3160 5655 3276 5717 τοῖς
3303 5667 3415 5708 om.
3457 5655 3522 5708 Α.
