3856 6298
553 365 653 429 199

1698 353 1956 415 PHOTII
1992 351 2499 412 PATRIARCH/E
2529 352 2635 410 CP.

3663 364 3758 427 200

549 479 703 531 tavit.
752 473 1100 543 Evangelium
1153 471 1240 527 cui
1274 470 1512 526 nondum
1545 467 1870 522 credebatur
1915 464 2115 535 praedi-

2232 463 2590 534 προσαχθῆναι
2609 459 3256 534 προσάγων.Εὐαγγέλιον
3278 464 3528 533 κηρύττει
3549 468 3576 520 ὂ
3594 474 3663 542 μή
3684 492 3759 530 πω

554 568 717 631 cavit,
738 576 791 620 et
818 565 973 619 fratri
1000 564 1152 633 prius
1176 578 1336 633 quam
1357 561 1609 623 disceret,
1630 559 1792 612 vitam
1826 556 2117 611 revelavit:

549 658 751 712 Tantas
800 656 879 709 'rlli
931 655 1150 708 divitias
1201 653 1292 706 illa
1342 649 1693 719 interrogatio
1748 647 1966 702 attulit:
2022 644 2120 699 Ubi

548 747 800 801 habitas?
860 744 1187 814 Quanquam
1259 755 1518 811 magnum
1580 738 1786 809 aliquid
1834 737 2121 807 responsio

550 839 760 903 habuit,
808 847 869 893 ut
914 834 1161 891 Andreas
1212 834 1381 888 menti
1440 832 1549 887 alte
1598 831 1829 900 inﬁgens
1899 829 2116 884 viderit.

561 928 710 994 Veni,
733 930 932 999 inquit,
966 941 1013 982 et
1041 929 1178 982 vide.
1220 925 1505 991 Quomodo
1531 924 1708 979 factus
1739 938 1798 979 es
1826 922 2123 993 propheta?

550 1018 698 1074 unde
727 1019 864 1073 adeo
912 1017 1169 1071 divinus?
1197 1015 1335 1081 Quid
1359 1013 1510 1070 Petri
1544 1014 1772 1070 auribus
1813 1013 2123 1081 obstrepis?

448 1101 474 1122 ’
550 1110 680 1178 quid
730 1109 995 1175 consequi
1047 1107 1198 1161 illum
1255 1107 1494 1169 conaris,
1531 1120 1691 1175 quem
1732 1104 1926 1174 nequis
1972 1117 2123 1157 com-

549 1199 926 1270 prehendere?
955 1198 1061 1263 Qui
1089 1197 1290 1266 ubique
1321 1206 1426 1260 est,
1453 1196 1729 1266 quomodo
1765 1194 1997 1249 inveniri
2027 1209 2123 1263 po—

552 1291 695 1347 test?
736 1290 948 1345 Etenim
993 1289 1152 1344 scivit
1181 1288 1431 1343 Andreas
1474 1288 1607 1356 quid
1640 1286 1882 1341 diceret:
1916 1285 2125 1339 Inveni-

528 1399 677 1437 .tnus
706 1398 865 1452 quem
898 1381 1133 1451 perdidit
1164 1380 1360 1443 Adam,
1381 1380 1470 1434 cui
1501 1379 1610 1433 Eva
1641 1380 1898 1433 damnum
1922 1377 2120 1441 attulit,

553 1489 716 1544 quem
757 1473 964 1542 peccati
1009 1472 1207 1527 nebula
1236 1473 1305 1526 ab
1353 1471 1528 1526 oculis
1584 1470 1789 1525 nostris
1816 1468 2121 1529 abscondit,

553 1581 715 1635 quem
745 1565 1107 1620 inobedientia
1133 1581 1162 1619 a
1187 1565 1346 1620 nobis
1374 1564 1651 1626 alienavit,
1683 1579 1845 1633 quem
1877 1562 2123 1631 quaesivit

554 1652 724 1709 David
765 1672 780 1707 :
818 1652 883 1707 In
937 1654 1021 1707 die
1060 1654 1421 1707 tribulationis
1456 1668 1582 1708 mea:
1620 1652 1789 1706 Deum
1821 1649 2117 1721 exquisivif

555 1752 610 1796 et
637 1740 945 1810 Sophonias
994 1739 1192 1795 clamat
1225 1758 1239 1794 :
1286 1739 1520 1805 Quwrite
1556 1740 1724 1794 Deum
1758 1754 1934 1793 omnes
1975 1754 2123 1791 man-

553 1834 687 1887 sueti
758 1844 913 1888 terra:
976 1835 1022 1887 Β.
1100 1832 1378 1888 Percussit
1467 1846 1569 1888 nos
1634 1833 1817 1897 Deus,
1902 1833 2123 1902 quando

531 1926 825 1979 Adamnan
896 1924 962 1979 ad
1031 1934 1261 1979 mortem
1333 1924 1727 1993 molestamque
1796 1926 1964 1978 vitam
1994 1939 2124 1978 con—

559 2016 839 2069 demnavit
898 2033 912 2069 :
964 2014 1188 2071 Sanavit
1245 2032 1378 2079 nos,
1428 2019 1691 2085 percussit
1724 2058 1740 2079 ,
1789 2027 1838 2070 et
1917 2016 2122 2069 curavit

559 2122 651 2159 nos
686 2100 737 2159 ιι.
775 2105 1007 2171 Quando
1036 2106 1334 2161 cruciﬁxus
1366 2122 1468 2175 pro
1514 2108 1734 2177 populo,
1776 2108 2037 2176 languore
2072 2116 2125 2162 et

560 2197 968 2253 resurrectione
1039 2212 1230 2253 omnes
1293 2198 1526 2252 sanavit.
1592 2196 1783 2253 Nudus
1847 2198 1903 2252 in
1964 2213 2126 2253 cruce

560 2287 804 2343 Christus
848 2289 1120 2358 pependit,
1158 2290 1370 2355 insons,
1404 2298 1555 2343 veste
1585 2304 1693 2343 non
1741 2289 2007 2360 indigens.
2042 2288 2127 2342 ln-

561 2399 765 2437 nocens
791 2381 915 2447 fuit,
952 2390 1006 2437 et
1041 2382 1269 2436 multam
1302 2381 1592 2437 manifesto
1627 2382 1883 2453 dependit
1924 2401 1936 2435 :
1968 2382 2024 2437 In
2061 2398 2126 2438 eo

560 2473 762 2527 [indum
797 2472 930 2527 nihil
973 2471 1124 2527 fuit:
1174 2474 1290 2541 ipse
1335 2473 1481 2527 enim
1529 2484 1773 2529 nostram
1828 2474 2125 2530 foeditatem

560 2564 617 2618 in
640 2578 896 2619 ornatum
920 2566 1213 2619 convertit.
1242 2564 1569 2621 Invenerunt
1595 2579 1872 2637 unguenta
1894 2567 2128 2625 ferentes

562 2655 845 2722 mulieres,
896 2657 1043 2725 quod
1089 2672 1184 2725 per
1215 2656 1384 2710 Evam
1436 2660 1751 2713 amiserant.
1798 2658 2006 2713 Invenit
2038 2658 2130 2711 lu-

562 2760 716 2799 crum
762 2761 884 2815 quer
917 2761 1091 2815 ptume
1140 2761 1367 2802 causam
1406 2748 1676 2805 dederat:
1734 2748 1911 2803 Veniet
1960 2748 2128 2812 nobis,

564 2843 621 2886 ut
654 2836 947 2888 matutinus
965 2845 1014 2888 et
1062 2837 1321 2890 serotinus
1346 2846 1498 2892 terra:
1534 2840 1577 2897 ί.
1609 2839 1804 2909 Aspice
1834 2840 1999 2910 igitur
2024 2839 2130 2895 Do-

566 2926 796 2991 minutn,
830 2934 953 2994 post
979 2929 1436 2984 resurrectionem
1466 2945 1623 2986 mane
1645 2932 1984 2997 mulieribus,
2009 2949 2131 2988 ves-

568 3016 685 3084 peri
735 3016 1014 3086 Apostolis
1051 3027 1423 3088 apparentem.
1456 3019 1612 3077 Mane
1661 3024 1880 3093 quidem
1933 3025 2129 3079 mulie-

2222 554 2596 608 πεπίστευται·
2617 554 2748 624 πρὶν
2770 552 2959 623 μαθεῖν
2980 551 3057 621 τῷ
3071 550 3282 621 ἀδελφῷ
3297 554 3654 614 ἀποκαλύπτει
3673 566 3760 635 τὴν

2222 647 2386 716 ζωήν·
2409 646 2659 699 τοσοῦτον
2674 644 2822 714 αὐτῷ
2839 644 3065 698 πλοῦτον
3079 646 3113 715 ή
3129 645 3221 697 τοῦ
3240 647 3361 699 Ποῦ
3371 648 3567 717 μένεις
3591 655 3632 686 ιθ
3644 658 3763 727 ὲρὼ,

2221 754 2375 807 τησις
2405 739 2766 809 ¹⁹ὲχαρίσατο.
2791 737 2984 789 Καίτοι
2998 735 3050 789 τί
3069 736 3210 806 μέγα
3244 731 3390 807 εἶχεν
3425 740 3458 808 ή
3486 741 3756 815 ἀπόκρισις

2220 823 2332 881 οἷον
2348 829 2595 901 Ἀνδρέας
2616 826 2935 898 ὲμὸαθύνων
2952 827 3042 880 τὸν
3063 825 3187 879 νοῦν
3206 824 3512 899 ἐθεώρησεν
3531 848 3544 863 ·
3562 834 3765 903 Ἔρχου

2220 923 2330 991 γάρ
2347 938 2500 991 φησι,
2546 920 2645 974 καί
2677 920 2786 974 ἴδε.
2819 920 2943 983 Πῶς
2966 918 3195 987 γέγονας
3217 918 3262 951 ³ο
3283 921 3596 993 προφήτης;
3620 927 3766 983 πόθεν

2225 1016 2477 1085 θεοφόρος
2498 1014 2561 1068 ὰθ
2572 1014 2690 1085 ρόον
2712 1033 2727 1081 ;
2748 1014 2798 1067 τί
2824 1011 3071 1083 Θορυϐεῖς
3099 1011 3192 1064 τοῦ
3223 1012 3429 1084 Πέτρου
3461 1014 3558 1078 τὰς
3573 1018 3764 1083 ἁκοάς;

2221 1110 2275 1162 τί
2308 1108 2511 1178 φθάσαι
2559 1108 2831 1172 σπεύδεις,
2861 1107 2921 1159 ὃν
2948 1107 3010 1160 οὐ
3038 1105 3170 1178 δύνῃ
3208 1105 3441 1175 φθάσαι;
3464 1109 3493 1161 6
3514 1114 3766 1182 πανταχοῦ

2224 1200 2412 1270 παρὼν
2460 1198 2577 1263 πῶς
2606 1198 2917 1270 εὑρεθῆναι
2970 1196 3192 1251 δύναται
3221 1211 3236 1258 ;
3290 1194 3427 1248 ἀλλὰ
3454 1198 3559 1268 γὰρ
3583 1193 3713 1254 οἶδεν
3744 1205 3769 1257 ὁ

2235 1292 2485 1363 Ἀνδρέας
2509 1291 2727 1359 ὃλέγει.
2760 1290 3091 1361 Εὑρήκαμεν
3124 1288 3185 1340 ὃν
3211 1286 3489 1341 ἀπώλεσεν
3522 1290 3551 1340 ὁ
3593 1290 3766 1363 Ἀδὰμ,

2221 1384 2282 1436 ὃν
2313 1381 2594 1453 ἐζημιώθη
2625 1384 2660 1453 ἡ
2709 1381 2839 1444 Εὔα,
2871 1381 2929 1434 ὂν
2960 1383 2994 1451 ἡ
3024 1379 3221 1449 νεφέλη
3253 1379 3352 1446 τῆς
3382 1380 3650 1450 ἁμαρτίας
3673 1386 3769 1438 ἀπὸ

2221 1475 2331 1528 τῶν
2359 1474 2651 1545 ὀφθαλμῶν
2679 1473 2787 1526 τῶν
2824 1474 3108 1543 ἡμετέρων
3142 1470 3399 1540 ἔκρυψεν,
3443 1470 3502 1524 ὃν
3529 1472 3769 1543 ἐχώρισεν

2221 1570 2254 1636 ἡ
2265 1567 2378 1635 μῶν
2412 1568 2444 1636 ἡ
2473 1564 2744 1636 παραῆοὴ,
2781 1564 2839 1617 ὃν
2866 1564 3047 1633 ἐζήτει
3076 1562 3269 1615 Δαϐίδ·
3320 1563 3417 1615 Ἐν
3445 1563 3629 1631 ἡμέρᾳ
3656 1569 3769 1620 θλί.

2221 1656 2382 1726 ψεώς
2403 1674 2523 1724 μου
2580 1656 2687 1708 τὸν
2743 1654 2893 1707 Θεὸν
2923 1650 3274 1721 ἑξεζήτησα.
3312 1651 3445 1715 Καὶ,
3487 1652 3771 1719 Ζητήσατε

2223 1749 2330 1801 τὸν
2358 1750 2593 1815 Κύριον,
2626 1745 2884 1814 Σοφονίας
2936 1746 3055 1814 βοᾷ,
3091 1742 3316 1808 πάντες
3366 1744 3626 1797 ταπεινοί
3650 1746 3767 1814 γῆς.

2224 1842 2499 1893 Πέπαικεν
2521 1840 2669 1907 ἡμᾶς
2695 1840 2723 1890 ὁ
2750 1836 2903 1900 Θεὸς,
2955 1836 3116 1904 ἡνίκα
3149 1833 3243 1888 τοῦ
3277 1833 3449 1904 Ἀδὰμ
3476 1835 3769 1890 κατεδίκασε

2225 1931 2449 1984 θάνατον
2475 1931 2569 1983 καὶ
2604 1929 2716 1998 βίον
2742 1928 3015 1980 ἐπίπονον·
3047 1925 3287 1980 Ἰἀσατο
3307 1925 3375 1977 δὲ
3405 1928 3501 1979 καὶ
3526 1926 3771 1991 πατάξας

2223 2023 2544 2092 ὲμότωσεν,
2582 2021 2670 2073 ὅτε
2705 2036 2836 2072 σταυ
2848 2018 3038 2088 ρωθεὶς
3064 2017 3205 2089 ὑπὲρ
3228 2017 3326 2070 τοῦ
3349 2018 3537 2084 γένους
3565 2018 3640 2089 τῷ
3680 2019 3771 2089 μώ-

2224 2113 2367 2167 λωπι
2416 2111 2580 2165 αὑτοῦ
2614 2111 2756 2163 κατὰ
2793 2110 2885 2162 τὸν
2935 2109 3163 2161 Ἡσαΐαν
3209 2106 3306 2162 καὶ
3333 2109 3399 2179 τῇ
3428 2108 3704 2163 ἀναστάσει
3732 2111 3769 2143 ³⁸

2226 2205 2431 2265 πάντας
2486 2202 2696 2255 ἰάσατο.
2735 2199 2944 2270 Γυμνὸς
2991 2200 3083 2252 ἐπὶ
3102 2198 3198 2252 τοῦ
3236 2198 3473 2269 σταυροῦ
3496 2200 3771 2267 ὀΧριστὸς

2218 2296 2458 2363 ἀνήγετο
2483 2310 2498 2326 ⁸
2567 2292 2843 2363 ἁμαρτίαν
2909 2291 3022 2361 γὰρ
3049 2291 3148 2343 οὐκ
3190 2288 3332 2359 ἔχων
3364 2290 3591 2359 ἱματίων
3622 2290 3663 2321 ³⁸
3688 2293 3771 2345 οὐκ

2220 2386 2478 2459 ἔχρῃζεν.
2540 2386 2804 2454 Ἀμωμος
2848 2378 2917 2453 ἦν
2943 2383 3039 2435 καὶ
3082 2381 3371 2436 λανθάνειν
3402 2382 3501 2434 οὐκ
3540 2382 3767 2448 ὠφειλεν,

2229 2478 2401 2530 Οὐθὲν
2422 2477 2467 2507 ³³
2492 2470 2562 2545 ἦν
2580 2476 2830 2545 ἄσχημον
2857 2474 3007 2545 αὐτῷ
3022 2489 3038 2504 ο
3062 2475 3223 2537 αὐτὸς
3244 2475 3355 2545 γὰρ
3376 2475 3528 2545 ἡμῶν
3543 2476 3608 2530 τὰ
3626 2478 3771 2545 ἀσχή-

2231 2585 2367 2639 μονα
2415 2568 2729 2637 εὐσχήμονα
2793 2566 3083 2621 δείκνυσιν.
3142 2562 3318 2638 Εὗρον
3370 2569 3427 2620 αἱ
3481 2569 3767 2638 μυροφόροι,

2228 2660 2363 2731 ὅπερ
2404 2660 2493 2713 διὰ
2524 2659 2625 2728 τῆς
2682 2657 2823 2722 Εὔας
2872 2658 3161 2712 ἀπώλεσαν
3198 2674 3213 2689 ⁸
3258 2652 3387 2729 εὗρε
3434 2659 3495 2711 τὸ
3538 2660 3768 2728 κέρδοςή

2222 2750 2585 2821 παρασχοῦσα
2637 2752 2737 2820 τῆς
2782 2748 2987 2820 ζημίας
3027 2749 3126 2820 τὴν
3155 2749 3432 2804 ὑπόθεσιν.
3463 2750 3623 2814 ’Ἠξει
3648 2751 3770 2818 ἡμῖν

2229 2843 2309 2908 ὠς
2332 2842 2507 2908 ὑετὸς
2533 2841 2793 2912 πρώϊμος
2830 2841 2928 2895 καὶ
2960 2841 3201 2911 ὀψιμιος
3228 2840 3306 2909 τῇ
3334 2841 3429 2911 γῇ.
3458 2843 3597 2907 Ὅρα
3618 2844 3769 2894 τοίνυν

2230 2934 2321 2985 τὸν
2354 2932 2553 3003 Κύριον
2576 2932 2717 3003 μετὰ
2741 2933 2840 3002 τὴν
2870 2933 3160 2985 ἀνάστασιν
3197 2932 3450 3003 πρώῖμον
3472 2936 3587 2996 ταῖς
3610 2951 3771 2999 γυναι-

2234 3024 2334 3090 ξὶν,
2378 3026 2574 3094 ὄψιμον
2617 3023 2727 3087 τοῖς
2766 3023 3086 3095 ἀποστόλοις
3128 3024 3476 3094 φαινόμενον.
3519 3023 3660 3093 Πρωῒ
3691 3025 3770 3093 μὲν

568 3108 743 3170 ribus,
766 3111 950 3173 Avete,
982 3112 1191 3180 vesperi
1224 3113 1277 3166 in
1309 3114 1527 3179 civitate
1557 3114 1687 3172 Sion
1730 3132 1919 3186 pacem
1952 3118 2130 3173 disci—

2234 3119 2339 3188 γάρ
2371 3120 2489 3180 ταῖς
2516 3118 2753 3186 γυναιξὶ,
2774 3116 3025 3187 Χαίρετε,
3061 3116 3158 3186 ὀψὲ
3189 3117 3246 3169 δὲ
3278 3119 3353 3170 ἐν
3393 3119 3458 3188 τῇ
3493 3116 3773 3185 movetm-

570 3200 711 3267 pulis
740 3201 1097 3256 denuntiavit.
1132 3203 1242 3259 Illis
1268 3206 1486 3274 quidem
1529 3216 1589 3263 ut
1635 3223 1925 3264 mterorem
1958 3211 2131 3265 deter-

568 3301 720 3360 geret
749 3309 762 3344 :
792 3292 876 3347 his
920 3310 1047 3348 vero
1094 3306 1154 3349 ut
1187 3296 1421 3352 solveret
1458 3298 1795 3367 inimicitias,
1831 3318 1969 3371 quas
2019 3318 2135 3357 ser-

572 3398 706 3450 pens
765 3384 1016 3439 invexit:
1063 3385 1140 3440 Tu
1181 3390 1447 3443 vocaberis
1502 3389 1743 3459 Cepltasi
1795 3410 1807 3446 :
1842 3401 1971 3447 ante
2004 3408 2135 3448 con-

578 3475 867 3531 fessionem
892 3494 1122 3542 merces,
1153 3490 1443 3550 antequam
1466 3482 1521 3536 in
1544 3484 1703 3539 vinea
1728 3485 2015 3552 laborat-is,
2041 3486 2134 3540 de—

574 3569 785 3621 narium
805 3571 1080 3639 accepisti.
1108 3573 1415 3643 Antequam
1445 3590 1595 3633 aram
1617 3576 1858 3646 tetigeris
1892 3577 2130 3648 τι.ωὸ

575 3658 900 3713 sacriﬁcium
942 3659 1083 3716 Deus
1124 3665 1365 3733 suscepit
1400 3680 1414 3717 :
1448 3675 1739 3734 antequam
1784 3668 2131 3738 przedicares,

574 3760 831 3799 coronam
865 3748 1141 3817 accepisti.
1176 3748 1454 3806 Mendicos
1498 3761 1551 3807 et
1584 3753 1832 3809 indoctos
1880 3755 2135 3810 Christus

573 3835 754 3902 elegit.
786 3835 905 3905 Ipsa
935 3839 1200 3908 sapientia
1232 3852 1500 3911 patronos
1529 3858 1635 3898 non
1667 3846 1880 3914 quaerit,
1910 3846 2005 3901 sed
2033 3847 2134 3900 mi-

572 3925 793 3980 nistros.
834 3926 1003 3981 Nemo
1053 3930 1147 3983 dat
1185 3932 1479 4002 quidquam
1528 3934 1628 4002 illi,
1670 3937 1739 3990 ab
1792 3938 1907 4006 ipsa
1953 3947 2132 3993 autem

573 4030 763 4071 clunes
793 4019 978 4073 omnia
1005 4022 1329 4093 accipimus.

1226 4287 1475 4344 CCLXX.

581 4384 660 4439 Ea:
698 4386 897 4442 Joanni
918 4390 1277 4463 Chrysostomi
1322 4400 1559 4454 oratione
1592 4400 1644 4455 in
1668 4400 1844 4456 divum
1874 4403 2127 4460 Paulum.

645 4472 806 4530 Lecta
840 4492 909 4531 ex
937 4479 1161 4539 Joannis
1207 4483 1582 4555 Cbrysostouti
1622 4491 1870 4547 oratione
1900 4491 1956 4547 in
1995 4494 2133 4547 divi-
2169 4464 2215 4523 ί)

575 4576 707 4615 num
748 4562 996 4621 Paulum.

568 4706 569 4709 η
652 4654 807 4711 Venit
857 4660 1200 4716 Antiochiam
1248 4662 1485 4730 Paulus,
1528 4676 1583 4722 et
1644 4676 1848 4724 tantam
1898 4672 2138 4728 ﬁdelium

577 4748 787 4818 c0piam
835 4750 1121 4818 plantavit,
1163 4763 1220 4806 ut
1270 4755 1505 4825 primum
1562 4758 1997 4818 Christianorum
2040 4780 2141 4819 no-

578 4858 698 4896 men
728 4842 1028 4897 Antiochia:
1058 4844 1375 4899 eﬁloruerit.
1412 4847 1637 4905 Divinus
1665 4853 1753 4908 ille
1794 4864 1980 4910 noster
2017 4873 2142 4912 ora-

580 4944 683 4997 tor,
722 4948 788 4987 ex
822 4933 1172 5004 inscriptione
1202 4952 1309 4993 arte
1338 4942 1679 4997 occasionem
1706 4948 1927 5015 capiens
1956 4950 2145 5005 dicen-

577 5024 651 5087 di,
686 5038 951 5093 suamque
980 5040 1010 5079 e
1061 5027 1321 5082 daemonis
1378 5029 1570 5087 litteris
1612 5035 1894 5090 veritatem
1944 5040 2144 5094 conﬁr-

2234 3226 2331 3279 νην
2353 3212 2464 3271 τοῖς
2496 3209 2762 3279 μαθηταῖς
2804 3207 3219 3278 προσεφώνησε,
3249 3209 3372 3271 ταῖς
3399 3208 3515 3277 μὲν,
3546 3208 3627 3260 ἵνα
3656 3206 3769 3275 λύσῃ

2232 3299 2332 3368 τὴν
2376 3298 2653 3366 ἀπόφασιν
2695 3298 2795 3366 τῆς
2857 3298 3054 3368 λύπης,
3103 3301 3213 3362 τοῖς
3256 3298 3339 3364 δὲ,
3403 3299 3489 3354 ἵνα
3530 3298 3650 3371 [812
3693 3296 3771 3351 il.l

2234 3388 2513 3460 καταλύσῃ
2557 3389 2659 3460 τὴν
2706 3389 2929 3461 ἔχθραν,
2974 3392 3041 3460 ἢν
3067 3392 3097 3444 6
3137 3391 3356 3461 δράκων
3402 3389 3754 3460 ἐκακούργησε

2234 3481 2318 3535 Σὺ
2353 3480 2633 3551 κληθήσῃ
2660 3482 2890 3551 Κηφᾶς.
2924 3483 3038 3552 Πρὸ
3082 3483 3182 3553 τῆς
3212 3484 3502 3555 ὁμολογίας
3525 3484 3553 3537 ὁ
3575 3482 3771 3554 μισθόςθ

2235 3571 2367 3643 πρὶν
2416 3572 2628 3644 ἐργάσῃ
2691 3572 2783 3625 τὸν
2819 3573 3135 3642 ἀμπελῶνα,
3159 3574 3217 3626 τὸ
3265 3573 3517 3645 δηνάριον
3566 3571 3775 3631 ἐλασες’

2235 3666 2363 3733 πρὶν
2391 3661 2617 3730 ἀνάψεις
2644 3662 2691 3693 ³⁸
2711 3663 2801 3715 τὸν
2830 3662 3032 3733 βωμὸν,
3056 3665 3154 3732 τὴν
3184 3665 3378 3719 θυσίαν
3408 3664 3734 3735 προσδέδεξαι
3762 3677 3774 3693 ο

2237 3752 2364 3821 πρὶν
2384 3750 2659 3821 κηρύξεις,
2681 3752 3081 3829 ὲστεφανώθης.
3112 3756 3371 3825 Πτωχοὺς
3400 3758 3495 3808 καὶ
3509 3754 3778 3825 ἀγραμμά-

2235 3854 2360 3899 τους
2388 3838 2417 3889 ὁ
2444 3838 2676 3909 Χριστὸς
2717 3837 3019 3905 ἐξελέξατο.
3066 3842 3129 3895 Ἢ
3164 3843 3336 3911 σοφία.
3379 3844 3488 3915 γὰρ
3530 3844 3589 3897 ού
3617 3842 3782 3914 χρῄζει

2238 3928 2576 4000 συνηγόρων,
2620 3930 2736 3983 ἀλλ’
2780 3933 3097 4002 ὑπηρετῶν
3132 3935 3307 3999 οὐδεὶς
3338 3936 3448 4007 γὰρ
3492 3937 3638 3990 οὐδὲν
3664 3936 3780 4003 αὐτῇ

2236 4020 2492 4090 παρέχει,
2510 4020 2642 4091 παρ’
2688 4021 2858 4093 αὐτῆς
2883 4024 2937 4077 δὲ
2978 4026 3177 4090 πάντες
3210 4029 3305 4080 καὶ
3341 4029 3515 4082 πάντα
3545 4026 3782 4099 λαμϐάνοι

2238 4126 2360 4180 μεν.

2972 4298 3089 4350 ΣΟ’.

2245 4404 2357 4458 Τοῦ
2394 4405 2823 4475 Χρυσοστόμου
2850 4406 2916 4460 ἐκ
2947 4408 3051 4461 τοῦ
3076 4412 3162 4474 εὶς
3185 4409 3290 4463 τὸν
3329 4410 3503 4479 ἅγιον
3545 4407 3779 4461 Παῦλον.

2327 4497 2665 4569 ’Δνεγνώσθη
2695 4499 2789 4553 τοῦ
2821 4502 3208 4572 Χρυσοστόμου
3230 4504 3299 4557 ἐκ
3327 4502 3421 4555 τοῦ
3443 4503 3521 4564 είς
3543 4499 3631 4553 τὸν
3652 4498 3782 4566 ἅγιον

2245 4589 2476 4647 Παῦλον.

2235 4722 2249 4727 μ
2315 4679 2518 4736 Ἦλθεν
2551 4687 2630 4749 εἰς
2668 4686 2764 4754 τὴν
2798 4685 3074 4755 Ἀντιόχου
3108 4686 3259 4738 πόλιν
3284 4688 3312 4739 6
3346 4684 3574 4749 Παῦλος,
3605 4682 3693 4736 καὶ
3712 4698 3784 4733 το·

2248 4774 2439 4829 σοῦτον
2468 4777 2673 4846 πλῆθος
2718 4779 2923 4832 πιστῶν
2956 4778 3302 4850 ἐγεώργησεν
3335 4781 3410 4842 ὡς
3444 4775 3783 4850 προσηγορίαν

2246 4867 2348 4934 τὴν
2379 4867 2423 4898 ³⁸
2460 4869 2569 4920 τῶν
2611 4870 2951 4939 Χριστιανῶν
2989 4871 3108 4922 τότε
3140 4872 3351 4939 πρῶτον
3390 4870 3449 4923 ἐν
3479 4870 3611 4939 αὐτῇ
3642 4865 3783 4930 ἀνθῆο

2254 4971 2363 5008 σαι.
2396 4956 2613 5024 Ταύτην
2635 4959 2811 5011 τοίνυν
2839 4959 2905 5010 ἐκ
2933 4960 3029 5027 τῆς
3050 4960 3359 5029 ἐπιγραφῆς
3384 4958 3481 5010 τοῦ
3510 4953 3683 5027 βωμοῦ
3703 4954 3785 5019 τὴν

2256 5047 2511 5116 ἀφορμὴν
2542 5049 2719 5101 λαϐὼν
2754 5051 2783 5102 6
2810 5051 3176 5119 πνευματικὸς
3207 5051 3367 5120 ἡμῶν
3403 5052 3586 5121 ῥήτωρ
3614 5048 3700 5115 τὴν
3723 5045 3785 5095 οξ-

581 5126 757 5179 mans,
811 5111 1116 5168 doctrinam
1175 5118 1446 5186 producit.
1496 5121 1767 5181 Posuistis
1816 5127 1955 5183 hanc
1993 5144 2130 5184 arau

2258 5137 2409 5189 κείαν
2440 5140 2764 5207 παρεισάγει
2802 5140 3172 5205 διδασκαλίαν,
3209 5144 3273 5195 ἐκ
3296 5141 3407 5195 τῶν
3433 5141 3528 5195 τοῦ
3567 5140 3610 5171 ³⁸
3635 5135 3786 5191 διαϐό-

656 5331 678 5357 ?
721 5320 876 5375 Joan.
929 5339 967 5387 ι,
1011 5324 1098 5379 39.
1139 5325 1158 5363 ί
1218 5328 1356 5385 Psztl.
1415 5347 1598 5399 Lxxvt,
1627 5335 1681 5390 2.
1712 5337 1737 5375 ε
1770 5336 1934 5407 Soph.
1991 5355 2052 5406 ιι,
2104 5339 2157 5393 5.

2268 5341 2293 5382 h
2324 5340 2424 5397 lsa.
2449 5360 2567 5409 Lnt,
2602 5348 2653 5402 6.
2692 5345 2707 5383 ί
2744 5346 2876 5401 Gen.
2916 5364 2988 5411 v1,
3024 5350 3076 5402 5.
3176 5350 3189 5397 l
3230 5348 3385 5404 Joan.
3428 5364 3467 5413 I,
3497 5347 3584 5402 42.

1889 5514 2125 5571 VARl/E
2168 5518 2576 5577 LECTIONES.

581 5686 710 5761 τὶών
813 5707 827 5743 :
869 5686 1079 5761 ἱμάτιον
1109 5712 1166 5758 ς.

582 5757 703 5811 add.
745 5760 809 5811 A.

777 5617 837 5713 7‘."
869 5621 1059 5713 3335‘?
1089 5623 1323 5713 ³Ψ²¹¹¹·..¹’
1502 5630 1567 5713 .²⁹
1600 5631 1864 5713 έϐὡῖησξιβ
1890 5636 1931 5688 Α
1969 5637 2304 5713 ἱμάπέκρβτξις
2331 5658 2391 5703 tr.
2467 5642 2509 5713 ³9
2532 5643 2647 5705 πῶς
2680 5644 2784 5712 γὰρ
2816 5644 2934 5713 γέγι
2976 5663 3035 5708 ς-

3113 5647 3154 5677 ⁸¹
3193 5662 3469 5716 αναστασῃ
3501 5664 3557 5709 ς.
3629 5643 3784 5715 δ’ῐμας

1245 5697 1288 5731 ³³
1317 5699 1551 5756 οὖδὲνΛ.
1630 5697 1674 5734 ⁵⁸
1712 5697 1935 5775 ἀνάψεις
1975 5707 2049 5763 B:
2084 5709 2149 5763 ἂν
2164 5697 2446 5778 ’ἅψεις-ιιι
2477 5711 2541 5766 ἂν
2570 5697 2709 5785 ἆιζξῃξ
2894 5697 2937 5747 δέ
2970 5697 3493 5787 προσηγξὴπρδς-τῆν
3640 5712 3681 5744 ³⁵
3708 5697 3784 5759 ἆοῦ
