4020 6406
140 325 217 388 2'31

1072 325 1593 385 BIBLIOTHECA.
1637 351 1701 359 -
1732 325 1947 385 CODD.
1982 326 2241 400 CCLXX,
2279 327 2573 388 CCLXXI.

3266 327 3373 390 202

142 430 214 490 λον
253 432 588 503 γραμμάτων
633 434 988 501 πιστούμενος
1028 433 1127 502 τὴν
1166 434 1445 503 ἀλήθειαν.
1493 432 1685 500 Βωμὸν

1822 434 1866 487 ie
1922 434 2265 487 inscribendo
2303 452 2313 483 :
2356 434 2544 504 Ignoto
2602 431 2731 498 Deo,
2786 449 2944 501 quem
2994 448 3095 506 ego
3148 436 3376 494 veniens

140 528 445 592 ἀνεστήσατε
471 522 560 575 διά
617 522 715 590 τῆς
745 522 1053 591 ἐπιγραφῆς
1082 522 1158 585 ὡς
1186 521 1300 574 ἐστι
1339 522 1470 585 Θεὸς
1500 521 1687 592 ἕτερος

139 615 471 686 ἀπορούμενος
496 630 509 643 ο
543 614 734 669 τοῦτον
754 613 875 682 ήκω
896 612 1179 685 κηρύττων
1205 613 1334 681 ἐγώ.
1366 616 1430 670 ’Ὀ
1452 614 1689 686 παραδό-

138 710 225 771 ξων
251 707 586 777 πραγμάτων
621 706 634 758 l
667 705 759 757 τὸν
793 705 975 775 βωμὸν
991 703 1082 759 τοῦ
1114 706 1362 759 διαϐόλου
1391 708 1689 777 συνήγορον

139 800 382 867 πεποίηκε
425 797 519 849 τοῦ
552 796 822 866 Χριστοῦ’
869 798 930 849 τὸ
960 797 1058 865 τῆς
1110 798 1319 866 πλάνης
1357 797 1691 868 ἐπίγραμμα

138 890 261 957 ὑπὲρ
283 888 377 955 τῆς
396 885 657 955 ἀληθείας
701 887 997 955 ἐφθέγγετο
1036 903 1048 916 ·
1090 887 1253 958 [H89
1289 886 1382 959 [1.]
1414 887 1476 940 Ἠ
1510 887 1678 957 στήλη

136 982 219 1048 τῆς
239 979 447 1048 ἀπάτης
474 977 822 1047 ὲστηλίτευσε
854 980 952 1046 τὴν
972 978 1208 1048 ἀπάτην.
1244 979 1471 1048 Ἐπειδὴ
1498 980 1563 1031 τά
1588 977 1696 1031 τῶν

138 1067 409 1137 προφητῶν
482 1066 787 1135 Ἀθηναίοις
845 1061 913 1135 ἧν
968 1066 1405 1137 δυσπαράδεκτα,
1442 1069 1470 1119 ὁ
1502 1066 1686 1135 βωμὸς

139 1164 220 1215 καὶ
262 1162 327 1214 τά
357 1154 670 1229 γράμματα
714 1158 823 1210 τῶν
867 1159 1136 1228 δαιμόνων
1173 1162 1237 1228 τῇ
1288 1158 1446 1229 σοφίᾳ
1480 1157 1695 1210 Παύλου

138 1256 385 1321 ὲκῆρυσσε
410 1250 511 1319 τὴν
540 1249 845 1301 εὐσέϐειαν.
878 1249 1136 1317 Είστήκει
1161 1249 1377 1319 θρηνῶν
1398 1252 1425 1301 ὁ
1454 1248 1697 1312 διάϐολος

135 1346 259 1413 ὁρῶν
290 1342 457 1397 αὑτοῦ
485 1343 555 1394 τὰ
606 1342 917 1412 σοφίσματα
951 1342 1092 1411 ὑπὲρ
1121 1341 1361 1412 Χριστοῦ
1383 1340 1702 1411 ῥητορεύον-

1084 1432 1109 1443 ο

1792 525 2060 579 annuntio
2091 524 2264 578 vobis.
2295 522 2340 578 Ο
2366 540 2477 578 rem
2510 525 2738 579 novam!
2773 526 2881 579 Ara
2905 525 3144 591 diaboli,
3170 527 3371 584 Christi

1792 632 1971 671 causae
1998 618 2332 686 patrocinata
2361 628 2462 671 est.
2500 615 2788 685 inscriptio
2814 616 3020 672 erroris
3044 619 3276 691 “veritati
3296 628 3379 675 te-

1793 709 2107 762 stimonium
2136 708 2387 777 praabuit,
2412 706 2619 763 fraudis
2659 706 2904 761 fraudem
2928 709 3259 777 ’detegendo
3284 726 3383 778 pu-

1795 797 2036 853 blicavit.
2096 798 2232 853 Cum
2280 798 2671 867 prophetarum
2733 798 2954 852 oracula
3008 800 3375 855 Athenienses

1795 902 1901 942 non
1936 896 2211 955 caperent,
2237 902 2329 940 ara
2355 896 2409 940 et
2434 887 2718 956 inscriptio
2749 886 3060 943 dzemonum
3096 887 3249 943 Pauli
3285 905 3375 947 sa-

1792 976 1994 1047 pientia
2025 993 2209 1031 verum
2245 976 2337 1031 Dei
2369 979 2573 1032 cultum
2605 978 2975 1033 annuntiavit.
3016 978 3200 1033 Doluit
3248 995 3382 1035 sane

1793 1069 2029 1128 dzemon,
2080 1070 2266 1123 videns
2312 1069 2554 1137 argutias
2633 1085 2763 1125 suas
2809 1070 2863 1123 in
2916 1070 3113 1124 Christi
3165 1071 3381 1126 laudem

1798 1175 2114 1214 conversas.
2136 1159 2403 1229 Ingemuit
2430 1160 2705 1230 aspiciens
2737 1162 2965 1216 Paulum
2987 1163 3179 1215 ducem
3208 1178 3383 1231 quon-

1800 1252 1924 1306 dam
1957 1268 2113 1306 suum
2145 1260 2336 1306 contra
2373 1268 2432 1307 se
2474 1262 2797 1319 certantem,
2835 1254 3183 1323 propriisque
3217 1252 3383 1307 armis

1801 1354 2259 1413 prosternentem.

138 1456 208 1488 τι,
252 1434 497 1485 Ἐπένθει
547 1432 761 1503 βλέπων
816 1432 905 1485 τὸν
946 1432 1110 1485 αὑτοῦ
1164 1433 1208 1464 ³⁷
1239 1433 1465 1503 ἀριστέα
1506 1431 1714 1487 Παῦλον
1754 1434 1876 1487 κατ’
1913 1434 2077 1488 αὐτοῦ
2136 1435 2563 1506 στρατηγοῦντα,
2624 1436 2718 1488 καὶ
2775 1439 2886 1499 τοῖς
2932 1438 3152 1501 οἰκείοις
3200 1438 3384 1499 ὅπλοις

141 1529 280 1583 αὑτὸν
303 1526 735 1581 καταϐάλλοντα.

828 1620 969 1672 ΣΟΑ¹
983 1657 992 1671 .

152 1712 241 1765 τοῦ
272 1712 603 1778 Ἀστερίου,
640 1712 976 1783 ἐπισκόπου
1006 1713 1327 1783 Ἀμασείας
1356 1728 1697 1783 προτρεπτι-

540 1783 647 1847 κὸς
684 1784 772 1847 είς
805 1780 920 1848 τὴν
944 1782 1285 1850 μετάνοιαν.

214 1871 547 1940 ’Δνεγνωσθη
572 1870 669 1924 τοῦ
698 1871 745 1904 ⁸⁸
783 1871 1055 1941 μακαρίου
1072 1872 1371 1943 Ἀστερίου,
1406 1876 1703 1929 ἐπισκόπου

162 1966 451 2034 Ἀμασείας,
476 1966 541 2017 ἐκ
572 1963 665 2017 τοῦ
690 1965 1091 2035 προτρεπτικοῦ
1109 1965 1187 2028 είς
1216 1965 1316 2033 τὴν
1334 1966 1376 1998 ³³
1395 1968 1704 2036 μετάνοιαν.

218 2056 268 2110 '0
300 2057 479 2109 τοίνυν
524 2056 761 2118 Λουκᾶς,
796 2058 825 2108 ὁ
847 2055 1011 2108 πλέον
1042 2056 1148 2109 τῶν
1181 2056 1369 2126 ψυχῶν
1397 2058 1430 2128 ἢ
1457 2057 1566 2112 τῶν
1602 2076 1708 2112 σω-

158 2150 314 2215 μάτων
336 2146 525 2217 ἰατρὸς
551 2144 712 2199 αὐτὸν
742 2145 902 2215 ἡμῶν
931 2146 1020 2198 τὸν
1045 2146 1177 2200 Θεὸν
1203 2148 1298 2199 καὶ
1329 2147 1560 2218 Σωτῆρα
1581 2149 1709 2201 ἁνα-

161 2244 325 2311 γράιςει
344 2240 833 2309 συγγνωμονικῶς,
852 2242 965 2304 τοῖς
992 2243 1462 2310 κατεγνωσμένοις
1481 2257 1710 2293 συνανα-

172 2334 515 2403 στρεφόμενοι),
556 2333 613 2386 ού
624 2352 655 2403 χ
704 2333 789 2385 ἵνα
826 2351 878 2385 τι
904 2332 1189 2405 προσλάϐῃ
1222 2334 1320 2403 τῆς
1352 2333 1577 2387 ἐκείνων
1608 2351 1709 2386 κα.-

175 2425 297 2486 κῖας,
323 2424 420 2476 ἀλλ’
456 2424 546 2476 ἵνα
585 2421 801 2494 μεταδῷ
831 2422 930 2492 τῆς
967 2424 1173 2487 οἰκείας
1202 2423 1568 2494 δικαιοσύνης.
1602 2424 1712 2477 Καὶ

174 2517 263 2585 γάρ
278 2518 352 2568 καὶ
377 2518 402 2569 6
428 2516 603 2584 ἣλιος,
626 2517 749 2567 ὅσον
774 2514 881 2567 άπὸ
913 2514 1007 2568 τοῦ
1039 2515 1337 2586 κτίσματος
1351 2515 1446 2568 τοῦ
1478 2515 1711 2569 Κτίστου

173 2609 481 2677 παραστῆσαι
522 2606 620 2675 τὴν
654 2607 934 2677 πρόνοιαν,
960 2610 1022 2659 ού
1058 2596 1155 2669 τὰς
1179 2608 1515 2678 ἡπλωμένας
1550 2609 1710 2678 μόνον

164 2698 430 2767 ἐπιλάμπει
468 2698 683 2769 χώρας,
710 2697 845 2749 ἀλλὰ
885 2699 978 2751 καὶ
1002 2698 1125 2750 ὅσαι
1161 2697 1467 2767 κοιλότεραι
1497 2699 1589 2751 καὶ
1615 2697 1713 2767 τῆς

158 2790 432 2860 άντρὼδους
456 2791 648 2858 ἔλαχον
675 2789 898 2850 θέσεως.
936 2788 994 2839 '0
1023 2788 1122 2857 τῆς
1152 2788 1446 2858 θεραπείας
1480 2788 1713 2841 ἀπελπί-

160 2900 238 2944 σας
258 2883 435 2946 δοῦλος
463 2883 673 2950 γίνεται
698 2880 955 2945 καθάπαξ
994 2882 1091 2950 τῆς
1120 2881 1299 2933 νόσου.
1335 2880 1401 2932 Εἴ
1435 2898 1580 2942 τινες
1617 2898 1714 2932 κα-

158 2975 213 3026 τὰ
237 2976 410 3028 παθῶν
461 2973 749 3043 νικηφόροι
800 2972 1189 3042 ἀνεδείχθησαν
1235 2973 1329 3026 καὶ
1372 2972 1447 3035 ὡς
1502 2969 1716 3042 ἀληθῶς

156 3067 310 3119 ἐπάνω
358 3067 546 3135 ὄφεων
596 3067 692 3118 καὶ
749 3065 1024 3134 σκορπίων
1058 3064 1125 3116 τὰ
1188 3065 1306 3135 ίχνη
1358 3064 1561 3126 ἔθεντο,
1598 3063 1718 3116 οὐδὲ

2452 1610 2728 1667 CCLXXI.

1883 1700 2075 1753 Asterii
2114 1700 2351 1753 Amasew
2398 1701 2628 1769 episcopi
2676 1714 2848 1753 sermo
2888 1700 2952 1754 de
2982 1701 3310 1769 poenitentia.

1879 1877 2009 1947 Legi
2086 1878 2526 1933 adhortationem
2601 1877 2668 1931 ad
2752 1878 3132 1949 paenitentiam
3212 1883 3386 1937 saneti

1809 1965 2013 2021 Asterii
2045 1965 2291 2033 episcopi
2318 1964 2586 2019 Amasem.
3146 1955 3153 1963 ’
3192 2019 3195 2022 ,

1882 2057 2058 2112 Lucas
2094 2058 2266 2129 magis
2310 2058 2621 2112 animarum
2674 2074 2837 2129 quam
2880 2074 3171 2130 corporum
3216 2062 3390 2117 medi-

1809 2164 1909 2204 cus
1930 2190 1945 2216 ,
1983 2149 2155 2204 Deum
2185 2159 2434 2204 nostrum
2482 2160 2533 2205 et
2570 2151 2907 2207 Salvatorem
2939 2147 2966 2189 ι
3000 2168 3123 2208 cum
3157 2153 3389 2209 homini-

1810 2244 1913 2299 bus
1958 2244 2351 2313 pmnitentibus
2384 2252 2664 2299 versatum
2712 2244 2927 2310 scribit,
2960 2260 3068 2300 non
3111 2256 3172 2301 ut
3198 2261 3387 2301 eorum

1814 2336 2077 2390 malitiam
2104 2345 2376 2401 assumat,
2406 2336 2500 2390 sed
2534 2336 2807 2406 propriam
2835 2337 3103 2406 justitiam
3134 2335 3241 2391 illis
3276 2338 3390 2391 lar-

1814 2428 2014 2497 giatur.
2053 2428 2263 2482 Etenim
2313 2428 2415 2491 sol,
2466 2429 2624 2496 quasi
2661 2428 2776 2497 jam
2827 2429 2896 2483 ab
2953 2437 3073 2483 ortu
3117 2426 3393 2484 Creatoris

1815 2521 2213 2591 providentiam
2257 2519 2581 2581 ostenderit,
2620 2535 2733 2574 non
2759 2529 3009 2589 patentes
3048 2520 3209 2574 modo
3242 2535 3392 2575 cam-

1816 2611 2187 2681 posillustrat,
2211 2611 2306 2667 sed
2323 2611 2487 2665 etiam
2505 2625 2765 2677 concava,
2806 2621 2860 2666 et
2903 2626 3225 2667 cavernosa.
3288 2610 3397 2677 Qui

1816 2703 1883 2757 de
1927 2702 2170 2757 remedio
2206 2703 2484 2771 desperat,
2538 2711 2713 2757 totum
2762 2718 2821 2758 se
2856 2704 3047 2758 morbo
3093 2703 3393 2773 mancipat,

1818 2793 1862 2847 si
1906 2792 2000 2861 qui
2029 2793 2205 2846 malas
2238 2792 2524 2861 passiones
2552 2793 2805 2857 vicerint,
2833 2802 2890 2848 et
2936 2808 3063 2848 vere
3092 2810 3255 2863 super
3278 2810 3396 2849 ser-

1820 2892 2013 2953 pentes
2065 2883 2265 2955 599a
2311 2884 2740 2953 scorpionesque
2785 2884 3087 2951 ambulant,
3132 2885 3257 2941 illos
3285 2902 3394 2939 non

1820 2984 2035 3044 oportet
2071 2973 2377 3028 secundum
2418 2988 2577 3028 suam
2631 2974 3013 3029 fortitudinem
3064 2975 3229 3028 vitam
3258 2975 3397 3030 alio-

1823 3082 1943 3119 rum
1978 3066 2252 3120 aestimare
2303 3075 2360 3120 et
2399 3065 2657 3136 dirigere,
2710 3066 2805 3120 sed
2839 3081 2953 3120 sua:
2993 3065 3210 3121 virtutis
3232 3067 3399 3138 largi—

155 3158 349 3221 τούτους
381 3159 497 3230 χρὴ
542 3158 678 3229 πρὸς
718 3156 815 3227 τὴν
842 3157 1049 3209 οἰκείαν
1082 3157 1331 3226 ἀνδρείαν
1359 3157 1453 3208 καὶ
1479 3155 1585 3208 τῶν
1621 3154 1712 3206 ἄλ-

1822 3158 1930 3213 tori
1967 3158 2077 3212 Deo
2119 3158 2323 3227 gratias
2369 3171 2552 3226 agere,
2600 3155 3049 3211 imbecillioribus
3080 3171 3186 3210 non
3226 3156 3398 3212 insul-

154 3252 243 3305 λων
265 3252 574 3316 κανονίζειν
600 3252 691 3303 τὸν
727 3248 860 3319 βίον,
893 3248 1030 3302 ἀλλὰ
1054 3250 1152 3319 τῆς
1193 3250 1289 3319 μὲν
1332 3247 1464 3311 ἰδίας
1504 3248 1715 3300 εὐδοκι-

156 3348 347 3413 μήσεως
372 3344 461 3415 τῷ
488 3343 745 3397 δεδωκότι
778 3342 897 3414 Θεῷ
925 3342 1024 3413 τὴν
1063 3345 1223 3413 χάριν
1263 3340 1570 3410 ὁμολογεῖν,
1590 3340 1717 3409 πτοῖς

152 3438 189 3488 δ’
207 3436 619 3505 ἀσθενεστέροις
665 3435 765 3488 οὐκ
797 3432 1175 3502 ἐπεμϐαίνειν,
1214 3432 1347 3485 ἀλλὰ
1397 3431 1717 3501 φιλάδελφον

154 3530 343 3600 ὀρέγειν
375 3528 588 3593 δεξιάν.
625 3527 914 3597 Ζηλώσατε
947 3526 1040 3578 τοῦ
1073 3524 1312 3595 Χριστοῦ
1345 3524 1443 3594 τὴν
1474 3523 1713 3592 ἀγάπην.

154 3623 357 3676 Μέλλων
389 3621 506 3691 γάρ
548 3616 857 3689 ἀνθρώποις
884 3616 1267 3684 ἐπιφαίνεσθαι
1304 3614 1371 3668 δι’
1402 3611 1717 3683 ἀνθρώπου,

156 3712 467 3782 προκαθῆκε
495 3709 586 3761 τὸν
604 3708 861 3776 Ἰωάννην
877 3704 1006 3776 [815
1035 3704 1128 3777 H.]
1158 3704 1447 3775 μετανοίας
1482 3704 1716 3773 κήρυκα.

156 3809 344 3878 Πέτρον
375 3804 685 3877 ἐρώτησον,
734 3804 882 3866 ὅπως
918 3802 1258 3872 μετανοήσας
1291 3798 1591 3869 ἐκαθάρθη,
1625 3796 1722 3851 καὶ

150 3902 240 3954 οὐκ
265 3901 533 3954 ἀνέλυσεν
564 3899 643 3959 εἰς
675 3896 768 3949 τὸν
799 3896 1041 3965 Σίμωνα,
1074 3891 1209 3946 ἀλλὰ
1239 3892 1507 3962 διέμεινεν
1530 3893 1557 3943 ὁ
1588 3890 1723 3944 ἀπό-

154 3995 277 4045 ore»
300 4010 348 4055 ς.
392 3989 541 4057 Ἐγὼ
576 3989 634 4041 δὲ
664 3988 872 4057 νομίζω
908 3988 992 4039 ὅτι
1028 3984 1123 4038 καὶ
1160 3983 1407 4047 ἰούδαςό
1433 3982 1719 4053 προδότης,

152 4090 195 4138 εἰ
230 4088 302 4155 μὴ
333 4086 554 4154 ταχέως
599 4081 763 4145 αὐτὸς
804 4080 999 4135 ἑαυτοῦ
1034 4080 1253 4149 ἐγένετο
1283 4079 1499 4148 δήμιος,
1551 4094 1719 4149 προσ-

156 4179 323 4231 πεσὼν
351 4180 410 4231 δὲ
439 4177 532 4229 τὸν
558 4175 707 4227 ἔλεον
758 4176 981 4245 ᾔτησεν,
1014 4174 1115 4227 οὐκ
1164 4173 1231 4227 ἂν
1278 4172 1387 4224 τῶν
1426 4170 1723 4240 οίκτιρμῶν

153 4270 253 4321 τῶν
286 4272 470 4339 πάσης
500 4268 602 4321 ύπε
615 4268 923 4336 ρχεομένων
952 4267 1051 4335 τῆς
1078 4265 1406 4334 οἰκουμένης
1430 4262 1718 4332 ἠστόχησε.

162 4362 469 4433 Τεκμήριον
496 4360 555 4413 δὲ
593 4360 643 4412 οί
679 4359 1110 4428 μετανοήσαντες
1140 4358 1203 4409 ὲκ
1230 4356 1339 4407 τῶν
1372 4356 1723 4423 σταυρωσάν-

156 4474 255 4509 των
283 4457 381 4510 καὶ
410 4458 514 4525 τῆς
546 4454 820 4524 σωτηρίας
868 4454 957 4506 διά
1004 4453 1100 4521 τῆς
1149 4452 1439 4521 μετανοίας
1484 4448 1723 4503 ἀπολαύ-

161 4564 374 4609 σαντες.
445 4546 695 4613 Ἔδέσμει
752 4544 882 4595 ποτὲ
935 4545 1027 4596 καὶ
1082 4542 1292 4605 Παῦλος
1342 4542 1722 4613 Χριστιανοὺς,

158 4640 284 4691 ἀλλὰ
313 4637 595 4709 βαστάσας
624 4635 852 4705 ὓστερον
886 4634 1104 4696 ἁλύσεις
1139 4636 1279 4704 ὑπὲρ
1309 4635 1545 4704 Χριστοῦ
1572 4634 1728 4685 ἔλυσε

158 4733 218 4783 τὰ
266 4732 612 4800 ἐγκλήματα.
659 4726 903 4791 Ἐλίθαζε
936 4727 1226 4795 Στέφανον,
1274 4726 1409 4780 ἀλλὰ
1457 4726 1729 4786 λιθασθεὶς

160 4823 403 4891 ἐξήλειψε
436 4822 495 4872 τὸ
521 4818 921 4889 πλημμέλημα.
965 4818 1152 4871 Ταῦτα
1190 4819 1280 4870 καὶ
1330 4817 1533 4885 Μωσῆς
1575 4816 1730 4878 εἰδὼς

162 4914 466 4983 (ἄνθρωπος
493 4912 602 4982 γὰρ
630 4907 701 4980 ἦν
738 4914 832 4964 καὶ
862 4910 961 4981 τὴν
990 4910 1150 4978 φύσιν
1182 4908 1488 4979 ἐγκώριζε),
1520 4909 1608 4961 τὸν
1633 4912 1729 4977 μό-

169 5022 285 5074 σχον
310 5007 456 5073 ύπὲρ
477 5004 571 5057 τοῦ
611 5003 806 5071 ἱερέως
838 5002 1237 5073 ίερουργεϊσθαι
1268 5000 1532 5066 διέταξεν,
1554 5003 1732 5068 ὴμαρυ

168 5099 385 5163 τηκότος
425 5096 646 5157 πάντως
682 5094 777 5147 καὶ
810 5093 1125 5163 καθαρσίων
1151 5093 1426 5161 δεομένου.
1458 5091 1633 5161 Ὅπερ
1675 5090 1729 5143 δὲ

169 5180 227 5254 ἦν
258 5189 383 5240 τότε
416 5189 443 5240 ὀ
482 5189 537 5239 ἐν
583 5187 749 5256 σαρκὶ
785 5186 1003 5256 μόσχος,
1046 5183 1201 5237 τοῦτο
1224 5184 1317 5236 νῦν
1352 5183 1557 5252 ἐστικὴ
1586 5183 1729 5234 ἀσώ-

174 5298 329 5346 ματος
369 5279 703 5349 μεταμέλεια
750 5280 841 5331 καὶ
890 5279 924 5347 ἡ
974 5277 1306 5347 ἀναίμακτος
1353 5276 1561 5344 δέησις.
1611 5273 1733 5326 Ἐπὶ

174 5476 199 5513 ι
238 5390 486 5493 ἰιλυὲδῃ
514 5391 535 5442 l
565 5406 715 5459 seqq.
799 5388 859 5440 1l
896 5388 1023 5443 Cor.
1056 5404 1153 5451 χιι,
1176 5387 1197 5438 l
1223 5403 1374 5457 seqq.

210 5477 316 5513 xu.
355 5495 406 5512 ...

210 5477 316 5521 ιιι,
348 5477 406 5512 7..

250 5735 288 5766 ³⁷
332 5731 516 5786 ἑαυτοῦ
539 5748 575 5793 ς·
586 5769 599 5782 .

678 5725 724 5759 ³³
768 5723 886 5794 τοῦ]
914 5724 974 5774 ἐκ
1009 5723 1102 5775 τοῦ
1144 5724 1463 5789 A,omtssis
1497 5732 1683 5793 postca
1714 5726 1775 5780 ὲκ
1813 5724 1927 5777 τοῦ.

1823 3258 1958 3312 tare,
1987 3248 2081 3303 sed
2116 3248 2426 3303 humaniter
2465 3248 2710 3303 dextram
2748 3247 3027 3317 porrigere
3075 3243 3118 3301 ι.
3150 3246 3401 3303 Αιῖιιιυιε-

1824 3338 1960 3393 mini
1984 3338 2313 3394 eharitatem
2341 3338 2568 3402 Christi,
2599 3337 2690 3408 qui
2713 3337 2825 3408 jam
2863 3337 2930 3391 ad
2959 3338 3210 3393 homines
3235 3339 3399 3393 homo

1825 3440 2113 3507 venturus,
2147 3430 2415 3485 Joannem
2449 3430 2731 3501 praamisit,
2762 3439 2822 3485 ut
2859 3430 3233 3500 ptenitentiam
3262 3446 3396 3499 prae—

1824 3523 2052 3577 dicaret.
2100 3521 2379 3592 lnterroga
2426 3522 2649 3576 Petrum
2703 3536 2811 3591 quo
2865 3533 3023 3589 pacto
3086 3520 3399 3590 paenitendo

1825 3612 2125 3667 mundatus
2147 3612 2241 3678 sit,
2283 3627 2460 3682 neque
2495 3613 2552 3666 in
2581 3611 2857 3666 Simonem
2888 3611 3084 3665 iterum
3111 3625 3169 3664 se
3200 3610 3396 3674 induit,

1825 3705 1919 3760 sed
1971 3705 2023 3759 in
2081 3704 2391 3774 apostolatu
2442 3704 2759 3774 permansit.
2838 3699 3105 3772 Equidem
3162 3703 3403 3757 arbitror

1824 3794 2022 3850 Judam
2068 3796 2426 3866 proditorem,
2462 3794 2566 3848 nisi
2608 3794 2695 3849 sui
2732 3794 2977 3848 carnifex
3006 3791 3225 3860 fuisset,
3258 3794 3303 3849 si
3332 3794 3401 3850 ad

1825 3903 2002 3958 genua
2049 3887 2305 3942 accidens
2370 3884 2803 3941 misericordiam
2858 3884 3181 3953 deprecatus
3232 3892 3400 3948 esset,

1829 3980 2042 4033 veniam
2085 3994 2206 4049 qua:
2244 3978 2393 4031 omni
2432 3976 2639 4048 petenti
2696 3977 3037 4041 conceditur,
3079 3986 3403 4030 consecutu—

1828 4085 1951 4125 rum
1984 4069 2176 4125 fuisse.
2212 4068 2404 4123 Testes
2443 4078 2571 4123 sunt
2606 4067 2641 4121 ii
2670 4067 2763 4137 qui
2790 4068 2953 4122 etiam
2986 4084 3015 4123 e
3039 4067 3404 4137 crucifigenti-

1827 4164 1930 4219 bus
1968 4163 2037 4218 ad
2068 4163 2447 4233 pmnitentiam
2487 4160 2715 4225 reversi,
2749 4169 2803 4214 et
2829 4160 3146 4229 paenitendo
3170 4160 3401 4214 salutem

1826 4254 2005 4324 adepti
2036 4264 2185 4310 sunt.
2226 4250 2438 4325 Ligavit
2467 4254 2746 4323 quondam
2792 4250 3136 4306 Christianos
3178 4250 3400 4313 Paulus,

1829 4346 1923 4401 sed
1981 4356 2163 4414 postea
2211 4347 2326 4415 ipse
2373 4360 2471 4414 pro
2513 4344 2731 4399 Christo
2778 4342 2978 4413 ligatus
3025 4341 3252 4395 crimina
3294 4343 3399 4398 dis-

1832 4441 1993 4494 solvit
2020 4449 2081 4492 ω.
2120 4438 2406 4508 Lapidavit
2456 4435 2816 4504 Stephanum,
2839 4433 2933 4487 sed
2962 4432 3233 4501 lapidatus
3277 4448 3406 4501 pec-

1828 4542 2013 4587 catum
2039 4531 2277 4601 expiavit
2311 4537 2359 4581 ιι.
2400 4528 2525 4581 Hzec
2571 4540 2803 4579 noscens
2834 4523 3011 4578 Moses
3041 4526 3230 4594 (homo
3258 4526 3404 4579 enim

1828 4622 1953 4684 fuit,
1987 4632 2349 4687 naturamque
2389 4614 2693 4683 noscebat),
2724 4614 2954 4667 vitulum
2998 4631 3095 4683 pro
3126 4616 3408 4668 sacerdote

1828 4720 2108 4781 peccante,
2142 4721 2192 4763 et
2237 4709 2328 4778 qui
2371 4708 2726 4761 mundatione
2756 4722 2893 4774 Opus
2933 4706 3181 4769 haberet,
3224 4705 3407 4759 offerri

1825 4804 1989 4873 jnssit
2024 4810 2070 4857 ο.
2108 4800 2319 4855 Vitulus
2354 4800 2445 4870 qui
2473 4806 2587 4852 tum
2614 4798 2845 4852 carnalis
2876 4807 3015 4861 erat,
3036 4798 3147 4867 jam
3179 4809 3261 4852 est
3292 4814 3408 4868 pce-

1832 4892 2061 4946 nitentia
2110 4890 2231 4944 sine
2280 4902 2530 4956 corpore,
2575 4896 2627 4940 et
2659 4886 2835 4939 oratio
2867 4888 2985 4940 sine
3027 4888 3315 4954 sanguine.
3353 4887 3407 4939 In

1841 4993 2051 5040 tantum
2098 4980 2382 5049 oportebat
2436 4979 2777 5033 sacerdotem
2812 4978 3113 5032 clementiae
3164 4977 3408 5040 studere,

1842 5089 1899 5130 ut
1944 5075 2047 5129 etsi
2089 5073 2348 5127 Dominus
2392 5071 2683 5140 quamdam
2734 5069 2942 5123 succidi
2986 5069 3235 5138 jusserit,
3291 5078 3412 5123 tan—

1838 5182 2000 5238 quam
2033 5165 2281 5219 arborem
2324 5161 2694 5226 infecundam,
2748 5163 2889 5216 hanc
2931 5169 3191 5229 tanquam
3245 5158 3412 5229 frugi-

1840 5259 2013 5313 feram
2049 5258 2347 5313 debeamus
2372 5269 2673 5320 reservare,
2711 5264 2765 5308 et
2796 5266 3040 5322 poscere.
3079 5252 3233 5308 Hunc
3267 5253 3413 5306 enim

1493 5397 1531 5422 οι
1566 5382 1761 5451 Ephes.
1802 5392 1878 5440 vr,
1926 5373 1995 5425 ΞΟ
2042 5387 2195 5439 seqq.
2316 5378 2343 5405 η
2372 5369 2490 5423 Act.
2530 5382 2644 5431 vm,
2696 5370 2751 5432 l;
2802 5382 2913 5431 xlv,
2956 5364 3039 5421 I9.
3191 5363 3415 5421 °Exod-

1441 5587 1671 5643 νειιιιΑς
1714 5584 2102 5640 LECTIONES

2006 5725 2050 5755 ³⁸
2077 5724 2173 5793 τὴν
2227 5738 2335 5777 om.
2365 5722 2427 5775 Β.

3149 5819 3187 5877 7

456 5828 731 5889 Ρηιιοι.
763 5822 879 5882 Gn.
912 5820 1062 5880 CIV.
