3856 6298
558 344 686 408 ῖ203

1704 321 1965 383 PHOTll
2010 315 2515 379 PATRIARCHA‘I
2554 320 2664 380 (ΖΡ.

3711 339 3805 406 ΞΜ

563 466 803 512 sensum
845 447 915 503 de
965 443 1139 502 sterili
1188 442 1296 497 ﬁcu
1347 436 1505 494 nobis
1551 434 1899 500 Evangelium
1927 430 2067 484 dixit
2108 439 2152 480 ι).

2270 429 2515 483 τοσοῦτον
2557 431 2616 485 δὲ
2664 433 2911 505 προσῆκε
2961 435 3052 488 τὸν
3100 436 3249 507 ίερὲα
3286 440 3380 511 τὴν
3423 442 3805 517 φιλανθρωπίαν

562 544 815 600 .Attende
840 538 1125 593 mulierem
1151 532 1513 606 peccatricem
1545 537 1595 594 (ι,
1636 525 1723 581 cui
1754 540 1862 578 non
1896 522 2154 577 conviva-

563 650 700 690 rum
735 643 1002 686 numerus
1043 627 1310 699 pudorem
1344 620 1598 687 incussit,
1629 631 1750 687 qua:
1776 624 1992 684 tempus
2017 628 2155 668 con-

566 723 763 781 ﬁtendi
794 721 921 775 licet
950 721 1347 788 importunum,
1379 713 1433 767 in
1467 708 1720 767 convivio
1744 722 1855 761 non
1892 704 2112 774 reliquit
2138 723 2151 758 :

578 815 673 870 sed
710 811 919 884 ingenti
960 816 1233 865 commota
1281 805 1491 867 dolore,
1518 815 1587 855 ne
1616 815 1725 853 uno
1753 798 1975 869 quidem
2014 806 2153 851 tem-

2259 519 2468 586 ἀσκεῖν,
2496 521 2637 577 ὥστε
2658 524 2762 578 κᾶν
2792 526 2821 579 ό
2852 527 3129 599 Δεσπότης
3153 529 3437 584 ἐκκόπτειν
3456 534 3675 611 κελεύσῃ
3700 546 3806 601 τινὰ

2262 611 2338 674 ὡς
2371 612 2539 680 φυτὸν
2565 613 2858 687 ἄχρηστον,
2896 616 3059 671 αὑτὸν
3090 616 3166 680 ὡς
3189 620 3513 692 φυτοκόμον
3545 627 3707 680 αἰτεῖν
3739 632 3808 687 δεῖ

2262 704 2362 774 τὴν
2396 705 2566 773 φειδὼ
2614 708 2709 761 καὶ
2754 708 3067 778 ὑπέρθεσιν.
3105 708 3304 764 Τοῦτον
3359 712 3465 783 γὰρ
3512 716 3640 786 ἡμῖν
3680 737 3809 793 παρ-

2264 796 2443 867 ίστησι
2491 798 2583 853 τὸν
2609 800 2736 854 νοῦν
2766 801 2868 871 τῆς
2916 802 3167 874 ἀκάρπου
3203 804 3373 873 συκῆς
3405 807 3432 858 ὁ
3462 806 3519 858 ὲν
3549 808 3624 878 τῷ
3649 811 3809 882 Εύαγ-

578 906 730 978 poris
783 911 1063 959 momento
1106 898 1379 955 medicum
1423 901 1774 966 peccatorum
1802 888 2034 954 dimisit,
2063 902 2161 943 nec

2270 888 2426 959 γελίῳ
2464 889 2643 959 λόγος.
2678 892 2965 964 Σκόπησον
2988 895 3088 965 τὴν
3114 894 3439 965 ἁμαρτωλὸν
3463 901 3708 965 γυναῖκα.
3745 908 3811 959 Ού

576 999 634 1052 in
684 1007 1037 1067 conspectum
1073 991 1299 1046 veniens
1350 984 1695 1056 supplicavit,
1746 982 1839 1038 sed
1884 982 2161 1051 indignam

575 1101 661 1154 se,
696 1066 860 1156 quam
903 1083 1194 1152 aspiceret,
1229 1075 1505 1146 judicans,
1549 1080 1605 1126 et.
1632 1079 1788 1125 stans
1820 1079 1967 1123 retro
1999 1066 2198 1137 pedes.

581 1176 962 1248 apprehendit,
1009 1183 1063 1229 et
1117 1168 1314 1228 solutis
1371 1166 1566 1229 comis,
1616 1179 1680 1217 ea
1725 1161 1930 1225 omnia,
1964 1158 2163 1228 quibus

580 1273 820 1326 animam
850 1270 1036 1337 lugere
1058 1265 1281 1327 fecerat,
1306 1258 1686 1332 promulgans,
1712 1253 1968 1324 lacrymis
1993 1250 2161 1320 pedes

583 1360 889 1416 Salvatoris
922 1358 1181 1428 irrigans,
1213 1352 1426 1409 veniam
1456 1364 1582 1405 cum
1625 1345 1827 1414 ingenti
1870 1341 2160 1399 commise-

579 1451 797 1504 ratione
822 1446 1139 1518 postulavit.

2257 980 2319 1032 τὸ
2349 980 2551 1051 πλῆθος
2580 982 2690 1035 τῶν
2738 985 3083 1055 ἑστιωμένων
3120 985 3478 1057 ἠρυθρίασεν,
3508 989 3568 1041 ού
3592 991 3681 1047 τὸν
3707 1012 3813 1048 και-

2260 1070 2354 1141 ρὸν
2379 1071 2482 1142 τῆς
2506 1072 2737 1158 εὐωχίας
2760 1075 2831 1139 ὡς
2859 1077 3087 1148 ἄκαιρον
3109 1078 3210 1148 τῆς
3238 1077 3674 1151 ὲξομολογήσεως
3692 1084 3811 1154 ἔφυς

2259 1176 2378 1228 γεν,
2415 1161 2551 1216 ἀλλὰ
2577 1165 2807 1236 σφοδρὸν
2840 1166 3039 1235 ἔχουσα
3067 1166 3129 1219 τὸ
3159 1165 3356 1229 πένθος
3409 1167 3528 1221 οὐδὲ
3556 1168 3615 1222 τδ
3640 1172 3814 1244 βραχύ-

2256 1266 2420 1305 τατον
2448 1252 2600 1322 ἠφίει
2650 1254 2740 1308 τὸν
2771 1255 2880 1309 τῶν
2911 1256 3198 1328 ἁμαρτιῶν
3234 1256 3442 1328 ἰατρόν.
3472 1257 3546 1311 UO
3580 1259 3680 1329 μὴν
3711 1264 3815 1317 οὐδὲ

2260 1344 2382 1395 κατ’
2448 1343 2572 1413 ὄψιν
2639 1346 2910 1419 ἐρχομένη
2970 1350 3245 1402 ἱκέτευεν·
3301 1349 3441 1404 ἀλλὰ
3505 1350 3565 1403 τὸ
3619 1354 3814 1418 ἀνάξιον

2263 1433 2434 1505 αὐτῆς
2462 1434 2549 1488 διὰ
2570 1436 2666 1489 τοῦ
2694 1439 2975 1508 σχήματος
3004 1440 3385 1511 ἑρμηνεύουσα
3406 1483 3420 1505 ,
3452 1440 3611 1513 [1492
3633 1443 3816 1518 8,]τὴν

581 1541 722 1594 κατὰ
752 1536 903 1594 νῶτα
960 1536 1145 1609 χώραν
1209 1525 1615 1589 καταλαϐοῦσα,
1646 1523 1743 1578 καὶ
1770 1520 1880 1575 τῶν
1914 1519 2092 1573 ποδῶν
2132 1519 2433 1592 λαϐομένη,
2461 1524 2557 1575 καὶ
2596 1523 2802 1578 λύσασα
2830 1527 2930 1591 τὰς
2963 1529 3172 1599 κόμας,
3202 1530 3297 1582 καὶ
3348 1529 3732 1600 δημοσιεύουσα
3774 1537 3813 1569 ⁸ο

580 1635 746 1689 πᾶσιν
781 1626 861 1694 οἷς
896 1630 1135 1701 ἔπραττε
1180 1625 1279 1695 τὴν
1343 1620 1650 1675 πενθοῦσαν
1678 1615 1878 1687 ψυχὴν,
1931 1615 2026 1667 καὶ
2054 1615 2182 1679 τοὺς

584 1725 726 1799 μετὰ
752 1722 954 1791 πολλῆς
982 1721 1079 1790 τῆς
1109 1714 1455 1788 συμπαθείας
1486 1711 1605 1783 ᾔτει
1634 1709 1725 1763 τὸν
1759 1708 1931 1760 ἔλεον.

661 1816 921 1889 Ejusdem
944 1816 999 1868 in
1039 1809 1365 1880 Stephanum
1397 1811 1841 1875 protomartyrem
1873 1814 2064 1854 sermo.

649 1972 813 2029 Stetit
833 1970 983 2026 solus
1016 1981 1046 2021 a
1076 1964 1280 2038 populo
1316 1959 1676 2016 interﬂciente
1704 1954 1900 2028 4991)
1925 1955 2161 2010 circum-

578 2067 761 2131 datus,
805 2077 990 2127 nemo,
1022 2074 1123 2116 nec
1168 2055 1399 2119 amicus,
1442 2067 1541 2108 nec
1588 2049 1924 2105 domesticus
1956 2062 2163 2118 cogna-

579 2168 737 2215 tusve
781 2171 847 2211 eo
896 2162 1147 2224 tempore
1208 2147 1415 2203 aderat.
1470 2141 1756 2199 Consolari
1811 2139 1957 2194 enim
2023 2138 2164 2194 solet

578 2265 731 2313 eum,
765 2246 859 2318 qui
892 2246 948 2300 in
993 2241 1241 2315 periculo
1276 2245 1381 2303 est,
1427 2243 1700 2291 astantem
1732 2231 1918 2286 videre
1964 2245 2163 2301 quem-

578 2342 702 2396 dam
728 2354 760 2394 e
801 2337 967 2392 notis.
1004 2332 1195 2389 Oravit
1221 2329 1382 2386 etiam
1408 2341 1510 2397 pro
1544 2320 1916 2393 lapidantibus
1943 2334 2023 2375 se.
2057 2319 2164 2375 La-

578 2431 830 2502 pldantes
875 2424 1035 2482 inviti
1070 2420 1395 2479 beneﬁcium
1447 2414 1527 2471 illi
1565 2413 1840 2479 fecerunt,
1900 2419 1956 2466 et
1983 2410 2164 2466 oratio

578 2536 691 2593 quo
724 2516 1048 2576 contendit?
1077 2512 1196 2568 Non
1245 2509 1424 2566 oravit
1462 2516 1524 2562 ut
1546 2512 1769 2576 peccata
1810 2502 2161 2557 inimicorum

581 2591 851 2684 impunita
896 2615 1103 2671 essent,
1146 2605 1253 2659 hoc
1285 2602 1431 2657 enim
1465 2598 1561 2653 Dei
1596 2594 1926 2652 ordiuationi
1969 2591 2165 2645 adver-

583 2712 760 2769 satur,
801 2715 924 2771 qua:
950 2698 1157 2770 justam
1208 2691 1501 2749 homicidis
1539 2703 1755 2760 poenam
1788 2686 1898 2741 illis
1936 2684 2164 2751 irrogat.

566 2795 691 2851 ‘Sed
709 2792 866 2864 quid,
895 2791 1147 2854 obsecro,
1167 2785 1340 2842 dicit?
1365 2783 1587 2837 Domine
1610 2780 1797 2835 neitlis
1826 2785 2037 2833 statuas
2067 2774 2164 2827 hoc

574 2892 858 2956 peccatum
889 2888 938 2945 τ,
985 2878 1089 2932 hoc
1110 2881 1216 2941 est,
1265 2872 1333 2927 da
1376 2879 1438 2926 ut
1474 2866 1852 2939 resipiscendo
1895 2877 2166 2933 compun-

582 2954 800 3043 gantur,
826 2967 995 3026 incita
1011 2977 1205 3021 eorum
1240 2971 1481 3017 mentem
1535 2957 1604 3012 ad
1652 2954 2030 3027 paenitentiam
2069 2966 2165 3007 eo-

582 3078 706 3118 rum
740 3074 863 3131 que
890 3073 1041 3113 nunc
1072 3053 1424 3111 committunt
1450 3058 1499 3104 ³.
1531 3048 1600 3103 Ει
1635 3056 1754 3103 erat
1777 3045 1945 3100 veluti
1968 3043 2167 3098 minis-

2258 1615 2423 1680 πόδας
2471 1616 2566 1671 τοῦ
2583 1617 2628 1650 δι
2679 1620 2932 1692 Σωτῆρος
2987 1626 3101 1688 τοῖς
3141 1623 3403 1695 δάκρυσιν
3452 1626 3815 1698 ὲπιρραίνουσα

2190 1800 2238 1859 Β
2273 1802 2383 1855 Τοῦ
2422 1805 2609 1859 αὐτοῦ
2660 1807 2728 1862 ἐκ
2760 1808 2869 1864 τοῦ
2907 1810 2994 1874 εὶς
3027 1808 3136 1862 τὸν
3183 1808 3648 1880 πρωτομάρτυρα
3692 1813 3815 1868 Στέ-

2934 1895 3153 1947 φανον.

2336 1967 2595 2039 Είστήκει
2620 1969 2677 2022 δὲ
2711 1970 2871 2039 μόνος
2903 1970 2981 2042 τῷ
3025 1972 3182 2043 δήμῳ
3219 1970 3331 2026 τῶν
3358 1969 3644 2041 φονώντων
3668 1991 3814 2030 κεκυ-

2265 2059 2561 2129 κλωμένος,
2614 2059 2790 2124 οὐδεὶς
2825 2060 2883 2114 δὲ
2911 2060 3032 2115 κατ’
3063 2061 3281 2132 ἐκείνην
3310 2062 3412 2131 τὴν
3457 2060 3605 2133 ὥραν
3648 2064 3815 2133 ἐγγὺς,

2264 2152 2324 2203 οὑ
2371 2151 2542 2220 φίλος,
2588 2153 2688 2206 οὑκ
2726 2153 2946 2216 οἰκεῖος,
2978 2153 3038 2206 ού
3068 2154 3338 2224 συγγενής
3358 2169 3373 2185 ’
3408 2152 3566 2223 φέρει
3592 2153 3695 2226 γάρ
3718 2173 3818 2220 πως

2268 2242 2622 2313 παραμυθίαν
2655 2247 2768 2308 τοῖς
2799 2243 3176 2297 κινδυνεύουσι
3219 2244 3285 2297 τὸ
3334 2243 3559 2315 βλέπειν
3604 2246 3817 2316 παρόντα

2266 2334 2389 2387 τινὰ
2414 2332 2522 2388 τῶν
2553 2335 2847 2405 γνωρίμων
2861 2335 2928 2389 ⁸³.
2964 2334 3287 2405 Προσετίθει
3315 2336 3383 2405 τῇ
3413 2333 3596 2403 δεήσει
3619 2336 3708 2388 καὶ
3736 2336 3816 2408 τὴν

2267 2422 2408 2493 ὑπὲρ
2439 2421 2549 2475 τῶν
2600 2421 2929 2488 λιθαζόντων
2968 2423 3166 2493 εὑχήν·
3218 2422 3560 2494 εὐηργέτουν
3607 2423 3707 2493 γὰρ
3740 2425 3817 2477 καὶ

2266 2514 2576 2580 λιθάζοντες
2610 2516 2855 2576 ἄκοντες.
2892 2516 2998 2568 Καὶ
3029 2516 3062 2586 η
3095 2515 3225 2585 εὐχὴ
3249 2514 3379 2568 τίνα
3418 2514 3577 2585 φέρει
3610 2514 3815 2581 σκοπ6ν;

2267 2605 2367 2658 οὑκ
2416 2603 2706 2658 ἀνεύθυνον
2747 2603 3002 2671 γενέσθαι
3045 2602 3155 2655 τῶν
3198 2599 3414 2673 ἐχθρῶν
3449 2603 3680 2654 αἰτεῖται
3696 2600 3738 2640 ⁸⁸
3767 2600 3819 2652 τὸ

2266 2694 2573 2766 ἁμάρτημα
2594 2710 2607 2724 ·
2638 2693 2796 2746 τοῦτο
2841 2691 2949 2764 γὰρ
2990 2690 3240 2763 φανερῶς
3279 2693 3347 2763 τῇ
3379 2688 3473 2745 τοῦ
3503 2688 3634 2743 Θεοῦ
3665 2690 3818 2742 διατυ-

2267 2788 2441 2841 πώσει
2477 2785 2800 2840 ἀνθίσταται
2827 2825 2841 2849 ,
2871 2785 2906 2855 ἡ
2935 2787 3044 2848 τοῖς
3094 2783 3451 2855 ἀνδροφόνοις
3493 2782 3591 2853 τὴν
3632 2782 3819 2837 δικαίαν

2268 2879 2451 2952 κρίσιν
2495 2879 2696 2951 ὥρισεν
2720 2896 2735 2911 ’
2781 2877 2918 2933 ἀλλὰ
2945 2876 2997 2930 τί
3022 2892 3192 2946 φησι;
3243 2876 3345 2944 Μὴ
3375 2873 3617 2942 στήσῃς
3642 2873 3819 2940 αὐτοῖς

2267 2968 2385 3039 τὴν
2406 2970 2699 3040 ἁμαρτίαν
2728 2970 2955 3037 ταύτην
2969 2967 3037 3000 ⁸⁸*
3061 2967 3334 3030 τουτέστι,
3364 2966 3467 3029 Δὸς
3497 2964 3658 3035 φόϐον
3680 2983 3821 3018 κατα-

2268 3060 2472 3128 νύξεως
2497 3102 2512 3126 ,
2540 3061 2715 3129 ἄγαγε
2750 3061 2886 3131 πρὸς
2916 3059 3206 3130 μετάνοιαν
3236 3057 3353 3112 τῶν
3383 3055 3481 3110 νῦν
3515 3055 3821 3126 τετολμημὲ-

581 3164 663 3208 ter
696 3148 1012 3207 custodiens
1046 3144 1373 3201 vestimenta
1417 3137 1602 3211 populi
1650 3134 1925 3191 carniﬁcis
1955 3131 2161 3187 interﬁ-

2272 3172 2401 3209 νων.
2454 3154 2563 3207 Καὶ
2593 3149 2661 3225 ἦν
2695 3153 2974 3223 ὑπηρέτης
3008 3151 3036 3203 ό
3066 3148 3359 3219 φυλάττων
3387 3146 3601 3211 Παῦλος
3627 3148 3691 3202 τὰ
3716 3148 3821 3218 ίμά-

582 3244 777 3301 cientis
842 3241 1065 3298 Paulus.
1125 3236 1355 3306 Propter
1430 3233 1535 3286 alia
1593 3239 1648 3286 ct
1693 3236 1914 3300 propter
1972 3227 2166 3282 Sabel-

582 3340 717 3394 lium
762 3335 982 3401 Afrum,
1035 3340 1162 3387 ante
1208 3326 1521 3385 convellens
1578 3322 1841 3377 damnum
1895 3319 2168 3376 Ecclesia-

583 3446 732 3495 rum,
769 3425 1012 3483 ostendit
1055 3424 1296 3493 seipsum
1326 3417 1471 3474 Deus
1518 3416 1570 3469 in
1595 3411 1817 3485 propria
1858 3426 1922 3465 ac
1955 3409 2167 3480 perfec—

520 3528 529 3537 ’
582 3532 639 3577 ta
683 3520 875 3590 gloria.
912 3514 1164 3572 Ostendit
1200 3519 1382 3567 autem
1438 3506 1640 3562 Filium
1682 3504 1737 3559 in
1769 3502 2009 3574 perfecta
2043 3517 2165 3572 per-

586 3626 743 3668 sona.
800 3608 921 3665 Stat
961 3606 1030 3661 ad
1063 3605 1312 3660 dextram
1358 3597 1527 3664 illius,
1567 3602 1630 3650 ut
1662 3592 2021 3649 distinctione
2042 3607 2168 3661 per-

588 3716 849 3759 sonarum
874 3700 1196 3770 hypostases
1223 3689 1562 3754 ostenderet,
1590 3693 1646 3741 et
1677 3692 1903 3741 sanctus
1927 3683 2167 3751 Spiritus

584 3792 751 3849 simul
782 3789 1083 3845 ordinatur.
1121 3783 1337 3839 Etenim
1374 3792 1542 3849 supra
1585 3774 1725 3831 dixit
1756 3790 1770 3827 :
1800 3773 1867 3827 Et
1923 3789 2027 3826 non
2070 3789 2169 3841 ρο·-

592 3891 788 3939 uerunt
827 3880 1072 3936 resistere
1098 3875 1377 3947 sapientia:
1420 3879 1469 3927 et
1526 3870 1745 3939 spiritui
1785 3869 1876 3938 qui
1924 3867 2167 3938 loqueba-

583 3988 693 4032 tur.
723 3974 861 4032 Vide
906 3975 1071 4045 igitur
1117 3980 1172 4026 et
1215 3966 1391 4024 sancti
1438 3964 1673 4036 Spiritus
1736 3977 2027 4034 personam
2080 3962 2169 4016 hic

584 4080 774 4141 aperte
800 4063 1186 4123 demonstrari.
1212 4061 1270 4117 Si
1293 4061 1530 4133 Spiritus
1549 4058 1701 4130 prius
1720 4058 2026 4129 descriptus
2062 4066 2164 4123 est,

583 4163 783 4218 deinde
830 4162 1015 4226 Pater,
1051 4167 1107 4214 et
1130 4156 1326 4221 Filius,
1373 4152 1585 4210 ordinis
1614 4153 1847 4209 mutatio
1874 4153 2011 4208 nihil
2042 4152 2167 4207 ﬁdei

585 4264 765 4312 nocet.
801 4253 894 4308 Sic
926 4252 1071 4307 enim
1094 4250 1334 4321 loquitur
1359 4262 1515 4304 sacra
1539 4244 1844 4317 Scriptura,
1875 4246 2171 4317 aliquando

587 4343 734 4399 enim
788 4341 985 4396 Filium
1030 4339 1209 4395 solum
1246 4339 1518 4402 nominat,
1567 4337 1864 4407 aliquando
1903 4337 2166 4409 Spiritum

586 4450 712 4489 cum
736 4431 896 4498 Filio,
925 4432 1059 4486 alias
1079 4430 1267 4501 incipit
1311 4446 1341 4483 a
1381 4429 1562 4496 Patre,
1580 4428 1853 4484 dcsinitin
1875 4429 2166 4501 Spiritum,

588 4534 644 4580 et
671 4534 861 4579 contra
911 4522 1098 4593 incipit
1147 4537 1179 4575 a
1224 4518 1453 4590 Spiritu,
1512 4522 1799 4578 descendit
1834 4537 1931 4593 per
1965 4522 2163 4580 Filiqu

587 4618 657 4672 ad
681 4615 922 4682 Patrem,
949 4615 1134 4684 itaque
1178 4614 1317 4669 solet
1350 4613 1587 4668 maxime
1614 4624 1838 4670 sanctus
1862 4614 2091 4675 Paulus.

2268 3264 2359 3300 τια
2393 3247 2501 3299 τῶν
2524 3246 2895 3315 ἀναιρούντων
2927 3242 3100 3313 δήμου
3131 3239 3355 3313 δημίου.
3392 3240 3494 3295 Διά
3516 3257 3575 3293 τε
3601 3235 3688 3293 οὖν
3710 3239 3822 3293 em

2270 3337 2365 3391 καὶ
2403 3335 2493 3389 διὰ
2523 3336 2612 3389 τὸν
2648 3335 2818 3389 Λίϐυν
2857 3333 3165 3397 Σαϐέλλιον,
3203 3331 3647 3404 προανακόπτων
3681 3329 3823 3385 αὐτοῦ

2270 3430 2380 3485 τῶν
2425 3427 2766 3499 Ἐκκλησιῶν
2793 3427 2893 3497 τὴν
2930 3425 3155 3496 βλάϐην,
3184 3424 3432 3478 δείκνυσι
3464 3424 3593 3496 [814
3622 3422 3705 3495 H.]
3743 3422 3824 3494 μὲν

2270 3519 2463 3575 ἑαυτὸν
2506 3522 2563 3573 ὲν
2621 3519 2727 3590 ἰδίᾳ
2755 3519 2848 3571 καὶ
2883 3517 3159 3572 αὑτοτελεί
3195 3516 3351 3589 δόξῃ,
3389 3515 3632 3570 δείκνυσι
3662 3513 3715 3567 δὲ
3747 3510 3826 3565 καὶ

2268 3612 2363 3665 τὸν
2390 3611 2520 3665 Υἰὺν
2550 3612 2607 3662 ὲν
2655 3608 3048 3680 ἀπηρτισμένῳ
3105 3606 3413 3679 προσώπῳ.
3452 3606 3663 3675 Ἵστησι
3696 3604 3746 3657 δὲ
3773 3602 3825 3655 ἐκ

2271 3701 2464 3769 δεξιῶν
2502 3699 2691 3764 αὑτοῦ,
2745 3700 2832 3753 ἵνα
2877 3701 2942 3769 τῇ
2976 3699 3349 3769 διευκρινήσει
3398 3697 3511 3751 τῶν
3546 3695 3823 3768 προσώπων

2272 3792 2590 3868 ἑρμηνεύσῃ
2620 3793 2719 3855 τὰς
2753 3791 3098 3854 ὑποστάσεις.
3121 3791 3232 3844 Καὶ
3266 3790 3329 3844 τὸ
3355 3789 3583 3860 Πνεῦμα
3609 3788 3669 3842 τὸ
3696 3788 3827 3855 ἅγιον

2274 3886 2634 3942 συντέτακται
2655 3899 2669 3914 ⁸
2702 3884 2800 3937 καὶ
2832 3884 2940 3955 γὰρ
2986 3886 3252 3954 προεῖπεν
3274 3899 3289 3913 °
3342 3884 3455 3938 Kal
3487 3885 3599 3937 οὐκ
3638 3881 3829 3949 ἴσχυον

2271 3975 2629 4044 ἀντιστῆναι
2654 3974 2728 4043 τῇ
2754 3974 2942 4043 σοφίᾳ
2980 3973 3077 4027 καὶ
3103 3972 3182 4038 τῷ
3206 3975 3531 4042 πνεύματι,
3555 3965 3604 4040 ᾧ
3630 3969 3826 4024 ἐλάλει.

2284 4068 2415 4122 ’ἰδοὺ
2440 4068 2642 4133 τοίνυν,
2688 4066 2785 4119 καὶ
2822 4065 2882 4117 τὸ
2905 4064 3001 4118 τοῦ
3036 4065 3358 4135 Πνεύματος
3397 4065 3534 4136 ἡμῖν
3568 4062 3830 4135 πρόσωπον

2272 4159 2542 4231 εύκρινῶς
2570 4161 2597 4211 ὁ
2624 4157 2797 4227 Λόγος
2824 4156 3149 4225 ὑπέστησεν.
3180 4157 3243 4209 Ei
3269 4156 3329 4208 δὲ
3373 4155 3436 4208 τὸ
3472 4154 3692 4223 Πνεῦμα
3720 4147 3830 4217 πρό-

2270 4272 2427 4327 τερον
2450 4254 2779 4323 γέγραπται,
2798 4250 2988 4303 ἔπειτα
3007 4249 3062 4301 δὲ
3093 4249 3120 4299 ό
3154 4247 3345 4320 Πατὴρ
3364 4247 3465 4301 καὶ
3488 4248 3517 4301 ὁ
3549 4240 3831 4310 Υἱὸς,οὑδὲν

2270 4348 2369 4419 τῆς
2399 4344 2608 4410 τάξεως
2645 4345 2679 4413 ή
2712 4341 2983 4411 έναλλαγὴ
3020 4342 3087 4410 τῇ
3123 4340 3309 4393 πίστει
3346 4338 3694 4409 λυμαίνεται.
3724 4332 3833 4386 Σύνε

2271 4440 2401 4512 ηθες
2433 4438 2544 4509 γὰρ
2574 4436 2732 4490 τοῦτο
2757 4437 2823 4506 τῇ
2854 4434 3044 4505 Γραφῇ
3064 4449 3079 4462 ο
3115 4431 3246 4485 ποτὲ
3285 4433 3389 4502 μὲν
3419 4427 3731 4501 ὁνομὰζει⁸⁸
3758 4425 3830 4477 τὸν

2275 4530 2400 4583 Υίὸν
2435 4528 2599 4598 μόνον
2617 4525 2685 4591 ⁸⁸,
2720 4524 2850 4577 ποτὲ
2879 4522 2938 4575 δὲ
2981 4522 3043 4575 τὸ
3098 4523 3325 4592 Πνεῦμα
3354 4524 3455 4577 σὺν
3483 4523 3563 4593 τῷ
3588 4518 3727 4589 Υἰῷο
3755 4515 3832 4570 ἄλ-

2277 4623 2400 4676 λοτε
2435 4620 2492 4673 δὲ
2524 4620 2755 4689 ἄρχεται
2791 4616 2892 4686 μὲν
2924 4614 3017 4668 τοῦ
3051 4616 3287 4685 Πατρὸς,
3339 4614 3643 4685 καταλήγει
3684 4610 3734 4663 δὲ
3767 4607 3833 4669 εἰς

590 4711 652 4767 τὸ
683 4711 930 4783 Πνεῦμα,
964 4711 1059 4764 καὶ
1092 4708 1153 4762 τὸ
1183 4709 1453 4765 ἀνάπαλιν
1497 4708 1675 4782 ἀρχὴν
1704 4710 1805 4781 μὲν
1838 4718 2078 4771 ποιεῖται
2129 4725 2193 4779 τὸ
2228 4718 2482 4787 Πνεῦμα,
2524 4714 2702 4768 ὁδεύει
2754 4714 2809 4765 δὲ
2869 4713 2959 4766 διὰ
3008 4711 3103 4765 τοῦ
3157 4710 3285 4765 Υίοῦ
3338 4712 3440 4766 ἐπὶ
3484 4712 3577 4764 τὸν
3618 4706 3831 4776 Πατέρα.

590 4801 703 4856 Καὶ
741 4801 805 4854 τὸ
881 4799 1079 4870 ἰδίωμα
1116 4798 1274 4852 τοῦτο
1314 4799 1549 4870 μάλιστα
1573 4801 1650 4872 τῷ
1672 4801 1799 4874 θείῳ
1838 4808 2186 4883 συντηρεὴαι
2220 4807 2440 4877 Παύλῳ.

594 4941 852 5012 Ejusdem
880 4938 1081 5014 Asterii
1132 4938 1184 4989 in
1224 4935 1320 5014 illa
1347 4937 1501 5014 uerna
1534 4955 1552 5014 ς
1588 4956 1606 5014 ι
1640 4938 1813 4997 Homo
1837 4943 2058 5014 quidam
2103 4947 2172 5002 ab

1020 5007 1321 5062 Jerusalem
1354 5010 1404 5061 in
1437 5007 1669 5065 Iericho.
1720 5030 1739 5064 ι

663 5099 935 5167 Quidnam
959 5096 1211 5154 Christus
1234 5098 1300 5153 ad
1334 5099 1466 5170 legis
1502 5102 1735 5170 peritum
1776 5119 1834 5160 se
1867 5115 2168 5165 tentantem

667 5291 696 5331 ι)
735 5278 868 5335 Luc.
912 5291 1034 5344 xm,
1070 5279 1121 5330 7.
1199 5287 1228 5328 tt
1258 5276 1391 5333 Luc.
1433 5293 1530 5345 vn,
1567 5279 1657 5335 37.
1741 5280 1905 5337 'Act.
1934 5298 2035 5348 vn,
2058 5280 2150 5337 60.

2286 4942 2399 5000 Τοῦ
2447 4938 2637 4994 αὐτοῦ
2664 4940 2751 5003 εις
2785 4935 2875 5000 τὸ,
2904 4898 2930 4987 γε
2965 4936 3306 5004 Ἄνθρωπός
3362 4952 3458 5001 τις
3516 4931 3835 4989 κατέϐαινεν

2508 5008 2626 5063 ἀπὸ
2667 5005 3070 5076 Ἰερουσαλὴμ
3106 5007 3196 5071 εις
3226 5004 3486 5075 ἰεριχώ.
3540 5023 3560 5059 ι

2346 5103 2415 5158 Τί
2440 5101 2620 5157 τοίνυν
2644 5101 2673 5154 ὁ
2710 5098 2945 5171 Χριστὸς
2976 5097 3114 5168 πρὸς
3145 5097 3239 5153 τὸν
3267 5097 3613 5170 πειράζοντα
3640 5091 3836 5171 νομικόν

2229 5292 2254 5320 ³
2290 5280 2425 5336 Ibid.
2451 5278 2539 5335 58.
2625 5280 2643 5315 ί
2668 5279 2858 5335 Actor.
2900 5292 2981 5343 VI,
3014 5276 3103 5335 10.

1889 5440 2128 5496 VARl/E
2165 5437 2566 5496 LECTIONES.

668 5582 712 5613 "
746 5583 815 5663 δη
824 5582 1184 5663 μοσιεύσασαἾ
1224 5598 1286 5645 ς.

1398 5583 1440 5613 ⁶¹
1473 5581 1567 5652 τοῦ
1645 5580 1808 5652 αὑτοῦ
1850 5585 1891 5635 Α
1935 5599 1949 5634 :
2004 5581 2105 5652 τοῦΔ
2167 5580 2371 5652 αὑτοῦ,
2421 5582 2691 5652 μακαρίου
2769 5578 3048 5652 Ἀστερίου
3089 5577 3397 5652 ἐπισκόπου
3474 5570 3757 5652 ξΔμασείαες

676 5637 836 5724 -τῶύέ
848 5650 1187 5724 γνωρίμων]
1225 5637 1502 5724 γνώριμον
1687 5651 1730 5682 ’⁵³
1766 5655 1999 5705 αίτεῐται
2040 5650 2149 5705 τῶν
2203 5637 2434 5724 ἑχθρῶνῗ
2464 5651 2523 5704 τὸ
2554 5637 2860 5721 ἁμάρτημα
2880 5637 3134 5717 γενέσθαι
3170 5665 3232 5712 ς’.
3310 5648 3360 5683 ⁵⁸
3394 5637 3606 5716 ταύτην
3638 5642 3754 5698 add.
3778 5637 3832 5691 Β.

596 5719 643 5756 ⁸⁸
666 5719 951 5794 ὀνομάζειν
971 5719 1040 5778 ’Βζ
1116 5719 1355 5793 Wytde
1379 5719 1469 5776 τὸν
1499 5721 1613 5774 υἱὸν
1636 5738 1695 5785 ς.
