4020 6444
188 433 278 496 2ϋὸ
1196 422 1720 486 BlBLlOTHECA.
1759 443 1829 455 -
1866 421 2030 481 COD.
2066 420 2362 483 CCLXXI.
3322 420 3429 487 206

189 561 355 617 gmw;
384 545 488 598 Ἐν
511 543 593 609 τῷ
618 545 782 614 νόμῳ
822 545 874 597 τί
902 544 1221 613 γέγραπται
1242 559 1261 606 ;
1293 541 1764 611 ὑπομιμνήσκων

1874 536 1975 590 ixit
2007 555 2020 591 :
2059 535 2200 601 Quid
2249 538 2501 607 scriptum
2553 547 2629 621 est
2671 538 2728 592 in
2754 539 2860 609 lege
2886 537 2952 592 n?
2988 537 3048 592 In
3102 539 3425 593 memoriam

185 640 324 695 αὑτὸν
353 642 453 707 τῆς
479 639 618 709 πρὸς
643 638 777 691 Θεὸν
820 637 912 691 καὶ
952 637 1051 705 τῆς
1065 636 1108 666 ⁵⁷
1165 636 1303 707 πρὸς
1348 636 1473 697 τοὺς
1509 631 1737 701 πλησίον

1867 628 2092 700 οιίἰεοηε
2109 629 2431 685 charitatem
2455 628 2522 683 ad
2548 628 2718 685 Deum
2746 638 2799 685 et
2824 629 3165 700 proximum,
3215 636 3425 685 tantum

186 732 399 801 ἀγάπης,
440 732 602 800 μόνον
640 730 762 799 οὐχὶ
787 728 982 796 λέγων,
1015 729 1089 792 ὡς
1115 729 1175 781 Εἰ
1202 729 1302 797 μὲν
1335 728 1468 792 Θεὸς
1504 727 1617 797 ἐγώ
1658 743 1740 781 σοι

1867 738 1952 776 ιοη
1976 720 2166 776 dicens
2230 732 2288 775 ut
2344 720 2404 777 Si
2466 722 2561 781 tibi
2618 722 2761 779 Deus
2810 722 3044 786 videar,
3106 721 3426 777 charitalem

184 822 322 887 δοκῶ,
344 820 589 891 ὀφείλεις
624 837 715 890 μοι
744 819 841 890 τὴν
868 820 1146 890 ἁγάπηνδδ
1170 836 1182 849 ·
1208 821 1256 872 εί
1289 818 1335 871 δ’
1371 820 1622 881 ἀπιστεῖς
1646 818 1741 870 xui.

1867 812 1977 867 nihi
2037 813 2202 869 debes
2237 828 2252 867 :
2295 814 2340 869 si
2391 828 2501 869 non
2551 816 2767 881 credas,
2798 824 2853 870 et
2898 829 2988 868 me
3027 823 3187 884 putas
3230 829 3427 882 purum

186 912 346 984 ὅμοιόν
369 928 454 964 σοι
489 910 735 981 νομίζεις
769 911 870 980 ἐμὲ
901 911 1052 981 ψιλὸν
1065 911 1111 943 ’⁵⁸
1138 910 1449 979 ἄνθρωπον,
1476 911 1571 962 xui.
1596 906 1741 960 οὕτω

1867 905 2123 961 nominem
2182 908 2262 963 tui
2304 908 2562 975 similem,
2613 917 2668 964 et
2718 908 2797 965 sic
2830 923 2897 964 ex
2952 906 3089 980 legis
3111 907 3432 979 praescripto

185 1004 235 1058 τὸ
273 1003 495 1072 ἀγαπᾷν
541 1005 841 1074 χρεωστείς
886 1002 1030 1055 κατὰ
1082 999 1173 1054 τὸν
1221 1000 1407 1069 νόμον.
1453 998 1741 1068 Ἀδελφοὺς

1867 1015 2032 1053 imare
2082 999 2270 1056 debes.
2333 1001 2460 1056 lllos
2486 1016 2748 1056 vocamus
2808 999 3028 1062 fratres,
3082 1000 3179 1069 qui
3234 999 3429 1054 eodem

187 1093 438 1163 καλοῦμεν
469 1092 735 1155 ἐκείνους,
758 1091 805 1145 οἳ
832 1092 892 1156 ἐξ
921 1092 1039 1155 ὲνδς
1067 1090 1275 1159 ἔφυσαν
1308 1089 1625 1160 σπέρματος
1648 1088 1745 1141 xui.

1867 1088 1973 1142 :diti
2009 1088 2240 1155 semine,
2267 1096 2321 1143 et
2355 1090 2545 1144 eodem
2573 1100 2727 1143 utero
2760 1086 2953 1158 geniti.
2985 1087 3089 1153 Qui
3124 1101 3254 1141 vero
3277 1103 3432 1141 eum-

188 1184 300 1255 μιᾶς
327 1181 591 1254 γαστρός.
636 1183 697 1234 Οἱ
725 1181 783 1234 δὲ
808 1182 902 1235 τὸν
940 1182 1103 1234 αὐτὸν
1134 1180 1349 1252 ἔχοντες
1382 1177 1612 1249 ποιητὴν
1651 1178 1746 1231 xui.

1867 1179 1970 1235 lem
2009 1180 2278 1237 habemus
2318 1182 2655 1247 Creatorem,
2694 1189 2748 1234 et
2777 1179 3025 1233 eamdem
3059 1188 3285 1234 matrem
3320 1188 3432 1233 ter-

187 1273 298 1343 μίαν
353 1273 576 1343 μητέρα
616 1273 717 1343 τὴν
758 1273 883 1342 γῆν,
937 1271 1030 1342 ἀφ’
1075 1266 1144 1344 ἧς
1177 1271 1604 1341 διεπλάσθημεν,
1652 1270 1747 1322 xui.

1867 1288 1991 1338 'am,
2043 1288 2073 1328 e
2105 1288 2212 1343 qua
2256 1273 2462 1329 conditi
2493 1288 2706 1338 sumus,
2748 1281 2803 1328 et
2848 1272 3095 1328 eamdem
3127 1274 3324 1327 anima:
3352 1271 3434 1327 di-

183 1366 335 1434 ψυχῆς
365 1365 592 1435 ἀξίωμα
626 1364 1033 1435 παραπλήσιον,
1058 1362 1338 1426 εὐσεϐείας
1378 1361 1436 1415 δὲ
1467 1363 1559 1415 xui.
1597 1361 1749 1414 πολι-

1867 1366 2134 1436 ;nitatem,
2182 1365 2380 1437 500a
2412 1382 2579 1421 unum
2619 1366 2838 1437 pietatis
2878 1374 2933 1422 et
2958 1366 3086 1422 vitae
3128 1367 3434 1431 vinculum,

183 1461 311 1522 τείας
334 1459 437 1512 ἕνα
463 1460 690 1531 θεσμὸν,
722 1461 817 1513 xui
840 1461 941 1530 τὴν
973 1458 1163 1513 ὲλπίδα
1191 1458 1283 1511 τοῦ
1325 1458 1612 1527 μέλλοντος
1650 1458 1748 1528 τὴν

1867 1470 1905 1511 :t
1952 1459 2200 1513 eamdem
2259 1458 2462 1514 futurae
2514 1462 2639 1514 vita:
2685 1475 2858 1527 spem,
2892 1460 3169 1531 quomodo
3198 1459 3433 1514 invicem

184 1551 352 1623 αὐτὴν,
392 1553 514 1614 πῶς
560 1553 620 1605 οὐ
662 1554 843 1623 πάσης
893 1552 1255 1624 ἁδελφότητος
1293 1553 1389 1606 καὶ
1434 1552 1748 1621 συγγενείας

185 1645 325 1714 ἐσμὲν
338 1644 595 1715 ἀλλήλων
612 1644 811 1713 ὲγγύτε
823 1661 903 1714 ροι
923 1661 939 1712 ;
960 1644 1054 1699 xui.
1073 1645 1204 1697 ὅταν
1233 1644 1520 1714 ἄνθρωπον
1542 1644 1657 1714 ἴδῃς
1676 1644 1745 1707 ⁸ο,

189 1737 358 1791 σαυτὴν
390 1739 530 1807 όρᾷς
561 1737 620 1788 ὲν
651 1735 864 1806 ἐκείνῳ.
893 1737 988 1788 Δεῖ
1010 1734 1104 1788 οὖν
1128 1735 1224 1788 xui.
1260 1734 1327 1787 τά
1372 1734 1581 1787 ἐκείνου
1617 1734 1751 1787 θεω-

190 1828 363 1900 ροῦντα
395 1829 574 1899 πάθη,
620 1827 800 1899 λιμὸν,
849 1828 1032 1897 δίψαν,
1064 1826 1403 1898 γυμνότητα,
1451 1827 1551 1896 τὴν
1584 1826 1751 1897 ἄλλην

191 1921 373 1974 ἔνδειαν
404 1921 505 1974 καὶ
535 1921 633 1984 τὰς
676 1921 867 1985 νόσους
896 1922 991 1973 xui.
1023 1921 1149 1985 τοὺς
1178 1919 1371 1983 ἄλλους
1408 1920 1751 1992 πειρασμοὺς

190 2012 252 2075 ὡς
282 2012 463 2065 οἰκεῖα
493 2011 643 2082 πάθη
680 2012 775 2065 xui.
823 2011 1113 2083 συμφοράς
1161 2012 1476 2083 οἰκτείρειν.
1518 2012 1754 2075 Πολλοὺς

193 2103 419 2172 ἔγνωμεν
464 2104 559 2156 ἐπὶ
609 2103 712 2171 μὲν
753 2103 862 2156 τῶν
914 2104 1088 2172 λόγων
1144 2104 1586 2174 ὁμολογήσαντας
1619 2120 1756 2173 προ-

194 2195 538 2259 κινδυνεύειν,
577 2194 753 2271 ὲπίδὲ
790 2196 888 2266 τῆς
921 2195 1117 2267 πείρας
1141 2196 1516 2267 ψευσαμένους
1541 2198 1639 2266 τὴν
1668 2195 1757 2248 εὓ-

200 2304 336 2342 νοιαν.
368 2287 539 2360 [1495
560 2287 654 2361 8.]
677 2288 736 2343 ’0
770 2290 867 2359 μὲν
899 2288 1087 2360 Σωτὴρ
1116 2289 1273 2359 ἡμῶν
1297 2289 1469 2353 οὕτως
1500 2289 1755 2360 ἠγάπησε

207 2382 258 2430 τὸ
281 2380 397 2433 ἴδιον
430 2381 669 2452 ποίημα,
714 2381 813 2452 οὐχ
865 2382 940 2444 ὡς
973 2380 1189 2446 ἑαυτὸν,
1220 2380 1334 2434 ἀλλ’
1369 2380 1509 2453 ὑπὲρ
1540 2381 1751 2435 ἑαυτόν⁸

212 2470 318 2538 ἡμῖν
342 2473 394 2524 δὲ
418 2472 535 2524 to“
563 2472 784 2525 ἔλαττον
811 2470 1163 2539 ὲγκελεύεται
1183 2512 1198 2537 ,
1231 2472 1451 2544 ἀγαπᾷν
1482 2473 1575 2526 τὸν
1613 2474 1755 2545 πλη-

212 2561 303 2615 σίον
335 2562 407 2626 ὡς
437 2565 657 2629 ἑαυτὸν,
689 2564 787 2637 τὴν
816 2565 1126 2634 ὑπερϐολὴν
1160 2564 1395 2635 ἀφελὼν,
1429 2564 1516 2620 ’ίνα
1550 2567 1625 2638 μὴ
1665 2565 1759 2637 βα-

208 2651 331 2718 ρεῖαν
356 2653 562 2723 ποιήσῃ
590 2656 683 2706 καὶ
704 2654 1005 2727 δυσήνυτον
1026 2656 1125 2727 τὴν
1151 2654 1519 2727 mammam
1537 2656 1627 2711 διὰ
1648 2658 1758 2710 τῶν

198 2740 348 2812 ἔργων
388 2744 731 2815 σαφέστερον
774 2744 1023 2819 ἐπιδείξῃ
1060 2746 1153 2800 τὸν
1197 2749 1297 2818 τῆς
1346 2747 1567 2817 ἀγάπης
1597 2750 1625 2802 ὁ
1661 2751 1759 2801 Δε-

197 2832 377 2907 στῶτης
406 2837 598 2907 νόμον,
624 2840 858 2910 πρᾶγμα
889 2840 1061 2911 γέμον
1093 2840 1191 2910 μὲν
1210 2840 1254 2872 ⁸⁸
1283 2839 1434 2893 ἐλέου
1469 2840 1681 2911 συμϐὰν
1702 2841 1760 2893 δὲ

196 2927 392 2992 πάντως
441 2928 584 2983 κατὰ
626 2930 718 2983 τὸν
765 2932 956 3001 χρόνον
988 2931 1195 2984 ἐκεῖνον
1243 2933 1333 2985 ὑπ’
1380 2931 1501 3003 ὄψιν
1535 2932 1659 3001 ἄγει
1684 2932 1762 3004 τῷ

194 3018 335 3091 λόγῳ,
391 3023 738 3077 ὲκπαιδεύων
791 3025 883 3076 τὸν
929 3025 1153 3094 νομικὸν
1200 3027 1283 3080 ὅτι
1331 3026 1559 3097 πλησίον
1603 3026 1761 3097 ήμῶν

188 3113 375 3178 ἐκεῖνός
409 3117 586 3180 ἐστιν,
637 3115 696 3178 ὃς
728 3116 793 3170 ἂν
822 3116 920 3188 τὴν
951 3119 1175 3189 ἐμπαθῆ
1203 3119 1406 3189 ταύτην
1436 3120 1760 3193 περικείμε-

1854 1565 1964 1603 non
2011 1551 2186 1620 magis
2217 1551 2518 1621 diligimus,
2568 1568 2733 1622 quam
2787 1550 2986 1607 fratres
3035 1559 3130 1605 aut
3182 1549 3439 1606 sorores?

1852 1641 2060 1700 Videns
2088 1644 2389 1712 hominem,
2420 1645 2655 1715 teipsum
2680 1644 2739 1699 in
2770 1660 2835 1700 eo
2860 1645 3031 1699 vides.
3057 1642 3239 1711 Quare
3273 1658 3438 1712 opor-

1855 1742 1930 1788 tet
1956 1748 2107 1799 eum,
2135 1737 2229 1805 qui
2260 1736 2381 1807 ejus
2419 1737 2783 1801 calamitates,
2814 1734 3040 1801 famem,
3072 1735 3242 1799 sitim,
3275 1734 3439 1787 nudi-

1858 1834 2047 1890 tatem,
2098 1823 2377 1899 aliamque
2423 1827 2811 1884 necessitatem
2850 1835 2905 1881 et
2932 1826 3180 1892 morbos,
3208 1834 3263 1879 et
3298 1824 3438 1878 alias

1856 1918 2182 1975 aﬂlictionos
2234 1920 2431 1991 aspicit
2465 1961 2481 1989 ,
2525 1930 2785 1989 tanquam
2841 1904 3093 1989 proprios
3132 1917 3349 1972 dolores
3386 1925 3442 1969 et

1854 2009 2053 2063 damna
2104 2010 2407 2065 clementer
2454 2009 2748 2080 respicere.
2790 2007 2989 2062 Multos
3036 2006 3311 2070 novimus,
3344 2005 3441 2074 qui

1856 2099 2039 2156 verbis
2067 2115 2128 2156 se
2156 2101 2399 2171 pericula
2428 2102 2676 2156 adituros
2717 2100 2982 2159 dicerent.
3034 2099 3128 2153 sed
3158 2114 3283 2153 cum
3307 2112 3441 2167 pro-

1857 2192 2099 2248 bandum
2129 2201 2235 2257 est,
2278 2193 2721 2250 benevolentiam
2761 2191 2977 2248 mentiti
3008 2199 3153 2247 sunt.
3186 2191 3441 2245 Salvator

1856 2285 1996 2342 adeo
2024 2295 2332 2342 creaturam
2384 2302 2538 2341 suam
2570 2286 2785 2350 dilexit,
2824 2301 2933 2339 non
2970 2294 3029 2339 ut
3049 2285 3315 2350 seipsum,
3346 2282 3443 2337 sed

1857 2380 1982 2450 plus
2011 2395 2179 2450 quam
2203 2380 2445 2450 seipsum
2480 2379 2683 2435 :nobis
2723 2394 2857 2434 vero
2888 2394 2996 2433 non
3030 2386 3177 2433 tanta
3208 2377 3433 2432 dilectio
3490 2373 3495 2378 ’

1858 2472 2182 2542 imponitur,
2217 2471 2444 2542 diligere
2483 2471 2697 2527 scilicet
2725 2470 3041 2546 proximum
3085 2478 3145 2523 ut
3172 2469 3440 2538 seipsum,

1860 2581 1968 2621 non
1996 2580 2162 2638 supra
2208 2565 2475 2636 seipsum,
2518 2579 2588 2618 ne
2634 2572 2967 2634 praeceptum
3009 2575 3172 2631 grave
3213 2561 3443 2630 impletu

1859 2660 2033 2726 daret,
2058 2666 2194 2715 etut
2221 2673 2317 2729 per
2356 2672 2521 2727 opera
2552 2654 2897 2711 manifestius
2940 2652 3227 2709 charitatis
3267 2653 3441 2723 legem

1861 2752 2196 2808 ostenderet.
2234 2751 2364 2805 Rem
2388 2750 2607 2821 plenam
2633 2748 3048 2813 misericordiae,
3075 2762 3198 2818 quae
3223 2761 3290 2801 eo
3309 2756 3447 2801 tem-

1861 2859 1995 2915 pore
2048 2844 2279 2914 contigit
2348 2845 2449 2899 sub
2501 2842 2693 2898 oculos
2728 2841 2903 2911 ponit,
2965 2840 3102 2912 legis
3160 2839 3447 2895 doctorem

1863 2937 2066 2994 docens
2092 2937 2404 3008 proximum
2436 2934 2708 3005 cujusque
2753 2948 2898 3000 esse,
2935 2931 3029 3002 qui
3054 2930 3298 2986 eamdem
3328 2944 3449 3000 ges-

1864 3038 1989 3085 tans
2022 3045 2240 3085 carnem
2270 3029 2509 3084 miseriis
2532 3026 2836 3083 obnoxiam
2868 3024 3077 3080 auxilio
3109 3031 3164 3079 et
3195 3037 3297 3094 ope
3328 3037 3448 3076 mu-

1865 3131 1961 3177 tua
1984 3122 2206 3193 indiget.
2242 3121 2350 3177 Res
2373 3122 2451 3176 sic
2473 3129 2622 3191 gesta
2649 3127 2734 3175 est
2757 3136 2771 3173 :
2803 3116 2978 3171 Homo
2994 3115 3212 3186 quidam
3231 3113 3449 3168 descen-

188 3220 265 3267 νος
288 3207 476 3277 σάρκα
503 3207 740 3279 χρῄζῃ⁸³
778 3209 1030 3278 βοηθείας
1077 3212 1174 3263 xui.
1220 3212 1543 3283 οἰκτιρμῶν.
1587 3212 1659 3265 Τὸ
1698 3212 1753 3266 δὲ

1867 3212 2011 3269 debat
2035 3232 2100 3269 ea:
2129 3214 2427 3270 Jerusalem
2455 3215 2511 3268 in
2543 3212 2780 3279 Iericho,
2810 3219 2860 3266 et
2892 3210 3082 3264 incidit
3107 3209 3162 3263 in
3194 3207 3449 3272 latrones,

188 3297 341 3362 πάθος
360 3315 378 3329 ·
409 3297 753 3367 Ὀδοιπόρος
776 3301 846 3364 ἐξ
868 3302 1263 3373 Ἰερουσαλὴμ
1295 3304 1648 3359 κατέϐαινεν
1674 3308 1761 3372 εἰς

198 3388 439 3459 Ἱεριχὼ,
468 3391 572 3444 καί
600 3391 849 3460 λῃστῶν
870 3392 1322 3463 ἐπιδραμόντων
1350 3394 1616 3465 ἀφῃρέθη
1645 3397 1764 3466 μὲν

183 3476 217 3531 d
244 3480 500 3548 ἔφερεν,
531 3480 840 3550 ἐγυμνώθη
891 3482 1024 3535 se"
1063 3484 1162 3537 καί
1202 3482 1321 3537 τῶν
1359 3487 1622 3552 ἱματίων,
1663 3486 1762 3539 καὶ

184 3574 479 3642 τραύμασι
520 3572 647 3638 τοῖς
689 3573 809 3627 ἀπὸ
848 3573 965 3628 τῶν
1006 3565 1259 3644 λῃστῶν
1310 3574 1545 3642 θανάτῳ
1577 3594 1765 3646 προσ-

182 3664 403 3731 ομιλῶν
437 3663 685 3731 ἢπλωτο
713 3667 866 3721 κατὰ
894 3667 1011 3735 τὴν·
1037 3670 1351 3737 λεωφόρον
1376 3669 1423 3701 ⁸⁸
1454 3672 1765 3739 ψυχοῤῥα-

184 3754 315 3824 γῶν.
334 3757 593 3828 Ιίρᾶγμα
619 3757 740 3811 λίαν
772 3761 987 3830 οἰκτρὸν
1014 3759 1141 3833 [815
1167 3761 1259 3833 ιι]
1287 3763 1585 3832 ὀφθαλμοῖς
1611 3763 1766 3832 ἐχου-

185 3863 262 3900 σιν
283 3848 445 3901 ἔλεον
478 3849 510 3919 ἦ
540 3850 739 3904 εἰδόσιν
769 3851 937 3906 ἔλεον,
985 3852 1042 3906 '0
1094 3853 1299 3924 Κύριος
1342 3858 1455 3918 τοῖς
1493 3854 1767 3925 Ἑϐραίοις

183 3935 599 4009 διαλεγόμενος,
644 3941 738 3993 xui.
786 3940 1053 3997 διδάσκων
1082 3943 1158 4007 ὡς
1185 3945 1427 4015 ἄφρονας
1464 3948 1559 4000 xui.
1588 3948 1768 4018 μάτην

184 4029 703 4101 ἀναστρεφομένους
750 4033 809 4086 ἐν
851 4032 1027 4106 ταύτῃ
1074 4038 1141 4106 τῇ
1159 4037 1204 4067 ⁶⁶
1258 4036 1352 4090 τοῦ
1413 4038 1770 4110 κλαυθμῶνος

183 4119 414 4182 κοιλάδι,
430 4118 576 4173 οὕτω
600 4122 718 4185 πῶς
742 4140 907 4192 φησιν
926 4142 941 4158 ·
958 4126 1154 4196 Ὑμεῖς
1185 4129 1252 4182 ἐκ
1275 4128 1395 4184 τῶν
1428 4129 1585 4184 κάτω
1605 4132 1767 4198 ἐστὲ,

184 4212 293 4281 ἐγὼ
329 4215 403 4267 ἐκ
438 4214 559 4268 τῶν
587 4215 711 4269 ἄνω
748 4219 864 4288 εἶμί
888 4263 902 4285 ,
932 4221 995 4273 ὲκ
1026 4222 1133 4275 τῶν
1167 4222 1449 4294 ὀνομάτων
1482 4227 1642 4298 μόνον
1676 4227 1770 4281 τοῦ

185 4305 302 4359 ἀνω
334 4310 437 4361 καὶ
482 4308 639 4363 κάτω
666 4310 761 4363 τοῦ
794 4312 960 4366 καλοῦ
994 4315 1089 4367 xui.
1115 4316 1208 4368 τοῦ
1243 4318 1485 4389 χείρονος
1514 4321 1774 4390 ποιοιῦμε⁴

185 4414 270 4461 νος
294 4399 397 4471 τὴν
427 4402 724 4473 διάκρισιν.
758 4405 866 4458 Καὶ
901 4406 995 4459 νῦν
1028 4407 1085 4459 δὲ
1138 4411 1574 4469 καταϐαίνοντα
1603 4413 1775 4467 εἰπὼν

184 4493 326 4544 κατὰ
356 4491 463 4563 τὴν
492 4494 663 4565 αὐτὴν
693 4496 905 4551 ἔννοιαν
930 4496 1169 4569 ἔφη.Ἥν
1198 4502 1242 4554 δ’
1264 4502 1329 4556 ἂν
1354 4498 1507 4569 οὗτος
1535 4507 1769 4576 δ’Λδάμ,

185 4582 622 4655 άποκυλιόμενος
677 4587 778 4656 τῆς
826 4592 1105 4660 μακαρίας
1159 4594 1375 4667 ἐκείνης
1422 4599 1516 4650 καὶ
1562 4597 1773 4670 ὑψηλῆς

180 4674 469 4747 διαγωγῆς
496 4680 574 4743 είς
607 4679 758 4732 τὸν⁵⁷
807 4681 1082 4754 βάραθρον
1128 4688 1226 4738 xui.
1258 4689 1597 4759 χαμαίζηλον
1636 4691 1770 4760 βίον.

186 4768 280 4831 Τίς
307 4772 336 4822 ό
368 4772 583 4840 ἰερεύς;
617 4774 702 4837 τίς
733 4776 1046 4848 όΛευῖτης;
1083 4781 1273 4851 εἴησαν
1302 4782 1348 4834 δ’
1375 4782 1441 4835 ἂν
1470 4783 1609 4837 κατὰ
1637 4784 1773 4837 θεω-

187 4860 310 4928 ρίαν
332 4863 541 4933 Μωσῆς
567 4866 661 4918 καὶ
687 4867 961 4938 Ἰωάννης,
979 4871 1147 4941 ἄμφω
1169 4875 1771 4948 τοίςρπαραπετάσμασι

185 4953 283 5022 τῆς
321 4956 647 5028 παραϐολῆς
678 4958 827 5013 ἔνδον
857 4964 1228 5033 κρυπτόμενοι
1259 4967 1351 5020 xui.
1378 4968 1478 5036 τὴν
1503 4968 1613 5021 τῶν
1637 4969 1769 5022 πολ-

186 5045 293 5098 λῶν
318 5049 449 5117 ὄψιν
491 5049 874 5117 λανθάνοντες.
909 5050 1071 5110 Οὗτοι
1096 5057 1205 5128 γὰρ
1252 5059 1650 5125 καταλαϐόντες
1688 5061 1782 5115 τὸν

190 5136 484 5210 ἄνθρωπον
516 5144 788 5213 (τουτέστι
823 5146 882 5199 τὸ
909 5147 1061 5214 γένος
1092 5149 1236 5219 ὅλον)
1267 5152 1474 5220 γυμνὸν
1502 5152 1786 5218 εὐσεϐείας

190 5231 286 5283 καὶ
338 5233 545 5304 ἀρετῆς
598 5236 695 5288 xui.
741 5239 853 5301 τοῖς
900 5240 1164 5306 ἐναντίοις
1218 5245 1781 5316 τετραυματισμένον,

192 5321 490 5379 ἱθιάσαντο
524 5330 646 5397 μὲν,
671 5328 732 5381 οὐ
767 5329 876 5400 μὴν
919 5331 1234 5402 ἐπήρκεσαν
1266 5334 1788 5405 θεραπεῦσαι.“Αλλ’

259 5509 293 5538 ιι
340 5500 473 5561 Luc.
514 5508 701 5567 “.16.
778 5520 804 5547 ν
830 5509 964 5566 Luc.
994 5528 1049 5577 χ,
1085 5510 1175 5565 26.
1256 5520 1281 5547 ι
1310 5510 1468 5568 Joan.
1502 5529 1621 5579 vui,
1650 5514 1743 5571 2'5.

1862 3311 1951 3383 qui
1986 3310 2152 3363 etiam
2185 3307 2613 3377 despoliaverunt
2669 3320 2811 3369 eum,
2867 3313 2918 3357 et
2947 3301 3124 3373 plagis
3163 3299 3450 3371 impositis,

1864 3404 2137 3464 abierunt,
2169 3400 2417 3455 semivivo
2459 3398 2663 3452 relicto.
2708 3395 2816 3451 Res
2857 3395 2975 3451 hac
3018 3389 3454 3450 commiseranda

1864 3495 2043 3551 oculis
2076 3492 2511 3547 misericordiam
2563 3489 2926 3552 habentibus,
2955 3494 3011 3540 et
3047 3484 3239 3539 saltem
3275 3482 3454 3536 scien-

1868 3589 2032 3643 tibus.
2066 3586 2319 3641 Christus
2352 3583 2553 3638 Judaeis
2576 3584 2807 3652 loquens
2831 3588 2885 3634 et
2918 3579 3144 3643 docens,
3188 3585 3449 3644 tanquam

1865 3678 2167 3744 dementes,
2198 3685 2253 3732 et
2278 3675 2480 3730 frustra
2508 3675 2562 3729 in
2596 3675 2695 3728 hac
2723 3672 3089 3743 lacrymarum
3125 3667 3263 3721 valle
3316 3680 3455 3720 ver-

1869 3779 2080 3837 santes,
2116 3772 2198 3827 sic
2230 3770 2362 3825 alibi
2389 3769 2505 3824 ait:
2550 3766 2654 3821 Vos
2696 3768 2759 3820 de
2792 3766 3036 3819 deorsum
3075 3761 3222 3825 estis,
3251 3774 3345 3829 ego
3390 3756 3455 3809 de

1869 3864 2113 3934 superuis
2128 3879 2245 3916 sum
2268 3871 2317 3926 ι,
2353 3877 2416 3915 ex
2452 3859 2768 3915 nominibus
2798 3856 2959 3917 modo
2988 3870 3197 3907 sursum
3225 3859 3277 3905 et
3304 3849 3457 3902 deor-

1870 3956 2214 4020 sum,bonos
2243 3961 2297 4008 et
2330 3952 2507 4007 malos
2537 3950 2852 4020 distinguit,
2885 3956 2938 4001 et
2964 3962 3107 4001 nunc
3134 3942 3455 3997 descenden-

1873 4057 1976 4101 tem
2000 4046 2190 4101 dicens
2213 4043 2408 4099 eodem
2446 4056 2613 4098 sensu
2654 4039 2813 4095 dixit.
2835 4038 2958 4093 Fuit
2987 4035 3074 4091 ille
3105 4035 3299 4096 Adam,
3335 4032 3456 4101 lap-

1873 4156 1967 4197 sus
1996 4156 2027 4196 e
2061 4140 2219 4195 beata
2272 4137 2363 4193 illa
2416 4145 2471 4192 et
2510 4150 2748 4207 superna
2799 4134 2924 4187 vitae
2959 4127 3353 4185 consuetudine
3399 4126 3457 4177 in

1875 4233 2223 4295 barathrum,
2254 4238 2308 4285 et
2342 4228 2495 4284 humi
2532 4229 2873 4298 depressam,
2899 4232 3064 4292 atque
3096 4219 3348 4274 aﬂlictam
3378 4216 3459 4269 vi-

1874 4331 2006 4377 tam.
2036 4320 2172 4389 Quis
2205 4332 2290 4376 est
2338 4318 2619 4382 sacerdos,
2655 4314 2783 4385 quis
2812 4311 3038 4368 Levita?
3068 4309 3133 4364 Hi
3176 4316 3306 4365 sunt
3332 4319 3458 4377 spe-

1876 4417 2112 4472 culando
2139 4414 2323 4470 Moses
2368 4424 2423 4469 et
2448 4412 2714 4474 Joannes,
2755 4407 2919 4464 ambo
2953 4406 3007 4461 in
3044 4400 3300 4476 parabola
3331 4398 3462 4454 obs-

1880 4525 2013 4564 cure
2046 4508 2311 4573 denotati,
2340 4516 2394 4562 et
2430 4519 2571 4576 quos
2603 4503 2850 4574 plerique
2889 4500 3165 4571 ignorant.
3194 4493 3273 4549 llli
3310 4494 3459 4549 enim

1882 4601 2246 4672 suscipientes
2303 4598 2605 4659 hominem,
2630 4596 2736 4650 hoc
2779 4601 2885 4657 est,
2936 4605 3110 4662 genus
3131 4589 3459 4647 humanum,

1881 4695 2082 4765 pietate
2128 4693 2441 4760 virtuteque
2471 4689 2705 4752 nudum,
2741 4693 2797 4741 et
2843 4685 2912 4739 ab
2957 4681 3210 4737 hostibus
3270 4678 3463 4732 vulne-

1881 4799 2085 4850 ratum,
2113 4785 2477 4853 inspexerunt
2504 4778 2751 4852 quidem,
2784 4777 2879 4834 sed
2918 4788 3119 4832 sanare
3145 4787 3250 4827 non
3273 4780 3464 4840 potue-

1880 4887 2030 4935 runt.
2058 4876 2444 4933 Samaritanus
2473 4890 2606 4930 vero
2633 4871 2826 4945 500b
2862 4870 3112 4933 veniens,
3142 4867 3271 4922 licet
3304 4864 3463 4934 igno-

1881 4971 2176 5028 miniosum
2213 4968 2503 5040 praferret
2528 4982 2753 5029 nomen,
2805 4964 3075 5019 bonorum
3111 4968 3292 5015 tamen
3340 4956 3463 5009 the-

1881 5077 2105 5117 saurum
2123 5060 2545 5135 circumferens,
2567 5057 2899 5114 medicinam
2928 5051 3199 5115 adhibuit,
3223 5048 3316 5119 qui
3342 5045 3463 5101 Sal-

1883 5166 2041 5210 vator
2065 5163 2257 5212 noster
2293 5163 2399 5222 est,
2449 5155 2504 5209 in
2560 5151 2926 5225 ignominiosa
2960 5144 3324 5218 appellatione
3363 5138 3466 5194 Sa-

1886 5247 2142 5301 maritani
2184 5246 2428 5312 latitans,
2458 5252 2838 5315 prostratoque
2876 5238 3074 5295 salutis
3107 5234 3313 5291 fontem
3338 5242 3468 5301 ape-

1889 5340 2059 5396 riens.
2112 5338 2465 5410 Evangelium
2534 5336 2682 5392 enim
2727 5331 3008 5389 Christum
3054 5324 3466 5386 Samaritanum

1602 5629 1842 5685 VAIHAS
1882 5630 2287 5686 LECTIONES.

261 5744 305 5775 ⁸⁷
340 5743 528 5817 air-5.:—
553 5744 653 5811 τῆς
679 5746 717 5817 Α
749 5764 760 5798 :
787 5747 885 5817 τὴν
904 5779 970 5788 -
995 5750 1167 5816 τὴνς.
1214 5747 1255 5803 C
1290 5749 1516 5802 alterum
1552 5749 1761 5802 articuli

1874 5768 1983 5804 om.
2060 5749 2105 5780 “'
2134 5750 2357 5817 ἀγάπην
2378 5765 2436 5811 ‘5-
2488 5747 2531 5778 ⁸³
2562 5744 2661 5817 “’3-
2692 5742 2785 5817 ³⁸71
2806 5738 2962 5809 ψιλὸν
2991 5737 3090 5817 ΒΖ-
3129 5735 3193 5817 “-
3224 5731 3346 5817 ἴδῃς·
3372 5730 3468 5817 ἄγ’-

193 5814 428 5891 θρωςηον
451 5814 506 5867 Β.
564 5818 628 5891 _'“
662 5816 723 5866 τὸ
747 5816 868 5873 add.
912 5821 978 5873 Α.
1050 5814 1096 5850 δ’
1134 5820 1232 5888 μὲν
1283 5836 1391 5872 om.
1441 5820 1505 5871 A.
1582 5820 1626 5849 ⁸³
1658 5821 1847 5891 χρῄζει
1881 5840 1938 5885 ς.
2017 5822 2060 5853 ⁵³
2091 5821 2147 5873 δε
2184 5814 2321 5874 om.
2348 5820 2412 5872 A.
2490 5819 2533 5850 ⁵⁵
2570 5815 2843 5884 λεωφόρου
2882 5829 2944 5875 ς.

195 5884 243 5916 ⁸⁷
279 5884 443 5937 τὸνΛ
484 5886 590 5943 ετὺ
620 5902 682 5949 ς.

3047 5807 3092 5840 ⁸⁸³
3132 5807 3199 5874 τῇ
3246 5800 3370 5856 add.
3407 5800 3465 5856 Ii.
