4020 6422
570 376 675 442 201
1685 373 1947 433 PIIOTII
1991 375 2495 436 PATRIARCHIE
2561 377 2666 437 cr.
3729 383 3825 448 ξοδ

577 488 854 553 nominat,
893 483 1239 541 confundens
1283 481 1575 537 amentiam
1617 480 1951 545 Judarorutn,
1982 481 2073 548 qui
2101 482 2152 534 il-

2264 486 2292 535 6
2329 485 2678 555 Σαμαρείτης
2703 485 3043 548 καταλαϐὼν,
3073 487 3130 539 ὲν
3161 486 3383 556 ὀνόματι
3413 486 3825 564 καθυϐρισμένῳ

577 583 687 634 lum
721 579 801 634 sic
841 577 1215 648 appellabant,
1257 577 1382 644 quia
1441 575 1614 645 magis
1666 590 1828 643 quam
1871 573 2088 626 Levitas
2113 584 2152 625 et

2265 576 2540 648 θησαυρὸν
2563 577 2784 646 ἀγαθῶν
2806 578 3006 648 φέρων,
3027 579 3270 649 παρέσχε
3289 580 3389 649 τὴν
3413 580 3559 633 τασιν
3573 598 3588 612 '
3609 583 3667 644 ὃς
3685 583 3825 636 ἐστιν

575 673 908 733 sacerdotes,
962 670 1368 724 misericordem
1417 679 1469 722 et
1511 668 1854 722 vulneratum
1880 675 2152 721 sananten:

2264 668 2420 738 ήμῶν
2453 670 2480 720 6
2512 669 2722 739 Σωτὴρ,
2752 673 2818 739 τῇ
2843 669 3110 740 δυσφήμῳ
3137 671 3478 743 προσηγορίᾳ
3521 672 3616 725 τοῦ
3645 674 3823 742 Σαμα-

578 763 987 818 Samaritanum
1033 763 1340 818 irriscrunt.
1376 762 1513 827 Quid
1560 760 1662 816 sibi
1700 760 1814 814 vult
1848 760 2163 824 iumentum,

575 860 661 910 (ui
691 855 1378 924 vulneratumimponendo
1403 854 1454 906 in
1491 852 1852 906 diversorium
1881 852 1973 922 qui
2007 867 2165 922 opem

576 948 780 1018 ferebat
810 947 999 1000 duxit?
1022 945 1288 1002 Nimirum
1322 944 1481 1000 Verbi
1515 945 1608 1000 Dei
1639 946 1972 1009 vehiculum,
2004 955 2078 1011 et,
2108 955 2168 1000 ut

581 1041 652 1093 ita
691 1037 1210 1108 dieam,jumentum
1237 1038 1482 1107 subjugae
1506 1037 1726 1108 estejus
1744 1053 1966 1108 corpus,
1991 1037 2168 1093 simile

583 1138 772 1182 nostro
802 1129 943 1196 quod
970 1128 1230 1197 gestavit:
1261 1127 1312 1179 in
1345 1143 1473 1195 quo,
1504 1137 1557 1180 et
1579 1142 1677 1197 per
1705 1127 1851 1196 quod
1894 1127 2168 1196 accipiens

574 1234 637 1272 ac
703 1227 944 1289 gestans,
989 1219 1128 1272 ducit
1160 1218 1225 1270 ad
1252 1219 1568 1282 sanitatem,
1601 1227 1655 1272 et
1683 1217 2002 1273 Ecclesiam.
2027 1216 2157 1272 Ete-

577 1311 684 1364 nim
744 1311 830 1364 hic
895 1319 978 1363 est
1033 1308 1268 1378 perfecta
1322 1309 1607 1362 vulnerum
1673 1310 1886 1362 sanatio
1935 1317 1990 1362 et
2046 1323 2162 1362 me-

574 1401 712 1456 tlela.

2268 759 2448 828 ρείτου
2480 760 2890 830 καλυπτόμενος
2943 761 3154 824 καὶτὰς
3178 761 3278 831 τῆς
3307 764 3576 833 σωτηρίας
3606 763 3684 833 τῷ
3717 782 3826 820 κει-

2268 851 2414 920 μένῳ
2445 850 2625 919 πηγὰς
2660 849 2995 915 ἀναϐλύζων.
3030 851 3373 923 Σαμαρείτην
3399 852 3457 905 δὲ
3484 851 3574 905 τὸν
3608 853 3829 924 Σωτῆρα

2268 943 2295 993 6
2328 942 2483 1009 λόγος
2511 942 2784 1012 ὀνομάζει,
2813 943 3081 1014 αἰσχύνων
3108 943 3385 998 κάνταῦθα
3408 945 3507 1016 τὴν
3530 945 3640 998 τῶν
3663 944 3827 1009 οὕτως

2268 1033 2431 1086 αὑτὸν
2462 1033 2807 1087 καλεσάντων
2837 1035 3142 1103 παράνοιαν
3157 1033 3452 1100 Ἰουδαίων,
3479 1035 3561 1088 ὃτι
3583 1035 3674 1088 τὸν
3697 1037 3828 1106 ὑπὲρ

2264 1126 2390 1188 τοὺς
2415 1126 2648 1189 Λευττας
2682 1127 2775 1180 καὶ
2811 1127 2994 1198 ἱερέας
3018 1125 3514 1196 σπλαγχνιζόμενον
3545 1129 3638 1180 καὶ
3677 1127 3828 1198 θερα-

2266 1216 2502 1268 πεύοντα
2543 1216 2634 1269 τὸν
2664 1216 3203 1286 τετραυματισμένον
3234 1216 3579 1286 Σαμαρείτην
3620 1215 3821 1286 ἐξύϐρι-

2264 1308 2374 1372 ζον.
2404 1307 2469 1360 Τί
2497 1307 2550 1360 δὲ
2581 1307 2838 1376 τυγχάνει
2870 1307 2930 1358 τὸ
2961 1305 3207 1374 κτῆνος,
3236 1307 3321 1372 ἐφ’
3350 1301 3410 1359 οῦ
3437 1306 3528 1358 τὸν
3554 1306 3826 1375 ψυχορρα-

2259 1401 2458 1468 γοῦντα
2485 1400 2852 1468 καταθέμενος
2883 1401 2961 1462 είς
2999 1400 3060 1451 τὸ
3094 1399 3412 1468 πανδοχεῖον
3439 1400 3646 1467 ἢγαγεν
3676 1401 3702 1450 6
3727 1415 3827 1450 σω-

573 1496 710 1562 τήρ;
746 1492 776 1560 ἢ
808 1491 965 1558 δῆλον
983 1491 1029 1522 ⁸⁸
1053 1491 1132 1544 ὅτι
1161 1490 1345 1560 ὄχημα
1367 1489 1458 1542 τοῦ
1481 1489 1616 1541 Θεοῦ
1682 1491 1856 1560 Λόγου
1881 1491 2002 1555 xui,
2034 1491 2111 1554 ὡς
2159 1490 2226 1543 ἄν
2262 1508 2345 1552 τις
2371 1489 2514 1542 εἴποι
2531 1489 2598 1553 ⁵⁹,
2637 1488 2928 1556 ὑποζύγιον
2957 1489 3016 1540 τὸ
3037 1488 3307 1558 ὁμόφυλον
3325 1490 3476 1558 ἡμῖν,
3501 1487 3636 1556 ὅπερ
3663 1487 3826 1555 ἡμπίο

577 1583 812 1650 σχετοθο,
845 1584 1102 1652 τυγχάνει
1160 1582 1340 1652 σῶμα,
1389 1582 1474 1648 ἐφ’
1514 1573 1574 1632 οῦ
1618 1584 1712 1635 καὶ
1779 1582 1846 1634 δι’
1878 1574 1938 1634 οῦ
2005 1582 2210 1645 πάντας
2251 1581 2460 1650 ἀνέχων
2501 1581 2595 1632 καὶ
2648 1580 3036 1644 διαϐαστάζων
3087 1579 3209 1648 ἀγει
3260 1579 3397 1648 πρὸς
3443 1577 3540 1650 τὴν
3597 1577 3829 1630 άπαλλα·

575 1676 676 1744 γῆν
715 1678 810 1746 τῆς
867 1677 1024 1729 νόσου
1075 1679 1170 1729 καὶ
1219 1677 1316 1748 τὴν
1344 1676 1706 1746 Ἐκκλησίαν·
1755 1677 1850 1730 καὶ
1893 1677 2001 1748 γὰρ
2051 1677 2160 1732 τῶν
2235 1676 2562 1749 τραυμάτων
2607 1675 2748 1745 αῦτη
2818 1675 2969 1728 ἐστὶν
3007 1677 3041 1747 ή
3087 1673 3264 1730 τελεία
3307 1673 3576 1745 θεραπεία
3608 1673 3700 1725 καὶ
3730 1674 3828 1724 ἀπ-

574 1767 777 1835 αλλαγή
788 1807 800 1819 .

579 1856 830 1925 It‘jusdem
874 1856 925 1908 iu
969 1855 1101 1908 illud
1133 1871 1150 1907 :
1181 1873 1197 1904 ι
1251 1855 1369 1909 Duo
1422 1857 1654 1911 homines
1712 1857 2058 1912 ascenderunt
2110 1858 2152 1911 in

2273 1851 2381 1906 Τοῦ
2421 1849 2920 1925 αὑτοῦλείςΑτόοιι
2954 1849 3274 1925 Ἄνθρωποι
3322 1847 3824 1925 ῥύοῌάνέόησαιηι(

1019 1925 1288 1993 templum,
1321 1939 1377 1981 ut
1407 1937 1621 1981 orarent
1646 1936 1697 1982 γ.
1743 1947 1759 1978 ι

646 2041 964 2096 Sermonem
1005 2040 1071 2094 de
1111 2039 1358 2093 oratione.
1407 2038 1621 2096 duabus
1668 2041 1940 2110 parabolis
2003 2054 2155 2096 com-

579 2133 848 2202 plectitur.
876 2130 1083 2185 Partim
1133 2132 1350 2200 quidem
1403 2141 1723 2187 constanter
1758 2146 1919 2186 orare
1951 2131 2155 2187 docens

578 2239 676 2278 nos
724 2239 815 2292 per
840 2223 1080 2292 judicem
1114 2232 1168 2275 et
1209 2223 1452 2288 viduam,
1497 2223 1695 2293 partim
1720 2237 1850 2278 vero
1892 2237 2016 2276 eum
2065 2237 2155 2276 re-

577 2315 814 2369 verentia
867 2328 1027 2368 orare
1057 2314 1212 2384 jubet
1263 2330 1355 2383 per
1405 2313 1740 2369 Pharisantm
1799 2323 1851 2368 et
1906 2313 2154 2382 publica-

575 2421 726 2458 num.
796 2403 1071 2473 Optimum
1125 2414 1210 2458 est
1259 2405 1518 2459 continuo
1575 2405 1812 2476 cogitare
1871 2414 2154 2460 creaturas

567 2513 682 2551 non
734 2512 876 2562 esse,
939 2507 993 2552 et
1040 2498 1296 2551 animalia
1357 2499 1608 2563 inﬁrma,
1666 2508 1968 2554 creatorem
2026 2514 2153 2553 vero

578 2591 766 2653 Deum,
815 2599 868 2644 et
917 2589 1180 2658 optimum
1227 2590 1351 2643 vita:
1397 2601 1598 2646 nostra:
1642 2602 1950 2648 curatorem
1996 2609 2010 2647 :
2050 2592 2154 2646 hoc

572 2697 701 2735 vero
737 2691 861 2736 ante
888 2683 1072 2736 omnia
1110 2682 1290 2736 oratio
1345 2690 1490 2738 recte
1524 2694 1765 2754 praestat.
1796 2683 1966 2739 Nemo
2004 2685 2148 2738 enim

575 2782 718 2842 petat
743 2788 850 2838 res,
897 2788 1018 2842 qua:
1062 2776 1297 2843 prosint,
1325 2775 1426 2830 nisi
1465 2776 1620 2844 prius
1673 2785 1877 2830 certam
1921 2775 2153 2846 accipiat

575 2865 758 2928 fidem,
790 2864 958 2918 Deum
979 2880 1166 2933 preces
1189 2867 1472 2931 exaudire,
1504 2875 1559 2920 et
1580 2867 1802 2937 implere
1824 2883 1986 2938 posse
2005 2867 2151 2939 quod

578 2957 800 3026 petitur.
827 2955 1073 3010 Precatio
1112 2965 1294 3010 autem
1351 2957 1474 3012 vitae
1519 2965 1720 3012 nostrae
1749 2957 2012 3011 auxilium
2047 2967 2148 3022 est,

575 3047 905 3116 colloquium
964 3061 1088 3100 cum
1133 3045 1264 3112 Deo,
1311 3047 1512 3102 oblivio
1557 3061 1923 3110 terrenorum,
1959 3048 2043 3102 via
2083 3048 2152 3102 ad

575 3138 866 3200 C(thltlt,el
903 3146 1076 3192 rectas
1106 3136 1327 3193 tendere
1357 3138 1411 3192 in
1439 3139 1639 3194 coelum
1675 3155 1890 3208 manus,
1918 3139 2149 3194 formam

2570 1922 2658 1985 είς
2687 1921 2747 1972 τὸ
2775 1919 2936 1986 ἱερὸν
2956 1918 3406 1986 προσεύξασθαι
3424 1919 3488 1970 ⁸³.
3518 1938 3536 1968 ι

2336 2038 2439 2090 Τὸν
2472 2053 2534 2087 πε
2547 2037 2598 2106 pl.
2625 2035 2722 2104 τῆς
2749 2033 3060 2105 προσευχῆς
3080 2034 3236 2102 λόγον
3260 2035 3318 2087 ὲν
3349 2034 3468 2087 δυσὶ
3501 2034 3828 2104 παραϐολαῖς

2264 2129 2605 2192 κατέκλεισε,
2655 2129 2714 2179 τδ
2765 2127 2862 2196 μὲν
2913 2127 3144 2189 εὐτόνως
3188 2126 3586 2196 προσεύχεσθαι
3619 2127 3704 2179 διὰ
3739 2127 3824 2179 τοῦ

2263 2221 2450 2294 κριτοῦ
2484 2221 2578 2274 καὶ
2610 2218 2708 2288 τῆς
2733 2219 2906 2289 χήρας
2927 2217 3141 2282 διδάξας
3168 2219 3334 2288 ἡμᾶς,
3357 2219 3414 2272 τὸ
3441 2219 3497 2272 δὲ
3531 2220 3651 2290 μετ’
3679 2220 3826 2273 εὐλα-

2263 2313 2390 2378 ϐοῦς
2426 2312 2653 2383 γνώμης
2706 2311 2795 2365 διὰ
2834 2310 2927 2362 τοῦ
2964 2311 3261 2380 Φαρισαίου
3309 2311 3403 2364 καὶ
3430 2309 3528 2365 τοῦ
3581 2312 3820 2368 τελώνου.

2267 2406 2390 2458 Ὅτι
2411 2403 2630 2473 ἄριστόν
2658 2404 2772 2456 ἐστι
2801 2403 2860 2454 τὸ
2891 2403 3130 2471 συνεχῶς
3184 2405 3382 2458 ἐννοεῖν
3415 2406 3697 2474 ποιήματα
3736 2404 3826 2474 μὲν

2272 2499 2418 2569 ἡμᾶς
2445 2497 2541 2550 καὶ
2576 2495 2694 2560 ζῶα
2724 2495 2983 2566 ἐπίκηρα,
3013 2494 3344 2566 δημιουργὸν
3373 2495 3428 2548 δὲ
3459 2495 3552 2548 τὸν
3575 2495 3704 2549 Θεὸν
3741 2495 3824 2548 καὶ

2261 2591 2484 2660 ἄριστον
2513 2589 2610 2658 τῆς
2640 2587 2912 2658 ἡμετέρας
2939 2587 3084 2656 ζωῆς
3113 2587 3413 2658 οἰκονόμον.
3440 2587 3616 2640 Τοῦτο
3642 2587 3696 2640 δὲ
3728 2586 3824 2657 πρὸ

2264 2683 2482 2737 πάντων
2509 2684 2542 2754 ἡ
2571 2681 2847 2753 προσευχὴ
2871 2679 3147 2752 κατορθοῖ.
3176 2681 3289 2735 Οὐκ
3317 2681 3382 2734 ἂν
3407 2680 3517 2750 γάρ
3544 2698 3628 2745 τις
3667 2695 3823 2751 προσ-

2267 2773 2483 2840 εύξαιτο
2507 2774 2574 2828 τά
2607 2773 2974 2843 συμφέροντα,
3023 2772 3097 2844 μὴ
3147 2771 3522 2844 πληροφορίαν
3572 2774 3822 2844 πρότερον

2259 2866 2439 2922 λαϐὼν
2469 2865 2630 2939 [1496
2668 2863 2759 2937 IL]
2791 2867 2872 2919 ὅτι
2902 2863 3033 2929 Θεός
3058 2867 3202 2918 ὲστιν
3231 2866 3259 2918 6
3295 2864 3393 2932 τῆς
3425 2865 3701 2936 ἱκετηρίας
3729 2867 3818 2916 ὲπ-

2260 2961 2424 3031 ήκοος
2454 2961 2548 3012 καὶ
2576 2959 2802 3022 δυνατὸς
2829 2961 3132 3029 παρασχεῖν
3155 2958 3189 3012 ἃ
3211 2959 3461 3012 αὲςεῖται.
3495 2959 3646 3029 Εύχὴ
3663 2959 3705 2990 ⁸³
3731 2959 3820 3026 τῆς

2259 3051 2404 3122 ζωῆς
2449 3051 2609 3121 ἡμῶν
2641 3051 2886 3122 βοήθεια,
2936 3050 3123 3121 ὁμιλία
3159 3051 3295 3120 πρὸς
3343 3050 3493 3115 Θεὸν,
3547 3050 3683 3121 λήθη
3721 3049 3818 3102 τῶν

2264 3142 2490 3212 γηΐνων,
2523 3141 2707 3206 ἄνοδος
2742 3142 2879 3213 πρὸς
2912 3141 3157 3210 οὐρανόν.
3195 3141 3306 3194 Καὶ
3332 3141 3393 3194 τὸ
3434 3141 3616 3212 ὄρθιον
3649 3142 3702 3195 δὲ
3727 3141 3817 3207 τῆς

573 3237 658 3283 est
702 3228 956 3283 exhibere
999 3227 1204 3284 Christi
1266 3230 1415 3284 cruci
1446 3229 1609 3285 aﬁixi.
1673 3231 1729 3284 Si
1753 3246 1877 3286 vere
1920 3241 2059 3294 oret,
2096 3239 2151 3286 et

2257 3230 2565 3300 προσευχῆς
2595 3273 2609 3296 ,
2642 3230 3012 3300 ὲκτεταμὲνας
3044 3230 3479 3302 προϐαλλόμενον
3501 3233 3546 3263 ⁸⁵
3574 3233 3672 3296 τὰς
3707 3236 3811 3303 χεί-

573 3330 740 3371 orans
783 3317 996 3385 placeat
1027 3316 1158 3384 Deo,
1191 3333 1300 3372 non
1332 3319 1495 3374 modo
1540 3319 1592 3373 in
1618 3319 1789 3390 ﬁgura
1819 3336 2038 3376 crucem
2070 3337 2154 3376 re-

575 3417 886 3476 praesentat,
921 3409 1014 3464 sed
1039 3410 1200 3465 etiam
1233 3411 1449 3467 aﬂ'ectu.
1485 3409 1556 3466 Ut
1581 3428 1724 3467 enim
1760 3413 1813 3467 in
1850 3428 2014 3469 cruce
2043 3413 2154 3468 cla-

573 3502 655 3556 vis
673 3501 884 3568 aﬁixus,
918 3502 997 3558 sic
1027 3512 1080 3558 et
1101 3519 1267 3559 orans
1294 3514 1452 3561 necat
1479 3521 1696 3560 onmem
1729 3506 1913 3561 carnis
1945 3521 2154 3561 concu-

571 3595 914 3663 piscentiam,
945 3596 1209 3651 memoria
1230 3598 1533 3666 expellens,
1554 3598 1800 3652 omniurn
1818 3598 2152 3662 divitiarum,

569 3685 774 3756 gloriae,
810 3698 1206 3758 parentumque
1254 3689 1531 3745 affectum.
1577 3691 1732 3744 Nulla
1794 3707 1882 3746 res
1925 3691 2060 3746 adeo
2087 3690 2155 3744 ab

573 3781 664 3835 illo
695 3789 910 3834 amatur
941 3790 996 3836 et
1020 3781 1456 3851 concupiscitur,
1515 3798 1680 3852 quam
1733 3783 1983 3836 invenire
2014 3791 2154 3836 tem-

569 3886 694 3938 pus,
723 3880 815 3923 aut
837 3870 1011 3924 otium
1035 3886 1144 3940 quo
1191 3888 1250 3926 se
1275 3872 1392 3940 ipse
1430 3872 1688 3943 colligere
1719 3871 1909 3942 possit.
1949 3871 2053 3925 Sed
2086 3873 2154 3927 ad

571 3957 685 4011 haec
724 3957 831 4012 duo
873 3956 1219 4026 potissimum
1270 3957 1468 4028 501a
1512 3959 1771 4014 collineat
1803 3967 2061 4028 tanquam
2099 3961 2152 4013 in

567 4062 813 4116 scopum,
863 4057 920 4102 ut
960 4063 1177 4117 ptenam
1197 4049 1344 4103 illam
1377 4050 1620 4122 effugiat,
1661 4050 1883 4121 vitaque
1926 4054 2035 4106 cito
2061 4053 2155 4108 de-

569 4137 742 4202 cedat,
789 4147 842 4192 et
894 4148 1154 4208 praeterea
1194 4139 1328 4194 nihil
1376 4149 1554 4195 mente
1587 4142 1754 4211 agitet
1785 4159 1798 4196 :
1835 4159 1997 4213 quam
2031 4159 2155 4197 ora-

568 4229 714 4283 tione
746 4230 812 4282 ad
865 4229 1186 4284 cruciﬁxum
1219 4229 1494 4301 proﬁcisci
1522 4240 1570 4284 ι.
1603 4231 1791 4286 Oratio
1862 4231 2150 4287 Ezechiam

567 4321 637 4374 ab
679 4320 802 4410 Orci
838 4320 1092 4375 faucibus
1125 4321 1400 4387 liberavit,
1430 4335 1484 4376 et
1533 4323 1702 4378 solem
1749 4323 1903 4394 prius
1934 4324 2015 4394 (ut
2044 4324 2150 4378 alia

568 4413 711 4464 illius
766 4425 932 4480 Opera
998 4411 1229 4484 taceam)
1271 4415 1598 4469 monstravit
1646 4429 1864 4471 servum
1907 4431 2050 4481 esse,
2097 4424 2150 4472 et

564 4517 848 4555 servorum
898 4503 1020 4556 usui
1073 4503 1300 4558 servire.
1349 4503 1502 4560 Licet
1534 4506 1699 4561 etiam
1731 4508 1938 4578 aliquid
1968 4508 2144 4563 facere

564 4596 791 4660 bonum,
828 4603 881 4648 et
920 4609 1028 4648 non
1069 4594 1206 4648 bene
1233 4595 1519 4652 facientem
1552 4599 1797 4654 laborem
1831 4601 2056 4670 perdere
2088 4613 2134 4654 ι.
2175 4578 2217 4632 θ

563 4684 632 4739 Ut
662 4684 972 4743 Phariszeus
994 4687 1250 4743 oratione
1280 4703 1338 4744 se
1363 4690 1650 4756 extollens,
1671 4698 1726 4745 et
1753 4691 1796 4746 si
1823 4694 1948 4761 quis
1975 4693 2136 4759 alius,

560 4781 962 4852 eleemosynam
991 4797 1146 4838 suam
1177 4783 1512 4851 manifestat,
1545 4795 1601 4840 et
1628 4785 1682 4839 in
1725 4784 1998 4840 similibus
2031 4798 2136 4839 non

561 4879 671 4924 tam
718 4873 956 4940 graviter
997 4871 1306 4928 Pharisaaus
1348 4883 1648 4944 peccasset,
1697 4877 1742 4930 si
1789 4875 2135 4944 publicanum

561 4977 672 5016 non
702 4961 1043 5018 damnasset.
1068 4962 1226 5019 Nune
1246 4979 1376 5020 vero
1403 4975 1458 5020 et
1485 4981 1597 5021 uno
1629 4966 1794 5021 verbo
1811 4981 2005 5021 omnes
2032 4981 2136 5035 pu-

559 5053 808 5110 blicanos
853 5055 1126 5120 absentes,
1158 5065 1211 5110 et
1250 5055 1396 5112 hunc
1439 5067 1761 5126 praesentem
1788 5059 2133 5114 condemnat.

561 5147 742 5213 Quare
763 5145 1073 5201 Pharisazus
1101 5162 1132 5202 e
1169 5148 1340 5216 gloria
1374 5149 1429 5204 in
1475 5149 1789 5220 ignominiaa
1815 5150 2132 5205 barathrum

560 5235 782 5301 decidit,
830 5236 1155 5305 publicanus
1205 5253 1235 5292 a
1288 5237 1396 5294 vita
1447 5253 1546 5295 sua
1595 5239 1784 5295 infami
1824 5241 1890 5294 ad
1925 5239 2132 5294 felicem

625 5421 654 5460 γ
681 5411 813 5468 Luc.
840 5429 990 5480 xvitt,
1035 5415 1119 5468 l0.
1202 5427 1221 5452 τ
1257 5417 1321 5471 ιν
1350 5418 1479 5490 Reg.
1524 5436 1614 5483 xx,
1656 5418 1742 5474 ll.

2260 3340 2378 3394 ρας,
2414 3322 2541 3396 [816
2570 3322 2659 3395 ιι]
2683 3324 2743 3376 τδ
2780 3323 2871 3377 τοῦ
2911 3323 3146 3396 σταυροῦ
3187 3325 3354 3390 πάθος
3385 3325 3443 3378 ὲν
3471 3326 3550 3398 τῷ
3584 3328 3808 3397 σχήματι

2256 3414 2595 3480 ὲξεικονίζει.
2648 3416 2710 3468 Εἰ
2747 3415 2794 3470 δ’
2833 3416 2908 3480 ὼς
2931 3417 3146 3487 ἀληθῶς
3186 3417 3546 3490 προσεύχοιτο
3580 3420 3671 3474 καὶ⁸
3703 3419 3816 3472 θεα-

2259 3507 2462 3576 ρέστως
2481 3508 2526 3538 ⁸⁵
2552 3510 2579 3561 6
2596 3508 2641 3540 “
2668 3507 3120 3579 προσευχόμενος,
3151 3509 3250 3562 ούκ
3271 3509 3327 3563 ὲν
3357 3509 3434 3581 τῷ
3467 3511 3706 3582 σχήματι
3730 3509 3813 3579 μό-

2256 3617 2344 3652 νον
2382 3600 2474 3654 τὸν
2509 3601 2743 3672 σταυρὸν
2775 3600 3046 3665 διατυποῖ,
3073 3599 3209 3654 ἀλλά
3236 3602 3388 3655 xa‘t"
3426 3602 3569 3656 κατά
3588 3605 3683 3672 τὴν
3706 3600 3812 3654 διά-

2259 3693 2430 3748 θεσιν.
2483 3692 2569 3755 Ὠς
2599 3692 2707 3763 γὰρ
2730 3693 2757 3745 6
2787 3692 2863 3763 τῷ
2895 3693 3116 3765 σταυρῷ
3147 3693 3543 3764 προσηλωθεὶς,
3573 3693 3710 3746 οὕτω
3729 3709 3809 3744 νε-

2257 3785 2506 3852 κροποιεί
2544 3784 2723 3836 πᾶσαν
2776 3783 2876 3852 μὲν
2919 3782 3213 3854 ἐπιθυμίαν
3247 3781 3450 3853 σαρκὸς
3479 3783 3578 3853 τῆς
3605 3782 3810 3853 μνήμης

2256 3873 2740 3944 ἀποτιναξάμενος,
2773 3873 2972 3937 παντὸς
3019 3873 3075 3928 δὲ
3127 3874 3359 3928 πλούτου
3397 3874 3490 3927 καὶ
3536 3874 3692 3943 δόξης
3727 3871 3812 3925 καὶ

2256 3967 2445 4035 γένους
2498 3965 2890 4037 προσπάθειαν.
2941 3964 3104 4020 Ούδὲν
3157 3967 3214 4020 δὲ
3251 3965 3392 4020 οὕτω
3439 3968 3671 4037 πρᾶγμα
3705 3965 3811 4016 ἐπι-

2255 4057 2495 4130 θυμητὸν
2529 4057 2676 4128 αὐτῷ
2705 4060 2800 4112 καὶ
2826 4057 3129 4129 ἐπέραστον
3153 4058 3227 4121 ὡς
3262 4059 3535 4130 εὑρίσκειν
3567 4058 3745 4130 καιρὸν
3779 4054 3808 4124 ἢ

2255 4149 2451 4220 σχολὴν
2494 4151 2759 4218 ἐμπεσεῖν
2807 4153 2870 4221 τῇ
2901 4150 3119 4225 γνώμῃ.
3161 4151 3323 4204 Ἀλλά
3354 4151 3490 4222 πρὸς
3521 4151 3614 4204 δύο
3651 4147 3807 4203 ταῦτα

2255 4240 2614 4294 συντέτακται
2641 4241 2749 4303 πᾶς
2772 4241 2800 4293 6
2833 4240 3031 4304 σκοπὸς
3059 4239 3228 4310 αύτῷ,
3261 4243 3452 4310 φυγεῖν
3482 4239 3579 4312 τὴν
3603 4240 3808 4293 κόλασιν

2253 4330 2345 4384 καὶ⁸
2377 4331 2568 4384 θᾶττον
2598 4331 2855 4384 ἀπελθεῖν
2879 4328 2972 4383 τοῦ
2999 4329 3138 4400 βίον.
3171 4329 3280 4383 Καὶ
3297 4329 3446 4382 οὐδὲν
3465 4329 3651 4400 ἕτερον
3671 4325 3808 4396 παρὰ

2248 4421 2422 4476 ταῦτα
2449 4421 2541 4475 ἐπὶ
2571 4422 2668 4492 τῆς
2715 4421 2953 4485 διανοίας
2993 4420 3309 4492 εὑρίσκεται
3355 4417 3388 4491 ἤ
3423 4418 3803 4489 ἀναστρέφεται

2249 4513 2341 4566 τοῦ
2371 4514 2788 4584 ἐσταυρωμένον
2815 4515 2881 4584 τῇ
2917 4513 3213 4584 προσευχῇ.
3239 4511 3385 4582 Εὐχή
3420 4509 3514 4564 καὶ
3544 4509 3636 4563 τὸν
3666 4506 3802 4569 Ἐζε-

2247 4605 2372 4659 κίαν
2412 4603 2521 4656 τῶν
2557 4603 2740 4657 πυλῶν
2781 4603 2876 4655 τοῦ
2925 4602 3050 4674 ᾅδου
3080 4603 3376 4666 ἀνέσπασε,
3406 4603 3497 4654 καὶ
3529 4599 3621 4653 τὸν
3662 4598 3801 4668 ἥλιον

2247 4696 2516 4767 πρότερον
2549 4696 2662 4766 (ἵνα
2695 4695 2762 4748 τά
2791 4693 2928 4747 ἄλλα
2952 4694 3121 4764 αὐτῆς
3149 4694 3283 4765 ἔργα
3312 4693 3476 4764 ἐάσω)
3504 4691 3698 4756 ἔδειξεν
3720 4689 3794 4742 ὅτι

2246 4787 2431 4851 δοῦλός
2477 4788 2593 4839 ἐστι
2620 4827 2634 4852 ,
2675 4787 2770 4839 καὶ
2809 4784 2993 4848 δοῦλος
3032 4785 3243 4855 χρείαις
3273 4783 3576 4854 ὁμοδούλων
3609 4783 3796 4850 ὑπηρε-

2247 4877 2338 4931 τού
2349 4894 2528 4948 μενος.
2556 4877 2712 4929 Ἔστι
2743 4876 2836 4929 καὶ
2860 4877 3123 4940 πράττειν
3153 4891 3205 4927 τι
3237 4876 3302 4945 τῇ
3342 4871 3502 4944 φύσει
3531 4870 3689 4925 καλὸν
3717 4867 3798 4920 καὶ

2249 4969 2324 5038 μὴ
2355 4967 2612 5020 ποιοῦντα
2643 4965 2824 5028 καλῶς
2853 4966 3138 5034 ἀφανίζειν
3168 4966 3295 5029 τοὺς
3331 4965 3544 5030 πόνους,
3565 4964 3638 5025 ὡς
3663 4960 3798 5014 6%-

2247 5058 2457 5128 ρισαῖος
2479 5056 2537 5108 ὲν
2569 5059 2688 5119 ταῖς
2719 5059 3050 5127 προσευχαῖς
3086 5055 3600 5129 μεγαλορῤημονῶν,
3635 5050 3722 5106 καὶ
3755 5049 3799 5099 εἰ

2242 5165 2325 5209 τις
2356 5148 2514 5210 ἄλλος
2542 5149 2640 5216 τὴν
2677 5146 3046 5218 ἐλεημοσύνην
3084 5148 3549 5218 ἐπιδεικνύμενος.
3587 5144 3690 5200 Καὶ
3713 5139 3796 5192 ἐπὶ

2244 5239 2351 5293 τῶν
2396 5237 2616 5307 ὁμοίων.
2667 5236 3049 5308 Μετριώτερον
3084 5239 3151 5293 ἂν
3180 5239 3209 5292 ὁ
3242 5241 3529 5310 Φαρισαῖος
3566 5235 3796 5308 ἡμάρτα-

1822 5432 1844 5460 ﬂ
1883 5420 2017 5473 Luc.
2053 5435 2216 5483 xvm,
2251 5418 2332 5472 ll.

1830 5529 2068 5585 VARIJ‘J
2101 5528 2510 5585 LECTIONES.

627 5660 671 5690 "
699 5658 924 5744 ἢὲῆλξν
945 5660 991 5712 Α
1024 5678 1038 5715 ε
1075 5662 1237 5744 δῆλοι
1259 5664 1306 5744 εέ
1335 5681 1398 5744 ει
1473 5665 1518 5744 '1’
1548 5665 1675 5737 ετπη
1707 5683 1769 5744 ς·
1812 5667 1855 5696 ⁸³
1893 5663 2207 5744 beside“
2325 5666 2365 5699 °‘
2393 5661 2680 5744 ἀῑέεὶηῖαν·

2795 5662 2838 5691 θ’
2878 5658 3278 5730 προσεύξασθαι
3320 5659 3397 5713 Β;
3434 5658 3696 5730 ἀνέϐαινω
3731 5684 3790 5730 _-

557 5721 1033 5806 gtpoae'tiﬁe'aiiatg.
1111 5721 1156 5766 ⁶’³
1186 5733 1319 5804 εὐχὴ
1343 5721 1409 5787 ⁷δὲ
1444 5735 1542 5806 τῆς
1567 5753 1626 5799 ς.
1650 5721 1675 5737 ”
1705 5721 2214 5804 ίθνπροϐᾯλλόμενον
2246 5721 2302 5785 Βτ
2329 5721 2760 5803 προϐαλλόμενος
2796 5747 2855 5793 ς.
2924 5721 2979 5764 ’θ’
3013 5721 3299 5800 θεάρεστος
3329 5748 3390 5796 ς’.
3465 5728 3510 5758 ⁸⁸
3531 5731 3558 5782 6
3589 5742 3692 5782 om.
3728 5724 3782 5778 Β.

559 5801 602 5834 ⁸³
638 5801 732 5853 καὶ
762 5814 872 5854 om.
933 5802 998 5854 A.
