4020 6412
305 369 423 433 suo
1451 371 1978 433 BIBLIOTIIECA.
2028 396 2095 404 —
2124 369 2287 430 e01).
2321 368 2629 443 CCLXXI.
3476 326 3585 433 em

304 499 427 547 νιν,
456 486 506 539 εί
537 486 633 540 τὸν
658 489 897 561 τελώνην
923 490 1101 561 ἀφῆκε
1131 490 1231 560 τῆς
1264 488 1553 559 παροινίας
1586 487 1892 558 ἐλεύθερονο

2015 496 2329 555 Jeatumquc
2374 492 2574 539 statum
2620 481 2975 545 conscendit;
3023 482 3113 536 ille
3155 498 3181 535 a
3226 482 3334 537 Deo
3388 499 3588 555 magno

305 577 410 632 νῦν
438 579 483 633 δ’
512 582 593 634 ἐνὶ
622 581 767 653 λόγῳ
796 585 1019 637 καὶτῶν
1050 583 1302 638 ἀπόντων
1323 581 1777 646 κατεξανίσταται
1800 580 1896 631 καὶ

2019 579 2282 633 ntervallo
2332 578 2580 642 recessit,
2622 576 2710 630 hic
2755 575 2806 629 in
2852 575 3113 644 requietis
3158 576 3335 629 locum
3374 576 3588 631 delatus

306 671 408 723 τοῦ
456 674 809 740 παρεστῶτος
851 675 1114 743 ἐπιξαίνει
1161 676 1229 728 τὰ
1255 674 1568 745 τραύματα.
1600 672 1690 725 Διὸ
1727 674 1755 724 6
1798 671 1893 741 μὲν
1995 680 2096 724 εει.

303 762 609 831 Φαρισαῖος
642 765 750 817 ἀπὸ
797 764 956 836 δόξης
1000 770 1080 831 είς
1108 767 1169 820 τὸ
1204 769 1303 838 τῆς
1349 766 1576 836 ἀτιμίας
1623 763 1893 817 κατέπεσε
1938 760 2226 833 βάραθρον,
2257 763 2285 814 6
2346 761 2402 813 δὲ
2464 760 2701 830 τελώνης
2744 760 2850 814 ἀπὸ
2888 759 2985 829 τῆς
3016 755 3383 810 ἐπονειδίστου
3446 754 3592 825 ζωῆς

305 858 394 920 είς
444 856 543 927 τὴν
572 858 851 927 μακαρίαν
897 860 1165 929 ἐπανῆλθε
1226 860 1595 913 κατάστασιν·
1666 856 1761 908 καὶ
1797 857 1825 908 ό
1866 855 1963 923 μὲν
2004 852 2184 923 πολλῷ
2226 853 2304 923 τῷ
2341 852 2491 924 μέσῳ
2537 853 2636 921 τῆς
2668 852 2799 921 πρὸς
2847 850 2979 903 Θεὸν
3037 849 3345 921 ἐγγύτητος
3390 848 3595 918 ἐκεχώι

307 968 490 1021 ριστο,
549 954 579 1005 6
627 952 685 1005 δὲ
737 952 872 1023 πρὸς
919 953 1017 1024 τὴν
1062 954 1163 1023 τῆς
1212 951 1528 1024 παρρησίας
1565 948 1750 1021 χώραν
1807 948 2148 1001 ἀνείλκυστο.

649 1068 760 1121 Τοῦ
790 1067 974 1121 αὐτοῦ
1004 1070 1091 1133 εἰς
1127 1068 1233 1121 τόν
1257 1067 1578 1134 Ζακχαῖον.

394 1157 611 1229 Ἰεριχὼ
640 1158 793 1222 πόλις
824 1155 890 1229 ἦν
921 1159 1027 1211 τῶν
1058 1160 1381 1212 Χαναναίων
1438 1155 1769 1229 μητρόπολις
1794 1198 1808 1220 ,
1841 1156 1909 1226 ἣν

302 1250 451 1301 ποτέ
505 1251 605 1319 μὲν
644 1248 907 1318 *1ησοῦςὸ
967 1248 1063 1301 τοῦ
1112 1249 1266 1318 Ναυῆ
1322 1248 1573 1317 πολεμῶν
1636 1247 1730 1300 καὶ
1785 1246 1905 1298 610-

302 1339 529 1410 θρεύων
568 1338 856 1402 κατέλαϐε,
906 1338 999 1391 νῦν
1025 1338 1081 1391 δὲ
1133 1340 1162 1390 6
1204 1338 1458 1409 ἀληθινὸς
1500 1338 1709 1408 Ἰησοῦς
1738 1340 1906 1408 θερα-

301 1430 514 1482 πεῦσαι
550 1428 943 1501 παραγεγονὼς
971 1428 1298 1500 κατηξίωσε.
1340 1431 1450 1483 Καὶ
1498 1431 1526 1483 6
1577 1430 1673 1499 μὲν
1712 1429 1909 1499 τυφλὸς

305 1521 597 1591 ἐφωτίσθη
631 1561 645 1585 ,
708 1522 735 1573 6
762 1523 817 1575 δὲ
865 1520 1037 1591 δῆμος
1071 1520 1349 1591 ἐπιστώθη
1371 1563 1384 1587 ,
1425 1522 1573 1575 πᾶσα
1605 1522 1661 1575 δὲ
1688 1522 1907 1591 γλῶσσα

302 1611 406 1663 τὸν
453 1610 666 1682 Ἰησοῦν
692 1611 889 1677 ἐλάλει,
922 1612 1016 1664 καὶ
1058 1612 1149 1665 τὸν
1202 1612 1401 1681 τυφλὸν
1424 1612 1701 1683 ὀφθαλμὸς
1763 1612 1907 1677 ἅπας

307 1698 464 1770 εἶχεν
519 1701 903 1772 ἀναϐλέψαντα
923 1701 1016 1755 τοῦ
1049 1701 1327 1773 θαύματος
1356 1704 1449 1755 καὶ
1476 1705 1576 1773 τῆς
1633 1704 1907 1774 σωτηρίας

304 1791 640 1845 διδασκαλον
670 1793 1039 1862 αὐτοσχέδιον,
1063 1794 1124 1846 ού
1154 1793 1333 1862 λόγοις
1354 1793 1469 1847 ἀλλ’
1498 1793 1679 1862 ἔργοις
1707 1796 1905 1848 ἐκπαι-

2350 1061 2598 1131 Ejusdem
2636 1062 2686 1114 in
2712 1060 3024 1116 Zacchazum
3046 1078 3239 1116 sermo.

2078 1153 2299 1210 Jericho
2335 1153 2652 1222 metrOpolis
2676 1163 2758 1207 est
2782 1154 3243 1219 Chananamrum,
3267 1166 3433 1224 quam
3461 1150 3593 1206 olim

2005 1250 2168 1307 Jesus
2206 1248 2355 1303 Nave
2378 1248 2521 1303 illius
2558 1247 2809 1303 bellando
2840 1248 3207 1317 caedendoque
3229 1247 3516 1317 intercepit
3539 1246 3592 1299 ι’.

2006 1340 2163 1397 Nunc
2193 1349 2376 1395 autem
2422 1354 2583 1394 verus
2622 1337 2780 1394 Jesus
2826 1353 3021 1393 sanare
3094 1337 3438 1392 adveniendo
3473 1337 3592 1406 dig-

2018 1440 2179 1487 natus
2208 1440 2292 1486 est
2326 1442 2377 1485 ε.
2407 1430 2604 1486 Caecus
2650 1430 2867 1499 quidem
2902 1430 3242 1484 illuminatus
3272 1438 3375 1492 est,
3417 1444 3594 1497 popu-

2013 1522 2098 1575 lus
2118 1536 2248 1576 vero
2275 1520 2526 1585 credidit,
2555 1520 2735 1574 omnis
2761 1520 2945 1590 lingua
2977 1515 3161 1574 Jesutn
3195 1518 3509 1581 celebravit,
3538 1530 3595 1571 et

2012 1615 2193 1667 omnis
2222 1613 2413 1668 oculus
2441 1629 2643 1669 caecum
2660 1613 2795 1668 vidit
2830 1611 3411 1677 videntem,medicum
3439 1610 3591 1664 illum

2014 1704 2156 1758 ultro
2206 1704 2447 1759 oblatum
2488 1704 2740 1759 miraculi
2775 1712 2829 1757 et
2875 1704 3092 1769 salutis,
3122 1716 3230 1757 non
3261 1702 3462 1765 verbis,
3496 1699 3593 1754 sed

2012 1797 2270 1866 operibus
2323 1798 2601 1865 apostolos
2662 1797 2945 1851 veritatem
3007 1796 3345 1851 edocentem.
3400 1792 3593 1848 Omnis

302 1882 539 1935 δεύοντα
585 1882 714 1946 ’ἑοὺς
748 1859 995 1954 μαθητὰς
1020 1885 1118 1956 τὴν
1146 1859 1424 1956 ἀληθειαν.
1460 1859 1616 1939 Baiae
1661 1887 1759 1956 μὲν
1792 1887 1903 1940 ἀδι-

2015 1859 2231 1959 quidem
2260 1859 2458 1959 injuria
2489 1890 2630 1943 mala
2672 1898 2776 1951 est,
2818 1889 3052 1958 odioque
3083 1888 3268 1958 digna,
3297 1887 3391 1942 sed
3423 1886 3594 1956 publi-

308 1974 411 2025 κία
441 1975 615 2027 κακὸν
651 1975 743 2027 καὶ¹
777 1976 970 2045 μίσους
1004 1977 1176 2044 ἄξιον,
1237 1979 1263 2029 6
1294 1977 1351 2031 δὲ
1382 1978 1617 2049 τελώνης
1654 1982 1898 2052 ἀνυπέρ-

309 2064 535 2135 ϐλητον·
567 2065 687 2118 οὐδὲ
733 2068 863 2137 γὰρ,
897 2067 1015 2120 ούδέ
1048 2068 1321 2138 πρόφασιν
1351 2069 1464 2139 ἔχει
1496 2071 1595 2140 τῆς
1628 2072 1905 2142 ἁμαρτίας

312 2156 696 2227 εὐπρόσωπον.
742 2158 865 2210 Ἐπὶ
925 2159 1021 2229 μὲν
1084 2160 1193 2232 γὰρ
1233 2160 1340 2213 τῶν
1370 2161 1544 2215 ἄλλων
1592 2164 1905 2234 εὑρίσκεταί

320 2264 407 2309 τις
435 2249 654 2319 ἀνάγκη
710 2248 806 2300 τοῦ
848 2250 1018 2303 κακοῦ
1072 2252 1165 2304 καὶ
1207 2252 1352 2323 ῥίζα,
1381 2253 1440 2318 ἐξ
1480 2247 1555 2308 ὧν
1597 2257 1791 2324 φύεται
1846 2256 1905 2309 τὸ

327 2339 565 2410 ἀδίκημα
592 2356 607 2368 °
640 2343 667 2394 6
699 2342 754 2393 δὲ
783 2342 1019 2413 τελώνης
1051 2344 1238 2414 θηρίον
1289 2345 1405 2398 ἐστὶ
1437 2385 1451 2410 ,
1502 2347 1906 2418 ἀπροφάσιστος

331 2427 528 2496 λοιμὸς,
555 2433 680 2493 ταῖς
718 2430 1015 2502 λεωφόροις
1068 2434 1493 2506 ἐπικαθήμενος.
1538 2438 1741 2491 Ἐνόσει
1776 2439 1908 2491 ταύ-

327 2534 423 2587 την
451 2519 476 2570 6
510 2520 785 2591 Ζακχαῖος
815 2521 911 2593 τὴν
952 2526 1125 2589 νόσον,
1190 2527 1319 2596 πρὶν
1368 2528 1534 2595 ἐγγὺς
1575 2528 1703 2603 ἔλθῃ
1733 2531 1777 2563 ⁸⁸
1812 2531 1904 2585 τοῦ

320 2608 521 2679 Ἵησοῦ,
587 2613 784 2683 μακρῷ
832 2613 933 2683 τῆς
980 2617 1289 2687 ἀρρωστίας
1348 2621 1443 2699 τοῦ
1493 2622 1901 2696 Ἱεριχουντείου

311 2702 523 2769 τυφλοῦ
580 2705 932 2775 ὑπάρχουσαν
1002 2708 1221 2779 χείρονα
1251 2750 1264 2773 ,
1324 2711 1380 2763 εί
1430 2731 1494 2782 γε
1544 2718 1572 2768 6
1619 2716 1717 2786 μὲν
1793 2718 1901 2769 σώ-

320 2809 501 2856 ματος
579 2796 609 2846 6
671 2795 728 2846 δὲ
782 2796 963 2866 ψυχῆς
1016 2798 1185 2868 αὐτῆς
1240 2802 1416 2857 ἐνόσει
1480 2805 1575 2875 τὴν
1641 2809 1906 2878 πήρωσιν.

307 2880 410 2949 Μὴ
451 2880 558 2949 δῷς
590 2882 771 2946 ἄλλοις
823 2883 891 2938 τὰ
936 2886 1190 2958 ἀλλότρια
1220 2930 1234 2952 ,
1301 2891 1437 2945 ἀλλὰ
1479 2897 1592 2958 τοῖς
1638 2897 1905 2967 ἠδικημέ-

304 2988 430 3034 νοις
460 2973 531 3025 τὰ
559 2975 736 3027 οἰκεῖα
766 2976 1219 3048 ἀποκατάστησον
1242 2999 1253 3012 ο
1286 2985 1344 3035 ού
1400 2986 1509 3055 γὰρ
1545 2987 1903 3058 προσδέχεται

2008 1996 2181 2037 canus
2224 1996 2416 2036 omnes
2448 1981 2682 2053 excedit.
2725 1979 2844 2035 Non
2889 1981 3036 2035 enim
3069 1980 3241 2034 ullum
3286 1979 3596 2049 legitimum

2010 2072 2270 2143 peccandi
2307 2083 2625 2143 praetextum
2680 2072 2863 2127 habet.
2901 2072 2957 2125 In
2998 2071 3119 2125 aliis
3169 2070 3390 2140 quidem
3439 2070 3594 2124 iuve-

2011 2165 2161 2218 nitur
2198 2164 2325 2218 mali
2366 2165 2613 2234 quaadam
2660 2162 2985 2228 necessitas,
3022 2170 3076 2216 et
3105 2162 3281 2232 origo,
3314 2161 3459 2215 unde
3491 2160 3596 2213 ini-

2009 2254 2192 2323 quitas
2250 2253 2517 2323 procedit.
2574 2252 2903 2308 Publicanus
2939 2251 3056 2307 fera
3111 2260 3217 2314 est,
3277 2249 3594 2321 pestisquaa

2011 2350 2333 2412 prmtextum
2387 2358 2494 2397 non
2535 2343 2723 2408 habet,
2772 2344 2874 2399 viis
2902 2340 3073 2413 regiis
3106 2342 3453 2397 incumbens.
3482 2340 3597 2397 Hoc

2013 2437 2205 2492 morbo
2257 2436 2552 2492 Zacchzeus
2590 2436 2894 2506 aegrotavit,
2943 2434 3264 2504 priusquam
3312 2434 3376 2486 ad
3407 2432 3595 2488 Jesum

2011 2529 2327 2595 accederet,
2378 2528 2471 2598 qui
2512 2528 2738 2583 morbus
2790 2528 3036 2582 caecitate
3078 2526 3206 2581 (εωεί
3263 2524 3596 2581 Jerichuntis

2011 2619 2251 2675 deterior
2281 2626 2400 2674 erat
2430 2637 2443 2673 :
2478 2618 2608 2688 quia
2641 2618 2727 2671 hic
2775 2632 3024 2687 corpore,
3068 2616 3160 2670 ille
3191 2616 3374 2671 animo
3417 2629 3596 2683 tegm-

2011 2712 2167 2766 tavit.
2195 2710 2275 2767 Ne
2326 2712 2421 2768 des
2452 2711 2578 2765 aliis
2628 2710 2830 2773 aliena,
2879 2709 2971 2763 sed
3006 2707 3331 2763 defraudato
3377 2706 3595 2777 propria

2013 2805 2243 2861 restitue
2268 2803 2319 2856 ἀ.
2374 2801 2491 2857 Non
2540 2802 2686 2857 enim
2736 2800 2882 2855 Deus
2935 2800 3337 2872 eleetnosynam
3376 2798 3592 2868 recipit,

2009 2912 2131 2967 quae
2152 2896 2296 2950 furto
2320 2904 2470 2964 rapta
2498 2904 2599 2950 cst.
2637 2893 2970 2949 Publicanus
2991 2893 3167 2947 bonus
3194 2890 3386 2962 501b
3414 2905 3597 2945 rerum

2011 3002 2233 3042 suarum
2277 2986 2444 3056 judex
2490 2996 2540 3039 et
2591 2985 2956 3054 dispensator.
3008 2983 3153 3037 Etsi
3200 2982 3325 3053 quid
3366 2982 3598 3051 aliquem

305 3063 453 3161 Θεξς
485 3065 858 3139 ἐλεημοσύνην
895 3069 954 3134 ἐξ
983 3073 1258 3143 ἁρπαγῆς.
1283 3076 1459 3138 Καλὸς
1479 3079 1506 3131 ό
1535 3077 1772 3150 τελώνης
1797 3082 1904 3135 τῶν

2015 3079 2345 3149 defraudavi,
2394 3078 2554 3132 reddo
2603 3077 2962 3147 quadruplum
2990 3076 3037 3141 ἀ,
3071 3075 3267 3146 inquit,
3318 3090 3427 3129 non
3472 3073 3601 3128 aliis

306 3155 441 3208 καθ’
454 3158 647 3210 ἑαυτὸν
661 3160 849 3230 κριτὴς
872 3161 964 3214 καὶ
982 3163 1285 3234 οἰκονόμος.
1303 3166 1406 3219 Καὶ
1427 3165 1553 3238 [817
1572 3168 1663 3241 11.]
1679 3169 1733 3223 εἷ
1749 3173 1911 3239 τινός

306 3262 367 3300 τι
410 3247 903 3319 ἐσυκοφάντησα,
934 3254 1260 3326 ἀποδίδωμι
1291 3261 1684 3327 τετραπλοῦν,
1720 3263 1909 3333 φησὶν,

305 3342 418 3393 οὐκ
443 3342 626 3406 ἄλλοις
652 3344 903 3413 (ἄμισθον
934 3347 1041 3417 γὰρ
1066 3346 1224 3401 τοῦτο
1248 3348 1343 3403 καὶ
1363 3351 1732 3422 ἀπρόσδεκτον
1756 3355 1839 3426 τῷ
1865 3357 1907 3388 ⁶⁹

307 3432 517 3503 Θεῷ),
543 3434 656 3487 ἀλλ’
684 3437 865 3500 αὐτοῖς
920 3441 1029 3502 τοῖς
1082 3443 1594 3512 συκοφαντηθεῖσιν.
1641 3446 1911 3516 Σήμερον

309 3528 589 3593 σωτηρία
623 3526 703 3592 τῷ
746 3529 891 3594 οἴκῳ
951 3532 1139 3595 τούτῳ
1193 3532 1432 3601 ἐγένετο
1482 3535 1547 3600 ⁷ο,
1586 3538 1787 3590 καθότι
1812 3538 1909 3591 καὶ

307 3614 501 3684 οὗτος
534 3620 662 3684 υἱὸς
698 3622 941 3691 Ἀϐραάμ
969 3624 1120 3678 ἐστι.
1149 3625 1273 3688 Πῶς
1307 3622 1399 3679 οὖν
1432 3628 1495 3679 ἐκ
1527 3628 1618 3679 τοῦ
1660 3630 1910 3700 Ἀϐραὰμ

309 3709 343 3759 ὁ
392 3709 450 3774 ἐξ
498 3708 707 3779 Ὶεριχὼ
734 3712 835 3781 τῆς
885 3713 1273 3781 Χανανίτιῑοςς
1308 3715 1471 3787 [ii-07
1506 3716 1595 3790 R.]
1646 3719 1698 3771 τί
1733 3721 1909 3773 κοινὸν

294 3797 581 3868 -Ἂϐραὰμ
610 3803 692 3863 είς
722 3802 879 3869 γένος
915 3806 1006 3857 καὶ
1053 3806 1383 3871 Χαναναίοις
1413 3824 1425 3871 ;
1462 3808 1493 3879 ἢ
1528 3809 1685 3878 δῆλον
1743 3810 1818 3874 ὼς
1857 3813 1905 3863 εἰ

308 3888 412 3941 καὶ
449 3889 525 3959 μὴ
549 3893 612 3960 τῇ
648 3891 809 3961 σαρκὶ
836 3894 947 3956 υίὸς
971 3890 1039 3966 ἢν
1095 3896 1367 3967 Ἀϐραὰμ,
1404 3900 1539 3952 ἀλλὰ
1588 3903 1699 3963 τοῖς
1754 3902 1908 3972 ἤθεσι

309 3980 413 4030 καὶ
446 3981 559 4043 τοῖς
587 3981 771 4051 ἔργοις
801 3984 916 4054 ἅμα
944 3986 1021 4057 τῷ
1067 3987 1366 4059 πλησιάσαι
1423 3991 1499 4060 τῷ
1538 3993 1760 4063 Χριστῴ
1794 3995 1907 4047 τῶν

308 4072 383 4123 ἐκ
432 4072 761 4143 σπλάγχνων
792 4076 1161 4148 προελθόντων
1206 4081 1299 4135 τοῦ
1333 4085 1675 4156 πατριάρχου
1712 4088 1907 4159 μακρῷ

309 4164 687 4236 γνησιώτερος
717 4172 847 4233 παῖς
887 4171 980 4224 καὶ
1010 4171 1199 4241 γέγονε
1231 4178 1325 4228 καὶ
1364 4176 1708 4248 ἐπεγνώσθη.
1753 4179 1909 4232 Οὕτω

310 4255 469 4308 καὶὸ
500 4255 819 4324 Ἀπόστολος
871 4264 986 4316 υἱὸν
1051 4266 1277 4320 ἐκάλεσε
1327 4269 1418 4321 τὸν
1461 4270 1697 4340 Ἐλύμαν
1746 4272 1903 4323 τοῦ⁷¹

306 4347 563 4400 διαϐόλου
597 4389 613 4414 ,
655 4352 751 4404 καὶ
782 4354 807 4405 6
865 4355 1100 4426 Κύριος·
1148 4358 1345 4427 ’Υμεῖς
1397 4360 1465 4414 ἐκ
1514 4362 1621 4415 τοῦ
1680 4363 1903 4431 πατρὸς

2020 3175 2146 3239 (Ιιοε
2178 3174 2320 3227 enim
2357 3172 2662 3225 mercedem
2702 3186 2810 3225 non
2846 3178 3105 3235 tueretur,
3155 3177 3208 3223 ct
3240 3167 3350 3222 Deo
3377 3175 3596 3239 gratum

2016 3281 2123 3319 nou
2173 3263 2275 3333 est)
2318 3263 2411 3318 sed
2460 3262 2527 3316 iis
2580 3262 2713 3331 ipsis
2756 3276 2893 3330 quos
2935 3260 3204 3314 fraudari.
3250 3258 3421 3311 Hodie
3448 3258 3597 3312 salu:

2014 3356 2134 3407 huic
2167 3354 2347 3407 domui
2372 3355 2514 3422 facta
2556 3362 2652 3418 est,
2694 3368 2752 3406 eo
2778 3352 2915 3421 quod
2942 3364 2991 3405 ct
3016 3352 3126 3421 ipse
3152 3350 3297 3419 filius
3329 3351 3395 3403 sit
3427 3349 3599 3404 Abra-

2014 3447 2095 3499 ha:
2125 3456 2170 3498 ο.
2194 3444 2483 3509 Quomodo
2515 3443 2681 3513 igitur
2710 3458 2775 3496 ex
2805 3442 3080 3496 Abraham
3116 3441 3206 3496 ille
3233 3442 3326 3510 qui
3363 3456 3425 3494 ex
3459 3437 3598 3493 leri-

2014 3536 2116 3589 clto
2168 3546 2251 3589 est
2294 3533 2600 3589 Chananzea
2651 3535 2824 3589 urbe?
2873 3533 3016 3599 Quid
3047 3548 3336 3588 commune
3400 3532 3600 3586 habent

2014 3629 2305 3683 Abrahami
2338 3642 2530 3697 genus,
2562 3638 2615 3681 et
2647 3626 3119 3682 Chanauasorum?
3148 3636 3293 3679 certe
3333 3624 3596 3679 manifes-

2016 3732 2126 3776 tum
2167 3731 2266 3783 est,
2338 3721 2483 3790 quod
2538 3721 2584 3774 si
2648 3735 2757 3774 non
2814 3717 3113 3778 secundum
3173 3732 3393 3772 carnem
3452 3716 3598 3771 [ilius

2016 3815 2246 3868 Abrahae
2287 3813 2477 3881 fuerit,
2505 3813 2599 3868 sed
2633 3812 2882 3867 moribus
2923 3820 2977 3866 et
3030 3809 3311 3880 operibus,
3344 3808 3594 3862 simulat-

2014 3922 2121 3977 que
2161 3905 2229 3960 ad
2275 3906 2551 3961 Christum
2603 3920 2662 3959 se
2697 3904 2946 3971 contulit,
2984 3903 3159 3958 multo
3209 3900 3386 3971 magis
3419 3900 3597 3970 legiti-

2013 4021 2163 4059 mum
2198 4003 2369 4058 lilium
2394 4012 2448 4058 et
2475 4004 2679 4058 factum
2716 4018 2859 4069 esse,
2902 4011 2955 4055 et
2984 3999 3281 4069 cognitum,
3309 4011 3471 4067 quam
3501 3996 3597 4065 qui

2011 4113 2079 4153 ex
2110 4097 2344 4151 Abrahze
2375 4096 2680 4151 visceribus
2739 4094 3082 4164 prodierunt.
3126 4090 3219 4145 Sic
3249 4089 3544 4160 Apostolus
3572 4087 3590 4128 ῐ

2014 4188 2258 4260 Elymam
2292 4188 2695 4242 vocavitﬁlium
2720 4185 2952 4250 diaboli;
2985 4193 3039 4238 et
3062 4181 3225 4237 Jesus
3246 4180 3314 4235 ad
3334 4178 3553 4236 Judte'os
3580 4197 3593 4233 :

2025 4281 2126 4333 Vos
2158 4296 2221 4335 ex
2261 4292 2413 4346 patre
2442 4293 2616 4335 vestro
2656 4278 2868 4331 diabolo
2914 4278 3039 4330 estis
3074 4286 3119 4331 ³.
3169 4274 3463 4330 Zacchaeus
3496 4273 3597 4343 igi-

2012 4382 2101 4425 tur
2132 4387 2256 4426 cum
2291 4371 2453 4426 ﬁdem
2489 4370 2724 4426 Abrahae
2754 4369 2998 4423 imitatus
3040 4375 3187 4423 esset
3217 4365 3597 4436 (quetnadmov

306 4438 421 4491 τοῦ
451 4439 733 4495 διαϐόλου
770 4446 935 4511 ἐστὲ,
968 4449 1094 4510 τοὺς
1123 4449 1407 4514 Ἰουδαίους
1452 4454 1495 4483 ⁷⁸
1522 4453 1763 4507 ἀνεῖπεν.
1798 4454 1904 4506 Καὶ

2015 4463 2141 4516 dum
2194 4462 2340 4515 enim
2390 4461 2480 4516 ille
2534 4459 2726 4530 jussus
2788 4457 3011 4528 reliquit
3062 4456 3321 4526 patriam,
3354 4455 3435 4511 sic
3492 4454 3595 4510 iste

305 4532 338 4581 6
370 4531 635 4600 Ζακχαῖος
665 4532 778 4599 οὖν,
813 4538 1000 4611 ἐπειδὴ
1028 4540 1127 4609 τὴν
1171 4542 1421 4614 ’Λϐραὰμ
1449 4534 1757 4615 ἐμιμήσατο
1812 4548 1902 4598 πί-

308 4638 455 4673 στιν·
492 4625 566 4687 ώς
600 4627 709 4695 γὰρ
771 4630 978 4694 ἐκεῖνος
1027 4632 1249 4703 κληθεὶς
1305 4635 1485 4704 ἀεῆκε
1517 4638 1613 4707 τὴν
1646 4639 1901 4712 πατρίδα,

304 4714 458 4767 οὕτω
516 4718 609 4769 καὶ
662 4713 815 4784 οὗτος
847 4723 908 4775 τὸ
944 4723 1225 4780 τελωνεῖον
1270 4728 1363 4779 καὶ
1396 4728 1483 4781 τὸν
1516 4729 1724 4781 ἐκεῖθεν
1772 4747 1905 4783 κατ-

304 4804 469 4857 έλιπε
496 4808 541 4837 ⁷³
571 4808 818 4863 πλοῦτον.
850 4814 941 4865 Διὸ
968 4815 1062 4867 καλ⁵
1084 4816 1319 4885 Χριστὸς
1348 4819 1379 4887 ἡ
1416 4817 1642 4888 ἀλήθεια
1676 4820 1901 4883 εἰκότως

301 4899 477 4952 αὐτὸν
503 4901 618 4953 υἱὸν
665 4904 921 4975 Ἀϐραὰμ
951 4909 1275 4981 ἀνεκήρυξε.

306 4994 428 5051 Τοῦ
499 4996 688 5050 αὐτοῦ
740 5001 825 5063 εἰς
874 5000 1016 5066 τοὺς
1064 5002 1174 5075 δύο
1204 5003 1376 5069 υἱοὺς
1432 5002 1571 5070 τοὺς
1613 5008 1773 5075 παρὰ
1828 5008 1906 5068 τῷ

436 5076 448 5085 ’
967 5071 1191 5138 Λουκᾷ.

379 5158 609 5227 Πατέρα
647 5160 746 5229 μὲν
792 5162 826 5231 ἡ
887 5163 1171 5236 παραϐολὴ
1199 5165 1293 5218 τὸν
1321 5166 1453 5219 Θεὸν
1504 5168 1599 5241 καὶ
1660 5170 1891 5238 ποιητὴν

295 5249 464 5302 τοῦδε
493 5248 587 5302 τοῦ
619 5252 818 5315 παντὸς
844 5252 1122 5319 ὀνομάζει,
1150 5256 1243 5317 τὸν
1287 5256 1345 5309 δὲ
1378 5258 1749 5329 πρεσϐύτερον
1783 5259 1896 5312 υἱὸν

298 5342 402 5396 καὶ
436 5340 702 5413 νεώτερον
729 5343 1049 5415 ἀνθρώπους
1077 5346 1190 5411 δύο,
1214 5347 1305 5401 τὸν
1340 5348 1440 5418 μὲν
1467 5350 1884 5420 παραμείναντα

374 5500 407 5542 δ
440 5499 632 5568 Iosue,
659 5502 792 5569 vr,l.
834 5514 855 5541 ο
889 5503 1018 5561 Luc.
1046 5521 1199 5571 xvm,
1236 5508 1257 5560 1
1295 5520 1449 5577 seqq.
1491 5506 1517 5545 ιι
1550 5505 1684 5563 Luc.
1722 5524 1839 5575 xu,
1864 5506 1915 5563 8.
1952 5517 1973 5545 ο
2006 5505 2144 5561 ihid.
2178 5505 2231 5561 9.

2005 4555 2290 4616 telonium,
2339 4562 2392 4608 et
2420 4552 2493 4607 ibi
2535 4560 2722 4622 partas
2760 4550 2978 4607 divitias
3002 4549 3333 4620 labdicavit),
3388 4548 3597 4605 idcireo

2001 4648 2283 4708 Christus.
2339 4646 2434 4715 qui
2469 4656 2553 4701 est
2592 4646 2709 4717 ipsa
2750 4645 2976 4714 veritas,
3005 4644 3202 4700 merito
3234 4642 3388 4698 illum
3416 4641 3591 4698 ﬁlium

2000 4741 2231 4796 Abrahae
2266 4738 2494 4795 vocavit.

2228 5000 2377 5055 Idem
2411 5002 2465 5055 in
2494 5002 2808 5070 parabolam
2843 5004 2907 5057 de
2931 5004 3044 5072 ﬁlio
3078 5002 3299 5073 prodigo
3334 5006 3379 5057 Β.

2080 5152 2349 5209 Parabola
2382 5153 2599 5211 Patrem
2638 5156 2807 5212 Deum
2838 5167 2891 5212 et
2922 5157 3187 5212 factorem
3210 5157 3457 5211 omnium
3494 5172 3592 5211 vo-

2006 5256 2114 5313 cat,
2166 5249 2308 5303 lilios
2371 5250 2633 5318 majorem
2684 5261 2850 5314 natu,
2896 5261 2948 5305 et
2996 5252 3287 5317 minorem,
3342 5252 3594 5305 homines

2002 5344 2161 5399 duos.
2222 5342 2379 5395 lllutn
2437 5342 2657 5411 quidem
2703 5343 2882 5399 datam
2920 5344 3149 5412 gratiam
3203 5354 3258 5399 et
3304 5344 3595 5400 haeredita-

2324 5504 2343 5543 ί
2372 5502 2665 5569 Joan.vtu,
2689 5505 2778 5559 44.
2825 5504 2847 5542 ε
2878 5501 3013 5559 Luc.
3060 5521 3147 5569 xv,
3182 5503 3235 5556 2.

1595 5693 1832 5760 νᾹΙῖΙᾸΕ
1876 5692 2284 5751 ιΕεΤιΟΝΕε.

359 5798 410 5831 ⁸⁸
439 5798 581 5854 ἔλθοι
613 5800 676 5857 Β.
754 5804 796 5836 ⁶⁹
822 5804 897 5874 τῷ
923 5819 1031 5861 om.
1066 5806 1125 5865 Β,
1206 5812 1248 5842 ⁷ο
1283 5809 1496 5879 ἐγένετο
1529 5824 1638 5864 om.
1672 5808 1734 5865 A.
1814 5812 1854 5843 '“
1899 5831 1904 5843 ε

2026 5826 2134 5866 om.
2167 5808 2224 5864 Β.
2280 5810 2321 5840 ⁷³
2350 5805 2653 5875 Ἰουδαίους,
2685 5805 2843 5869 ἰδίους
2878 5808 2938 5860 .\.
3017 5808 3061 5839 ’τ’
3098 5804 3385 5859 κατέλειπε
3416 5816 3484 5875 pr
3524 5808 3591 5859 Δ.
