4020 6426
352 5047 365 5057 ,
469 4997 762 5060 describat.
811 5010 1134 5075 Venientem

528 302 641 372 2H

1689 324 1954 388 ΡΗΟΤΙΙ
1993 327 2499 399 PATRIARCH/E
2530 340 2639 402 ΟΡ.

3679 364 3776 429 212

530 435 639 481 tem
686 440 1195 497 conservaute'm,et
1221 450 1573 509 nequaquam
1628 440 1955 513 Et-clesiarn,
2006 464 2087 507 net

530 517 970 557 phmmnninnnm
991 526 1428 557 ινοηιι-αιιιιιη-...ιι
1456 544 1922 557 ..κληκηηαμηηη
1956 553 2083 557 --,-

2213 456 2280 526 τῇ
2311 455 2529 531 δοθείσῃ
2561 460 2744 532 χάριτι
2769 463 2863 517 καὶ
2880 464 2959 537 τῷ
2995 467 3341 526 ἐπιϐάλλοντι
3369 474 3517 547 αὐτῷ
3536 478 3632 550 τῆς
3653 482 3777 557 adu;-

524 517 970 574 cbmmunionem
991 526 1429 581 venerandornrn
1456 544 1925 590 sacramentorum
1956 553 2112 609 prop-

526 616 607 660 ter
642 607 765 661 vitae
796 608 1070 666 luxuriam
1125 625 1495 684 respuentem,
1552 619 1699 676 hunc
1724 637 1853 678 vero
1882 624 2111 694 juvenili

525 697 765 767 quodam
798 716 952 757 more
993 702 1110 759 hac
1151 707 1334 762 omnia
1373 718 1840 780 contemnentem,
1878 716 2112 789 ideoque

524 806 555 844 a
583 805 714 845 vero
753 791 917 848 Patre
948 795 1276 867 digressum,
1331 809 1385 856 et
1425 801 1550 855 data
1579 818 1810 859 munera
1834 806 2112 879 dissipan-

524 892 658 949 tem,
688 893 749 939 ut
774 885 1048 944 luxuriosi
1074 903 1502 949 consueverunt.
1536 894 1726 952 Portio
1759 900 2108 970 substantiae,

522 989 647 1044 quae
674 975 765 1032 hic
792 978 1147 1047 describitur,
1175 999 1339 1052 quam
1371 1000 1401 1040 a
1424 996 1578 1055 patre
1613 990 1750 1058 petit
1775 991 1986 1061 junior,
2018 1004 2105 1051 est

523 1063 832 1133 baptismus
865 1078 918 1124 et
941 1071 1287 1141 participatio
1312 1076 1611 1132 venerandi
1640 1082 1892 1150 corporis
1922 1082 2110 1139 Domi-

523 1150 656 1211 nici.
713 1154 924 1213 Etenim
983 1161 1138 1216 multi
1168 1164 1396 1233 juvenes
1446 1168 1561 1223 haec
1602 1178 1794 1240 petunt
1857 1182 1911 1229 et
1960 1178 2108 1231 acci-

522 1244 701 1313 piunt,
739 1248 831 1303 sed
869 1251 1213 1320 quimentem
1242 1256 1446 1312 habent
1481 1261 1732 1329 senilem,
1764 1264 1968 1321 donum
2004 1268 2108 1325 hoc

522 1335 672 1388 omni
713 1336 991 1407 diligentia
1038 1345 1380 1401 custodiunt.
1436 1348 1515 1402 Ex
1546 1366 1704 1422 aequo
1736 1353 1881 1409 enim
1916 1372 2107 1414 omnes

520 1434 734 1493 partem
784 1429 1083 1501 accipiunt,
1125 1436 1218 1489 sed
1275 1439 1663 1509 accipientium
1712 1460 1811 1516 pro
1840 1448 2107 1519 cujusque

520 1516 700 1571 studio
723 1519 1017 1578 discrimen
1049 1526 1427 1587 diversitatem
1454 1550 1673 1607 quoque
1688 1538 1955 1595 donorum
1986 1559 2104 1599 ma-

515 1603 693 1673 jorum
725 1610 807 1665 vel
839 1612 1114 1670 minorum
1165 1619 1328 1676 elIlcit
1361 1641 1373 1678 :
1413 1625 1497 1687 vel
1523 1603 1747 1683 omnino
1790 1630 2022 1703 dissipat
2051 1644 2104 1691 et

517 1700 815 1755 consumit.
842 1712 905 1759 ut
933 1709 1211 1779 prodigus.
1248 1712 1397 1769 Hanc
1429 1718 1648 1787 quidem
1682 1700 1991 1791 portionem
2008 1742 2104 1796 pa-

516 1787 702 1844 rabola
736 1791 962 1850 indicat.
1012 1797 1077 1852 In
1111 1800 1457 1874 longinquam
1499 1824 1617 1862 vero
1644 1787 1905 1882 regionem
1935 1787 2101 1887 pro/i-

516 1879 666 1946 riui,
697 1894 781 1938 est
809 1902 839 1940 a
874 1886 964 1943 Dei
1009 1892 1168 1948 donis
1196 1905 1251 1950 et
1291 1901 1577 1969 praeceptis
1604 1879 1763 1975 longe
1792 1906 2095 1966 discedere.

512 1966 809 2040 Dissipavit
835 1985 891 2031 et
915 1978 1087 2037 Adam
1121 1966 1507 2058 substantiam,
1542 2004 1594 2049 et
1618 1966 1838 2054 omvnem
1862 1998 2097 2057 felicita-

511 2066 620 2112 tem
646 2060 842 2134 502a
881 2079 1163 2137 paternam
1202 2078 1408 2145 amisit,
1465 2091 1521 2137 et
1564 2087 1827 2155 expulsus
1874 2093 2097 2163 regione

509 2147 672 2206 bonis
691 2156 1022 2216 abundante.
1060 2164 1332 2223 Acerbum
1357 2170 1478 2241 ll‘uit
1505 2147 1713 2244 juniori
1739 2196 1770 2236 a
1795 2147 2093 2251 patrgdis;

508 2243 723 2303 cedere.
780 2248 1226 2322 Dilapidationem
1294 2264 1437 2319 enim
1489 2243 1889 2342 prodigarn,-et
1926 2277 2090 2335 luxu-

505 2334 671 2402 riam,
708 2348 761 2393 et
810 2344 1086 2416 colloquia
1133 2367 1318 2410 mores
1375 2367 1809 2433 corrumpentia,
1850 2373 2092 2439 parentis

503 2427 703 2483 oculus
729 2434 883 2501 pellit
915 2446 1078 2509 atque
1103 2442 1275 2512 ejicit.
1300 2446 1435 2503 Cum
1468 2427 1649 2509 autern
1673 2427 1891 2525 juvenis
1914 2464 1999 2518 sui
2032 2465 2093 2521 [it

496 2515 662 2586 juris,
721 2539 821 2580 nec
873 2529 1016 2585 ullus
1068 2534 1224 2592 adest
1276 2540 1440 2597 tlmor
1484 2561 1585 2601 nec
1627 2515 1803 2619 pudor
1827 2553 1944 2624 (qui
1978 2556 2088 2613 duo

499 2608 682 2668 fortes
710 2628 842 2673 sunt
889 2621 1227 2686 lascivientis
1260 2632 1569 2701 juventutis
1597 2608 1901 2716 custodes):
1957 2657 2089 2706 tunc

498 2707 719 2763 tandem
775 2716 957 2771 omnia
991 2735 1209 2789 pessum
1258 2737 1412 2794 eunt,
1462 2742 1516 2787 et
1553 2749 1775 2792 sursum
1823 2740 2078 2799 deorsum

496 2808 811 2860 vertuntur.
849 2808 1014 2867 lstius
1042 2829 1172 2870 vero
1195 2820 1436 2888 regionis
1471 2839 1502 2879 a
1529 2823 1641 2905 Deo
1668 2842 1895 2889 semota:
1922 2845 2086 2907 atque

497 2892 774 2959 sepositas,
814 2897 992 2955 incola
1047 2914 1131 2959 est
1165 2907 1416 2968 diabolus
1456 2896 1594 2988 (ιϐ).
1637 2920 1857 2979 Etenim
1893 2892 2083 2996 pecca;

493 2987 674 3037 torum
730 2986 923 3046 civitas
971 2995 1145 3051 civem
1197 3001 1359 3087 liabet
1406 3015 1459 3061 et
1491 2986 1911 3079 gubernatorem
1966 3022 2082 3078 dia-

493 3070 703 3142 bolum,
738 3080 984 3152 undique
1016 3070 1301 3159 cogentenr
1328 3070 1605 3169 prodigos,
1633 3115 1688 3159 et
1724 3107 1779 3162 in
1806 3126 1969 3167 uuam
2004 3116 2077 3169 ei-

492 3162 717 3221 vitatem
751 3175 1215 3250 compingentem,
1240 3193 1294 3239 et
1329 3162 1564 3248 incitans
1589 3195 1713 3252 illos
1741 3199 1807 3253 ad
1830 3204 2075 3262 actiones

492 3264 702 3326 turpes,
732 3277 797 3317 ac
834 3266 1027 3323 suibus
1058 3270 1272 3345 dignas.
1299 3276 1510 3337 Etenim
1542 3287 1654 3356 agit
1686 3304 1902 3361 gregem
1943 3311 2072 3366 por-

490 3362 682 3405 corum
727 3356 834 3410 ritu
886 3360 1177 3433 viventem,
1203 3376 1258 3423 at
1312 3387 1441 3429 vero
1476 3392 1584 3431 non
1633 3391 1716 3435 est
1749 3396 1936 3453 pastor
1968 3388 2072 3443 lio-

488 3440 703 3498 minum
744 3450 954 3507 ratione
987 3461 1278 3528 utentium,
1301 3469 1760 3534 quemadmodum
1785 3475 2068 3548 Dominus,

485 3533 580 3631 nui
609 3537 842 3594 animam
879 3561 1035 3601 suam
1069 3554 1244 3618 posuit
1260 3573 1356 3625 pro
1386 3563 1567 3619 ovibus
1592 3569 1704 3623 suis
1726 3570 1780 3625 ιι.
1812 3571 2071 3647 Magister

485 3621 656 3692 igitur
696 3644 990 3698 porcorum
1044 3642 1213 3700 mittit
1249 3621 1513 3709 miserum
1544 3656 1799 3727 juvenem
1835 3621 2068 3738 adbpas-

1544 3717 1560 3727 ,
1839 3717 1900 3721 μ-
1937 3717 2034 3738 τ--

484 3717 717 3774 cendum
742 3739 961 3798 porcos,
985 3744 1041 3787 et
1066 3734 1192 3792 felix
1228 3756 1334 3797 non
1359 3756 1477 3801 erat
1519 3752 1597 3805 vel
1622 3769 1913 3820 porcorum
1950 3762 2067 3817 vic-

483 3814 567 3871 tu,
615 3816 910 3876 comedens
955 3825 1201 3897 siliquas.
1246 3831 1377 3890 Tale
1413 3840 1557 3894 enim
1607 3814 1891 3912 peccatum
1927 3863 2060 3908 est:

484 3901 853 4001 ari-modicum
882 3913 1062 3984 dulce,
1110 3924 1323 3981 nullum
1375 3940 1554 3988 tamen
1592 3901 1914 3998 alimentum
1966 3956 2063 4001 aut

483 3993 770 4052 utilitatem
826 4001 1027 4065 ferens.
1053 4009 1135 4066 Ad
1173 4029 1231 4071 se
1270 4017 1438 4088 igitur
1475 4026 1691 4084 rediens
1724 4046 1789 4086 ac
1841 4035 2065 4105 resipis~

479 4088 792 4187 cens(nam
838 4097 923 4150 sui
971 4113 1195 4172 compos
1243 4123 1351 4162 non
1407 4111 1603 4180 fuerat,
1638 4088 2063 4187 perturbationi-

478 4170 585 4229 bus
616 4191 807 4238 servus
855 4185 1055 4256 factus,
1100 4210 1164 4251 ac
1205 4202 1561 4273 mancipium,
1606 4224 1896 4284 menteque
1929 4220 2061 4275 alie-

476 4267 628 4337 nata)
668 4282 1066 4338 mercenarium
1100 4299 1218 4356 post
1259 4297 1675 4355 conversionem
1704 4314 1755 4358 et
1793 4311 2062 4375 pteuilen-

475 4357 633 4425 tiam,
686 4370 947 4439 prodigus
1000 4379 1238 4449 seipsurn
1276 4388 1545 4457 nominat,
1582 4404 1635 4449 et
1665 4410 1856 4456 omnes
1911 4404 2051 4459 infa-

474 4450 600 4566 ntiae
622 4462 1016 4527 appellationes
1046 4474 1149 4527 sibi
1182 4475 1455 4547 imponit:
1492 4494 1550 4539 ut
1576 4503 1675 4543 nos
1702 4488 2053 4566 Evangelium
2094 4496 2134 4550 D

1260 4543 1276 4547 _
1783 4543 2052 4566 ___.D-.-_...

475 4543 689 4613 doceat,
731 4553 813 4609 sic
842 4568 1094 4627 oportere
1126 4582 1420 4634 peccantes
1475 4576 1774 4647 humiliari,
1805 4594 1858 4639 et
1890 4592 2058 4646 corde

2219 548 2473 619 ρονομίας
2498 590 2514 615 ,
2549 552 2648 606 καὶ
2678 554 2917 627 οὐδαμοῦ
2941 559 3041 630 τῆς
3063 559 3392 634 Ἐκκλησίας
3431 569 3549 624 οὐδὲ
3592 548 3690 645 τῆς
3736 548 3777 612 lt

2214 636 2323 689 τῶν
2371 640 2657 711 ἀχράντων
2713 648 3029 719 μυστηρίων
3092 656 3378 722 κοινωνίας
3432 661 3521 715 διὰ
3560 636 3776 733 τῆςτοῦ

2216 727 2335 799 βίου
2369 733 2608 799 ἀσωτίας
2634 737 3035 809 άφηνιάσαντα,
3058 745 3150 799 τὸν
3182 746 3239 800 δὲ
3270 750 3411 809 κατὰ
3446 727 3656 813 πάντων
3678 762 3778 817 τῶν

2212 824 2521 895 εἰρημένων
2552 831 2971 902 νεωτερίσαντα,
2997 838 3093 891 καὶ
3120 839 3209 892 διὰ
3238 842 3395 898 τοῦτο
3423 849 3515 902 καὶ
3538 851 3630 904 τοῦ
3656 854 3779 925 ἀλη-

2214 912 2362 968 θινοῦ
2390 918 2728 989 χωρισθέντα
2767 924 2986 997 Ιιατρὸς
3026 930 3122 983 καὶ
3153 933 3509 1006 σπαθήσαντα
3543 943 3633 997 καὶ
3662 912 3773 1000 δια-

2212 1006 2510 1079 φθείραντα
2539 1011 2640 1077 τάς
2674 1016 2806 1087 παρ’
2826 1019 2994 1073 αὐτοῦ
3026 1022 3275 1089 δοθείσας
3312 1027 3541 1101 δωρεάς,
3572 1035 3643 1099 ὡς
3668 1038 3775 1092 alth-

2211 1099 2375 1156 θεσαν
2405 1104 2665 1174 πράττειν
2686 1110 2734 1161 οἱ
2760 1108 2983 1167 ἄσωτοι.
3014 1114 3203 1169 Ἔστιν
3228 1117 3321 1173 οὐν
3350 1099 3401 1153 ⁷⁸⁷
3423 1123 3482 1176 τὸ
3504 1126 3775 1185 ἐπιϐάλλον

2213 1192 2378 1263 μέρος
2404 1194 2505 1265 τῆς
2558 1197 2745 1263 οὐσίας
2768 1239 2783 1265 ,
2819 1201 2848 1256 ὃ
2880 1204 3033 1277 παρά
3058 1207 3154 1260 τοῦ
3199 1212 3406 1281 πατρὸς
3452 1211 3482 1267 6
3520 1219 3773 1291 νεώτερος

2211 1282 2327 1346 υίὸς
2362 1283 2629 1359 ἐπιζητεῖ,
2658 1290 2719 1343 τὸ
2744 1290 3029 1364 βάπτισμα
3057 1297 3202 1370 καλή
3241 1303 3444 1376 μετοχὴ
3465 1306 3557 1360 τοῦ
3586 1282 3771 1382 άχράνξ

2207 1389 2302 1427 του
2337 1374 2585 1446 σώματος
2609 1398 2621 1410 ·
2648 1381 2744 1434 καὶ
2773 1384 2883 1455 γὰρ
2908 1386 3092 1440 πολλοὶ
3114 1389 3208 1443 καὶ
3234 1390 3343 1445 τῶν
3376 1374 3668 1470 νεωτέρων.
3689 1406 3775 1457 καὶ

2208 1463 2434 1535 ζητοῦσι
2464 1468 2643 1524 ταῦτα
2693 1474 2785 1526 καὶ
2810 1475 3198 1547 λαμϐάνουσιν.
3244 1483 3384 1537 Ἀλλ’
3409 1488 3459 1540 οί
3490 1463 3773 1561 πρεσϐυτι-

2207 1559 2304 1611 κὸν
2334 1559 2548 1630 ἔχοντες
2587 1565 2862 1637 φρόνημα,
2899 1570 3099 1625 ἐκεῖνοι
3126 1575 3218 1627 καὶ
3253 1577 3315 1629 τὸ
3339 1577 3512 1649 δῶρον
3537 1559 3595 1635 ἐν
3622 1584 3771 1654 ἀκρι-

2208 1649 2331 1723 ϐείᾳ
2359 1653 2740 1722 φυλάττουσιν.
2798 1660 2939 1714 Ἴσον
2973 1662 3072 1733 μὲν
3110 1661 3204 1720 οὖν
3233 1668 3353 1722 ἐστι
3407 1670 3469 1724 τὸ
3495 1649 3771 1733 ἐπιϐάλλον

2207 1742 2424 1814 ἑκάστῳ
2449 1762 2463 1775 ’
2500 1748 2535 1817 ἡ
2565 1746 2621 1803 δέ
2653 1748 2763 1802 τῶν
2817 1752 3202 1823 λαμϐανόντων
3251 1762 3390 1816 κατά
3428 1765 3527 1837 τὴν
3551 1770 3772 1840 σπουδὴν

2204 1833 2438 1891 ἑκάστου
2472 1837 2702 1913 διαφορὰ
2737 1844 2921 1917 ἐκείνη
2950 1847 3045 1900 καὶ
3070 1849 3254 1918 μεῖζον
3281 1854 3373 1907 καὶ
3406 1833 3625 1912 ἔλαττον
3650 1833 3771 1914 αὐτὸ

2203 1928 2350 1979 ποιεῖ
2384 1927 2530 1998 ἧκα).
2550 1930 2685 1996 ὅλως
2714 1934 2966 1999 σπαθίζει
2996 1939 3091 1991 καὶ
3118 1940 3160 1973 ⁷⁸
3190 1940 3470 2017 ἐκδαπανᾷ
3496 1948 3561 2011 ⁷⁷,
3593 1947 3793 2027 ὥσπερ»

2199 2016 2229 2068 6
2262 2015 2489 2083 ἄσωτος,
2528 2020 2601 2073 Τὸ
2651 2021 2752 2092 μὲν
2798 2024 3088 2081 ἐπιϐάλλον
3120 2030 3267 2084 τοῦτ’
3318 2032 3385 2088 ἂν
3430 2015 3769 2108 alvi-nonat)

2199 2110 2504 2181 παραϐολὴ,
2523 2112 2582 2165 τὸ
2613 2112 2672 2168 δὲ
2695 2117 2934 2185 μακρὰν
2957 2119 3300 2191 ἀποδημίαν
3331 2128 3681 2186 στείλασθαι
3708 2132 3768 2187 τὸ

2191 2202 2615 2272 μακρυνθῆναι
2651 2206 2744 2260 κοιλ¹
2780 2207 2886 2262 τῶν
2908 2210 3126 2281 δωρεῶν
3156 2215 3250 2268 καὶ
3276 2216 3384 2269 τῶν
3412 2220 3643 2275 ἐντολῶν
3681 2223 3767 2277 τοῦ

2195 2288 2353 2346 Θεοῦ.
2396 2291 2710 2362 Ἐσπάθησε
2748 2298 2844 2350 καὶ
2869 2295 2899 2347 6
2940 2298 3113 2370 Ἀδὰμ
3165 2302 3265 2373 τὴν
3294 2304 3504 2372 οὐσίαν,
3535 2310 3628 2360 καὶ⁵
3665 2310 3765 2363 πά·

2196 2395 2296 2450 σης
2328 2382 2430 2451 τῆς
2476 2386 2752 2457 πατρικῆς
2794 2389 3059 2460 εὐπορίας
3087 2391 3335 2462 ἐξέπεσε,
3370 2397 3467 2451 καὶ
3501 2399 3767 2471 ὑπερωρί-

2194 2470 2295 2542 σθη
2330 2474 2533 2543 χωρίου
2589 2476 2853 2545 ἀφθονίαν
2913 2477 3173 2551 βρύοντος
3238 2484 3483 2553 ἀγαθῶν.
3531 2470 3767 2546 Χαλεπὸν

2194 2560 2294 2630 μὲν
2325 2562 2428 2635 υίῷ
2461 2566 2714 2637 νεωτέρῳ
2737 2569 3074 2640 χωρισθῆναι
3115 2577 3342 2645 πατρός.
3370 2578 3628 2649 Δαπάνην
3665 2582 3765 2650 γὰρ

2188 2650 2399 2706 ἄσωτον
2434 2654 2530 2707 καὶ
2555 2654 2853 2710 ἀκολασίαν
2889 2659 2983 2711 καὶ
3029 2659 3252 2730 ὁμιλίας
3286 2662 3391 2734 ἢθη
3448 2666 3764 2737 φθειρούσας

2187 2745 2216 2797 6
2243 2744 2335 2799 τοῦ
2379 2746 2585 2817 πατρὸς
2607 2747 2822 2802 ἐλαύνει
2846 2751 2942 2803 καὶ
2972 2751 3269 2807 ἀποδιώκει
3298 2755 3763 2828 όφθαλμός.’οταν

2184 2837 2242 2890 δὲ
2282 2839 2368 2908 ἐφ’
2403 2840 2601 2910 ἑαυτῆς
2628 2841 2852 2913 γένηται
2884 2843 3071 2915 νεότης
3096 2885 3110 2910 ,
3144 2847 3237 2898 καὶ
3274 2848 3413 2919 μήτε
3442 2850 3607 2919 φόϐος
3629 2850 3762 2922 πάρα

2183 2944 2302 2984 εστι
2334 2932 2475 3003 μήτε
2504 2932 2689 2998 αἰδὼς,
2719 2934 2812 2988 δύο
2849 2935 3090 3003 φύλακες
3123 2939 3332 3011 ίσχυροὶ
3360 2943 3763 3013 ταραττομένης

2182 3025 2470 3097 νεότητος,
2501 3027 2623 3081 τότε
2662 3028 2749 3100 δὴ,
2785 3030 2906 3083 τότε
2965 3031 3171 3102 οἴχεται
3230 3034 3408 3088 πάντα
3443 3038 3538 3103 καὶ.
3583 3036 3767 3091 ἀνατέ-

2098 3129 2144 3193 C
2182 3134 2448 3189 τραπται.
2500 3119 2659 3172 Ἔστι
2688 3120 2745 3173 δὲ
2777 3119 3036 3194 [81811.]
3072 3125 3163 3176 καλ⁵
3192 3126 3221 3177 6
3253 3125 3479 3197 πολίτης
3518 3128 3616 3197 τῆς
3667 3144 3763 3199 μα-

2185 3212 2324 3280 κρὰν
2367 3211 2764 3283 ἀπῳκισμένης
2792 3212 2927 3267 Θεοῦ
2988 3214 3175 3286 χώρας
3202 3218 3419 3289 ἐκείνης
3445 3222 3475 3273 6
3502 3221 3758 3285 διάϐολος.

2179 3301 2291 3357 Καὶ
2313 3302 2423 3374 γάρ
2452 3302 2553 3373 τῆς
2582 3304 2857 3375 ἁμαρτίας
2892 3308 2924 3376 ἡ
2956 3307 3111 3371 πόλις
3138 3308 3354 3379 πρῶτον
3400 3313 3627 3384 πολίτην
3656 3313 3762 3385 ἔχει

2179 3394 2275 3447 καὶ
2314 3394 2573 3467 πολιστὴν
2596 3396 2687 3449 τὸν
2735 3396 3003 3465 διάϐολον,
3060 3401 3399 3471 πανταχόθεν
3471 3405 3761 3474 συνάγοντα

2179 3485 2391 3550 πάντας
2422 3488 2548 3551 τοὺς
2578 3487 2823 3553 ἀσώτους
2866 3490 2959 3543 καὶ
2986 3491 3328 3561 συμπολίτας
3369 3496 3691 3567 ποιούμενον
3716 3497 3757 3528 ⁷⁸

2177 3581 2271 3631 καὶ
2306 3580 2385 3642 εἰς
2420 3580 2651 3651 ἀτίμους
2701 3583 2798 3635 καὶ
2824 3581 3047 3645 συὼδεις
3078 3586 3525 3655 παραπέμποντα
3556 3590 3601 3622 ⁷⁸
3630 3589 3762 3659 πρά-

2177 3671 2309 3737 ξεις.
2353 3674 2461 3729 Καὶ
2492 3673 2600 3744 γὰρ
2632 3674 2727 3727 καὶ
2750 3676 3036 3745 χοιροϐίων
3070 3677 3219 3731 ἐστὶν
3254 3679 3568 3753 ἀγελάρχης
3592 3724 3607 3747 ,
3650 3669 3759 3737 ἀλλ’

2174 3765 2295 3834 οὐχὶ
2323 3766 2528 3836 ποιμὴν
2571 3766 2809 3834 λογικῶν
2846 3769 3155 3840 προϐάτων,
3189 3770 3378 3843 ὥσπερ
3401 3776 3430 3829 6
3464 3775 3754 3847 Δεσπότης,

2173 3858 2207 3908 ό
2240 3856 2418 3921 τιθεὶς
2446 3856 2562 3925 τὴν
2588 3858 2803 3927 ψυχὴν
2828 3860 2978 3929 ὑπὲρ
3011 3862 3117 3915 τοῦ
3159 3865 3442 3933 ποιμνίου
3474 3868 3521 3899 ⁸ο
3551 3867 3752 3923 αὑτοῦ.

2186 3944 2532 3997 Ἀποστέλλει
2559 3941 2652 3999 οὖν
2682 3947 2724 3979 ⁸¹
2754 3950 2781 4001 6
2813 3950 3195 4020 ἀρχισυϐὡτης
3227 3954 3318 4006 τὸν
3365 3954 3550 4010 ἄθλιον
3580 3956 3754 4011 νεανί-

2174 4052 2302 4088 σκον
2343 4035 2560 4105 βόσκειν
2587 4037 2825 4108 χοίρους,
2864 4042 2958 4093 καὶ
2986 4038 3054 4113 ἦν
3084 4044 3113 4095 6
3153 4046 3283 4096 ποτέ
3321 4045 3596 4118 εὐδαίμων
3630 4049 3754 4118 ὁμο-

2170 4125 2373 4189 δίαιτος
2404 4126 2515 4179 τῶν
2537 4128 2758 4199 χοίρων,
2796 4130 2991 4185 ἐσθίων
3048 4135 3298 4205 κεράτια.
3343 4137 3599 4192 Τοιοῦτον
3647 4139 3753 4210 γὰρ

2170 4217 2267 4270 καὶ
2305 4219 2650 4291 ήὰμαρτία,
2704 4223 2840 4294 πρὸς
2877 4222 3057 4293 ὀλίγον
3108 4227 3211 4297 μὲν
3258 4230 3441 4297 ἡδεῖα,
3495 4233 3647 4286 οὐδὲν
3694 4232 3749 4285 δὲ

2169 4309 2434 4380 τρόφιμον
2459 4311 2579 4365 οὐδὲ
2612 4314 2881 4384 χρήσιμον
2914 4315 3184 4387 φέρουσα.
3217 4321 3311 4383 Εἰς
3342 4322 3537 4376 ἐαυτὸν
3586 4324 3643 4377 δὲ
3669 4323 3751 4376 ἐλ-

2170 4400 2276 4454 θών
2306 4419 2319 4432 ·
2358 4408 2449 4456 καὶ
2474 4405 2583 4475 γὰρ
2618 4407 2718 4459 οὐκ
2771 4403 2839 4477 ἦν
2872 4409 3093 4473 ἑαυτοῦ,
3128 4410 3343 4475 ἔκδοτος
3378 4417 3619 4483 γεγονὼς
3659 4414 3749 4469 καὶ

2163 4496 2512 4565 πεπραμένος
2535 4498 2581 4529 ⁸¹
2610 4501 2723 4562 τοῖς
2751 4499 2948 4553 πάθεσι
2980 4504 3072 4554 καὶ
3096 4503 3204 4556 τῶν
3240 4506 3495 4573 ἐμφύτων
3536 4507 3747 4579 φρενῶν

2160 4588 2492 4659 ἐξεστηκὼς.
2527 4588 2692 4662 [1500
2719 4592 2812 4663 Κ]
2851 4594 3137 4650 Μισθωτδν
3183 4598 3241 4650 δὲ
3304 4601 3444 4667 μετά
3472 4602 3574 4671 τὴν
3622 4604 3742 4654 ἐπι-

474 4649 538 4689 ec
584 4641 749 4695 verbo
797 4652 1025 4705 conteri.
1088 4655 1210 4711 Non
1282 4673 1531 4731 oportere
1582 4674 1960 4743 pceuitentcm,
2004 4694 2061 4737 et

478 4726 643 4764 linum
676 4730 895 4764 “Iuno-nn
941 4746 1152 4764 -....:_,,.
1336 4755 1362 4764 ..
1410 4755 1421 4764 .
1573 4759 1583 4764 -

2201 4641 2217 4653 α
2267 4641 2270 4642 ν
2343 4641 2390 4659 ,ν
2452 4641 2471 4652 ν
2527 4641 2684 4662 L—-v~
2720 4641 2812 4663 -νι
2851 4641 3132 4650 -ν--ν-ν---ν
3186 4641 3241 4650 ⁷-
3304 4641 3444 4667 ι-ν-ν·
3483 4641 3572 4671 ἰιι
3622 4641 3712 4654 νη·

2188 4683 2401 4752 ’τροφὴν
2453 4685 2547 4737 καὶ
2577 4685 2870 4753 μετάνοιαν
2905 4687 3165 4752 όάσωτος
3219 4692 3412 4744 ἑαυτὸν
3464 4692 3737 4764 ὀνομάζει,

474 4726 643 4779 Ινευιιι
676 4730 896 4799 placare
939 4746 1270 4815 studentem,
1330 4755 1454 4810 lixis
1482 4759 1681 4815 coelum
1712 4767 1886 4823 oculis
1910 4773 2057 4840 aspi-

471 4831 598 4871 cere
640 4825 899 4889 parabola
925 4830 1084 4889 docet
1104 4879 1118 4903 ,

469 4914 523 4958 et
553 4908 794 4969 dolorem
828 4918 1159 4988 signiﬁcare.

1187 5026 1327 5080 enim
1382 5033 1668 5103 prodigum
1729 5058 1837 5099 non
1890 5048 2051 5105 modo

542 5142 761 5203 1Mlean.
796 5166 834 5214 ι,
869 5154 922 5209 2.

2158 4776 2249 4827 καὶ
2280 4776 2457 4828 πάντα
2495 4776 2564 4830 τὰ
2594 4778 2691 4847 τῆς
2748 4780 2974 4848 ἀτιμίας
3019 4781 3280 4851 ὀνόματα,
3332 4784 3559 4856 ἵν’ήμῖν
3611 4787 3742 4839 ὐπο-

1172 4844 1265 4895 sed
1306 4847 1514 4911 pudore
1544 4855 1711 4911 animi
1746 4866 2062 4921 mmstitiam

2198 4865 2344 4938 ράψῃ
2365 4866 2409 4897 ⁸³
2438 4869 2465 4919 6
2497 4844 2656 4935 λόγος
2686 4844 2856 4932 ὅπως-
2882 4871 2989 4941 χρὴ
3016 4844 3412 4942 μετανοούντας
3443 4844 3740 4929 ’ταπεινοῦ-

1186 4928 1317 4987 Vide
1342 4943 1618 5005 quomodo
1645 4944 1739 5001 Dei
1761 4948 2054 5010 bonitatem

2188 4928 2291 5010 ’θαι
2313 4928 2405 5010 καὶ
2450 4958 2547 5027 τὴν
2571 4928 2934 5029 καρδίαν*
2966 4928 3029 4994 8'".
3066 4964 3173 5017 τῶν
3211 4928 3470 5037 ῥημάτων
3524 4967 3738 5038 συντρί-

2166 5049 2377 5103 ϐεσθαι.
2421 5050 2543 5104 Ὅτι
2580 5051 2654 5120 μὴ
2693 5050 2772 5103 δεῖ
2821 5053 2910 5106 τὸν
2964 5056 3327 5124 μετανοοῦντα
3380 5060 3474 5112 καὶ
3506 5057 3738 5124 ὲξιλεού-

1750 5268 1980 5325 VAlllAS
2021 5274 2419 5335 LECTIONES.

539 5350 719 5427 "fcﬁ;
769 5362 920 5427 ponit
960 5361 1016 5419 Β.

1096 5370 1139 5439 ⁷7⁸
1176 5369 1267 5424 οὖν
1300 5376 1392 5425 καὶ
1426 5377 1488 5430 Α.
1572 5380 1615 5407 ⁷⁸
1640 5381 1733 5433 καὶ
1771 5398 1880 5437 om.
1917 5386 1978 5439 A.

2061 5388 2102 5419 '”
2124 5390 2445 5480 ἐκδαπανῶν
2478 5396 2549 5483 B'.‘
2620 5401 2663 5431 ⁷⁸
2698 5402 3039 5483 ποιούμενον.
3118 5409 3633 5483 ’θὲπαραπέμποντα
3669 5416 3725 5467 Β.

1784 5434 1791 5435 κ
1867 5434 1880 5437 -
2126 5434 2442 5447 -..-....-,..,,
2478 5434 2535 5447 υ.

467 5434 1287 5532 ῖξθίῖυμξνοξήπαρατξέμπων
1325 5461 1385 5508 ς.
1463 5447 1511 5477 ⁸⁰
1540 5448 1637 5518 τὴν
1668 5450 1846 5521 ψυχὴν
1875 5456 2016 5527 ὑπὲρ
2056 5459 2152 5511 τοῦ
2203 5465 2456 5532 ποιμνίου
2510 5468 2549 5519 n
2599 5486 2611 5522 :
2660 5471 2761 5524 ὐπὲ

540 5509 632 5532 OMU
739 5517 750 5528 ο
783 5517 913 5532 unum
937 5523 974 5532 ρ
1164 5529 1266 5532 --Α-
1285 5531 1295 5532 γ
1333 5531 1336 5532 ,
1440 5524 1447 5532 .
1708 5522 1753 5532 ιι-
1784 5524 1803 5532 .-
1991 5531 1997 5532 ,

635 5489 644 5492 _
776 5489 779 5490 ν
984 5489 995 5506 ,
1107 5489 1279 5508 γη---
1334 5489 1385 5508 ρ.
1551 5489 1634 5518 ..μ
1671 5489 1845 5521 VL...
1879 5489 2016 5527 νηςρ
2057 5489 2152 5511 τυυ
2203 5489 2456 5532 τιυιμνιου
2511 5489 2549 5519 ιι
2599 5489 2611 5522 :
2660 5490 2798 5543 υπερ
2843 5492 2937 5527 του
2987 5489 3238 5547 ποιμνίου

464 5489 506 5521 ⁸³
540 5491 632 5546 οὖν
660 5495 707 5547 Α
737 5517 750 5552 :
783 5502 913 5569 γοῦν
935 5523 996 5569 ς.
1072 5508 1117 5539 ⁸³
1156 5524 1546 5586 πεπραγμένος
1570 5536 1628 5583 ς.
1706 5522 1755 5553 ⁸³
1784 5524 1869 5576 ἵνα
1889 5556 1956 5567 —-
1981 5531 2273 5603 ὑπογράφῃ
2302 5552 2359 5598 ς.
2437 5536 2482 5567 ⁸⁸
2508 5538 2618 5612 διὰ]
2657 5543 2752 5594 καὶ
2778 5545 2841 5596 ἐκ
2862 5544 2923 5598 Β.
2954 5556 3007 5601 et
3031 5564 3175 5602 corr.
3207 5552 3270 5604 A.

2768 5490 2798 5557 ρ
2843 5474 2937 5557 τιού
2987 5478 3238 5557 ποιμνίου
3275 5474 3390 5555 ’τὴν
3420 5474 3623 5557 ’ψυχὴν
3667 5501 3727 5550 ς.
