4020 6408
208 370 313 434 213

1305 375 1831 440 BIBLIOTHECA.
1869 404 1923 414 —
1964 377 2131 440 COD.
2174 376 2469 440 CCLXXI.

3375 368 3484 439 ιιι

208 498 376 553 μενον
404 483 496 536 τδν
518 483 657 539 Θεδν
701 485 825 541 οὐδὲ
853 486 1041 551 ἀτενὲς
1070 486 1291 558 βλέπειν
1320 489 1401 551 είς
1420 489 1513 543 τὸν
1537 490 1786 561 οὐρανὸν,

1921 507 2013 548 ιοιι
2058 502 2363 560 aversatur,
2395 507 2498 547 nec
2540 488 2794 561 despicit,
2837 486 2933 544 sed
2960 486 3173 543 obviam
3208 485 3476 557 procedit,

206 576 240 645 ἠ
275 575 561 648 παραδολὴ
595 576 860 646 διδάσκει,
895 579 1032 635 ἀλλά
1065 579 1145 651 τῷ
1172 580 1494 651 ὲρυθριῶντι
1531 581 1804 653 βλέμματι

205 666 269 718 τὸ
313 671 417 738 τῆς
450 667 632 739 ψυχῆς
670 671 915 741 κατηφὲς
940 670 1034 724 καὶ
1067 671 1520 742 ἀπαρρησίαστον
1553 673 1802 745 μηνύειν.

211 756 361 828 Ὅρα
385 758 442 811 δὲ
488 760 606 822 πῶς
649 761 751 832 τὴν
796 761 892 815 τοῦ
931 761 1067 814 Θεοῦ
1111 762 1406 834 διαγράφει
1459 765 1798 836 ἀγαθότητα.

219 848 554 919 Ἐρχόμενον
586 854 700 924 γὰρ
740 854 832 906 τὸν
860 852 1066 907 ἄσωτον
1099 853 1161 906 οὐ
1195 854 1362 923 μόνον
1394 855 1496 909 οὐκ
1545 857 1802 927 ἀποπέμ-

213 957 381 994 πεται
408 944 536 997 οὐδὲ
577 948 817 1016 παρορᾷ,
852 946 987 1001 ἀλλά
1023 948 1120 1001 καὶ
1152 949 1538 1020 προσυπαντᾷ,
1566 950 1659 1002 καὶ
1678 949 1805 1021 τρέ-

210 1047 344 1099 χων,
386 1031 473 1085 ενα
505 1032 700 1088 θᾶττον
736 1034 984 1108 ἀπολάϐη
1014 1037 1107 1090 τὸν
1138 1036 1503 1106 πλανηθέντα.
1556 1039 1667 1093 Καὶ
1701 1056 1799 1092 πε-

210 1128 450 1194 ριχεῖται
483 1125 564 1196 τῷ
588 1126 866 1199 τραχήλῳ,
897 1127 994 1181 καὶ
1054 1128 1470 1199 περιπλέκεται,
1522 1129 1618 1183 καὶ
1640 1131 1801 1202 ἑπιρ-

209 1217 298 1285 ρεῖ
330 1216 596 1288 δάκρυον,
629 1221 725 1272 καὶ
752 1218 1084 1286 ἀσπάζεται,
1117 1219 1218 1290 τῆς
1245 1219 1598 1289 καταλλαγῆς
1624 1221 1802 1285 διδοὺς

209 1306 272 1357 τὸ
303 1307 371 1357 σύ
379 1306 586 1375 μϐολον
612 1311 708 1362 καὶ
734 1310 832 1380 τῆς
863 1309 1171 1382 ἀμνηστίας
1202 1310 1311 1365 τῶν
1337 1310 1718 1382 προλαϐόντων
1743 1310 1805 1363 τὸ

209 1396 492 1466 ἐνέχυρον.
555 1400 722 1470 Στολὴ
769 1401 815 1453 δ’
844 1401 911 1456 ἂν
958 1402 992 1474 ὴ
1032 1400 1224 1473 πρώτη
1271 1403 1357 1474 είη
1402 1403 1501 1456 οὐκ
1554 1403 1688 1458 αὐτὸ
1742 1403 1805 1456 τὸ

215 1485 511 1558 βάπτισμα
545 1490 643 1557 (οὐ
677 1490 784 1564 γὰρ
834 1486 947 1547 οἷόν
983 1510 1044 1546 τε
1098 1495 1284 1564 τυχεῖν
1321 1494 1576 1566 δευτέρου
1613 1494 1804 1565 βαπτί-

224 1579 476 1647 σματος)
504 1619 521 1644 ,
565 1580 742 1652 ἀλλ’ἢ
780 1581 971 1654 πρώτη
1026 1584 1187 1655 στολὴ
1231 1585 1326 1638 καὶ
1376 1585 1557 1656 χάρις,
1600 1585 1668 1657 ἢν
1705 1586 1801 1639 ἀπ’

221 1673 402 1743 ἀρχῆς
432 1675 667 1739 ἕκαστος
697 1676 806 1729 τῶν
841 1677 1048 1731 πιστῶν
1081 1677 1323 1731 ἐνδύεται
1351 1676 1442 1731 διὰ
1492 1676 1588 1731 τοῦ
1619 1677 1805 1746 βαπτίο

220 1780 452 1833 σματος.
501 1765 648 1819 Ἀντί
676 1766 785 1837 γάρ
822 1766 925 1837 τῆς
949 1767 1040 1822 διὰ
1069 1768 1165 1822 τοῦ
1198 1766 1424 1837 λουτροῦ
1477 1768 1802 1836 παλιγγενε-

1904 592 1958 639 et
1989 600 2233 650 currens,
2268 594 2323 639 ut
2344 583 2579 640 celerius
2612 589 2888 638 errantem
2916 579 3165 649 recipiat,
3190 586 3245 633 et
3268 577 3471 632 col-lum

1902 676 2268 746 amplectitur,
2309 683 2363 731 et
2387 674 2628 745 stringit,
2674 673 3096 742 lacrymansque
3139 668 3389 739 suscipit,
3424 675 3480 723 et

1904 765 2361 822 reconciliationis
2383 765 2521 821 dans
2565 762 2896 835 symbolum,
2938 772 2992 816 et
3050 759 3294 830 priorum
3343 757 3487 812 obli-

1901 855 2082 910 vionis
2134 854 2409 910 factorum
2465 855 2683 925 pignus.
2718 851 2903 906 Prima
2961 850 3145 920 itaque
3222 848 3360 904 stola
3401 854 3489 903 est

1902 959 2012 1000 non
2031 945 2206 1015 ipsum
2224 945 2493 1015 baptisma
2525 947 2657 1013 (non
2685 943 2829 998 enim
2855 942 2979 1012 quis
2993 940 3293 997 secundum
3310 937 3489 1009 bapti-

1905 1050 2023 1092 sma
2044 1043 2223 1103 potest
2255 1033 2545 1105 accipere),
2578 1033 2672 1088 sed
2698 1031 2870 1104 gratia
2895 1032 2984 1086 Dei
3015 1045 3178 1101 quam
3208 1029 3266 1084 in
3302 1028 3485 1098 bapti-

1902 1141 2021 1184 sma
2040 1126 2240 1197 singuli
2261 1126 2551 1196 accipiunt.
2572 1124 2704 1179 Nam
2717 1138 2816 1194 pro
2835 1123 3053 1176 lavacro
3065 1116 3491 1191 regenerationis

1903 1220 2239 1293 regeneratio
2262 1219 2422 1275 datur
2437 1233 2469 1273 a
2484 1216 2597 1272 Deo
2606 1232 2704 1288 per
2716 1215 2909 1285 502!)
2948 1211 3345 1284 paenitentiam,
3366 1223 3491 1281 quae

1904 1313 2146 1368 maculas
2164 1319 2380 1367 nostras
2424 1308 2677 1379 lacrymis
2705 1307 2919 1369 eluens,
2940 1318 3161 1359 rursum
3181 1300 3419 1356 mundos
3440 1308 3496 1354 et

1902 1422 2068 1478 puros
2108 1404 2303 1460 reddit.
2332 1402 2501 1457 Datur
2546 1399 2772 1471 prodigo
2798 1406 2923 1469 post
2938 1396 3130 1451 stolam
3152 1402 3206 1449 et.
3235 1391 3497 1457 annulus,

1903 1500 2118 1571 signum
2137 1497 2489 1568 intelligibilis
2505 1492 2933 1552 conﬁrmationis
2958 1488 3214 1560 Spiritus.
3239 1487 3309 1541 Ut
3337 1483 3487 1539 enim

1906 1592 1958 1645 in
1980 1587 2385 1657 regeneratione
2404 1600 2499 1654 per
2515 1582 2844 1651 baptismum
2859 1588 2914 1635 et
2926 1577 3065 1634 stola
3085 1584 3139 1631 et
3154 1571 3497 1630 conﬁrmatio

1904 1680 2034 1736 doni
2089 1678 2327 1749 Spiritus
2358 1677 2532 1733 sancti
2586 1675 2750 1729 datur
2773 1713 2789 1738 ,
2812 1672 2894 1728 sic
2916 1679 2972 1726 et
2995 1669 3048 1724 in
3082 1662 3499 1736 regeneratione

1905 1789 2003 1844 per
2026 1771 2425 1843 paenitentiam.
2448 1768 2807 1824 Adducuntur
2830 1772 2885 1820 et
2907 1760 3098 1827 calcei,
3121 1768 3181 1814 ut
3210 1754 3386 1828 possit
3413 1768 3499 1808 ca-

220 1854 340 1918 σίας
369 1858 404 1927 ἡ
426 1856 521 1910 διά
566 1858 856 1927 μετανοίας
880 1861 1011 1929 ἡμῖν
1037 1860 1188 1930 παρὰ
1214 1859 1351 1913 Θεοῦ
1388 1859 1655 1932 ἐχαρίσθη
1686 1862 1815 1914 ἀνα-

1921 1872 2013 1936 put
2057 1862 2329 1935 serpentis
2382 1862 2615 1918 calcare.
2653 1856 2736 1913 Tu
2774 1856 2948 1922 enim,
2999 1852 3199 1922 inquit,
3250 1846 3500 1905 servabis

221 1949 501 2019 γέννησις,
523 1950 646 2020 ἥτις
663 1953 734 2004 τὰ
764 1951 1086 2021 μολύσματα
1128 1950 1285 2022 ήμῶν
1323 1950 1403 2021 τῷ
1428 1950 1651 2023 δακρύῳ
1681 1953 1819 2006 πλύ-

224 2030 391 2094 νουσα
445 2042 615 2095 πάλιν
667 2042 944 2114 καθαροὺς
1002 2044 1312 2113 ἀποφαίνει.
1373 2043 1587 2099 Δίδοται
1634 2045 1692 2099 δὲ
1740 2046 1820 2118 τῷ

228 2129 426 2202 ἀσώτῳ
493 2132 633 2202 μετά
664 2133 765 2204 τὴν
804 2133 996 2205 στολὴν
1037 2133 1132 2187 καὶ
1185 2132 1504 2198 δακτύλιος,
1552 2133 1819 2202 σύμϐολον

232 2222 329 2290 τῆς
358 2225 558 2293 νοητῆς
624 2226 919 2296 σφραγῖδος
971 2225 1067 2279 τοῦ
1102 2225 1440 2296 Πνεύματος.
1485 2225 1572 2289 Ὠς
1604 2226 1712 2296 γὰρ
1761 2229 1820 2281 ἐν

242 2314 309 2381 τῆ
332 2312 414 2365 διὰ
449 2312 546 2365 τοῦ
576 2312 957 2383 βαπτίσματος
990 2314 1381 2386 παλιγγενεσία
1406 2316 1501 2368 καὶ
1522 2314 1683 2385 στολὴ
1721 2315 1821 2369 καὶ

253 2405 471 2471 σφραγὶς
522 2404 737 2475 δωρεᾶς
778 2406 827 2438 ⁸⁵
862 2405 1181 2477 Πνεύματος
1216 2407 1397 2476 ἁγίου,
1428 2406 1578 2460 οὕτω
1628 2407 1725 2460 καὶ
1760 2407 1818 2459 ὲν

250 2495 311 2563 τῇ
342 2493 421 2547 διὰ
440 2496 535 2564 τῆς
566 2496 854 2566 μετανοίας
906 2498 1285 2569 ἀναγεννήσει.
1341 2498 1719 2570 Προσφέρεται
1759 2499 1819 2553 δὲ

244 2586 331 2638 καὶ
379 2587 728 2659 ὑποδήματα,
760 2590 846 2643 ἵνα
892 2588 1116 2663 θαρρεῖν
1172 2591 1273 2664 ἔχῃ
1298 2592 1347 2623 ⁸⁸
1370 2590 1468 2662 τὴν
1494 2591 1585 2645 τοῦ
1641 2591 1819 2661 δφεως

1920 1967 2085 2027 caput
2143 1955 2284 2026 ejus,
2327 1953 2418 2009 ille
2474 1959 2631 2007 tuum
2689 1948 3029 2004 calcaneum.
3082 1942 3164 1998 Ad
3198 1948 3500 2009 utrumque

1920 2049 2067 2103 enim
2093 2047 2473 2103 calceamenta
2515 2042 2672 2097 utilia
2703 2048 2854 2103 sunt,
2885 2053 3011 2094 cum
3057 2035 3129 2090 ad
3164 2030 3497 2090 conculcan-

1919 2140 2050 2194 dum
2078 2137 2349 2208 serpentis
2366 2143 2553 2206 caput,
2578 2143 2695 2188 tum
2735 2140 2796 2186 ut
2836 2145 2930 2200 pes
2962 2125 3206 2183 laesionis
3235 2119 3497 2193 iniuriam

1918 2226 2162 2297 cﬁ‘ugiat.
2201 2224 2278 2281 Ne
2335 2223 2625 2280 contristet
2670 2221 2840 2292 patris
2884 2229 2938 2275 te
2966 2216 3206 2278 bonitas,
3246 2214 3293 2269 si
3322 2211 3497 2267 ﬁlium

1919 2323 2192 2371 errantem
2242 2313 2529 2383 suscipiat,
2578 2311 2671 2381 qui
2724 2308 3040 2364 misericors
3090 2315 3145 2361 et
3174 2318 3283 2358 non
3318 2300 3501 2372 rigide

1915 2405 2147 2475 judicat,
2177 2405 2270 2458 sed
2306 2404 2540 2473 benigne
2562 2400 2785 2469 accipit.
2817 2399 2883 2453 Et
2914 2398 3031 2453 haec
3066 2393 3213 2466 quod
3240 2401 3395 2463 pater
3428 2389 3502 2449 sit

1921 2498 2072 2561 facit,
2112 2495 2271 2567 quasi
2321 2494 2389 2549 ad
2424 2492 2856 2549 misericordiam
2890 2490 2942 2543 vi
2979 2485 3216 2558 quadam
3249 2481 3501 2538 trahere-

1924 2596 2035 2645 tur.

235 2686 570 2738 καταπατεῖν
605 2686 867 2759 κεφαλήν.
898 2688 970 2740 Σὺ
1004 2687 1134 2758 γὰρ,
1170 2663 1323 2758 φησὶ,
1356 2688 1617 2758 τηρήσεις
1648 2684 1815 2740 αὑτοῦ
1855 2684 2117 2755 κεφαλὴν,
2186 2682 2437 2746 κάκεῖνος
2495 2679 2723 2751 τηρήσει
2754 2693 2850 2729 σου
2902 2672 3164 2743 πτέρναν.
3190 2667 3334 2739 Πρὸς
3368 2663 3502 2719 ἑκάο

226 2792 383 2846 τερον
416 2773 515 2831 οὖν
546 2779 820 2850 χρήσιμον
849 2781 920 2834 τὰ
946 2782 1115 2853 ύποδή
1126 2799 1294 2852 ματα,
1320 2781 1415 2835 καὶ
1444 2783 1524 2843 είς
1553 2781 1615 2833 τὸ
1643 2778 1977 2833 καταπατεῖν
2001 2777 2100 2846 τὴν
2128 2777 2174 2810 ⁸⁷
2192 2776 2285 2831 τοῦ
2311 2776 2491 2845 όφεως
2520 2769 2765 2841 κεφαλὴν
2790 2767 2885 2822 καὶ
2946 2766 3027 2828 εἰς
3076 2762 3139 2815 τδ
3201 2759 3301 2830 τὴν
3363 2758 3505 2811 ad“

224 2873 320 2927 θεν
357 2873 571 2947 βλάδην
603 2877 702 2947 τὴν
740 2879 981 2950 πτέρναν
1015 2879 1320 2949 διαφυγεῖν.
1364 2878 1455 2949 Μὴ
1481 2877 1723 2932 λυπείτω
1753 2892 1813 2929 σε
1852 2876 1884 2945 ἡ
1916 2873 2012 2928 τοῦ
2043 2873 2251 2944 πατρὸς
2291 2870 2596 2941 ἀγαθότης,
2625 2868 2675 2920 εί
2708 2862 3031 2935 περιέχεται
3094 2855 3193 2911 τοῦ¹
3259 2853 3506 2950 δυσπρα-

225 2969 505 3038 γήσαντος
560 2971 772 3035 παιδός.
823 2947 884 3024 ⁹ί)
941 2947 1213 3028 ὲλεῶνὴού
1245 2947 1453 3037 δικάζει
1485 2972 1623 3043 μετὰ
1654 2967 2123 3040 ἀκριϐείας,ἀλλὰ
2180 2963 2579 3037 φιλανθρώπως
2634 2959 2944 3032 χαρίζεται,
2973 2952 3069 3007 καὶ
3133 2950 3328 3013 ταῦτα,
3380 2947 3507 3001 ὅταν

223 3061 455 3135 ὑπάρχῃ
502 3065 702 3137 πατὴρ,
746 3065 935 3139 ῶσπερ
968 3068 1015 3102 ⁸⁸
1040 3070 1146 3123 τινὶ
1194 3069 1286 3142 βίᾳ
1334 3068 1469 3140 πρὸς
1493 3069 1585 3122 τὸν
1631 3061 1811 3119 οἶκτον
1851 3064 2161 3135 ἑλκόμενος.

229 3173 249 3243 Ι
255 3174 364 3229 819
392 3175 610 3248 11.]Τοῦ
638 3180 827 3234 αὐτοῦ
851 3183 937 3246 εὶς
966 3182 1073 3234 τὸν
1097 3181 1323 3235 δοῦλον
1340 3178 1450 3234 τοῦ
1474 3178 1828 3248 ἑκατοντάρ-

554 3265 688 3316 χου.
721 3249 796 3303 ὃν
823 3254 856 3305 ό
886 3252 1099 3319 Κύριος
1118 3251 1543 3319 ἐθεράπευσεν.

300 3337 434 3390 Ὀτι
465 3338 526 3390 ὲν
549 3338 631 3408 τῷ
663 3342 892 3411 παρόντι
925 3341 1070 3413 λόγῳ
1102 3341 1357 3395 ὑπόθεσιν
1384 3342 1474 3393 τὸν
1504 3338 1691 3393 δοῦλον
1720 3340 1822 3394 λα-

228 3425 366 3493 ὃὼν,
401 3430 488 3491 είς
524 3431 851 3500 παραίνεσιν
881 3431 1086 3485 δούλων
1114 3433 1207 3486 καὶ
1252 3431 1530 3485 δεσποτῶν
1572 3431 1632 3484 τὺ
1665 3431 1819 3485 πλεῖ-

230 3535 362 3571 στον
398 3522 505 3589 τῆς
535 3522 773 3591 σπουδῆς
804 3523 1100 3588 ἀποτείνει,
1139 3521 1265 3584 τοὺς
1296 3520 1395 3592 μὲν
1424 3519 1691 3574 νουθετῶν
1722 3521 1818 3573 εὐ-

231 3608 445 3674 πειθῶς
483 3611 581 3663 καὶ
609 3612 812 3675 ἀδόλως
860 3615 1153 3682 ὑπηρετεῖν
1195 3614 1310 3676 τοῖς
1353 3612 1664 3675 δεσπόταις,
1695 3612 1820 3674 τοὺς

228 3703 291 3755 δὲ
321 3700 730 3772 φιλανθρώπως
763 3704 857 3757 καὶ¹
881 3705 1105 3774 ἡμέρως
1145 3705 1240 3757 καὶ
1275 3704 1352 3768 ὼς
1398 3704 1695 3775 ὁμοφύλοις
1727 3705 1824 3758 καὶ

231 3791 495 3860 ἀδελφοῖς
516 3792 820 3862 προσιέναι.
870 3794 929 3845 '0
958 3794 1119 3857 αὐτὸς
1158 3793 1267 3865 γὰρ
1299 3793 1469 3864 πηλὸς
1495 3796 1698 3865 ἀμφοῖν
1729 3796 1824 3849 καὶ

239 3883 276 3950 ἠ
308 3884 452 3952 αὑτὴ
482 3883 579 3936 τοῦ
611 3882 851 3936 πλάστου
882 3886 1030 3953 χεὶρ,
1059 3885 1151 3938 καὶ
1187 3885 1256 3938 τὰ
1299 3886 1437 3939 αὐτὰ
1467 3885 1604 3956 ἔργα
1636 3903 1695 3938 τε
1724 3903 1825 3955 φυ-

239 3974 376 4027 σικά
410 3974 458 4006 ⁸³
488 3974 588 4027 καὶ
615 3975 760 4046 πάθη
794 3977 890 4029 καὶ
924 3977 987 4030 τὸ
1014 3978 1112 4047 τῆς
1134 3977 1482 4048 κατασκευῆς
1520 3979 1705 4049 σχῆμα
1733 3979 1827 4031 καὶ

236 4066 272 4131 ἡ
309 4062 496 4133 μορφὴ
529 4063 835 4133 θεωρεῖται.
870 4064 950 4118 Δι’
974 4064 1010 4119 ἃ
1032 4064 1331 4136 προσῆκεν,
1376 4069 1424 4119 εί
1457 4067 1533 4137 μή
1564 4084 1649 4130 τις
1669 4066 1827 4129 ἄλλος

236 4151 309 4225 ἦν
335 4155 477 4225 μηδὲ
504 4156 668 4224 νόμος
705 4156 869 4221 θεῖος,
902 4158 1025 4228 μηδ’
1049 4157 1290 4228 ἔμφυτος
1314 4158 1451 4229 πρὸς
1478 4158 1538 4211 τὸ
1571 4159 1829 4227 συγγενὲς

239 4248 395 4309 ἔλεος
425 4247 526 4300 καὶ
563 4248 773 4319 ἀγάπη,
810 4249 979 4319 ἐχρῆν
1012 4250 1317 4318 ἀδελφικῶς
1373 4250 1557 4313 αὐτοῖς
1590 4250 1685 4303 καὶ
1720 4269 1826 4304 πα-

238 4339 450 4409 τρικῶς
475 4340 899 4411 προσφέρεσθαι.
934 4342 1040 4395 Καὶ
1066 4344 1180 4406 tot;
1233 4344 1439 4412 ἰατροῖς
1462 4343 1519 4396 δὲ
1560 4344 1826 4413 παραίνε-

245 4447 332 4482 σιν
367 4428 778 4499 φιλανθρωπίας
813 4432 1065 4486 ποιεῖται.

314 4521 447 4572 Ὅτι
477 4520 711 4590 Σκύθην,
747 4524 902 4592 φησὶ,
953 4522 1149 4576 θᾶττόν
1179 4539 1237 4575 τε
1265 4522 1364 4593 τὴν
1410 4522 1689 4593 Ἑλληνίδα
1723 4541 1827 4594 μα-

1930 3173 2187 3245 Ejusdem
2234 3176 2290 3227 in
2320 3186 2529 3228 servum
2557 3161 2900 3291 centusitinis,
2922 3178 3076 3236 quem
3115 3159 3379 3217 Dominus
3416 3174 3510 3216 sa-

2599 3255 2719 3291 nam
2807 3274 2824 3289 .

2599 3255 2744 3293 natm
2780 3255 2824 3289 ι.

1996 3334 2109 3391 Hac
2156 3334 2423 3391 concione
2471 3338 2858 3402 argumentum
2902 3342 2931 3382 a
2977 3339 3137 3383 servo
3176 3321 3509 3394 captens,in

1922 3428 2204 3484 hortandis
2238 3428 2413 3483 servis
2444 3440 2509 3482 ac
2547 3423 2788 3481 dominis
2810 3418 3058 3477 desudat.
3115 3415 3244 3472 lllos
3282 3427 3510 3471 monens

1924 3528 1983 3575 ut
2012 3528 2258 3590 prompte
2295 3520 2620 3588 sincereque
2664 3513 2906 3570 dominis
2953 3511 3195 3567 serviant
3230 3527 3244 3564 :
3287 3508 3385 3563 hos
3450 3512 3512 3561 ut

1926 3613 2226 3667 clementer
2267 3612 2616 3679 humaneque
2670 3623 2862 3664 servos
2919 3615 3175 3675 tanquam
3203 3602 3417 3659 sodales
3456 3608 3513 3655 et

1928 3700 2125 3757 fratres
2175 3711 2434 3757 tractent.
2485 3700 2689 3758 Eadem
2732 3700 2875 3755 enim
2908 3698 3071 3752 ambo
3117 3705 3285 3761 terra,
3315 3693 3509 3751 eadem

1929 3788 2154 3844 artiticis
2196 3788 2388 3843 dextra
2430 3788 2635 3844 conditi
2678 3796 2824 3851 sunt,
2858 3785 3047 3841 eadem
3094 3783 3314 3852 utrique
3343 3795 3512 3853 opera

1931 3888 2160 3945 naturae,
2195 3880 2498 3950 eademque
2527 3878 2836 3949 patiuntur,
2874 3883 2930 3930 et
2973 3870 3385 3930 constitutionis
3416 3884 3511 3926 ea—

1929 3972 2051 4027 dem
2077 3971 2253 4027 forma
2282 3980 2335 4028 et
2368 3973 2543 4041 ﬁgura
2581 3971 2637 4026 in
2663 3970 2914 4040 utrisque
2943 3975 3229 4039 apparent.
3256 3962 3514 4031 Quaressi

1932 4063 2078 4118 aliud
2126 4065 2259 4135 quid
2306 4065 2627 4136 praeciperet
2672 4064 2757 4119 lex
2799 4062 3002 4127 divina,
3053 4069 3109 4116 et
3142 4060 3363 4112 innatus
3383 4069 3511 4124 erga

1933 4155 2218 4223 proximos
2260 4173 2434 4222 amor,
2472 4157 2717 4212 fraterno
2750 4164 3090 4225 paterneque
3140 4163 3325 4203 amore
3358 4160 3514 4202 com-

1933 4246 2093 4315 plecti
2142 4247 2265 4303 illos
2306 4258 2601 4318 Oportcret.
2651 4245 2827 4300 Etiam
2876 4241 3118 4296 medicos
3154 4239 3219 4293 ad
3273 4238 3514 4294 clemen-

1934 4338 2065 4392 tiam
2099 4338 2369 4393 hortatur.

2004 4536 2149 4605 Vidi,
2185 4538 2384 4610 inquit,
2454 4536 2709 4609 Scytham
2752 4552 2927 4607 nuper
2970 4535 3398 4591 adolescentiam
3430 4535 3515 4587 in-

243 4610 416 4664 θόντα
460 4606 621 4675 εἶδον,
657 4612 739 4674 είς
771 4613 1070 4682 μειρακίων
1098 4613 1315 4683 ἠλικίαν
1368 4612 1493 4682 ἄρτι
1534 4613 1830 4684 παρελθόν-

241 4719 335 4757 τα·
370 4696 495 4755 εἶτα
516 4702 609 4755 τοῦ
643 4702 999 4773 ὠνησαμένου
1028 4704 1293 4757 δεσπότου
1328 4704 1644 4775 μαθήμασιν
1682 4706 1831 4757 ἐλευ-

244 4792 458 4861 θερίοις
509 4793 675 4845 αὑτὸν
732 4792 1088 4857 ἐκδεδωκότος
1111 4795 1194 4858 ⁸ο,
1251 4793 1505 4846 τοσοῦτον
1552 4794 1805 4847 ὲπιδοῦνα

1937 4816 2219 4880 formaret,
2239 4824 2454 4871 tantum
2488 4814 2576 4869 ille
2601 4812 2854 4884 profecit,
2883 4823 2938 4866 et
2967 4826 3160 4866 omnes
3184 4818 3331 4864 artes
3360 4806 3517 4862 addi—

241 4885 463 4947 τούτοις
502 4886 594 4938 καὶ
617 4884 869 4953 γενέσθαι
928 4886 1070 4939 κατά
1127 4886 1301 4939 πολλά
1338 4886 1447 4938 τῶν
1490 4887 1815 4957 μαθημάτωτ

389 4975 477 4994 ,ρρ
638 4977 651 4994 .
808 4978 823 4994 ι
980 4978 994 4994 .
1053 4978 1173 4994 ...πη
1424 4980 1434 4994 .
1629 4981 1639 4994 .
1697 4980 1753 4994 ..π

1940 4908 2094 4970 dicit,
2129 4917 2267 4962 utet
2299 4907 2506 4963 Graecis
2535 4916 2588 4963 et
2617 4905 2882 4960 Romanis
2909 4904 3302 4958 inclaresceret
3335 4918 3349 4953 :
3387 4914 3515 4953 nam

242 4975 581 5067 περιδέξιον,
622 4977 697 5041 ώς
737 4978 832 5030 καὶ
861 4978 994 5050 παρ’
1053 4978 1279 5049 Ἕλλησι
1347 4980 1446 5031 καὶ
1501 4981 1653 5049 παρὰ
1697 4980 1815 5032 Ῥω·

1934 5007 1987 5051 et
2038 4997 2525 5066 jurisprudcntiam
2590 4996 2873 5067 professus
2922 5003 3025 5049 cst.
3080 4992 3345 5046 Dominus
3389 5002 3517 5042 vero

244 5068 438 5139 μαίοις
467 5066 715 5138 λαμπρὸν
743 5070 997 5137 γενέσθαι
1023 5073 1116 5124 καὶ
1143 5070 1492 5141 περιϐόητον,
1522 5070 1708 5140 ἐπειδὴ
1739 5087 1811 5123 κα

1935 5090 2029 5159 qui
2062 5099 2270 5145 emerat
2299 5090 2470 5162 Syrus
2495 5066 2632 5157 erat,
2661 5089 2799 5145 civis
2831 5086 3230 5150 Antiochenus;
3262 5081 3354 5153 qui
3378 5092 3431 5135 et
3454 5080 3520 5134 li-

240 5162 430 5269 Ϊόμων
483 5160 638 5231 ὤφθη
694 5162 1027 5225 διδάσκαλος.
1072 5163 1130 5217 Ὀ
1173 5163 1219 5216 δ’
1275 5163 1625 5234 ὠνησάμενος
1666 5164 1815 5235 Σύροη

1938 5179 2097 5235 heros
2136 5160 2553 5247 grammaticam
2598 5178 2845 5233 docebat.
2895 5175 3040 5241 Quin
3070 5171 3236 5228 etiam
3273 5169 3397 5241 pius
3432 5168 3521 5224 hic

239 5252 339 5324 ἦν,
390 5252 723 5323 Ἀντιοχείας
761 5253 985 5324 πολίτης
1036 5255 1133 5307 καὶ
1192 5254 1595 5325 γραμματικῆς
1634 5255 1815 5308 παίδωε

1938 5270 2171 5340 scriptor
2204 5271 2454 5326 Asterius
2502 5286 2562 5326 se
2603 5269 2766 5340 hujus
2816 5266 3031 5339 Scytha:
3061 5263 3227 5334 empti
3273 5261 3521 5329 discipu-

240 5347 590 5411 διδάσκαλος.
636 5348 897 5402 Γενέσθαι
946 5349 1004 5403 δὲ
1061 5349 1157 5404 καὶ
1208 5349 1454 5421 μαθητὴν
1500 5351 1693 5405 ἑαυτόν
1734 5366 1808 5418 φη

1940 5358 2049 5433 lum
2079 5356 2250 5414 fuisse
2303 5358 2611 5429 proﬁtetur,
2667 5356 2758 5411 ubi
2818 5362 2913 5408 aut
2960 5351 3163 5423 quibus
3195 5350 3249 5403 in
3288 5344 3446 5419 503
3484 5360 3518 5397 α

1932 4650 2182 4705 gressum
2237 4632 2472 4689 celerius
2513 4633 2756 4686 Graecam
2814 4630 3057 4700 linguam
3116 4627 3511 4682 addiscentem.

1937 4726 2141 4781 Deinde
2175 4742 2298 4781 cum
2336 4725 2595 4779 dominus
2639 4721 2960 4778 liberalibus
3010 4720 3164 4774 illum
3200 4717 3398 4774 studiis
3425 4716 3513 4770 in-

394 5507 530 5563 Luc.
562 5522 662 5576 vn,
690 5508 746 5561 2.

1531 5620 1768 5687 VARLE
1818 5627 2223 5687 LECTIDNES.

317 5717 607 5795 ³⁸-δωΡε.ἇῖ
650 5732 759 5776 οωο
807 5720 867 5778 Α·
972 5721 1017 5755 ⁸⁸
1044 5720 1142 5795 ἔχῃ
1175 5721 1215 5776 Β
1248 5740 1261 5779 ε
1291 5722 1402 5795 ἔχοι
1436 5741 1495 5788 ςο
1595 5724 1641 5755 ⁸⁷
1670 5724 1769 5794 τὴν
1820 5738 1942 5795 post
1977 5727 2037 5780 τὸ
2084 5726 2206 5783 add.
2244 5724 2312 5780 Α.

239 5717 607 5849 ωἵότδξξςρῗς
650 5732 759 5776 0m.
807 5720 867 5778 Α.
972 5721 1017 5755 ⁸⁸
1044 5720 1142 5796 ἔχῃ
1175 5721 1215 5776 Β
1248 5740 1261 5779 :
1291 5722 1402 5795 ἔχοι
1436 5741 1495 5788 ς.
1595 5724 1641 5755 ⁸⁷
1670 5724 1769 5794 τὴν
1820 5738 1942 5795 post
1977 5727 2037 5780 τὸ
2084 5726 2206 5783 add.
2244 5724 2312 5780 Α.
2412 5719 2718 5795 δοκώσπερεε
2744 5736 2802 5785 ς.
2880 5713 3135 5786 "summi
3154 5728 3211 5766 τε
3232 5729 3291 5775 ς.
3365 5710 3410 5741 ”
3439 5703 3516 5763 δι·

972 5721 1017 5755 ”
1044 5720 1142 5796 ἔχῃ
1175 5721 1215 5776 Β
1248 5740 1261 5779 :
1291 5722 1402 5795 ἔχοι
1436 5741 1495 5788 ς.
