3856 6298
581 310 686 376 215
1362 419 1379 425 _
1735 312 1996 375 PHOTII
2032 317 2534 385 PATRIABCHE
2570 327 2678 386 ΟΡ.
3707 364 3800 432 916

582 419 781 477 studiis
810 434 920 474 non
957 420 1236 490 exprimit.
1274 419 1579 485 Tu’etiam,
1612 422 1779 486 Deus,
1828 423 2031 479 Mosem
2063 439 2121 479 ex

582 512 755 547 cnlom
833 512 1250 547 ηηηιιιίνιιηηηηι
1289 516 1628 547 ηηηριέιιιοηρ
1679 514 1813 547 Γηηιο
1884 530 1992 547 “An
2042 514 2121 547 ἵησι

2234 479 2238 486 .
2382 431 2440 547 -ὀΑ
2462 433 2755 547 φιλάεετρὲ
2818 445 3321 547 ουτοὶωηὶστέριος
3340 544 3351 547 Δ
3366 458 3461 547 τοῦ
3509 419 3798 547 ἀργυρωὶηῖ

579 512 780 577 sulem,
833 512 1016 582 populi
1039 512 1251 580 tducem
1288 516 1630 570 constituens
1677 514 1836 580 facis,
1884 530 1994 569 non
2036 514 2121 586 jan

579 601 690 628 ΜΛΔ
728 618 850 628 Α-ΑΛΑ
888 612 1102 628 ..ΑΛιηηιι
1139 619 1234 628 ﬁ..-
1265 606 1524 628 m.-...l--...
1561 606 1714 628 ..ι--.2-
1743 606 1995 628 Αὶ.---ι--...
2059 621 2111 628 --

2260 536 2353 628 του
2381 523 2573 628 τούτου
2606 527 2816 583 Σκύθου
2841 546 2857 565 ο
2890 531 3045 604 [1501
3080 536 3171 609 H.]
3204 512 3315 595 trod
3333 544 3388 597 δὲ
3413 512 3796 628 διαέξεὲᾷξξξξ

576 601 693 657 Noe
726 618 855 657 arca
888 612 1104 658 vectum
1139 619 1234 674 per
1265 606 1527 659 mundum
1560 606 1717 674 aquis
1739 606 2023 671 obrutum,
2056 621 2121 661 se

2257 611 2756 709 eivogpaﬁﬁparo;
2785 623 2845 674 οὐ
2877 601 3045 692 λέγει.
3082 601 3170 682 Σὺι
3213 634 3307 686 καὶ
3342 638 3430 691 τὸν

576 694 875 766 imperiose
926 695 1034 765 jam
1088 711 1239 751 mare
1291 706 1687 763 transeuntem,
1732 708 1787 751 et
1817 713 1915 767 per
1952 698 2121 753 vadun

2260 704 2475 801 φυγάδα
2523 708 2759 801 ἄρχοντα
2792 713 2937 767 λαῶν
2968 719 3063 771 καὶ
3116 720 3303 791 δήμων
3333 694 3799 801 ἐποίησαςῗόυύκέέ

575 788 807 857 pedibus
854 787 1250 842 ambulantem.
1301 787 1452 843 Tuus
1495 789 1640 844 filius
1672 788 1976 859 discipulus
2020 788 2121 843 Elia

2260 792 2397 901 κατά
2429 794 2529 901 τὸν.
2555 798 2677 852 Νῶε
2710 803 2809 855 ἐπ’
2831 804 3108 875 ὀχήματος
3160 787 3551 889 περαιούμενον

569 877 824 943 Elizaeus,
858 880 951 948 qui
1000 894 1229 948 puerum
1292 878 1654 935 Sunamitidis
1691 896 1720 935 a
1743 881 1977 936 mortuis
1997 881 2114 935 exei

2261 883 2453 984 σθέντα
2480 889 2571 941 τὸν
2603 893 2828 963 κόσμον,
2846 897 2979 952 ἀλλά
3005 877 3351 971 Δεσποτικῶς
3378 877 3476 981 ἤδη
3506 877 3802 984 τὴν

573 971 728 1031 tavit.
761 980 815 1024 et
835 979 963 1040 post
995 979 1225 1025 mortem
1250 971 1499 1041 reliquiis
1528 973 1837 1042 appositum
1871 983 2121 1028 mortuun

2258 990 2357 1078 σαν
2387 976 2657 1078 τέμνοντα
2704 986 2799 1038 καί¹
2854 988 3155 1051 πεζεύοντα
3188 994 3280 1047 τὸν
3341 971 3517 1066 βυθόν.

571 1060 877 1116 viviﬁcans.
924 1061 1126 1116 Adhtec
1160 1076 1289 1115 vero
1337 1061 1458 1117 ﬁdei
1495 1063 1690 1133 gratia,
1726 1073 1985 1133 tanquam
2021 1076 2121 1117 aro

2256 1068 2350 1165 καὶ
2372 1068 2630 1165 όἮλίου
2697 1078 2948 1151 μαθητὴς
3009 1084 3273 1150 Ἐλισαῖος
3321 1060 3386 1154 δ’,
3438 1096 3465 1147 6
3493 1099 3584 1151 καὶ
3625 1060 3800 1165 rei;

569 1152 737 1206 matis
768 1151 993 1221 spiritus
1023 1151 1253 1216 durans,
1286 1152 1464 1208 ﬁdelis
1505 1154 1819 1223 sepulcrum
1849 1152 2038 1209 sensit.

2249 1159 2493 1258 ,ἀποδοὺς
2522 1164 2612 1218 τὸν
2641 1169 2686 1199 ⁹²
2715 1172 2883 1225 παῖδα
2913 1177 2977 1245 τῇ
3010 1177 3355 1248 Σωμανίτιδι,
3375 1151 3471 1239 καὶ
3496 1192 3627 1258 μετά
3646 1151 3801 1250 v0.66;-

568 1265 661 1302 τον
692 1247 1112 1366 τοίςιλειψάνέῑῖ
1135 1246 1224 1366 τὲν
1256 1249 1633 1353 παρατεθέντα
1658 1249 1855 1366 ρεκρὸν
1883 1248 2151 1366 Δζωὼσας
2189 1268 2203 1281 ·
2247 1252 2326 1306 ἔτι
2366 1254 2638 1331 γάρὴτῆς
2674 1263 2909 1331 πίστεως
2931 1246 3111 1339 χάρις,
3131 1272 3319 1346 ὥσπερ
3343 1246 3625 1351 ἀριῦματος

567 1338 957 1411 παραμείνασα
995 1336 1212 1403 ἐδόξαζε
1242 1339 1336 1393 τοῦ
1367 1342 1558 1395 πιστοῦ
1586 1343 1680 1396 καὶ
1728 1343 1819 1395 τὸν
1844 1341 2034 1410 τάφον.

899 1429 1154 1505 Ejusdem
1190 1438 1255 1491 de
1276 1433 1522 1505 jejunio,
1566 1438 1811 1493 humilia.

633 1525 806 1580 Nemo
831 1566 847 1592 ,
880 1528 973 1595 qui
1007 1526 1255 1581 convivia
1284 1536 1521 1583 sectatur
1544 1569 1558 1593 ,
1611 1527 1830 1584 virtutis
1872 1537 1957 1585 est
1985 1528 2149 1584 disci-

2298 1436 2413 1491 Τοῦ
2446 1439 2635 1494 αὐτοῦ
2654 1442 2743 1506 είς
2766 1445 2881 1512 τὴν
2904 1451 3307 1515 παρείσϐασιν
3332 1455 3452 1510 τῶν
3477 1470 3770 1528 νηστειῶν.

2319 1529 2511 1627 ρύδεὶς
2556 1533 2814 1627 εὐωχίαις
2861 1540 3136 1609 σχολάζων
3164 1546 3370 1619 ἀρετῆς
3401 1552 3661 1627 μαθητής.
3702 1563 3801 1619 Μία

562 1618 746 1687 pulos.
792 1617 909 1672 Una
953 1618 1194 1674 ebrietas
1236 1631 1291 1675 et
1330 1630 1544 1691 patrem
1587 1622 1817 1683 honesta
1864 1631 2051 1687 veste,
2091 1637 2121 1677 e

2248 1621 2385 1693 μέθη
2417 1623 2512 1677 καὶ
2536 1624 2631 1679 τὸν
2663 1628 2877 1698 πατέρα
2904 1631 3006 1701 τῆς
3034 1617 3346 1705 εὐπρεποῦς
3365 1617 3575 1711 σκέπης
3603 1617 3698 1700 ’καὶ
3724 1617 3801 1708 τὸν

559 1710 733 1765 ﬁlium
766 1711 1016 1766 libertate
1064 1712 1319 1781 privavit.
1359 1713 1591 1784 Propter
1622 1714 1826 1769 ventris
1872 1714 2121 1783 cupidital

2242 1712 2725 1813 υἱὸν-ἐλευθερίας
2790 1720 3127 1790 ἐγύμνωσεν.
3172 1726 3412 1799 Ἐὄλάόη
3445 1710 3539 1788 διά
3581 1744 3799 1813 γαστέρα

559 1810 669 1855 tem
701 1799 846 1855 Esau
871 1801 1016 1856 ﬁlius
1041 1802 1193 1859 Isaae
1217 1806 1475 1859 damnum
1508 1803 1739 1873 accepit.
1762 1802 1987 1857 Inhians
2016 1816 2121 1871 pro

2242 1803 2340 1906 καὶ
2371 1804 2400 1856 6
2431 1805 2805 1879 πρεσϐύτερος
2831 1814 2960 1875 παῖς
2980 1813 3074 1867 τοῦ
3102 1815 3286 1870 Ἰσαάκ
3317 1837 3332 1851 ’
3374 1799 3679 1895 περιχανὼν
3708 1799 3799 1906 γάρ

555 1902 678 1962 pter
708 1892 906 1950 famem
933 1897 1071 1967 pulti
1094 1939 1110 1963 ,
1161 1897 1317 1953 fratri
1372 1897 1733 1967 primogenita
1766 1894 2012 1950 vendidit
2039 1936 2054 1961 ,
2085 1908 2121 1947 ei

2240 1898 2328 1951 διὰ
2356 1901 2735 1971 κατασχοῦσαν
2780 1908 2970 1960 πεῖναν
3016 1907 3093 1978 τῷ
3138 1912 3301 1981 φακῷ
3338 1892 3572 1972 ἀπέδοτο
3606 1924 3701 1991 μὲν
3718 1892 3787 1981 ’τά

556 1985 685 2042 inde
714 1989 885 2057 patris
918 1990 1351 2047 benedictionem
1388 2008 1498 2047 non
1533 1991 1745 2047 habuit.
1796 1990 1877 2044 Ne
1915 1989 2121 2058 frangat

2242 1992 2587 2061 πρωτοτόκια
2622 1990 2707 2063 ἓῷ
2754 1996 2990 2067 ἀδελφῷ,
3053 2001 3266 2056 ἐκεῖθεν
3297 2004 3355 2057 δὲ
3380 2005 3568 2063 λοιπὸν
3599 1985 3687 2065 καὶ
3715 2019 3797 2085 τὴν

550 2079 844 2149 jejunium,
874 2098 946 2137 ne
972 2083 1117 2153 quod
1139 2083 1477 2153 cauponibus
1519 2082 1612 2137 tibi
1639 2082 1867 2137 accidat.
1899 2080 1955 2134 Si
1990 2078 2121 2172 enitr

2240 2086 2514 2155 πατρικὴν
2544 2086 2793 2154 εὐλογίαν
2831 2089 3069 2162 ἐκλάπη.
3093 2094 3187 2165 Μὴ
3211 2094 3400 2149 νόθευε
3436 2078 3797 2172 τὴντνηστείαν

552 2172 685 2244 quia
718 2172 847 2229 vino
875 2189 1073 2244 aquam
1105 2176 1408 2243 misceant,
1458 2174 1803 2245 puniuntur,
1860 2171 2121 2243 quomodc

2239 2174 2326 2226 ἵνα
2359 2173 2433 2247 μὴ
2476 2176 2655 2247 πάθῃς
2687 2179 2756 2231 τά
2813 2181 2924 2235 τῶν
2953 2185 3239 2256 καπήλων.
3268 2190 3332 2242 Εί
3370 2192 3480 2262 γὰρ
3508 2171 3697 2250 ἐκεῖνοι
3732 2202 3795 2270 τῷ

552 2260 861 2317 austeritati
886 2261 1083 2331 jejunii
1121 2262 1287 2317 falsas
1324 2263 1618 2318 miscentes
1646 2262 1951 2330 voluptates
1993 2260 2138 2314 cibo-

550 2367 675 2407 rum
706 2368 924 2423 pmnam
961 2353 1259 2424 effugient?
1294 2354 1569 2425 fugiamus
1598 2355 1954 2425 voluptatem.
1987 2352 2133 2408 Fieri

551 2444 697 2498 enim
730 2460 837 2501 non
868 2454 1047 2517 potest
1077 2446 1329 2500 eumdem
1374 2454 1429 2501 et
1473 2446 1643 2501 Deum
1668 2488 1682 2512 ,
1713 2456 1768 2502 et
1799 2447 2133 2516 voluptatem

549 2547 754 2588 amare.
781 2535 1128 2607 Assyriorum
1159 2536 1287 2590 olim
1317 2552 1431 2603 rex,
1464 2537 1555 2607 qui
1586 2537 1760 2591 ventri
1797 2537 2041 2601 vivebat,
2080 2544 2134 2589 et

546 2620 868 2690 voluptariaa
893 2623 1013 2677 vita-
1038 2663 1054 2688 ,
1090 2624 1234 2684 sicut
1265 2623 1366 2681 bos
1405 2625 1655 2694 praesepi,
1687 2625 1961 2694 alligatus.
1998 2622 2133 2678 Tres

544 2712 701 2781 pueri
732 2713 774 2753 i‘
811 2714 997 2768 vinum
1037 2714 1316 2786 fugiebant
1354 2716 1559 2775 libandi
1599 2716 1794 2787 gratia,
1838 2725 1893 2771 et
1937 2729 2131 2771 carnes

544 2808 773 2868 prepter
809 2801 1078 2857 sacriﬁcia
1130 2820 1144 2858 :
1196 2804 1370 2875 magis
1407 2813 1525 2859 erat
1564 2805 1672 2861 illis
1710 2806 1861 2860 cordi
1905 2804 2049 2860 Deus
2079 2814 2132 2860 et

543 2892 834 2959 pulchrum
868 2892 1179 2964 jejuniumf,
1216 2912 1380 2967 quam
1412 2898 1641 2955 deliciae.
1674 2898 1747 2952 Da
1778 2914 1939 2955 aures
1970 2914 2128 2955 arca-

543 2995 746 3035 norum
775 2982 1038 3041 doctrinae
1060 3028 1076 3053 ,
1123 2997 1178 3042 et
1211 2989 1536 3044 obliviscere
1571 2990 1912 3055 deliciarum,
1948 3000 2006 3046 ut
2033 3006 2130 3061 po-

543 3072 708 3149 pulus
736 3088 968 3144 sequens
985 3076 1263 3133 Christum
1311 3082 1478 3136 verbo
1506 3091 1561 3137 et
1606 3098 1770 3154 opere
1809 3084 2124 3151 docentem,

2237 2265 2365 2335 οῖνῳ
2415 2269 2856 2337 παραμιγνύντες
2916 2273 3059 2346 ὕδωρ
3104 2278 3442 2350 κολάζονται,
3491 2286 3607 2349 πῶς
3649 2290 3695 2341 οἱ
3731 2292 3795 2362 τῷ

2236 2357 2497 2429 αὐστηρῷ
2517 2359 2618 2430 τῆς
2647 2364 2903 2431 νηστείας
2929 2367 3030 2431 τὰς
3060 2373 3464 2443 σεσοφισμένας
3488 2357 3794 2446 ἀπολαύσεις

2237 2451 2622 2520 ἐπεισάγοντες
2669 2455 2730 2507 τὸ
2775 2458 3125 2531 ἀτιμώρητον
3167 2464 3418 2533 ἓξουσιν;
3452 2470 3794 2542 Φεύγωμεν⁹³

2235 2541 2335 2633 τὴν
2365 2544 2677 2614 φιληδονίαν
2709 2563 2721 2577 ·
2750 2550 3032 2620 ἀμήχανον
3055 2555 3175 2627 ργὰρ
3203 2558 3294 2610 τὸν
3336 2561 3502 2614 αὑτὸν
3534 2559 3666 2617 εἶναι
3695 2568 3796 2633 φιλ-

2234 2632 2419 2701 ήδονον
2457 2635 2553 2688 καὶ
2584 2635 2850 2704 φιλόθεον.
2899 2641 2956 2694 '0
2989 2642 3240 2711 βασιλεύς
3282 2666 3419 2701 ποτε
3472 2652 3579 2704 τῶν
3620 2632 3791 2706 Ἀσίου-

2236 2722 2366 2793 ρίων
2382 2724 2448 2790 ⁸⁸,
2469 2726 2672 2790 ἐκεῖνος
2691 2727 2815 2799 [8ἳο
2837 2729 2928 2802 Η.]
2945 2734 2972 2784 6
2991 2734 3165 2788 πάντα
3184 2741 3249 2807 τῇ
3283 2743 3490 2811 γαστρὶ
3509 2743 3617 2805 ζῶν
3634 2746 3718 2796 καὶ
3731 2746 3795 2810 τῷ

2234 2816 2507 2885 τρυφῶντι
2554 2817 2675 2890 βίῳ,
2704 2821 2779 2884 ὡς
2828 2824 3005 2897 φάτνῃ
3048 2826 3194 2896 βοῦς,
3224 2833 3675 2904 προσδεδεμένος.
3703 2833 3794 2889 Ἦν

2231 2904 2289 2958 δὲ
2320 2909 2433 2970 τοῖς
2479 2911 2661 2979 τρισὶν
2697 2913 2861 2981 ίεροῖς
2914 2918 3072 2970 παισὶ
3103 2920 3196 2971 καὶ
3224 2923 3252 2973 6
3282 2918 3428 2986 οἶνος
3468 2926 3694 2994 φευκτὸς
3721 2927 3796 2981 δὴ

2231 2994 2330 3064 τὴν
2361 2997 2593 3067 σπονδὴν
2616 3000 2708 3051 καὶ
2732 3002 2900 3071 κρέας
2931 3002 3076 3057 ἅπαν
3116 3005 3204 3059 διὰ
3240 3008 3343 3072 τὰς
3376 3008 3587 3074 θυσίας.
3612 3011 3712 3063 Καὶ
3740 3008 3795 3081 ἧν

2231 3084 2412 3150 αὐτοῖς
2438 3087 2530 3139 καὶ
2559 3087 2652 3140 τοῦ
2676 3090 2817 3160 ὑπὲρ
2839 3093 2962 3155 τοὺς
2986 3096 3319 3165 τρυφῶντας
3352 3100 3585 3164 κάλλους
3620 3102 3646 3154 6
3677 3100 3791 3162 Θεὸς

545 3163 639 3232 qui
689 3165 877 3220 relicta
935 3167 1310 3239 improborum
1383 3190 1697 3246 synagoga,
1755 3177 1811 3230 in
1869 3176 2121 3247 templum

2236 3178 2571 3249 ἐπιμελητὴς
2592 3182 2732 3249 καὶὴ
2762 3184 2986 3260 νηστεία
3015 3163 3375 3259 κομμώτρια.
3401 3192 3503 3254 Δὸς
3528 3192 3625 3261 τὴν
3645 3193 3793 3261 ἀκοὴν

543 3255 715 3311 venit.
739 3256 796 3310 Si
821 3256 999 3313 adhuc
1025 3258 1273 3317 Judaieis
1296 3263 1550 3334 alligatus
1576 3265 1674 3329 sis,
1703 3266 1833 3335 quid
1864 3266 1960 3321 tibi
1996 3281 2125 3336 pro-

544 3343 667 3398 dest
690 3345 1001 3417 jejunium?
1028 3365 1094 3407 an
1119 3350 1227 3407 Nili
1255 3354 1564 3410 crocodilos
1591 3356 1792 3410 imitari
1824 3357 1906 3412 vis
1933 3357 1956 3410 ?
1984 3373 2124 3427 quos

543 3436 699 3495 aiunt
729 3440 903 3519 capila
932 3441 1215 3521 hominum
1244 3486 1259 3512 ,
1302 3461 1439 3516 quos
1466 3456 1731 3504 vorarunt
1757 3489 1772 3515 ,
1807 3447 2038 3517 deflere,
2070 3458 2125 3504 et

540 3514 891 3585 mortuorum
924 3514 1182 3602 reliquias
1216 3514 1524 3608 deplorare,
1554 3553 1660 3593 non
1696 3537 1823 3594 facti
1852 3514 2122 3609 paeniten-

537 3621 613 3674 tia
647 3621 934 3690 adductos,
970 3626 1065 3679 sed
1093 3625 1371 3694 dolentes,
1408 3640 1465 3684 ut
1496 3631 1631 3687 mihi
1664 3632 1909 3697 videtur,
1943 3632 2121 3703 ipsum

539 3720 703 3780 caput
729 3727 894 3769 carne
926 3730 1147 3782 carere,
1178 3733 1343 3786 quam
1376 3719 1656 3776 devorent.
1688 3721 1965 3791 Jejunium
2011 3738 2121 3792 pa:-

536 3801 779 3872 dagogus
814 3813 896 3859 est
928 3806 1077 3861 obesi
1120 3810 1359 3881 ventris,
1407 3826 1471 3865 ac
1507 3811 1749 3868 decentis
1782 3813 2120 3867 habitudiuis

538 3891 822 3963 magister.
842 3893 1055 3949 Chorea
1096 3897 1263 3951 animi
1294 3899 1535 3955 laetitiam
1563 3902 1824 3967 declarat,
1853 3911 1909 3959 et
1938 3902 2120 3963 unius-

537 3982 805 4053 cujusque
829 3984 908 4037 rei
933 3985 1262 4043 excellentes
1289 3997 1416 4043 sunt
1447 3992 1631 4058 ﬁgura:
1655 4032 1669 4057 ,
1704 4008 1828 4062 quae
1856 4008 1920 4047 ex
1949 4007 2117 4061 appa-

536 4070 680 4123 renti
744 4071 927 4140 specie
984 4072 1300 4133 interiorem
1367 4075 1561 4148 5036
1619 4081 1816 4136 animae
1870 4080 2116 4137 habitum

535 4163 848 4219 ostendunt.
886 4164 1023 4222 Cum
1056 4168 1201 4229 enim
1235 4168 1405 4242 legem
1456 4171 1534 4239 ad
1572 4187 1823 4227 normam
1865 4174 2116 4244 vitaztca—

536 4258 715 4326 piens,
748 4270 802 4315 et
831 4261 1139 4316 ordinatam
1181 4265 1672 4337 constitutionem},
1698 4268 1894 4323 debeat
1922 4270 2117 4325 timere

537 4358 593 4403 et
626 4365 842 4419 poenam
867 4368 933 4407 ex
963 4356 1433 4423 prsevaricatione,
1460 4360 1582 4413 ideo
1606 4360 1745 4413 Deus
1768 4360 1891 4415 vitae
1914 4372 2115 4416 nostrae

536 4452 805 4513 praecepta
840 4445 1152 4502 hominibus
1197 4450 1397 4518 scripta
1444 4451 1698 4517 tradens,
1740 4452 1923 4506 statim
1972 4453 2114 4508 tubae

2233 3271 2298 3339 τῇ
2358 3270 2591 3340 μαθήσει
2644 3273 2755 3328 τῶν
2807 3279 3225 3348 κεκρυμμένων,
3259 3281 3375 3335 καὶ.
3408 3284 3793 3354 ἀμνημονήσεις

2232 3363 2459 3431 τροφῆς,
2490 3362 2565 3424 ὼς
2599 3364 2627 3416 ὁ
2658 3366 2826 3434 δῆμος
2864 3368 2891 3418 ὁ
2922 3368 3000 3438 τῷ
3046 3370 3218 3439 Ἰησοῦ
3252 3373 3527 3443 ἑπόμενος
3550 3375 3686 3443 λόγῳ
3716 3378 3794 3426 καὶ

2232 3450 2378 3521 ἔργῳ
2438 3453 2765 3509 παιδεύοντι.
2818 3458 3145 3512 Καταλιπὼν
3194 3461 3297 3533 τὴν
3350 3464 3667 3536 συναγωγὴν
3701 3466 3792 3516 τῶν

2231 3545 2680 3613 πονηρευομένων
2736 3548 3000 3617 πρόσελθε
3057 3554 3124 3621 τῇ
3188 3554 3498 3627 ὲκκλησίᾳ.⁴
3537 3558 3598 3609 El
3632 3557 3676 3609 δ’
3726 3556 3793 3607 ἔτι

2230 3636 2341 3697 τοῖς
2383 3634 2694 3699 Ἰουδαῖκοῖς
2733 3639 3109 3707 προσδέδεσαι,
3144 3642 3197 3695 τί
3233 3660 3317 3698 σοι
3352 3646 3606 3714 βούλεται
3637 3647 3667 3714 ἡ
3711 3663 3790 3712 νη-

2232 3725 2383 3779 στεία
2409 3726 2441 3796 ἧ
2470 3726 2595 3789 τοὺς
2616 3726 2888 3798 Νειλῴους
2911 3733 3284 3801 κροκοδείλους
3309 3739 3598 3807 μιμεῖσθαι
3622 3739 3688 3802 ’⁸,
3712 3736 3792 3798 οὓς

2230 3832 2361 3884 φασι
2417 3818 2538 3878 ταῖς
2568 3819 2832 3887 κεφαλαῖς
2866 3822 3179 3893 ἐπιθρηνεῖν
3224 3827 3338 3880 τῶν
3389 3827 3691 3898 ἀνθρώπων
3728 3822 3791 3881 ὧν

2228 3906 2429 3976 ἔφαγον
2458 3909 2552 3961 καὶ
2584 3909 2839 3981 δακρύειν
2866 3915 2958 3968 ἐπὶ
2986 3918 3099 3979 τοῖς
3126 3917 3407 3987 λειψάνοις
3455 3922 3563 3976 τῶν
3595 3922 3757 3990 φόνων
3777 3962 3789 3983 ,

2225 3998 2286 4051 οὐ
2317 3999 2603 4068 μετάνοιαν
2642 4003 2751 4059 τῶν
2786 4009 3171 4077 γεγενημένων
3218 4011 3624 4081 λαμὸάνοντας,
3672 4013 3792 4067 ἀλλὰ

2224 4088 2286 4142 τὸ
2335 4090 2575 4160 ἄσαρκον
2620 4093 2721 4163 τῆς
2763 4096 3026 4168 κεφαλῆς,
3066 4101 3190 4169 ἐμοὶ
3230 4101 3406 4168 δοκεῖ,
3448 4106 3791 4176 ὀδυρομένους

2223 4180 2298 4244 ὡς
2328 4182 2407 4245 είς
2445 4181 2649 4254 βρῶσιν
2668 4186 2768 4239 οὐκ
2804 4188 3131 4259 ἐπιτήδειον,
3158 4192 3410 4262 Νηστεία
3448 4197 3547 4267 μὲν
3590 4195 3789 4248 πυκνώ-

2224 4272 2361 4335 σεώς
2412 4278 2548 4343 ἐστι,
2594 4277 2687 4330 καὶ
2742 4281 2974 4349 κοσμίας
3030 4287 3366 4356 καταστολῆς
3437 4289 3788 4341 ἐπιδείκνυται

2222 4365 2569 4434 παιδαγωγός
2596 4384 2610 4397 ⁸
2674 4372 2863 4441 χορεία
2889 4373 2945 4425 δὲ
2982 4374 3041 4427 τὸ
3079 4376 3480 4448 διακεχυμένον
3513 4381 3787 4449 ἐρμηνεύει

2220 4459 2319 4527 τῆς
2362 4459 2560 4529 ψυχῆς.
2609 4463 2719 4517 Καὶ
2745 4464 2975 4517 ἑκάστου
3018 4468 3346 4537 πράγματος
3388 4470 3645 4540 ἐξαίρεε-ά
3688 4472 3788 4521 ἐστι

532 4546 725 4588 vocem
772 4535 1017 4613 addidit,
1067 4538 1120 4591 in
1162 4542 1379 4608 signum
1424 4540 1618 4597 futurae
1654 4544 2110 4609 resurrectionis,

2234 4549 2315 4601 (αἱ
2353 4550 2421 4602 τά
2462 4554 2739 4621 σχήματα,
2787 4556 2852 4615 ὲκ
2885 4556 2980 4625 τῆς
3025 4535 3290 4629 αίσθητῆς
3328 4535 3656 4628 ἐπιφανείας
3703 4559 3789 4624 τὴν

533 4631 593 4677 ιιι
622 4626 712 4691 qui
744 4639 1011 4701 praecepta
1043 4630 1369 4696 ediscerent,
1410 4648 1506 4702 per
1534 4634 1994 4705 resurrectionem
2022 4636 2113 4704 ju-

530 4714 733 4772 dicium
761 4723 1185 4792 prospicientes,
1221 4726 1475 4780 mandata
1510 4741 1623 4780 non
1664 4730 2109 4797 transgredienda

528 4809 887 4867 custodirent.

2220 4642 2451 4712 ἀόρατον
2478 4644 2575 4713 τῆς
2604 4644 2780 4715 ψυχῆς
2804 4646 3066 4715 δηλοῦντα
3094 4652 3434 4705 κατάστασιν
3467 4654 3537 4708 9³.
3591 4648 3789 4717 Ἐπειδὴ

2218 4734 2324 4804 γὰρ
2356 4735 2383 4786 ὁ
2412 4735 2579 4804 νόμον
2603 4736 2895 4806 λαμϐάνων
2925 4742 3005 4803 είς
3030 4742 3226 4795 κανόνα
3249 4743 3369 4812 βίου
3404 4745 3501 4797 καὶ
3546 4743 3789 4796 εὔτακτον

2220 4825 2495 4879 πολιτείαν
2537 4828 2743 4897 ὀφείλει
2785 4832 3083 4886 δεδοικέναι
3128 4835 3221 4886 καὶ
3255 4836 3352 4903 τὴν
3389 4837 3456 4889 ἐκ
3511 4835 3612 4905 τῆς
3664 4847 3790 4899 παρ-

527 4919 565 4956 α
590 4907 697 4974 εοῆς
726 4905 1018 4985 τιμωρίαν,
1058 4907 1146 4960 διὰ
1196 4907 1352 4960 τοῦτο
1380 4911 1409 4963 6
1438 4911 1573 4976 Θεὸς
1600 4911 1669 4965 τά
1692 4911 1789 4981 τῆς
1815 4912 1963 4984 ζωῆς
1984 4918 2144 4987 ἡμῶν
2183 4922 2623 4992 παραγγέλματα
2686 4925 2940 4996 ἔγγραφα
2972 4928 3017 4958 ’⁷
3042 4928 3351 5014 ἀνθρώποις
3379 4929 3682 4998 ἐκπέμπων
3710 4927 3787 4977 εὑ-

529 5003 626 5069 θὺς
661 5006 964 5075 προσέθηκε
1007 5007 1098 5057 καὶ
1128 5005 1225 5074 τὴν
1261 5008 1444 5078 φωνὴν
1473 5008 1574 5077 τῆς
1644 5009 1964 5078 σάλπιγγος,
2023 5014 2291 5086 σύμϐολον
2331 5019 2428 5088 τῆς
2476 5020 2540 5072 ἐκ
2589 5021 2800 5090 νεκρῶν
2853 5003 3365 5086 άναστάσεωςίῖνα
3433 5024 3485 5075 οί
3567 5020 3789 5092 μαθηταὶ

525 5094 635 5155 τῶν
714 5098 1152 5165 προσταγμάτων
1195 5099 1238 5128 ⁸³⁸
1275 5099 1360 5153 διὰ
1431 5100 1527 5170 τῆς
1600 5103 1949 5167 ἀναστάσεως
1984 5105 2079 5175 τὴν
2114 5108 2293 5177 κρίσιν
2314 5111 2714 5180 προὸλέποντες
2776 5113 3083 5181 φυλάξωσιν
3142 5115 3485 5185 ἀπαράϐατα
3541 5116 3637 5185 τῆς
3657 5112 3785 5171 θείας

526 5190 845 5261 νομοθεσίας
880 5193 947 5247 τὰ
975 5192 1241 5271 δόγματα.

604 5357 648 5392 i'
690 5354 821 5407 Dan.
868 5371 904 5421 ι,
943 5357 1025 5410 l5.

1818 5483 2051 5538 VAllle
2105 5481 2511 5537 LECTIONES.

588 5631 627 5659 “
672 5630 815 5683 Ἐλισ
828 5636 969 5696 satio;
1005 5635 1067 5687 Α.

1144 5640 1184 5667 ⁹¹
1216 5638 1326 5712 τὸν]
1355 5638 1450 5709 τὴν
1481 5639 1538 5693 Β.
1610 5640 1653 5671 9³
1680 5640 1952 5714 φεύγομεν
1986 5662 2043 5707 ς.
2116 5649 2159 5676 ³⁸
2208 5646 2464 5714 Ἀσυρίων
2488 5644 2547 5697 Α.

2625 5644 2667 5675 9”
2695 5645 3043 5715 μιμεῖσθε.Β.
3121 5646 3165 5674 ⁹⁶
3197 5645 3539 5701 κατάστασιν
3572 5647 3614 5700 Α
3644 5663 3655 5697 ;
3685 5641 3786 5695 δια-

539 5698 687 5763 θεσιν
730 5720 788 5766 ς’.
864 5704 907 5734 θτ
938 5705 1227 5776 ἐγγράφως
1360 5698 1903 5783 θίπροσταγξιάτίονῐ
1932 5698 2347 5785 πραγμάτωνΑΪ
