4020 6430
151 427 223 488 ΞΠ

278 537 382 592 Τοῦ
411 531 591 589 αὐτοῦ
620 533 708 596 είς
747 527 854 582 τὸν
880 526 948 580 ἐκ
983 520 1214 587 κοιλίας
1249 516 1506 586 τυφλόν.

196 634 278 704 ῘἮ
325 627 550 682 ἐνταῦθα
610 622 706 676 τοῦ
739 616 1014 690 ὀφθαλμοῦ
1080 613 1347 683 ἔκφρασις
1382 605 1478 660 καὶ
1509 605 1543 673 ἡ
1577 602 1672 671 τῆς

146 700 334 787 εἰκόνος.
377 725 410 792 ἢ
441 721 540 790 τῆς
569 717 734 785 ἁγίας
775 711 1065 782 Εὐφημίας
1103 703 1360 766 εἰκονίζει
1396 700 1493 769 τὴν
1541 712 1674 767 μορο

148 823 246 890 φῆν,
272 814 458 884 πολλὴν
487 815 566 874 είς
591 808 790 871 κάλλος
813 807 913 877 τὴν
942 801 1262 870 συγγένειαν
1290 795 1352 865 φέ

146 881 296 981 έτερον
333 881 426 960 καί
475 903 664 973 ἕτερον
706 898 820 954 ἀλλ’
860 896 1021 951 αὑτὸν
1062 893 1108 926 ’⁸
1155 886 1295 944 εῖναι
1345 881 1678 956 δημιουργὸν

148 974 370 1072 ἑκατέρας
414 997 754 1068 ὲκφράσεως.
783 990 1013 1046 Εὐσεϐεῖ
1053 987 1108 1041 δὲ
1141 983 1390 1054 φανερῶς
1415 974 1676 1034 ἐνταῦθα,

148 1100 345 1166 ἰσότιμον
364 1093 435 1163 τῷ
463 1092 638 1162 Πατρὶ
669 1089 763 1143 καὶ
791 1083 1112 1155 προαιώνιον
1132 1079 1222 1131 τὸν
1242 1075 1370 1127 Υίδν
1391 1065 1678 1135 θεολογῶν,

145 1163 524 1262 [ίὸθίῐὶ.]ὦστε
549 1183 648 1235 οὐκ
673 1180 738 1233 ἂν
765 1179 846 1247 εἴη
869 1178 895 1228 6
931 1169 1207 1243 Ἀρειανὺς
1240 1167 1268 1218 6
1289 1164 1384 1234 τὴν
1414 1163 1680 1229 ἒκφρασιν

145 1249 222 1350 τῆς
242 1249 430 1339 εἰκόνος
451 1272 654 1342 εὐφυΐᾳ
682 1269 858 1336 λόγων
885 1257 1218 1329 ὑποϐαλών.]
1269 1250 1493 1322 Ἐπειδὴ
1539 1249 1681 1315 λόγῳ

148 1339 480 1437 καταγγέλλων
495 1339 606 1425 τοῖς
624 1339 896 1420 Ἰουδαίοις
924 1355 1022 1425 τὴν
1045 1349 1303 1421 ἀλήθειαν
1317 1349 1344 1401 6
1365 1343 1558 1412 Σωτὴρ
1583 1339 1683 1391 οὐκ

149 1431 320 1516 ἔπειθεν
348 1457 611 1521 εὐσεϐεῖν,
653 1444 942 1524 παρεστὼς
972 1441 1260 1514 άπεκρύϐη
1297 1439 1391 1492 καὶ
1419 1431 1682 1504 φαινόμε-

151 1573 216 1618 νος
238 1553 321 1606 οὐκ
347 1550 602 1605 ἐϐλὲπετο
641 1550 684 1615 ³,
714 1547 803 1600 ἵνα
832 1546 896 1597 ὲκ
927 1541 1026 1611 τῆς
1055 1535 1309 1605 τοιαύτης
1345 1526 1511 1584 αὑτοῦ
1549 1525 1682 1578 θαυ-

155 1614 433 1715 μετουργίας
456 1641 661 1712 ἑλκύσῃ
702 1637 841 1709 πρὸς
871 1629 1267 1701 συγκατάθεσιν
1297 1620 1390 1676 τοῦ
1439 1620 1522 1672 ὅτι
1587 1614 1684 1669 καὶ

153 1707 252 1801 θεὸς
278 1707 558 1806 ἐτύγχανεν
588 1734 616 1785 6
748 1707 1105 1799 βλεπόμενος,
1134 1719 1227 1774 καὶ
1261 1716 1361 1771 οὐκ
1385 1712 1544 1775 ἄλλος
1568 1707 1684 1764 ἀλλ’

1247 387 1779 460 BIBLIOTHECA.
1809 409 1880 420 -··
1911 381 2075 443 COD.
2105 375 2401 440 CCLXXI.

3249 369 3355 437 218

2103 497 2353 565 Eiusdem
2382 496 2438 549 in
2465 510 2658 550 meum
2689 511 2720 548 a
2757 493 3052 549 ndtirltate.

1848 599 1974 654 Haec
2015 593 2158 648 oculi
2185 589 2457 645 enarratio
2477 629 2492 652 ,
2524 599 2576 643 et
2598 588 2828 658 species,
2862 603 2984 658 quae
3016 587 3212 648 divina
3240 589 3354 644 cle-

1776 691 1993 746 mantia:
2019 690 2244 743 formam
2281 683 2551 744 ostendit,
2581 695 2832 752 magnam
2865 678 3198 732 vicinitatem
3231 693 3354 732 eum

1362 811 1466 865 ρει,
1491 789 1567 853 ὡς
1603 789 1676 859 μὴ
1775 781 2185 857 pulchritudine
2219 780 2417 841 habet,
2454 776 2581 847 quia
2633 789 2741 828 non
2779 773 2918 826 alius
2959 780 3013 826 et
3044 772 3216 834 alius,
3262 771 3356 825 sed

1779 881 1919 934 idem
1970 884 2186 931 creator
2229 873 2510 940 utriusque
2550 866 2929 937 explicationis
2960 872 3061 918 est.
3097 862 3228 918 Pius
3253 863 3358 916 hoc

1779 969 1900 1023 loco
1925 966 2211 1022 manifeste
2240 972 2326 1020 est
2352 962 2616 1030 aequalem
2651 957 2956 1029 praedicans
2986 954 3134 1010 Patri
3183 963 3236 1008 et
3267 968 3362 1008 co-

1779 1073 2040 1119 aeternum
2076 1059 2296 1114 Filium.
2331 1053 2698 1122 Quamobrem
2723 1049 2959 1104 Arianus
3005 1062 3110 1101 non
3149 1047 3239 1108 sit,
3268 1046 3359 1115 qni

1786 1156 2205 1228 explicationem
2243 1151 2428 1222 ﬁgurae
2451 1149 2738 1203 verborum
2774 1143 3051 1214 elegantia:
3081 1141 3360 1207 subjiciat.

1781 1251 1917 1302 (ium
1953 1245 2202 1301 Salvator
2225 1243 2507 1298 veritatem
2537 1239 2736 1295 Judaais
2765 1235 3076 1300 cnuntians,
3106 1233 3360 1304 pietatem

1784 1355 1888 1393 non
1915 1338 2224 1408 persuasit,
2271 1347 2514 1405 praesens
2554 1329 2862 1384 occultatus
2910 1335 3063 1392 erat,
3119 1337 3171 1380 et
3201 1338 3362 1392 appa-

1785 1445 1913 1486 rens
1949 1444 2059 1484 non
2091 1427 2378 1482 videbatur
2401 1462 2418 1488 ,
2464 1432 2522 1478 ut
2566 1422 2651 1476 his
2693 1419 2971 1474 miraculis
3006 1417 3242 1472 traheret
3269 1413 3366 1467 Ju-

1787 1522 1936 1578 dteos
1977 1527 2040 1575 ut
2082 1517 2447 1574 concederent
2486 1515 2637 1569 illum
2680 1513 2849 1566 Deum
2906 1524 3028 1564 esse
3082 1524 3204 1564 eum
3256 1521 3364 1560 non

1783 1613 2063 1668 videretur
2086 1651 2101 1676 ,
2153 1617 2208 1664 et
2239 1624 2344 1662 non
2376 1607 2542 1661 alium
2574 1648 2589 1671 ,
2641 1605 2732 1659 sed
2778 1618 2900 1657 eum
2941 1601 3033 1671 qui
3065 1615 3188 1655 eum
3220 1599 3366 1652 Mose

1793 1719 2064 1777 apparens
2088 1703 2304 1759 loeutus
2333 1709 2433 1755 est.
2464 1697 2764 1752 Videbatur
2791 1696 2934 1750 enim
2970 1704 3101 1746 tunc
3135 1691 3274 1762 ignis
3313 1700 3366 1743 et

153 1833 175 1884 ὁ
370 1791 617 1895 ἶίωῡσῆν
648 1791 685 1854 ’³
712 1791 936 1874 ’λαλῶν-
991 1816 1085 1870 καὶ
1144 1811 1219 1884 μὴ
1265 1811 1286 1842 ⁸
1339 1805 1684 1876 φαινόμενος.

1799 1799 1968 1854 rubus
1997 1837 2012 1864 ,
2061 1805 2117 1851 et
2149 1810 2255 1849 non
2304 1791 2688 1862 loquebantur,
2723 1794 3098 1842 verumtamen
3134 1799 3234 1837 vox
3267 1797 3366 1836 au-

1811 1891 1842 1900 ..
1883 1890 1894 1900 .
1961 1898 1968 1900 .
2174 1897 2182 1900 -
2277 1899 2280 1900 ,
2326 1884 2339 1900 I
2387 1898 2448 1900 κη
2516 1880 2748 1900 ,,__,-l--.
2853 1887 2898 1900 --
2950 1875 3128 1900 Ιδ..ι......
3181 1889 3366 1900 ..ΛΑ-η.-.

163 1896 354 1992 Empire
387 1919 494 1990 γὰρ
555 1917 649 1971 καὶ
705 1915 827 1970 τότε
862 1911 973 1981 πῦρ
1006 1907 1100 1962 καὶ
1156 1904 1350 1975 βάτος,
1398 1896 1685 1969 ἀμφότερα

156 1988 334 2080 ἇὶωλκν
380 1988 492 2066 ἀλλ’
545 2013 698 2082 ὅμως
748 2008 843 2062 καὶ
894 2004 1046 2075 φωνὴ
1095 1997 1324 2070 ἠκούετο
1376 1991 1471 2047 καὶ⁹
1525 1988 1684 2055 λόγος

160 2107 356 2160 ἐπαίδευε
415 2105 517 2159 καὶ
575 2081 836 2172 ἀσφαλῶς
889 2097 950 2150 τὺ
999 2092 1190 2166 μέλλον
1250 2081 1680 2156 προηγορεύετο.

161 2201 347 2271 Καίχρὴ
374 2198 494 2262 τοὺς
539 2195 667 2250 νοῦν
702 2195 924 2264 ἔχοντας
966 2191 1031 2242 ὲκ
1082 2186 1180 2255 τῆς
1224 2177 1548 2248 συγγενείας
1575 2172 1684 2226 τῶν

170 2263 435 2360 πρσγῇτων
458 2263 760 2359 γνωρίσαι
789 2283 849 2337 τὸ
900 2281 1216 2351 πρόσωπον.
1254 2271 1604 2338 Θεασάμενος
1627 2263 1684 2317 δὲ

176 2357 244 2435 τίον
267 2357 482 2450 τνςιλδνό
524 2357 718 2451 Σωτὴρ
748 2377 901 2444 ἔστη,
932 2373 1026 2427 καὶ
1063 2368 1198 2440 πρὸς
1235 2365 1335 2435 τὴν
1389 2357 1686 2430 θεραπείαν

177 2476 334 2545 ἕτοιμος
357 2473 424 2547 ἦν,
453 2473 764 2546 θεραπείαν
791 2467 1136 2538 ἀνθρωπίνης
1163 2459 1352 2525 σοφίας
1381 2453 1476 2508 καὶ
1496 2451 1689 2520 τέχνης

177 2537 667 2638 κρείττονέέίατρικὴ
693 2562 790 2634 μὲν
813 2537 922 2629 γὰρ
944 2557 1040 2610 καὶ
1061 2556 1089 2607 6
1113 2551 1231 2607 κατ’
1254 2547 1424 2618 αὑτὴν
1442 2542 1562 2616 [821
1595 2537 1687 2610 Η.]

169 2659 508 2726 λόγοςέκείνοις
549 2658 659 2710 τῶν
701 2653 1026 2724 νοσημάτων
1074 2642 1353 2699 ἐπιϐάλλει
1406 2639 1505 2707 τὴν
1558 2633 1692 2687 05w-

167 2751 274 2820 ρίαν,
293 2754 376 2805 ὅσα
406 2753 508 2822 τῆς
545 2748 764 2818 φύσεως
795 2741 1180 2813 ἁπαρτισάσης
1213 2734 1277 2788 τὸ
1320 2731 1460 2797 ζῶον
1492 2727 1585 2782 καὶ
1613 2725 1692 2788 είς

163 2817 249 2911 ira);
295 2817 715 2916 προαγαγούσης
767 2837 981 2909 χρόνοις
1061 2830 1289 2900 ὕστερον
1346 2817 1492 2877 κατά
1542 2833 1691 2880 τινας

165 2909 449 3005 ιἐεριτιιττίσειις
485 2931 926 3010 Ιὲπισυμϐαίνει,
961 2927 1062 2998 τῆς
1101 2923 1158 2976 δὲ
1207 2914 1589 2988 συντεχθείσης
1617 2909 1695 2980 τῷ

167 2998 328 3095 σώματι
367 2998 556 3098 λώϐης
591 2998 694 3077 οὐκ
747 3019 1143 3088 ἐπαγγέλλεται
1205 3007 1526 3082 θεραπείαν,
1582 2998 1696 3055 ἀλλ’

158 3120 245 3172 οὐδὲ
262 3121 454 3174 πάντων
513 3117 704 3174 παθῶν
734 3115 844 3168 τῶν
868 3115 947 3176 είς
972 3110 1098 3164 ὖστε
1108 3125 1198 3179 ρον
1241 3100 1648 3174 συμϐαινόντων
1676 3109 1694 3127 ο

157 3210 247 3264 οὔτε
286 3213 381 3285 γὰρ
406 3205 962 3285 ἠκρωτηριασμένοις
983 3203 1006 3235 ⁵
1043 3202 1179 3273 μέλη
1223 3195 1554 3259 ἀνεσώσατο,
1577 3191 1689 3246 οὔτ’

155 3303 251 3357 ἄλλο
275 3303 720 3376 τιπαραπλήσιον
755 3297 1080 3368 θεραπεύειν
1112 3294 1449 3361 ἀναδέχεται.
1495 3288 1694 3358 Διόπερ

156 3394 192 3445 οἱ
233 3396 446 3466 μαθηταὶ
467 3394 538 3447 τὸ
576 3392 746 3455 πάθος
786 3389 1232 3460 κατελεήσαντες,
1275 3385 1370 3437 καὶ
1407 3381 1697 3452 βλέποντες

155 3486 388 3558 ἄνθρωπον
413 3489 521 3558 τῆς
551 3485 842 3552 καλλίστης
870 3481 1064 3551 ἡδονῆς
1090 3477 1184 3531 τοῦ
1226 3475 1402 3545 φωτὸς
1435 3473 1510 3545 μὴ
1564 3488 1694 3540 γευ-

157 3575 362 3646 σάμενον,
387 3578 490 3646 τὴν
526 3576 706 3630 αἰτίαν
738 3573 1118 3627 ἐπυνθάνοντο.
1163 3567 1302 3620 Ἀλλ’
1341 3566 1443 3619 ούκ
1475 3566 1700 3633 ἐπιστη-

155 3669 296 3736 μόνως
341 3669 624 3741 προσῆγον
667 3666 766 3737 τὴν
800 3662 1069 3734 ἐρώτησιν
1096 3677 1111 3692 ο
1150 3658 1273 3712 οὔτε
1314 3658 1423 3727 γὰρ
1453 3655 1516 3709 ἂν
1557 3653 1700 3724 ὑπὲρ

152 3758 235 3813 τῶν
260 3762 502 3833 πατέρων
523 3800 538 3826 ,
584 3757 798 3820 οὐδενὸς
842 3755 916 3808 ὣν
964 3753 1170 3824 ἔνοχος,
1203 3752 1232 3803 6
1263 3752 1395 3812 παῖς
1424 3745 1701 3815 κατεγνὼ-

155 3852 250 3922 σθη,
269 3853 380 3908 οὔτε
410 3854 524 3926 μὴν
545 3852 690 3905 ἰδίων
714 3846 1203 3921 πλημμελημάτων
1231 3845 1259 3896 6
1297 3842 1463 3913 μήπω
1499 3840 1698 3911 προελ-

153 3943 239 3998 θὼν
262 3950 334 4012 είς
372 3950 464 4001 τὸν
513 3946 628 4017 βίον
671 3945 896 3997 ἀπέτισε
930 3941 1108 4004 δίκας.
1150 3939 1223 3992 Τὸ
1254 3938 1446 4000 πάθος,
1477 3934 1642 4005 φησὶν
1674 3934 1702 3986 6

151 4036 366 4108 Χριστὸς,
391 4038 490 4093 τοῦ
523 4035 726 4104 τυφλοῦ
759 4035 855 4105 οὐχ
885 4031 1297 4102 ἁμαρτημάτων
1325 4029 1472 4080 ἐστὶν
1497 4024 1704 4078 ἀντίδο-

153 4143 236 4193 σις,
281 4131 387 4184 ἀλλ’
443 4129 734 4199 ὲτοιμασία
793 4124 1092 4198 μελλούσης
1133 4121 1446 4190 οἰκονομίας
1476 4118 1612 4171 ἄλλα
1647 4138 1703 4171 τε

151 4219 576 4293 διαπραττούσης,
614 4222 708 4276 καὶ
751 4221 900 4281 ὅπως
935 4219 962 4270 ὁ
1011 4215 1250 4284 Κτίστης
1277 4212 1385 4265 τῶν
1409 4213 1542 4264 ὅλων
1571 4227 1668 4277 μετ

151 4313 231 4381 τὴν
259 4314 472 4386 πρώτην
503 4313 723 4384 ποίησιν
757 4310 890 4382 εὕρῃ
924 4311 1016 4363 καὶ
1048 4307 1141 4362 νῦν
1166 4303 1258 4360 τοῦ
1288 4306 1309 4338 ⁵
1350 4301 1701 4372 δημιουργεῐι

151 4403 391 4476 ἀφορμὰς,
425 4409 492 4460 ὲκ
513 4406 569 4458 δὲ
606 4404 715 4458 τῶν
747 4401 988 4474 μερικῶν
1014 4398 1200 4453 καὶτὰ
1237 4388 1706 4450 καθόλουπιστώ-

151 4512 306 4566 σηται.
375 4497 689 4568 ’Δνθρώπου
737 4496 925 4566 μέρος,
959 4494 1051 4547 καὶ
1085 4492 1249 4562 μέρος
1281 4489 1340 4542 τὸ
1389 4487 1692 4547 κάλλιστον,

1805 4483 2136 4542 ostenditur.

150 4592 232 4644 οὐκ
281 4594 342 4647 ἂν
389 4594 644 4663 ἐποίησεν
694 4590 880 4651 ἄλλος,
947 4587 1102 4657 εἰμὴ
1155 4601 1218 4652 γε
1263 4585 1290 4636 6
1321 4581 1420 4651 τῆς
1480 4578 1700 4651 πρώτης

153 4685 301 4756 ἀρχῆς
329 4687 420 4740 τοῦ
475 4687 670 4755 γένους
708 4682 806 4754 τὴν
836 4677 1197 4750 δημιουργίαν
1239 4671 1699 4742 ἐπιδεδειγμένος.

163 4773 234 4828 Ἐν
269 4777 326 4850 δὴ
366 4777 444 4848 τῷ
487 4772 753 4847 ὀφθαλμῷ
800 4770 994 4843 μικροῦ
1052 4770 1072 4800 ⁶
1130 4765 1320 4838 μορίου
1371 4763 1464 4818 καὶ
1512 4762 1706 4832 μέλους

158 4872 443 4940 περιγραφῇ
469 4869 568 4938 τὴν
600 4864 1006 4933 παντοδύναμον
1038 4860 1130 4914 καί
1156 4857 1408 4927 ποικίλην
1431 4855 1524 4908 τοῦ
1569 4851 1704 4906 Θεοῦ

159 4961 320 5026 σοφίαν
367 4964 480 5016 ἔστι
547 4958 902 5029 κατόψεσθαι,
957 4957 1228 5023 τοσαύτην
1294 4944 1706 5015 ἐπιδειξαμένου

158 5049 235 5118 τὴν
261 5054 567 5124 φιλοτιμίαν
598 5053 695 5121 τῆς
727 5051 942 5120 τέχνης.
997 5046 1224 5116 Πρῶτον
1264 5043 1362 5113 μὲν
1399 5039 1509 5108 γὰρ
1560 5034 1710 5105 αύτῷ

163 5139 294 5210 Χάρις
317 5162 396 5208 τις
425 5144 766 5214 ὲπικέχυται,
802 5141 897 5194 καὶ
947 5138 1096 5192 ἐστιν
1141 5132 1500 5195 ἁπαλώτατός
1525 5149 1584 5184 τε
1619 5131 1712 5184 καὶ

163 5230 391 5302 ἄσαρκος,
425 5237 496 5300 ὡς
516 5236 582 5290 ἂν
611 5235 754 5288 εἴποι
785 5251 890 5296 τις,
923 5234 980 5284 ὲν
1016 5229 1094 5300 τῷ
1119 5225 1378 5299 τρυφερῷ
1410 5224 1471 5277 τὺ
1495 5223 1714 5294 στερεὸν

164 5317 278 5389 ἒχων
331 5326 424 5378 καὶ
484 5328 541 5378 ὲν
593 5324 670 5395 τῷ
729 5321 957 5393 μαλακῷ
1004 5320 1065 5374 τὸ
1129 5317 1516 5388 διατεταμένον
1546 5330 1560 5345 ⁸
1628 5335 1659 5370 κ

164 5413 410 5480 mmihi;
453 5417 754 5489 διήνθισται
792 5417 914 5478 ταῖς
962 5413 1174 5483 χρόαις.
1242 5410 1316 5462 Τὸ
1354 5408 1485 5476 γοῦν
1546 5407 1651 5477 μέε

165 5502 307 5559 αὑτοῦ
328 5509 426 5578 τὴν
455 5508 805 5580 περιγραφὴν
831 5508 943 5578 ἔχει
972 5506 1066 5559 τοῦ
1094 5503 1347 5576 μέλανος,
1385 5501 1479 5556 καί⁹
1511 5499 1714 5565 ταύτην

1790 1890 2044 1945 diebatur
2072 1930 2086 1953 ,
2137 1897 2191 1940 et
2229 1884 2456 1939 verbum
2499 1880 2796 1943 monebat,
2849 1887 2904 1931 et
2950 1875 3131 1930 futura
3181 1889 3372 1928 secure

1793 1981 2189 2038 denuntiabat:
2248 1986 2302 2032 et
2352 1981 2568 2045 oportet
2601 1972 2846 2026 homines
2893 1976 3073 2023 mente
3118 1965 3372 2036 praeditos

1788 2091 1856 2132 ex
1902 2072 2005 2128 hac
2055 2063 2232 2125 rerum
2290 2066 2602 2138 cognitione
2630 2062 2818 2117 faciem
2852 2073 3201 2129 cognoscere.
3255 2053 3374 2135 Sa_l-

1791 2176 1951 2224 vator
2005 2181 2136 2222 vero
2193 2163 2385 2218 videns
2435 2171 2636 2214 caecum
2675 2153 2846 2218 stetit,
2877 2160 2931 2206 et
2966 2151 3031 2205 ad
3069 2147 3372 2204 sanandum

1791 2267 2015 2332 paratus
2064 2256 2166 2310 fuit
2209 2260 2326 2307 arte
2373 2250 2556 2306 divina
2595 2261 2758 2316 supra
2806 2243 3086 2298 hominum
3127 2250 3370 2310 captum.

1796 2349 2062 2407 Medicina
2102 2347 2245 2402 enim
2281 2353 2334 2399 et
2365 2356 2547 2397 sermo
2571 2379 2586 2405 ,
2617 2340 2684 2394 de
2711 2337 2900 2393 eadem
2945 2335 3059 2405 ipsa
3102 2349 3158 2388 re
3195 2332 3376 2387 consi-

1800 2445 2141 2499 derationem
2184 2435 2502 2492 morborum
2537 2432 2648 2487 illis
2690 2431 2973 2500 pr0ponit,
3014 2429 3104 2498 qui
3155 2425 3375 2488 morbi,

1803 2541 2096 2608 postquam
2130 2540 2326 2587 natura
2369 2525 2558 2581 foetum
2592 2521 2940 2584 formaverit,
2993 2520 3044 2572 in
3091 2518 3378 2585 lucemque

1799 2625 2158 2700 produxerit,
2216 2635 2347 2676 casu
2388 2616 2570 2686 aliquo
2612 2612 2830 2668 evenire
2879 2609 3101 2674 solent,
3145 2606 3238 2661 sed
3283 2605 3375 2674 qui

1805 2720 2022 2791 corpori
2052 2719 2428 2774 adnascuntur
2459 2707 2595 2764 ηαξνί
2623 2745 2637 2771 ,
2692 2717 2881 2759 eorum
2912 2699 3237 2755 medicinam
3269 2709 3378 2749 non

1800 2787 2085 2878 ostendit,
2126 2823 2303 2880 neque
2333 2810 2577 2861 omnium
2605 2801 2695 2872 qui
2733 2803 2856 2868 post
2893 2793 3230 2861 contingunt.
3271 2787 3380 2844 Ne-

1803 2925 1912 2981 que
1957 2905 2101 2963 cnim
2150 2898 2387 2958 mutilati
2423 2894 2669 2964 corporis
2724 2888 2969 2944 membra
3021 2890 3218 2947 sanat,
3280 2894 3383 2933 nec

1809 2973 1954 3059 aliud
1996 2999 2140 3072 quid,
2158 2995 2338 3052 simile
2357 2990 2662 3049 curandum
2691 2983 2941 3052 suscipit.
2982 2978 3160 3044 Quare
3225 2973 3387 3028 disci-

1804 3095 1916 3166 puli
1960 3085 2441 3148 commiseratioue
2485 3079 2654 3144 moti,
2704 3085 2758 3132 et
2808 3073 3056 3129 videntes
3107 3066 3381 3123 hominem

1804 3185 2171 3263 pulcherrima
2203 3177 2401 3254 505a
2441 3177 2564 3232 luce
2588 3187 2696 3228 non
2748 3166 3076 3241 perfruitum
3099 3202 3115 3228 ,
3158 3175 3383 3217 causam

1801 3296 2084 3357 rogarunt,
2115 3295 2213 3336 nec
2244 3275 2538 3348 prudenter
2565 3269 2992 3335 interrogarunt.
3021 3257 3208 3326 Neque
3236 3255 3381 3308 extim

1802 3395 1899 3451 pro
1932 3377 2180 3450 patribus
2218 3369 2424 3426 nullius
2460 3363 2633 3431 culpae
2658 3372 2786 3414 reus
2815 3354 2959 3408 lilius
2989 3348 3387 3406 condemnatus

1803 3481 1887 3528 est
1910 3513 1924 3534 ,
1953 3484 2056 3524 nec
2082 3477 2306 3522 suorum
2331 3464 2681 3531 peccatorum
2704 3491 2719 3516 ,
2748 3449 3070 3520 priusquam
3118 3441 3171 3494 in
3208 3439 3384 3492 lucem

1803 3565 2034 3638 prodeat
2062 3600 2078 3626 ,
2115 3571 2307 3630 poenas
2332 3551 2500 3609 dedit.
2537 3544 2764 3603 Caecitas
2787 3580 2805 3610 ,
2859 3536 3243 3597 aitChristus,
3276 3545 3387 3585 non

1803 3621 2028 3728 prepter
2064 3621 2284 3720 peccata
2328 3640 2559 3703 accidit,
2607 3636 2702 3691 sed
2755 3627 3084 3703 praeparatio
3126 3633 3209 3680 est
3253 3621 3390 3676 alte-

1804 3717 1927 3805 rius
1952 3717 2382 3814 dispensationis
2423 3735 2534 3788 alio
2585 3725 2857 3785 tendentis
2883 3763 2899 3790 ,
2953 3731 3120 3790 utque
3163 3717 3391 3770 Creator

1805 3842 2188 3897 universorum
2236 3840 2362 3904 post
2395 3827 2628 3898 primam
2656 3819 2995 3876 creationem
3046 3808 3294 3865 inveniat
3337 3815 3392 3860 et

1799 3933 1911 4000 jam
1950 3925 2297 3983 occasionem
2330 3916 2591 3981 creandi,
2641 3921 2807 3982 atque
2848 3904 3080 3977 singulis
3128 3899 3388 3955 universa

1808 4015 2119 4075 conﬁrmet.
2154 4011 2371 4065 Partem
2397 4002 2672 4068 hominis,
2729 4007 2783 4052 et
2829 4003 3038 4066 partem
3085 3983 3397 4061 pulcherri-

1809 4125 1955 4169 mam
2001 4121 2110 4161 non
2145 4103 2270 4158 fecit
2304 4100 2467 4162 alius,
2513 4095 2618 4150 nisi
2651 4092 2743 4163 qui
2785 4087 2949 4160 primi
2990 4083 3128 4139 initii
3179 4077 3396 4150 generis

1806 4201 2143 4260 creationem
2174 4188 2588 4258 demonstravit.
2630 4187 2688 4241 ln
2737 4182 2899 4237 oculo
2929 4176 3111 4246 exigui
3139 4167 3396 4229 membri.

1811 4408 1917 4465 que
1944 4389 2038 4445 Dei
2067 4382 2392 4457 sapientiam
2419 4379 2544 4432 licet
2569 4373 2772 4433 videre,
2808 4369 2861 4422 in
2891 4380 2998 4436 qua
3024 4372 3230 4416 tantum
3265 4357 3399 4411 artis

2193 4476 2439 4531 Primum
2475 4467 2692 4542 quidem
2732 4467 2993 4516 venustas
3029 4453 3274 4525 quaedam
3324 4449 3400 4502 illi

1806 4577 1978 4634 indita
2008 4615 2022 4640 ,
2047 4585 2099 4627 et
2125 4540 2637 4624 mollissimusﬁest,
2665 4563 2719 4609 et
2749 4553 2865 4608 sine
2896 4562 3065 4603 carne
3091 4565 3104 4600 :
3153 4551 3207 4599 et
3241 4550 3301 4595 ut
3327 4540 3399 4594 ita

1807 4631 2094 4728 dicam,'in
2123 4659 2360 4715 delicato
2393 4651 2639 4707 membro
2671 4642 2916 4700 soliditas
2947 4647 3054 4703 est,
3087 4644 3140 4690 et
3168 4635 3223 4688 in
3253 4631 3399 4685 molli
3495 4653 3501 4659 ’

1809 4762 1944 4818 ordo
1974 4757 2145 4813 variis
2172 4749 2448 4808 coloribus
2473 4737 2824 4810 distinguitur
2855 4774 2869 4788 .
2894 4730 3070 4787 Media
3101 4727 3244 4782 enim
3281 4736 3407 4792 pars

1811 4857 1964 4924 nigra
1991 4861 2073 4907 est
2101 4891 2114 4914 ,
2153 4858 2204 4902 et
2230 4846 2319 4900 illa
2347 4856 2453 4897 non
2483 4847 2594 4893 tota
2626 4833 2789 4888 unius
2825 4822 3022 4898 speciei
3049 4862 3064 4888 ,
3100 4817 3196 4874 sed
3233 4812 3406 4869 variis

1813 4914 2036 5001 circulis
2083 4938 2338 5007 colligata
2383 4938 2487 4986 est.
2531 4925 2769 4980 Medium
2816 4921 2994 4988 ipsum
3048 4918 3101 4988 et
3155 4914 3404 4962 centrum

1815 5033 2152 5109 profundum
2220 5039 2346 5094 est,
2417 5021 2657 5079 ambitus
2723 5011 3066 5067 extrinsecus
3117 4998 3322 5058 desinit
3350 4997 3405 5050 in

2777 5105 2820 5109 —-
3072 5106 3077 5109 .
3247 5089 3401 5109 η-.-

1816 5089 2052 5188 60lorem
2126 5089 2343 5178 ﬂavum
2401 5133 2468 5174 ex
2539 5119 2712 5186 parte.
2777 5105 2936 5160 Hunc
2994 5106 3149 5154 extra
3212 5089 3408 5146 albedo

1818 5184 2104 5297 splendida
2131 5229 2184 5273 et
2207 5214 2393 5286 lucida
2427 5184 2632 5272 ambit,
2675 5218 2785 5258 non
2814 5197 2984 5255 solam
3020 5184 3404 5297 habens'albc-

1824 5277 2002 5372 dinem
2029 5350 2044 5375 ,
2085 5308 2179 5364 sed
2207 5277 2264 5360 in
2317 5304 2486 5358 vitrea
2528 5296 2762 5368 quadam
2795 5333 2808 5355 ,
2852 5283 3199 5350 radiantique
3233 5277 3405 5331 forma

1819 5367 2045 5463 iactam:
2097 5398 2326 5456 Rubedo
2374 5393 2439 5449 ad
2494 5367 2756 5462 pupillam
2802 5383 2978 5452 jacet,
3028 5383 3089 5428 ut
3137 5367 3404 5441 nigredini

1824 5508 2167 5556 venustatem
2196 5494 2443 5550 adderet.
2483 5484 2683 5540 Adhtec
2725 5477 2859 5532 adeo
2899 5467 3206 5543 pellucidus
3239 5471 3320 5518 est
3355 5467 3410 5513 et

1425 5647 1662 5703 VARUS
1719 5641 2128 5704 LECTIONES.

230 5772 269 5847 ’ξ
301 5774 580 5847 αρτῖινίίω.
609 5775 700 5826 τὸν
723 5775 913 5847 αὑτὸν.
997 5775 1008 5805 ⁸
1046 5773 1346 5828 ἐϐλάπτετο
1373 5787 1453 5842 pr.
1487 5772 1550 5824 Α.
1629 5773 1647 5801 ¹
1670 5767 1874 5838 Μωσῆν
1909 5783 1966 5830 ς.
2048 5764 2066 5794 ³
2112 5778 2150 5831 μ

175 5842 281 5895 add.
321 5845 384 5898 Α.
455 5842 473 5875 ί
504 5849 674 5918 μικρᾷ
707 5845 746 5894 Α

2153 5753 2333 5828 ’qadd.
2367 5752 2429 5806 Α.
2509 5733 3098 5815 ⁸ἡκρωτηριασμένους
3126 5727 3186 5783 Β.
3261 5725 3282 5757 ⁸
3315 5718 3410 5774 τοῦ
