4020 6436
580 364 690 432 919

1745 360 1975 423 ΡΗΟΤΙ
1985 360 2012 421 Ι
2017 358 2023 363 ’
2040 356 2549 422 PATRIARCH/E
2588 364 2698 425 ΟΡ.

3756 377 3874 443 220

578 483 749 537 lzevus
782 478 837 533 in
870 476 1256 548 spissitudine,
1292 484 1355 532 ut
1398 489 1580 532 rerum
1617 476 1920 532 vicinarum
1956 474 2167 529 formas

2272 472 2329 526 ού
2359 473 2532 528 διόλου
2560 476 2807 549 μονοειδῆ
2838 479 2972 534 ἀλλά
3014 482 3279 549 ποικίλοις
3300 485 3413 540 τισὶ
3469 486 3696 553 κύκλοις
3730 506 3876 544 συν-

579 572 878 642 suscipiat,
906 579 960 625 et
985 577 1244 639 tanquam
1269 568 1551 639 speculum
1582 568 1855 639 quoddam
1884 568 2162 639 egregium

578 666 930 722 characteres
971 669 1324 732 reprzescntet
1367 680 1380 716 :
1432 671 1486 716 et
1523 660 1715 716 circuli
1757 660 2000 716 medium
2042 661 2164 715 ideo

582 759 749 830 κόρη,
783 758 888 812 hoc
912 765 996 812 est
1026 755 1228 825 pupilla
1257 763 1506 817 vocatur,
1538 755 1663 824 quia
1692 768 1909 823 semper
1931 752 2162 807 formam

578 866 648 905 ex
687 850 918 904 adverso
979 847 1182 901 videnti
1217 846 1512 900 humanam
1580 844 1842 901 ostendit.
1902 845 2165 901 Homines

579 944 725 998 enim
760 950 953 997 mutuo
1000 956 1059 996 se
1104 940 1456 1011 inspicientes
1484 978 1500 1005 ,
1550 947 1739 993 mutua
1788 937 1893 993 sibi
1946 940 2165 1009 specula

582 1039 738 1095 ﬁunt.
764 1037 947 1105 Quare
991 1036 1185 1091 oculus
1230 1036 1284 1089 in
1330 1036 1601 1091 creaturis
1634 1034 1997 1090 admiratione
2033 1048 2167 1089 sane

580 1128 782 1199 dignus
808 1137 911 1182 est.
936 1125 1036 1181 llic
1066 1136 1121 1182 et
1151 1127 1319 1181 Deum
1347 1127 1479 1181 mihi
1507 1128 1914 1196 interpretatur,
1946 1139 2164 1179 omnem

582 1235 919 1293 cognoscens
968 1230 1276 1276 creaturam
1304 1260 1320 1281 ,
1366 1230 1421 1274 et
1474 1235 1570 1290 per
1619 1220 1789 1290 ipsam
1845 1217 2165 1274 Creatorem

578 1310 845 1377 ostendit',
878 1319 932 1366 et
958 1326 991 1367 e
1013 1310 1325 1366 visibilibus
1359 1310 1557 1365 animae
1586 1310 1879 1365 invisibilia
1909 1308 2166 1379 explicat.

578 1406 684 1460 Per
720 1405 867 1460 hunc
901 1419 1024 1459 cum
1060 1404 1164 1458 alia
1201 1405 1377 1462 multa
1424 1403 1662 1457 intellexi
1696 1444 1711 1468 ,
1755 1412 1869 1458 tum
1920 1402 2164 1458 colorum

578 1497 897 1552 varietatem
941 1505 997 1551 et
1050 1494 1245 1567 505.6
1297 1495 1645 1550 tenebrarum
1685 1495 1973 1565 caliginem
2002 1533 2019 1558 ,
2051 1502 2165 1549 tum

577 1590 818 1660 denique
838 1590 979 1643 lucis
1006 1589 1374 1658 splendorem.
1403 1586 1558 1653 Quod
1587 1588 1631 1643 si
1652 1587 1846 1643 oculus
1866 1602 1976 1641 non
1999 1594 2165 1652 esset,

578 1683 701 1738 sine
736 1690 874 1737 teste
901 1688 1149 1736 creatura
1191 1688 1538 1744 senesceret,
1574 1680 1793 1734 nemine
1823 1678 2040 1733 vidente
2074 1678 2166 1733 Dei

2269 565 2584 638 δεδεμένην,
2635 568 2732 623 τοῦ
2777 572 3004 647 κέντρου
3069 574 3168 645 μὲν
3194 576 3361 632 αὐτοῦ
3422 580 3519 633 καὶ
3587 582 3761 651 μέσου
3810 583 3879 636 τδ

2269 657 2567 730 βαθύτερον
2596 659 2831 731 ἔχοντος,
2861 664 2958 734 τῆς
2983 665 3040 719 δὲ
3072 666 3322 739 ἐξωτέρω
3346 672 3702 743 περιφερείας
3728 675 3880 743 πρὸς

2266 748 2369 820 τὴν
2400 747 2730 823 ξανθοτέραν
2753 755 2773 786 τ
2816 756 2958 809 κατὰ
2994 757 3159 827 μέρος
3206 762 3593 836 ἁποληγούσης
3656 765 3873 834 βαφήν.

2272 844 2493 915 Ταύτην
2548 848 2751 915 ἔξωθεν
2819 851 2878 905 τὸ
2900 852 3093 907 λευκὸν
3150 855 3541 927 περιϐέϐληται
3600 855 3873 910 στιλπνὸν

2270 937 2365 990 καὶ
2400 936 2642 1006 διαυγὲς,
2680 940 2783 994 ούκ
2831 941 3073 1015 ἄκρατον
3098 944 3222 1015 ἕχον
3249 946 3348 1015 τὴν
3384 946 3716 1016 λευκότητα,
3744 946 3873 1000 ἀλλ’

2268 1030 2327 1082 ὲν
2364 1030 2806 1101 κρυσταλλοειδεῖ
2844 1050 2953 1088 τινι
3000 1036 3095 1090 κα)⁵
3149 1037 3515 1111 διαυγαζούση
3556 1037 3580 1069 ³
3621 1057 3882 1093 πεποιω-

2271 1120 2419 1193 μένῳ
2444 1122 2465 1153 ⁵
2496 1124 2562 1193 τῇ
2580 1126 2761 1195 μορφῇ
2778 1125 2839 1178 τὸ
2864 1127 3096 1198 ἐρυθρὸν
3126 1132 3304 1184 κεῖται
3354 1132 3485 1200 περὶ
3510 1131 3609 1202 τὴν
3664 1132 3878 1201 κόρην,

2270 1215 2359 1268 ἵνα
2384 1214 2464 1286 τῷ
2498 1216 2679 1286 λευκῷ
2729 1218 2772 1248 ¹⁰
2824 1219 2918 1272 καὶ
2955 1218 3032 1289 τῷ
3064 1219 3256 1289 μέλανι
3290 1222 3504 1296 κεράσῃ
3536 1223 3636 1294 τὴν
3670 1224 3875 1294 χάριν.

2280 1305 2404 1358 Ἐπὶ
2459 1304 2670 1369 τούτοις
2695 1305 2869 1370 οὕτως
2939 1309 3056 1362 ἐστὶ
3081 1310 3312 1382 διαυγὴς
3378 1314 3474 1366 καὶ
3493 1313 3635 1376 λεῖος
3684 1314 3748 1367 ὲν
3808 1315 3878 1383 τῇ

2270 1398 2568 1467 πυκνότητι
2597 1397 2738 1451 ὥστε
2761 1400 2855 1451 καὶ
2876 1398 2974 1463 τὰς
3004 1401 3113 1455 τῶν
3140 1403 3467 1471 ἐγγιζόντων
3492 1402 3880 1458 εἰδωλοποιεῖν

2272 1492 2486 1561 μορφὰς
2528 1491 2621 1545 καὶ
2658 1492 2822 1544 οίονεὶ
2856 1492 3164 1565 κάτοπτρον
3210 1496 3437 1567 ἀκριϐὲς
3492 1496 3881 1550 ὲντυποῧσθαι

2273 1584 2400 1647 τοὺς
2426 1584 2809 1655 χαρακτῆρας.
2872 1584 2983 1638 Καὶ
3020 1587 3081 1640 τὸ
3141 1587 3305 1658 μέσον
3358 1587 3454 1641 τοῦ
3517 1588 3727 1641 κύκλου
3786 1586 3882 1639 διὰ

2270 1674 2429 1727 τοῦτο
2480 1676 2926 1747 προσηγόρευται
2963 1676 3121 1747 κόρη.
3158 1677 3235 1742 ὡς
3269 1679 3357 1733 ἀεὶ
3388 1679 3487 1751 τὴν
3513 1679 3744 1750 μορφὴν
3800 1676 3884 1747 τῷ

580 1773 907 1842 sapientiam
934 1810 952 1835 ,
994 1781 1048 1825 et
1072 1770 1327 1825 virtutem
1374 1769 1429 1823 in
1469 1769 1561 1825 illa
1603 1779 1899 1825 servatam.
1937 1766 2166 1838 Propter

2272 1769 2392 1820 κατ’
2442 1767 2669 1837 ἀντικρὺ
2728 1768 2980 1837 βλέποντι
3028 1768 3425 1840 παραδεικνύον
3477 1770 3877 1841 ἀνθρωπίνην·

579 1860 686 1915 hoc
716 1859 881 1930 igitur
914 1858 1295 1914 admirandum
1330 1859 1616 1915 oculorum
1648 1858 1965 1930 opificium,
1997 1858 2161 1914 etiam

2272 1861 2347 1923 είς
2391 1859 2651 1931 ἀλλήλους
2684 1861 2817 1929 γοῦν
2847 1861 2898 1915 οἱ
2950 1860 3228 1933 ἄνθρωποι
3271 1862 3564 1932 βλέποντες
3610 1861 3883 1932 ἀλλήλων

576 1968 757 2016 nunc,
792 1968 892 2023 pro
925 1968 982 2007 re
1025 1962 1153 2007 nata
1175 1992 1190 2016 ,
1226 1953 1378 2008 visus
1409 1962 1495 2008 est
1523 1954 1842 2018 restitutus,
1878 1964 1939 2008 ut
1960 1953 2165 2022 cogita-

580 2045 758 2098 tiones
788 2058 979 2113 parum
1003 2043 1257 2100 decentes
1272 2044 1340 2099 de
1358 2042 1671 2116 Unigenito,
1695 2060 1833 2115 quas
1857 2045 2016 2101 nobis
2035 2059 2165 2100 caro

580 2134 940 2206 ingeneravit,
957 2137 1319 2207 repellamus:
1348 2145 1404 2192 et
1434 2126 1807 2208 magnitudine
1829 2152 2019 2193 eorum
2044 2151 2167 2207 quae

578 2227 723 2284 facta
753 2239 902 2296 sunt,
932 2230 1099 2285 animi
1126 2230 1394 2300 ahjectam
1417 2246 1636 2287 omnem
1660 2247 1725 2286 ac
1750 2231 1909 2286 vilem
1947 2230 2165 2301 opinio—

580 2337 705 2377 nem
730 2322 1090 2392 deponentes,
1120 2339 1521 2394 cognoscamus
1552 2325 1717 2381 ilctile
1739 2340 1804 2381 ac
1836 2326 2040 2382 luteum
2071 2340 2167 2382 vas

578 2416 801 2471 beatum
846 2417 1069 2481 lumen,
1123 2432 1190 2474 ac
1234 2418 1539 2473 divinitatis
1583 2419 1931 2489 splendorem
1978 2434 2168 2476 susce-

577 2507 751 2579 pisse,
784 2507 930 2563 unde
970 2507 1061 2563 lux
1093 2508 1287 2571 nobis.
1326 2517 1585 2578 tanquam
1622 2524 1653 2563 e
1692 2509 1955 2575 lucernis,
1991 2509 2168 2564 admi-

578 2598 866 2654 nistretur.
895 2598 1164 2654 Dominus
1192 2614 1322 2654 vero
1354 2615 1499 2655 nunc
1533 2599 1859 2655 medicinam
1893 2599 2024 2655 facit
2058 2615 2165 2655 non

578 2690 756 2747 solum
784 2692 981 2759 verbo,
1024 2704 1085 2746 ut
1120 2692 1255 2747 alias
1285 2691 1488 2761 passim
1520 2731 1535 2756 ,
1580 2691 1675 2747 sed
1706 2702 1760 2748 et
1790 2707 1886 2747 ore
1909 2733 1925 2754 ,
1955 2708 2118 2748 manu
2150 2732 2166 2760 ,

578 2783 797 2854 aliaque
822 2785 1190 2854 providentia,
1219 2796 1277 2841 ut
1304 2803 1401 2856 per
1428 2788 1699 2857 plurimas
1731 2804 1820 2845 res
1850 2791 2008 2844 fidem
2042 2790 2169 2846 inii-

579 2875 799 2931 delibus
828 2876 1062 2931 inderet.
1105 2875 1265 2948 Spuit
1287 2921 1302 2944 ,
1332 2887 1387 2933 et
1415 2880 1591 2934 lutum
1624 2879 1751 2935 facit
1777 2921 1794 2948 ,
1825 2890 1970 2936 terra
2002 2881 2170 2937 simul

582 2980 759 3031 usus,
815 2976 870 3019 ut
924 2966 1068 3020 unde
1109 2975 1280 3023 totum
1326 2967 1532 3024 animal
1569 2970 1640 3025 ab
1679 2970 1836 3026 initio
1880 2971 2168 3039 condidit,

580 3054 710 3109 inde
747 3052 801 3110 et
836 3065 1021 3125 partes
1058 3056 1175 3125 ejus
1217 3058 1462 3129 singulas
1506 3059 1681 3116 factas
1714 3076 1837 3117 esse
1874 3064 2168 3131 ostendat;

2267 1954 2509 2023 γίνονται
2534 1954 2837 2025 κάτοπτρα.
2889 1953 3055 2027 [1505
3080 1955 3172 2027 [1.]
3206 1957 3495 2027 Θαύματος
3514 1956 3609 2010 οὖν
3646 1958 3686 1988 ¹¹
3715 1955 3884 2020 ἄξιος

2271 2047 2330 2099 ὲν
2351 2048 2463 2109 τοῖς
2517 2045 2864 2117 κτίσμασινὸ
2893 2047 3196 2118 ὀφθαλμός.
3259 2043 3429 2113 Οὗτος
3474 2050 3570 2104 καὶ
3590 2048 3732 2103 Θεόν
3781 2066 3882 2120 μοι

2268 2141 2635 2214 διερμηνεύει,
2691 2141 2872 2195 πᾶσαν
2912 2140 3347 2211 καταμανθάνων
3398 2142 3498 2212 τὴν
3546 2142 3733 2195 κτίσιν
3779 2141 3882 2195 καὶ

2267 2238 2334 2292 δι’
2358 2238 2527 2308 αὐτῆς
2556 2236 2647 2291 τὸν
2674 2235 2926 2306 τεχνίτην
2974 2233 3282 2298 ἐπιδεικνὺς
3311 2235 3404 2287 καὶ
3437 2236 3500 2288 ἐκ
3554 2235 3666 2289 τῶν
3721 2236 3884 2303 ὁρω-

2272 2331 2449 2402 μένων
2474 2328 2795 2401 ἑρμηνεύων
2822 2331 2888 2400 τῇ
2935 2326 3083 2399 ψυχῇ
3114 2327 3184 2381 τά
3236 2327 3469 2395 ἀόρατα.
3511 2326 3610 2379 Διὰ
3672 2322 3885 2378 τοῦτον

2268 2422 2403 2478 Ιὶλλα
2441 2439 2501 2475 τε
2540 2420 2639 2491 τῆς
2678 2418 2908 2482 κτίσεως
2941 2416 3163 2487 ἔμαθον,
3227 2415 3326 2470 καλ⁸
3381 2416 3694 2486 χρωμάτων
3749 2430 3886 2468 ποι-

2269 2516 2427 2587 κίλην
2458 2514 2636 2585 βαφὴν
2666 2512 2893 2574 σκότους
2944 2527 3006 2563 τε
3058 2509 3358 2580 κατήφειαν
3393 2507 3490 2561 καὶ
3517 2506 3700 2578 φωτὸς
3730 2505 3883 2575 λαμ-

2271 2607 2498 2678 πηδόνα.
2538 2604 2666 2678 [822
2700 2602 2794 2675 11.]
2832 2602 2921 2666 Ὧς
2954 2601 3009 2655 εί
3044 2618 3107 2669 γε
3142 2600 3419 2671 ὀφθαλμὸς
3467 2598 3543 2670 μὴ
3600 2598 3645 2630 ’⁸
3680 2596 3883 2667 ὑπῆρ-

2269 2717 2386 2771 χεν,
2418 2697 2737 2770 ἀμάρτυρος
2775 2694 2843 2748 ἂν
2876 2695 2909 2763 ἡ
2944 2692 3119 2755 κτίσις
3173 2692 3466 2761 ἐγήρασεν,
3496 2688 3716 2751 οὐδενὸς
3734 2687 3884 2740 καθ-

2270 2792 2506 2863 ορῶντος
2539 2788 2639 2860 τὴν
2668 2789 2727 2842 ὲν
2751 2786 2888 2858 αὐτῇ
2914 2785 3230 2855 σωζομένην
3248 2784 3343 2838 τοῦ
3369 2783 3506 2837 Θεοῦ
3540 2782 3742 2850 σοφίαν
3779 2779 3883 2834 καὶ

2269 2884 2518 2952 δύναμιν.
2570 2882 2668 2935 Διὰ
2715 2878 2923 2949 ταύτην
2970 2878 3152 2932 τοίνυν
3210 2877 3311 2947 τὴν
3385 2874 3712 2945 θαυμαστὴν
3764 2873 3883 2926 τῶν

2271 2975 2449 3046 ὄψεων
2502 2970 2851 3041 κατασκευὴν
2906 2966 3183 3039 ὀφθαλμοὶ
3242 2967 3340 3019 καὶ
3384 2966 3480 3021 νῦν
3526 2964 3883 3034 ἐκτίσθησαν

2273 3064 2631 3134 αὐτοσχέδιοι,
2663 3063 2752 3116 ἶνα
2778 3060 2876 3125 τὰς
2907 3060 3310 3131 μικροπρεπεῖς
3329 3058 3538 3120 ἑννοίας
3556 3056 3659 3119 τὰς
3680 3056 3749 3108 ὲκ
3778 3054 3885 3123 τῆς

580 3145 753 3199 saliva
803 3146 1208 3207 demonstrans.
1242 3150 1444 3205 virtute
1487 3151 1602 3206 eris
1632 3151 1752 3222 ejus
1798 3168 1896 3223 per
1941 3154 2165 3209 verbum

2273 3157 2476 3231 σαρκὸς
2505 3153 2860 3224 ἐγγινομένας
2887 3153 3022 3221 ἡμῖν
3064 3148 3301 3220 περὶτοῦ
3354 3145 3702 3213 Μονογενοῦς
3732 3146 3887 3198 ἀπο-

581 3237 767 3292 omnia
800 3252 920 3293 esse
953 3237 1097 3294 facta
1131 3257 1146 3295 :
1205 3238 1369 3296 Verbo
1397 3245 1538 3297 enim
1569 3242 1785 3300 Domini
1818 3246 1934 3300 cali
1963 3247 2168 3317 ﬁrmati

579 3325 734 3381 ututi
768 3368 783 3395 ,
817 3338 923 3383 etc.
984 3328 1042 3384 Si
1068 3345 1199 3387 vero
1236 3341 1294 3387 et
1322 3332 1427 3388 hoc
1456 3334 1597 3389 scire
1628 3336 1785 3401 libet,
1820 3343 1882 3390 ut
1910 3337 2169 3393 detestari

582 3421 882 3477 assuefacit
925 3437 1023 3478 eos
1047 3463 1061 3489 ,
1104 3425 1198 3494 qui
1245 3426 1397 3481 illum
1425 3428 1589 3497 paulo
1626 3438 1751 3499 post
1787 3430 1965 3500 sputis
1994 3429 2171 3487 foeda-

583 3513 724 3568 liunt
768 3529 784 3567 :
832 3515 934 3571 etsi
983 3514 1322 3573 furiosorum
1375 3519 1602 3575 audacia
1645 3520 1823 3591 major
1871 3520 1975 3578 fuit
2020 3522 2170 3578 omni

580 3608 924 3677 providentia
950 3648 965 3674 ,
1004 3618 1059 3665 et
1086 3611 1447 3667 correctione.
1481 3612 1626 3669 Siloe
1655 3614 1888 3670 salutem
1926 3625 2169 3671 nostram

586 3714 684 3768 per
728 3715 900 3770 aquas
942 3702 1206 3770 inchoat,
1258 3719 1425 3773 quain
1469 3706 1617 3763 Siloe
1649 3707 1888 3762 emissus
1914 3708 2172 3763 omnibus

582 3790 833 3861 largitur.
863 3791 1020 3850 Tunc
1041 3795 1186 3849 enim
1215 3810 1343 3851 vere
1370 3796 1620 3853 videmus
1640 3838 1655 3863 ,
1695 3798 1915 3868 quando
1944 3800 2173 3872 mystica

586 3882 921 3938 mundamur
947 3900 1109 3955 aqua.
1142 3884 1287 3939 Nihil
1323 3889 1567 3956 ingratos
1599 3887 1818 3945 Judzeos
1856 3890 1922 3944 ad
1970 3891 2173 3946 intelli-

586 3976 823 4042 gendum
851 3978 1054 4044 traxit,
1091 3994 1195 4032 non
1227 3979 1480 4043 verbum,
1514 3996 1623 4033 non
1654 3996 1843 4051 opera,
1868 3997 1977 4036 non
2012 3984 2176 4037 mira-

584 4067 733 4130 cula,
770 4066 867 4121 sed
893 4071 1058 4123 etiam
1087 4069 1201 4124 haec
1229 4070 1345 4138 ipsa
1377 4086 1501 4139 qua:
1524 4072 1593 4127 ad
1625 4072 1853 4127 salutem
1885 4088 1979 4128 eos
2012 4089 2193 4129 γοοδ-τ

582 4156 737 4221 bant,
768 4159 1024 4215 omnibus
1054 4160 1233 4216 modis
1267 4161 1566 4217 obscurare
1604 4164 1918 4219 nitebantur
1939 4205 1955 4231 ,
1987 4166 2092 4222 etsi
2122 4166 2175 4221 in

582 4248 926 4303 contrarium
960 4250 1082 4308 illos
1136 4253 1346 4308 malitia
1374 4253 1694 4324 impelleret.
1723 4255 1995 4323 Quantum
2030 4257 2177 4312 enim

582 4351 695 4392 non
755 4339 1076 4408 credidere,
1122 4351 1177 4397 et
1213 4343 1608 4411 interrogando
1662 4344 1937 4407 invertere
1992 4348 2177 4403 omnia

580 4430 762 4484 conati
789 4440 938 4497 sunt,
963 4441 1115 4488 tanto
1139 4436 1312 4505 magis
1335 4437 1537 4493 veritas
1566 4436 1796 4493 invaluit
1821 4439 1995 4508 prima
2036 4441 2180 4509 ipso—

2272 3246 2513 3318 θώμεθα,
2536 3243 2630 3298 καὶ
2681 3244 2749 3314 τῇ
2809 3239 3185 3312 μεγαλουργίᾳ
3241 3236 3352 3291 τῶν
3408 3236 3715 3307 γινομένων
3780 3235 3886 3305 τῆς

2269 3337 2448 3408 ψυχῆς
2502 3336 2684 3387 πᾶσαν
2731 3330 3085 3394 ἐκϐάλλοντες
3137 3328 3403 3400 ταπεινὴν
3464 3326 3747 3397 ὑπόληψιν
3788 3328 3888 3381 καὶ

2272 3424 2614 3501 χαμαίζηλον
2652 3422 3008 3494 γνωρίσωμεν
3052 3422 3135 3474 ὅτι
3192 3420 3254 3473 τὸ
3300 3420 3577 3491 μακάριον
3624 3418 3749 3488 φῶς
3786 3419 3889 3471 καὶ

2273 3520 2473 3582 κάλλος
2528 3517 2627 3587 τῆς
2666 3516 2918 3585 θεότητος
2970 3514 3291 3583 όστράκινον
3354 3512 3549 3574 σκεῦος
3627 3510 3885 3576 ἐδέξατο,

2272 3610 2554 3668 διακονοῦν
2596 3610 2727 3679 ἡμῖν
2773 3607 2916 3660 κατὰ
2959 3607 3087 3668 τοὺς
3110 3605 3342 3675 λύχνους
3381 3605 3482 3674 τὴν
3514 3603 3882 3675 λαμπηδόνα.

2274 3704 2579 3774 Δύτουργεῖ
2605 3701 2663 3754 δὲ
2694 3699 2792 3771 τὴν
2824 3697 3120 3770 θεραπείαν
3151 3697 3179 3749 6
3211 3694 3416 3767 Κύριος
3453 3694 3549 3748 νῦν
3606 3695 3671 3747 οὺ
3730 3686 3888 3763 λόγῳ

2280 3797 2461 3868 μόνον,
2488 3792 2678 3863 ὥσπερ
2725 3789 2961 3861 ἀλλαχοῦ
3007 3787 3298 3858 πολλαχοῦ,
3344 3785 3484 3841 ἀλλὰ
3514 3786 3609 3840 καὶ
3641 3787 3887 3855 στόματι

2274 3888 2371 3944 καὶ
2393 3887 2537 3959 χειρὶ
2568 3886 2662 3938 καὶ
2688 3882 2821 3953 ἄλλῃ
2855 3880 3103 3951 προνοίᾳ,
3137 3879 3223 3932 ἵνα
3248 3879 3338 3933 διὰ
3360 3878 3573 3933 πολλῶν
3604 3878 3887 3949 πραγμά-

2275 3997 2385 4032 των
2411 3978 2510 4048 τὴν
2542 3976 2725 4029 πίστιν
2757 3975 2870 4037 τοῖς
2890 3972 3140 4034 ἀπίστοις
3174 3969 3563 4041 ἐνεργάσηται.
3618 3969 3797 4022 Πτύει
3828 3968 3888 4022 δὲ

2278 4072 2371 4125 καὶ
2402 4069 2570 4140 πηλὸν
2611 4069 2761 4121 ποιεῖ
2789 4068 2855 4136 τῇ
2899 4065 2998 4135 μὲν
3029 4066 3101 4135 γῇ
3130 4060 3540 4133 συγχρώμενος,
3578 4061 3646 4143 ἵν’
3674 4061 3809 4113 ὃθεν
3826 4062 3888 4112 τὸ

2278 4164 2399 4217 ὅλον
2427 4161 2549 4214 κατ’
2575 4160 2746 4231 ἀρχάς
2775 4155 3021 4226 ἐπλάσθη
3063 4154 3221 4220 ζῶον,
3266 4154 3362 4207 καὶ
3406 4152 3468 4206 τὸ
3522 4153 3693 4225 μέρος
3727 4151 3887 4224 δείξῃ

2279 4254 2667 4323 πλαττόμενον,
2700 4250 2870 4319 σιάλῳ
2897 4247 2953 4301 δὲ
2986 4246 3264 4317 παριστῶν
3296 4244 3370 4308 ὼς
3408 4247 3475 4315 τῇ
3517 4245 3753 4313 δυνάμει
3786 4244 3884 4295 τοῦ

2282 4347 2544 4415 στόματος
2569 4341 2733 4396 αὐτοῦ
2757 4343 2783 4393 6
2806 4340 2963 4409 λόγος
2986 4338 3163 4391 πάντα
3185 4336 3518 4406 κατώρθωσε
3545 4353 3557 4366 ·
3603 4334 3691 4401 Τῷ
3716 4339 3885 4405 λόγῳ

2280 4439 2389 4510 γὰρ
2415 4437 2633 4505 Κυρίου
2681 4437 2736 4488 οὶ
2780 4431 3025 4500 οὐρανοὶ
3054 4428 3545 4499 ἐστερεώθησαν,
3583 4431 3684 4482 καὶ
3727 4430 3879 4497 ἑξῆς.

580 4537 707 4577 rum
741 4526 1033 4581 curiositas
1066 4566 1082 4591 ,
1134 4542 1202 4581 an
1244 4529 1334 4583 hic
1384 4539 1530 4586 esset
1565 4531 1655 4586 ille
1687 4548 1896 4597 cmeus;
1932 4534 2168 4588 secunda

2278 4530 2341 4583 Εί
2392 4528 2566 4582 δὲκαὶ
2621 4524 2779 4578 τοῦτο
2832 4523 3063 4577 συνιδεῖν
3112 4521 3333 4585 ἐθέλοις,
3385 4520 3452 4573 ἵν’
3522 4520 3883 4573 εὐλαϐεῖσθαι

579 4629 649 4667 an
686 4630 715 4669 a
755 4616 1039 4673 nativitate
1080 4626 1280 4684 οωουεῖ
1309 4619 1545 4677 fuisset?
1598 4624 1675 4679 Ac
1726 4633 1952 4680 sanatus
1995 4638 2175 4679 caicus

580 4708 925 4765 Salvatorem
978 4722 1164 4782 aperta
1198 4728 1331 4769 voce
1364 4716 1623 4784 praedicat
1653 4757 1668 4781 ,
1707 4727 1761 4771 et
1786 4716 2176 4770 remuneratio-

577 4801 666 4856 nis
698 4801 819 4857 loco
851 4803 1251 4860 confessionem
1283 4805 1452 4860 dedit.
1500 4806 1915 4862 lncredulorum
1951 4815 2171 4876 patrum

576 4893 792 4949 similes
827 4893 941 4949 ﬁlii.
971 4893 1185 4950 Etenim
1219 4906 1475 4965 parentes
1503 4898 1666 4951 etiam
1712 4913 1743 4952 e
1798 4898 1940 4952 bello
1978 4910 2173 4967 praeter

575 5001 732 5056 spem
796 4988 1282 5049 servabantur,ct
1342 4988 1496 5043 danti
1551 4988 1781 5043 salutem
1840 5003 1948 5042 non
1979 4989 2169 5043 crede-

574 5079 713 5134 bant
756 5098 769 5134 :
811 5081 1196 5135 nutriebantur
1257 5079 1397 5135 cibis
1438 5090 1690 5153 naturam
1732 5079 2123 5146 superantibus
2152 5120 2165 5146 ,

577 5170 775 5244 505a
833 5182 887 5227 et
928 5172 1102 5242 magis
1149 5173 1346 5244 ingrati
1399 5181 1556 5227 erant
1621 5188 1785 5241 quam
1835 5172 2162 5228 esurientes.

580 5265 674 5320 Sic
713 5266 958 5321 hzeredes
1020 5277 1076 5321 et
1130 5281 1229 5321 vos
1266 5272 1483 5336 patrum
1542 5261 1994 5333 ingratitudinis,
2039 5266 2165 5337 qui-

577 5355 685 5410 bus
732 5367 818 5411 est
861 5372 1001 5427 opus
1047 5357 1420 5427 correptione,
1451 5372 1558 5413 non
1592 5357 1757 5427 virgae
1811 5373 2033 5423 nucem,
2069 5359 2163 5414 sed

576 5447 790 5505 ferrem.

649 5553 662 5590 ι
705 5541 846 5597 Psal.
884 5557 1056 5608 xxxii,
1079 5540 1133 5596 6.

2274 4619 2673 4693 παρασκευάσῃ
2730 4617 2855 4679 τοὺς
2912 4615 3205 4685 μέλλοντας
3256 4613 3455 4685 μικρὸν
3490 4612 3725 4685 ὕστερον
3765 4616 3883 4675 τοῖς

2273 4712 2587 4783 πτύσμασιν
2639 4709 2803 4762 αὐτὸν
2838 4706 3081 4779 ὑϐρίζειν
3108 4706 3171 4771 ³³,
3211 4707 3261 4757 εί
3296 4706 3389 4757 κα)⁸
3419 4705 3481 4757 τὸ
3520 4705 3633 4758 τῶν
3685 4722 3882 4775 μαινο-

2274 4803 2449 4875 μένων
2492 4802 2691 4872 θράσος
2758 4797 2941 4871 μείζον
2991 4792 3058 4868 ἦν
3114 4796 3209 4850 καὶ⁸
3256 4795 3515 4866 προνοίας
3566 4796 3755 4866 πάσης
3784 4797 3883 4848 καὶ

2270 4893 2630 4966 διορθώσεως.
2679 4891 2739 4944 '0
2774 4890 2832 4943 δὲ
2883 4887 3105 4957 Σιλωὰμ
3148 4886 3249 4956 τὴν
3302 4887 3369 4940 δι’
3416 4887 3613 4950 ὕδατος
3664 4891 3803 4958 ημῖν
3834 4890 3882 4919 ’δ

2281 4986 2557 5055 σωτηρίαν
2584 4979 3021 5054 προοιμιάζεται,
3058 4981 3125 5050 ἣν
3166 4980 3333 5031 πᾶσιν
3376 4978 3418 5009 ¹¹¹
3452 4979 3481 5031 6
3522 4978 3881 5048 ἀπεσταλμέ-

2276 5097 2363 5142 νοι,
2398 5076 2621 5145 Σιλωὰμ
2654 5073 2945 5145 ἐχαρίσατο
2978 5089 2991 5104 ·
3018 5071 3141 5123 τότε
3188 5071 3298 5141 γὰρ
3317 5069 3394 5134 ὡς
3421 5068 3644 5139 ἀληθῶς
3675 5069 3879 5140 βλέπο..

2278 5186 2397 5240 μεν,
2454 5169 2582 5220 ὅταν
2632 5164 2709 5235 τῷ
2755 5161 3001 5233 μυστικῷ
3034 5160 3419 5231 ζκαθαρθώμεν
3467 5158 3647 5214 ὕδατι.
3710 5160 3879 5213 Οὐδὲν

2273 5261 2399 5323 τοὺς
2449 5256 2775 5327 ἀγνώμονας
2832 5253 2928 5306 καὶ
2982 5251 3310 5322 ἀχαρίστους
3379 5251 3673 5317 Ἰουδαίους
3740 5249 3878 5322 ἦγεν

2270 5355 2351 5416 είς
2380 5348 2747 5419 συναίσθησιν,
2797 5345 2857 5399 ού
2916 5343 3104 5412 λόγος
3147 5343 3209 5396 ού
3252 5342 3471 5414 πρᾶξις,
3525 5343 3589 5396 ού
3626 5344 3878 5414 θαυματ-

2268 5443 2611 5516 ουργήματα.
2642 5436 2803 5491 Ἀλλά
2836 5434 2927 5488 καὶ
2972 5433 3113 5487 αὐτὰ
3175 5433 3348 5487 ταῦτα
3376 5434 3445 5489 τὰ
3465 5435 3507 5467 ιθ
3529 5436 3669 5506 πρὸς
3699 5452 3875 5505 cum“-

1881 5607 2123 5665 VABUE
2174 5600 2585 5662 LECTIONES.

651 5708 678 5780 ’ζ
702 5707 846 5762 κατὰ
893 5707 1058 5780 μέρος
1084 5706 1411 5780 ξανοοτέραν
1440 5726 1503 5780 ς’,
1532 5777 1543 5780 Α
1568 5708 1589 5740 ⁸
1621 5708 1940 5780 αύγαζούσῃ
1972 5724 2034 5771 ς.

2110 5706 2131 5736 ⁸
2162 5704 2530 5775 πεποιημένον
2563 5718 2622 5775 ς.

2733 5700 2774 5732 ¹⁰
2802 5697 2879 5767 τῷ
2911 5698 3088 5767 λευκῷ
3110 5697 3205 5767 καὶ
3233 5699 3359 5754 add.
3392 5696 3458 5753 Α.
3520 5766 3529 5767 7
3570 5695 3613 5727 ¹¹
3655 5712 3748 5749 ουν
3782 5695 3826 5767 Α.
3853 5706 3871 5744 ε

580 5777 714 5851 γοῦν
738 5795 801 5846 ς.
885 5764 929 5814 δ’
955 5764 1111 5851 injicit
1135 5779 1277 5837 infra
1306 5764 1401 5834 τοῦ
1444 5764 1568 5835 add.
1603 5779 1668 5835 A.
1705 5764 1717 5779 ’
1737 5764 2057 5849 ίίύόρίζὲιν
2080 5776 2239 5829 αὐτὸν
2275 5764 2385 5838 ς.”
2414 5774 2458 5807 υ
2486 5773 2614 5841 ὑμῖν
2646 5788 2698 5835 ς,
2785 5769 2826 5800 ¹¹
2844 5764 3035 5840 πᾶσιν]
3062 5764 3229 5821 πάλιν
3255 5770 3322 5822 Α.
3402 5768 3446 5801 ⁸⁸
3478 5766 3548 5821 τὰ
3567 5780 3680 5821 om.
3718 5782 3772 5836 p.
3801 5764 3869 5817 Α.
