4020 6424
651 362 759 426 223
1802 357 2064 422 PI-IOTII
2091 350 2594 413 PATRIARCHJE
2633 352 2740 413 CP.
3797 348 3899 410 224

654 498 941 548 sanantem
973 485 1287 543 honoravit.
1316 482 1433 539 Hoc
1462 482 1666 537 donum
1708 472 1973 531 beneﬁcio
2006 483 2111 523 non
2143 465 2227 519 in-

2333 461 2491 529 ῖασις
2510 464 2580 515 ἐν
2618 462 2748 524 ταῖς
2781 460 3069 529 πτέρυξιν
3093 459 3302 524 αὐτοῦ,
3337 458 3527 512 ’Ἥλιον
3561 457 3663 528 μὲν
3697 457 3903 511 δικαιο-

656 585 883 655 dignum
938 586 1160 652 putans,
1215 588 1268 633 et
1301 585 1481 632 statua
1532 573 1622 626 illa
1656 585 1749 639 per
1799 568 2003 620 multos
2061 571 2227 655 annos

2333 554 2492 622 σύνης
2518 554 2609 606 τὸν
2633 553 2835 623 Κύριον
2865 552 3067 616 καλῶν,
3093 552 3369 621 πτέρυγας
3394 550 3449 602 δὲ
3473 551 3541 601 τά
3563 550 3660 602 τοῦ
3689 550 3905 618 ἱματίου

656 639 876 731 ύυυιιινὶι
906 676 973 728 ad
1005 670 1450 741 redargutionem
1494 678 1685 718 eorum
1708 703 1723 727 ,
1763 658 1855 730 qui
1886 649 2227 723 evangelistis

2333 645 2613 716 κράσπεδα
2670 643 3076 714 καταμάθωμεν
3130 644 3225 712 τῆς
3267 641 3505 711 ἰαθείσης
3557 639 3826 707 γυναικὸς
3854 640 3910 691 τὸ

653 766 1001 821 mendacium
1049 763 1323 818 ascribere
1368 756 1643 812 audebant
1677 771 1689 806 :
1720 760 1773 806 et
1800 756 1979 805 statua
2022 744 2086 797 ad
2135 755 2235 794 no-

651 870 765 914 stra
818 872 991 927 usque
1043 867 1287 923 tempora
1326 858 1537 905 servata
1577 847 1789 909 fuisset,
1841 851 1901 896 ut
1943 847 2235 903 utrumque

654 952 999 1009 ostenderet,
1028 956 1081 1001 et
1117 946 1206 998 Dei
1242 942 1594 1003 miraculum,
1630 948 1684 992 et
1737 934 1982 990 mulieris
2019 938 2233 1001 gratum

653 1044 925 1105 animum,
957 1042 1060 1096 nisi
1095 1039 1430 1095 Maximinus
1476 1036 1585 1099 ille,
1619 1033 1724 1103 'qui
1763 1040 1889 1086 ante
1922 1022 2235 1083 Constanti-

656 1151 787 1189 num
858 1134 1139 1189 Romanus
1190 1131 1495 1198 imperator
1548 1126 1668 1190 fuit,
1722 1124 1923 1193 impius
1964 1120 2234 1175 idolorum

658 1226 856 1290 cultor,
884 1234 935 1279 et
969 1223 1189 1278 Christo
1226 1222 1278 1273 in
1312 1229 1490 1274 statua
1550 1217 1823 1281 invidens,
1868 1228 2076 1268 aeneam
2129 1218 2242 1264 sta-

656 1324 805 1367 tuam
856 1310 1186 1372 sustulisset,
1227 1312 1327 1363 etsi
1368 1309 1441 1361 rei
1477 1308 1631 1361 facta:
1674 1304 1994 1359 memoriam
2027 1298 2244 1354 auferre

658 1420 765 1458 non
799 1404 994 1473 potuit.
1031 1401 1173 1456 Ecce
1202 1401 1366 1471 igitur
1386 1408 1569 1454 statua
1597 1398 1815 1466 quidem
1858 1411 1962 1449 non
1997 1398 2241 1462 apparet,

657 1494 1008 1562 Evangelinm
1034 1508 1163 1546 vero
1197 1491 1527 1546 miraculum
1560 1488 1689 1541 illud
1720 1488 1921 1556 ubique
1960 1482 2240 1554 praedicat.

657 1594 708 1640 et
744 1584 1156 1638 limmorrhousa
1205 1584 1273 1637 ab
1325 1581 1535 1636 oriente
1589 1594 1763 1648 usque
1797 1578 1862 1631 ad
1907 1574 2242 1630 occidentem

661 1666 967 1720 celebratur
1001 1685 1015 1720 :
1046 1676 1101 1721 et
1138 1667 1401 1720 laboravit
1438 1668 1494 1720 in
1538 1680 1762 1727 vanum,
1796 1666 1889 1734 qui
1942 1666 2227 1721 materiam

657 1769 821 1808 sensu
857 1755 1404 1825 comprehensibilem
1433 1756 1671 1811 sustulit.
1716 1754 1910 1810 Statua
1930 1756 2075 1811 enim
2107 1771 2227 1813 ere-

658 1856 744 1901 cta
769 1855 822 1901 ct
860 1863 1149 1917 apparens,
1202 1849 1413 1903 tacebat
1458 1850 1697 1903 inanime
1743 1850 1988 1905 miraculi
2035 1866 2226 1905 monu-

660 1944 924 2001 mentum,
962 1939 1055 1991 sed
1082 1938 1224 1991 fama
1250 1954 1383 2007 opus
1417 1954 1537 1992 cum
1572 1939 1736 1993 verbo
1756 1954 2062 2003 assumens,
2094 1957 2230 2010 quo-

660 2027 790 2080 tidie
825 2029 983 2083 urbes
1016 2038 1070 2084 et
1112 2030 1263 2086 vicos
1309 2033 1580 2100 percurrit
1657 2032 1979 2086 beneﬁcium
2014 2032 2228 2088 Domini

660 2116 1052 2188 deprtrdicans.

2329 737 2670 807 εὐχάριστον.
2713 736 2825 805 Τῆς
2884 734 2991 804 γὰρ
3027 734 3287 797 Πενεάδος
3334 735 3378 765 ’⁸
3425 728 3559 786 οὖσα
3627 732 3908 793 πολιτείας

2332 830 2577 901 (πολίχνη
2612 830 2666 882 δὲ
2698 828 2838 897 αὕτη
2873 828 2971 896 τῆς
3000 825 3385 896 Παλαιστίνης)
3417 826 3694 894 ἀγάλματι
3720 824 3908 893 χαλκῷ

2337 923 2428 974 τὸν
2479 922 2779 991 εὐεργέτην
2828 921 3076 988 ἐτίμησε,
3123 917 3279 971 τοῦτο
3330 918 3497 988 γέρας
3533 918 3633 969 οὐκ
3684 916 3910 980 ἀνάξιον

2330 1012 2574 1082 οἰηθεῖσα
2608 1013 2707 1078 τῆς
2760 1012 3000 1080 χάριτος.
3038 1011 3148 1063 Καὶ
3188 1010 3376 1080 χρόνος
3408 1008 3574 1071 πολὺς
3606 1010 3809 1080 ἐτήρει
3857 1010 3912 1061 τὸ

2333 1105 2542 1171 ξόανον,
2580 1104 2657 1165 είς
2684 1102 2902 1170 ἔλεγχον
2929 1101 3132 1172 ἀκριϐῆ
3155 1101 3264 1153 τῶν
3284 1100 3343 1153 τὸ
3366 1101 3561 1171 ψεῦδος
3577 1099 3913 1170 τολμώντων

2333 1195 2685 1265 ἐπιφημίζειν
2721 1197 2832 1257 τοῖς
2870 1195 3299 1262 εὐαγγελισταῖς.
3350 1195 3459 1247 Καὶ
3501 1194 3655 1247 οὐδὲν
3702 1193 3913 1246 ἐκώλυε

2334 1286 2601 1351 σώζεσθαι
2660 1286 2748 1339 τὸν
2784 1286 3077 1357 ἀνδριάντα
3145 1286 3306 1357 μέχρι
3346 1286 3439 1339 νῦν
3489 1288 3581 1339 καὶ
3636 1285 3914 1338 δεικνύειν

2331 1380 2640 1451 ἀμφότερα,
2683 1378 2900 1441 καὶτοῦ
2951 1378 3083 1431 Θεοῦ
3129 1379 3189 1431 τὸ
3236 1377 3537 1449 Θαυμάσιον
3582 1378 3830 1445 καὶτῆς
3860 1373 3912 1429 εὖ

2332 1472 2615 1541 παθούσης
2644 1471 2705 1523 τὸ
2748 1471 3119 1541 χαριστήριον,
3153 1471 3201 1521 εί
3241 1469 3315 1539 μὴ
3342 1468 3668 1537 Μαξιμῖνος,
3702 1470 3915 1530 ἐκεῖνος

2330 1565 2358 1616 6
2393 1564 2498 1634 πρὸ
2537 1562 2630 1615 τοῦ
2665 1562 3074 1615 Κωνσταντίνου
3102 1563 3199 1630 τῆς
3241 1559 3527 1629 Ῥωμαίων
3555 1558 3729 1629 ἄρξας
3769 1558 3917 1627 βασι-

2330 1654 2499 1717 λείας,
2532 1653 2669 1723 ἀνὴρ
2700 1651 3093 1721 εἰδωλολάτρης
3126 1651 3220 1704 καὶ
3263 1649 3525 1718 δυσσεϐὴς
3550 1645 3639 1719 ἦν,
3683 1648 3787 1701 καὶ
3821 1648 3913 1715 ζη-

2330 1746 2577 1799 λοτυπῶν
2605 1747 2663 1797 ὲν
2712 1743 2788 1813 τῷ
2816 1743 3094 1813 ἀγάλματι
3139 1741 3228 1794 τὸν
3268 1739 3500 1811 Χριστόν
3536 1738 3792 1792 ἀνείλετο
3821 1738 3915 1804 τῆς

2255 1808 2298 1864 Β
2337 1839 2591 1907 πολίχνης
2619 1836 2710 1889 τὸν
2758 1808 2978 1904 χαλκὸν,
3013 1835 3062 1886 εί
3113 1833 3209 1886 καὶ
3262 1808 3337 1903 μή
3377 1831 3474 1903 τὴν
3528 1832 3760 1899 μνήμην
3811 1830 3915 1882 τῶν

2333 1935 2672 2004 γενομένων
2723 1931 2832 1983 ίδού
2883 1930 2991 1999 γὰρ
3043 1926 3170 1999 [8ἳ4
3217 1924 3309 1998 IL]
3359 1928 3386 1979 6
3445 1924 3542 1995 μὲν
3578 1922 3820 1992 ἀνδριὰς
3859 1922 3911 1972 οὐ

2334 2022 2607 2094 φαίνεται,
2637 2020 2699 2073 τὸ
2730 2018 2787 2071 δὲ
2820 2016 3153 2085 Εὐαγγέλιον
3185 2015 3246 2068 τὸ
3274 2013 3459 2099 θαύμα
3497 2011 3790 2080 πανταχοῦ
3827 2011 3905 2081 βοᾷ

2333 2119 2429 2171 καὶ
2463 2114 2747 2185 κηρύσσει,
2782 2112 2877 2163 καὶ
2907 2111 2940 2179 ή
2963 2108 3261 2179 αἱμόρρους
3303 2106 3397 2160 ἀπ’
3419 2106 3730 2174 ἀνίσχοντος
3760 2102 3914 2172 ἡλίου

659 2218 825 2290 μέχρι
862 2219 956 2274 καὶ
988 2218 1249 2289 δυομένου
1306 2217 1570 2282 λαλεῖται,
1619 2218 1713 2272 καὶ
1768 2217 1967 2289 συνέϐη
2004 2219 2232 2290 μάταιος
2270 2220 2428 2279 πόνος
2459 2214 2538 2284 τῷ
2585 2208 2899 2279 δυσσεὸεῖή
2964 2206 3061 2267 τῆς
3106 2203 3369 2275 αἰσθητῆς
3414 2201 3545 2271 ὕλης
3606 2201 3822 2269 κλοπή.
3866 2200 3919 2252 Ὀ

660 2310 763 2379 μὲν
794 2310 903 2381 γὰρ
939 2310 1137 2381 χαλκὸς
1163 2311 1255 2363 καὶ
1285 2311 1456 2373 ἑστὼς
1498 2311 1595 2365 καὶ
1667 2314 1990 2382 φαινόμενος
2057 2314 2291 2378 ὲσιώπα,
2330 2311 2538 2379 ἄψυχον
2568 2305 2679 2360 τῶν
2708 2299 3026 2372 Θαυμασίων
3054 2298 3385 2369 ὑπόμνημα·
3420 2298 3453 2366 ὴ
3482 2297 3539 2349 δὲ
3573 2296 3734 2364 φήμη
3779 2292 3919 2362 μετά

654 2403 751 2457 τοῦ
782 2405 941 2473 λόγου
981 2407 1373 2477 παραλαϐοῦσα
1407 2408 1467 2460 τὸ
1498 2408 1661 2478 ἔργον
1731 2408 1854 2462 καθ’
1926 2410 2139 2482 ἡμέραν
2216 2408 2487 2480 διατρέχει
2538 2404 2721 2465 πόλεις
2772 2400 2865 2455 καὶ
2920 2398 3135 2471 κώμας,
3189 2397 3279 2450 τὸν
3348 2394 3645 2465 εὐεργέτην
3706 2390 3911 2461 κηρύτ-

656 2512 827 2552 τουσα
867 2498 933 2551 ’⁸.

1292 2599 1589 2658 CCLXXII.

650 2692 857 2750 Leontii
887 2694 1114 2764 episcopi
1155 2693 1390 2748 Arabissi
1428 2712 1599 2816 κᾶτηιο
1642 2698 1706 2751 de
1734 2698 2017 2765 creatione,
2042 2707 2090 2753 et
2112 2697 2223 2752 La-

1212 2780 1339 2816 zaro
1387 2781 1443 2816 re
1487 2782 1641 2816 ιυιυο.

1212 2780 1339 2816 zaro
1387 2780 1477 2818 rea
1487 2782 1641 2820 wwo.

723 2852 852 2924 Legi
900 2854 1046 2909 beati
1099 2853 1308 2909 Leontii
1354 2856 1594 2925 episcopi
1642 2856 1886 2912 Arabissi
1915 2872 2223 2914 sermonem

649 2945 719 3002 de
746 2946 1040 3015 creatione,
1071 2955 1126 3002 et
1159 2946 1367 3002 Lazaro
1398 2948 1656 3004 redivivo.

721 3091 1009 3152 Silentium
1065 3114 1175 3155 non
1227 3118 1616 3179 opportunum,
1672 3117 1915 3174 audaciae
1965 3124 2230 3184 orationis

3043 2595 3202 2648 EOB'.

2330 2694 2615 2749 Λεοντίου
2646 2688 2983 2743 ἐπισκόπου
3026 2686 3399 2753 Ἄραὸισσοῦ,
3433 2686 3499 2739 ἐκ
3531 2687 3639 2739 τοῦ
3681 2689 3777 2752 εἰς
3811 2686 3916 2753 τὴν

2544 2762 2747 2814 κτίσιν
2787 2759 2994 2827 λόγου,
3021 2756 3120 2809 καὶ
3153 2759 3238 2821 εἰς
3270 2758 3377 2809 τὸν
3409 2756 3698 2823 Λάζαρον.

2408 2853 2570 2928 [1509
2636 2850 2730 2923 IL]
2780 2846 3120 2921 Ἀνεγνώσθη
3166 2847 3257 2900 τοῦ
3308 2848 3580 2918 μακαρίου
3628 2850 3915 2911 Λεοντίου,

2334 2945 2635 2997 ἐπισκόπου
2687 2939 3036 3013 ’Λραὸισσοῦ,
3069 2942 3132 2993 ὲκ
3159 2938 3253 2993 τοῦ
3300 2942 3380 3002 είς
3412 2939 3511 3009 τὴν
3541 2939 3720 2992 κτίσιν
3756 2940 3915 3008 λόγου

2334 3037 2429 3089 καὶ
2457 3038 2537 3099 εἰς
2575 3034 2667 3087 τὸν
2693 3034 2965 3105 Λάζαρον.

2408 3126 2481 3179 Τὸ
2508 3125 2659 3193 παρά
2690 3126 2883 3196 καιρὸν
2936 3124 3146 3193 σιωπᾷν
3179 3122 3240 3175 τὸ
3284 3124 3415 3194 περὶ
3450 3126 3575 3185 τούς
3598 3124 3807 3193 λόγους
3841 3143 3917 3196 μι-

646 3181 827 3285 simile
869 3193 993 3252 est,
1025 3198 1079 3244 et
1106 3195 1249 3261 quod
1288 3197 1448 3253 habet
1471 3202 1793 3273 vituperium
1828 3226 1889 3266 os
1922 3211 2094 3280 futile,
2125 3181 2227 3273 hoc

2336 3216 2515 3285 μεῖται
2567 3181 2742 3284 θρασύ
2768 3181 2915 3266 ’.καὶ
2964 3213 3022 3265 ὃν
3080 3181 3195 3281 έχει
3250 3181 3472 3280 ψόγονὸ
3519 3181 3631 3275 τοῖς
3676 3181 3917 3283 χείλεσιν

650 3274 814 3329 etiam
847 3289 1086 3374 meretur
1117 3300 1214 3353 per
1241 3289 1621 3361 negligentiam
1654 3306 1862 3357 tacens.
1892 3274 2096 3374 Optimi
2126 3308 2224 3363 im-

648 3368 911 3455 peratoris
945 3381 1049 3436 est,
1083 3390 1178 3443 per
1217 3379 1388 3435 victos
1448 3388 1686 3443 excitare
1730 3392 1797 3446 de
1834 3368 2079 3454 hostibus
2114 3410 2225 3455 tro-

646 3454 882 3544 phaaum,
915 3461 1183 3529 etquibus
1206 3466 1325 3521 telis
1356 3469 1529 3527 hostis
1552 3490 1686 3530 usus
1707 3488 1809 3544 est,
1852 3482 2041 3538 iisdem
2070 3454 2221 3543 illum

645 3542 973 3644 interﬁcere.
1025 3549 1101 3605 Ne
1154 3553 1317 3623 igitur
1363 3568 1546 3616 tacens
1604 3542 1829 3633 peccare
1878 3573 2127 3644 dicatur,
2171 3542 2226 3635 et

647 3632 769 3737 festi
799 3638 904 3737 diei
928 3640 1214 3737 celebritas
1238 3632 1614 3709 taciturnitate
1628 3660 1843 3726 putrida
1866 3632 2221 3737 pericliteiur,

644 3724 747 3778 etsi
786 3729 1012 3785 audacis
1044 3731 1168 3787 facti
1201 3736 1271 3790 sit
1302 3737 1471 3794 labris
1514 3724 1746 3813 impuris
1788 3724 2001 3809 Domini
2042 3724 2227 3812 sacra:

644 3828 828 3873 menta
864 3822 1151 3891 attingere,
1181 3828 1479 3897 respiciens
1503 3839 1814 3902 prmsentia,
1835 3841 2097 3913 hymnum
2127 3864 2227 3902 au-

644 3907 831 3962 dacter
857 3926 1074 3979 canam,
1106 3916 1310 3985 reliqua
1335 3920 1583 3989 dignitati
1606 3907 1915 3994 permittam
1951 3937 2220 3993 miraculi.

644 3999 840 4055 Mortui
867 4004 1012 4059 enim
1062 4006 1242 4063 ferens
1296 4010 1566 4079 faetorem,
1615 4030 1673 4072 ut
1703 4025 1936 4091 propria:
1969 4026 2221 4082 Immani-

644 4093 773 4148 tatis
823 4095 1021 4151 bonum
1071 4100 1293 4156 odorem
1341 4107 1686 4176 ostenderet,
1753 4122 1805 4165 et
1856 4126 2100 4170 nostrum
2164 4135 2224 4175 os

643 4200 766 4239 cum
804 4188 997 4261 506a
1027 4194 1278 4261 sepulcro
1319 4196 1506 4253 Lazari
1532 4206 1756 4270 aperiet,
1787 4208 2059 4265 mundans
2103 4213 2226 4268 vita:

644 4281 941 4343 maculam,
975 4292 1030 4337 ιιι
1057 4285 1203 4341 illius
1236 4300 1486 4345 mortem.
1511 4292 1624 4347 Vox
1656 4311 1826 4364 aquas
1850 4298 2107 4365 viviﬁcat,
2132 4319 2224 4371 pe-

644 4371 783 4459 perit
802 4379 966 4438 terra,
994 4385 1047 4428 et
1072 4377 1194 4431 sine
1219 4395 1517 4451 congressu
1549 4384 1661 4439 l‘etu
1706 4387 1922 4456 impleta
1951 4402 2055 4448 est.
2085 4393 2224 4459 Quid

644 4456 802 4552 dicis,
833 4475 865 4512 o
894 4462 1187 4520 haeretice?
1239 4466 1400 4525 Vides
1430 4488 1528 4541 pro
1579 4474 1923 4532 immissione
1974 4456 2221 4552 seminis,

2332 3307 2583 3372 ἄστεγος,
2614 3304 2803 3357 τοῦτον
2830 3304 3166 3373 ἀποφέρεται
3217 3304 3311 3355 καὶ
3347 3306 3374 3356 ό
3416 3304 3483 3356 δι’
3508 3304 3668 3357 ὄκνου
3726 3306 3913 3374 σιγῶν.

2334 3395 2659 3466 Στρατηγῶν
2690 3396 2836 3446 ἐστιν
2866 3394 3108 3464 ἀρίστων
3136 3392 3224 3445 διὰ
3249 3392 3359 3445 τῶν
3388 3393 3739 3464 ἡττηθέντων
3773 3396 3916 3462 ἐγεί-

2337 3506 2450 3561 ρειν
2483 3489 2544 3541 τὸ
2574 3488 2715 3542 κατὰ
2750 3486 2843 3540 τοῦ
2886 3485 3182 3540 ἀντιπάλου
3227 3484 3509 3555 τρόπαιον,
3558 3487 3651 3537 καὶ
3683 3481 3770 3547 οἷς
3804 3486 3919 3537 ὲκέο

2332 3597 2502 3651 χρητο
2527 3579 2735 3648 βέλεσιν
2766 3579 2794 3630 ὁ
2813 3577 3089 3646 πολέμιος,
3108 3576 3319 3641 τούτοις
3344 3578 3589 3647 ἀναιρεῖν
3619 3578 3839 3630 ἐκεῖνον
3854 3578 3912 3629 ⁸⁷.

2333 3670 2453 3724 Ἵνα
2486 3666 2579 3724 οὖν
2615 3671 2689 3741 μὴ
2714 3668 2773 3723 τὸ
2800 3670 2958 3740 σιγᾷν
3012 3670 3279 3739 ἁμαρτεῖν
3308 3667 3556 3738 λογισθῇ,
3609 3668 3710 3720 καὶ
3737 3668 3916 3719 κινδυ-

2332 3761 2497 3833 νεύσῃ
2526 3762 2627 3829 τῆς
2651 3760 2846 3831 ἑορτῆς
2886 3760 2948 3813 τὸ
2982 3760 3177 3822 κάλλος
3202 3761 3261 3813 ἐν
3312 3759 3520 3831 σαπρία
3549 3760 3790 3830 σιωπῆς,
3820 3762 3915 3813 κᾶν

2330 3853 2601 3924 τολμηρὸν
2652 3854 2886 3923 χείλεσιν
2920 3852 3249 3921 ἀκαθάρτοις
3308 3852 3619 3903 Δεσποτικά
3663 3854 3915 3921 προϊέναι

2339 3943 2640 4013 μυστήρια,
2665 3942 2800 4011 πρὸς
2831 3941 2890 3993 τὸ
2922 3941 3093 4010 παρὸν
3128 3941 3339 4008 βλέπων
3382 3940 3798 4010 καταθάρῤήσω
3832 3942 3916 3992 τὸν

2334 4031 2524 4099 ὕμνον,
2553 4032 2614 4085 τὸ
2658 4033 2844 4084 λεῖπον
2870 4034 2951 4095 είς
3005 4033 3162 4096 ἀξίαν
3218 4031 3632 4085 καταπιστεύων
3663 4031 3743 4101 τῷ
3786 4032 3911 4083 θαύ-

2335 4140 2495 4194 ματι·
2519 4125 2547 4176 6
2578 4124 2685 4194 γάρ
2715 4124 2811 4193 τῆς
2830 4122 2923 4175 τού
2954 4123 3205 4185 θανόντος
3233 4123 3602 4192 ἀνασχόμενος
3625 4123 3911 4185 δυσωδίας,

2333 4216 2421 4268 ἴνα
2443 4216 2541 4285 τῆς
2558 4216 2767 4277 οἰκείας
2796 4215 3203 4285 φιλανθρωπίας
3230 4214 3569 4286 ἐπιδείξηται
3600 4216 3660 4267 τὸ
3691 4215 3911 4277 εὐῶδες,

2332 4309 2424 4359 καὶ
2455 4308 2513 4360 τὸ
2538 4308 2672 4377 ἐμὸν
2701 4307 2878 4376 στόμα
2906 4306 2985 4378 τῷ
3037 4306 3194 4376 τάφῳ
3244 4306 3607 4372 συνεξανοίξει
3635 4307 3910 4375 Λαζάρου,

2333 4400 2743 4471 περικαοαίρων
2802 4398 2896 4451 τού
2954 4398 3069 4468 βίου
3117 4398 3216 4468 τὴν
3257 4398 3304 4430 ’⁸
3360 4397 3553 4468 κηλῖδα
3593 4398 3667 4461 ὡς
3703 4398 3912 4449 ἐκείνου

2332 4491 2429 4560 τὴν
2463 4490 2755 4560 νέκρωσιν.
2798 4489 3201 4557 Ἐζωογόνειτά
3227 4487 3454 4558 ὐδαταή
3484 4490 3661 4557 φωνὴ,
3702 4490 3913 4540 ἔτικτεν

644 4543 809 4604 Verbi
876 4554 1478 4628 mandatum‘l'actum,
1540 4574 1593 4619 et
1644 4570 1921 4635 quomodo
1987 4543 2220 4630 dubium,

2333 4543 2543 4653 ήὲηρά,
2570 4543 2673 4634 ⁵καὶ
2722 4543 3011 4636 συνούσίατ
3056 4583 3181 4636 ἄνευ
3227 4583 3255 4635 6
3288 4543 3507 4643 τοκετδς
3553 4543 3910 4650 ἐπληθύνετο.

642 4640 780 4741 dicis
819 4644 1072 4716 virginea:
1103 4655 1473 4721 conceptionis
1509 4661 1870 4728 mysterium?
1901 4664 2032 4731 Quae
2082 4668 2226 4721 enim

637 4740 748 4799 jam
790 4740 910 4789 sine
962 4740 1171 4794 semine
1213 4757 1320 4796 non
1367 4746 1773 4815 concipiuntur,
1831 4767 1955 4806 cum
2006 4754 2092 4809 his
2124 4756 2229 4809 ali-

641 4824 859 4891 quando
918 4830 1199 4885 concurrit
1255 4847 1356 4886 vox
1410 4837 1652 4891 vocantis
1685 4840 1751 4894 ad
1801 4843 2224 4911 generationem,

642 4922 694 4967 et
721 4918 1094 4989 conceptionis
1130 4922 1349 4977 modum
1383 4930 1636 4996 praecepti
1676 4930 1762 4983 lex
1799 4932 2013 4987 imitata
2037 4943 2144 4995 est.
2174 4947 2230 4989 et

636 5018 743 5060 una
774 5022 903 5063 voce
929 5013 1111 5068 omnia
1147 5015 1424 5071 incarnata
1450 5030 1579 5075 sunt
1617 5040 1629 5076 :
1657 5032 1709 5078 et
1729 5026 1820 5093 qui
1845 5035 1976 5080 tunc
2002 5037 2222 5082 creatu-

640 5114 755 5154 ram
794 5116 957 5157 carne
1004 5104 1201 5173 induit,
1239 5118 1293 5162 et
1321 5124 1506 5165 semen
1534 5113 1653 5168 sine
1702 5116 1913 5172 semine
1965 5119 2222 5173 omnibus

639 5193 893 5262 contulit,
926 5197 1015 5252 ille
1050 5215 1079 5253 a
1110 5216 1311 5257 carnea
1341 5213 1482 5259 terra
1506 5222 1672 5263 carne
1698 5210 1945 5273 indutus,
1981 5212 2099 5265 sine
2134 5228 2225 5267 se-

639 5283 787 5374 mine
820 5287 1121 5358 descendit,
1153 5297 1320 5351 maris
1352 5299 1613 5364 radicem,
1645 5318 1809 5372 qualn
1841 5319 1971 5358 caro
1993 5304 2212 5374 planta-

637 5373 734 5440 vit,
772 5374 907 5435 falce
939 5383 1191 5454 virginea:
1222 5392 1590 5459 generationis
1632 5395 1956 5465 praecidens.
1986 5373 2216 5453 Creator

2328 4673 2394 4727 Τί
2422 4674 2620 4741 λέγεις,
2664 4675 2942 4743 αἱρετικέ;
2990 4673 3208 4743 βλέπεις
3253 4672 3374 4726 ἀντὶ
3408 4673 3722 4743 καταϐολῆς
3746 4674 3913 4741 σπέρο

2332 4783 2502 4835 ματος
2532 4766 2592 4818 τὸ
2620 4766 2712 4819 τοῦ
2757 4766 2931 4833 Λόγου
2966 4767 3248 4836 γινόμενον
3285 4766 3642 4835 πρόσταγμα,
3678 4765 3771 4818 καὶ
3794 4764 3912 4825 πῶς

2328 4856 2629 4925 ἀμφίϐολον
2686 4857 2867 4925 λέγεις
2931 4858 3033 4926 τῆς
3078 4857 3415 4927 παρθενικῆς
3475 4858 3785 4928 γεννήσεως
3852 4854 3912 4906 τὸ

2329 4949 2662 5017 μυστήριον;
2694 4949 2765 5001 ’Ἃ
2790 4950 2897 5019 γὰρ
2928 4947 3024 5001 νῦν
3059 4949 3374 5017 σπέρματος
3407 4947 3538 5001 ἄνευ
3569 4949 3630 5001 οὐ
3662 4949 3707 4979 ²⁹
3730 4947 3912 4998 τίκτε-

2329 5053 2440 5099 ται,
2482 5038 2695 5103 τούτοις
2725 5041 2758 5108 ή
2793 5043 2944 5107 φωνὴ
2980 5043 3101 5092 τότε
3154 5041 3442 5109 συνέτρεχε
3484 5039 3580 5092 τοῦ
3619 5037 3908 5099 καλοῦντος

2330 5130 2464 5199 πρὸς
2497 5132 2772 5200 γέννησιν,
2817 5134 2910 5185 καὶ
2940 5133 3251 5202 συλλήψεως
3298 5134 3498 5201 τρόπον
3528 5134 3555 5184 6
3590 5134 3689 5202 τῆς
3717 5130 3907 5183 κελεύ-

2332 5236 2469 5283 σεως
2497 5222 2747 5291 ἐμιμεῖτο
2778 5222 2962 5292 νόμος,
2999 5223 3093 5275 καὶ
3115 5223 3201 5275 διὰ
3232 5224 3361 5291 μιᾶς
3390 5222 3577 5293 φωνῆς
3608 5218 3907 5291 ἐσαρκοῦτο

2321 5309 2390 5361 τὰ
2426 5310 2621 5365 πάντα.
2673 5313 2784 5366 Καὶ
2834 5315 2862 5366 ὁ
2915 5314 3036 5366 τότε
3086 5312 3375 5384 σαρκώσας
3429 5313 3529 5381 τὴν
3579 5313 3755 5365 κτίσιν
3808 5310 3907 5360 καὶ

2328 5400 2529 5471 σπόρον
2575 5403 2831 5474 ἀσπόρως
2866 5406 3181 5475 χορηγήσας
3226 5407 3339 5468 τοῖς
3396 5407 3564 5457 πᾶσιν
3610 5404 3769 5466 αὐτὸς
3794 5400 3905 5454 ἀπὸ

1913 5573 2151 5630 νΑιιιιΕ
2196 5577 2603 5636 LECTIONES.

712 5655 753 5746 ξδ
773 5656 1079 5746 ’[[αναιάδος
1108 5659 1170 5713 Λ.
1211 5662 1293 5740 ,η
1318 5662 1763 5746 κηρύτουσαηοιη.
1795 5666 1849 5719 lt.
1912 5667 1956 5746 νς
1974 5669 2219 5740 ἀναιρεῖν
2244 5670 2468 5741 ἐκεῖνον]
2500 5673 2797 5741 ἀναιρεῖνον
2835 5690 2916 5742 pr.
2960 5675 3023 5738 A,
3059 5675 3300 5746 ἀναιρεῖν
3329 5674 3491 5727 αὐτὸν
3516 5689 3661 5730 corr.
3736 5674 3779 5706 ’⁸
3800 5672 3899 5740 τὴν

640 5737 746 5774 om.
773 5740 853 5790 pr.
895 5726 959 5793 A,
994 5740 1116 5785 ante
1144 5726 1413 5805 τούνοηῆ
1438 5730 1499 5785 Β.
1604 5736 1647 5767 ’9
1678 5736 1738 5787 οὐ
1768 5743 1880 5790 om.
1926 5737 1990 5791 A.
