4020 6412
129 367 199 426 θέε,
1032 354 1557 414 BIBLIOTHECA.
1588 379 1654 389 -—
1686 354 1851 418 COD.
1912 355 2240 417 CCLXXII.
3200 356 3305 419 226

132 475 301 543 λθγεηῆς
330 469 627 541 σαρκωθεὶς
650 470 756 538 γῆς
802 466 1071 539 προῆλθεν
1116 470 1391 539 ἁσπόρως,
1417 469 1516 540 τὴν
1545 470 1633 523 διὰ
1662 475 1707 532 Α

1740 487 1949 540 ponens
1994 473 2272 529 hominem
2315 474 2369 527 in
2419 476 2713 543 paradiso,
2754 475 2932 533 colere
2973 485 3176 531 terram
3204 516 3220 541 ,
3254 486 3310 533 et

130 568 279 636 σαρκὸς
307 563 658 632 φυτευθεῖσαν
682 559 777 613 τοῦ
809 560 1040 614 θανάτου
1075 561 1229 630 ῥίζαν
1266 564 1332 631 τῇ
1383 560 1629 634 δρεπάνῃ

1736 577 1957 617 scrvare
1981 563 2164 632 jussit,
2203 579 2271 618 ne
2304 564 2532 633 ignaviae
2560 582 2618 621 se
2661 568 2863 621 dedens
2906 567 2971 621 ad
3003 566 3306 623 libertatem

125 664 189 727 τῆς
208 654 513 725 παρθενικῆς
532 653 815 706 ἐκκόπτων
837 653 1163 721 γεννήσεως.
1208 653 1294 705 Ἐν
1315 654 1630 725 παραδείσῳ

1738 654 1901 709 nimis
1948 655 2226 724 proclivis,
2269 656 2508 711 hostium
2568 658 2781 712 insidiis
2825 666 3056 726 pateret,
3095 658 3310 714 invidiae

123 750 298 818 θέμενος
340 747 366 797 ὁ
413 746 625 808 πλάσας
675 746 766 799 τὸν
813 746 1097 816 ἄνθρωπον
1157 746 1485 815 ἐργάζεσθαι
1534 747 1632 800 καὶ

1734 761 1961 801 accessu
2014 748 2103 801 Dei
2159 748 2481 803 beneficium
2516 758 2878 804 commutans.
2938 748 3063 804 Haec
3101 751 3307 814 videns,

121 842 361 907 φυλάττειν
387 822 740 908 προσέταξεν,
772 837 856 890 ἵνα
899 838 973 905 μὴ
1010 840 1076 907 τῇ
1107 836 1349 908 ῥᾳθυμίᾳ
1383 837 1631 901 δεδωκὼς

1733 839 1827 908 qui
1861 840 2066 894 nostris
2088 841 2308 894 assidue
2332 841 2488 894 bonis
2526 840 2751 904 invidet,
2776 840 3184 895 inimicitiarum
3216 856 3311 895 oc-

120 934 192 992 τῆς
235 928 465 991 ἐξουσίας
505 928 563 979 τὸ
617 928 833 996 ἐτοιμον
875 927 1185 996 ἀφύλακτος
1234 928 1457 996 γένηται
1498 929 1634 999 πρὸς

1736 932 2011 985 casionem
2044 930 2171 985 hinc
2202 932 2455 1000 sumpsit.
2476 932 2783 986 lnvidorum
2818 932 2961 985 enim
3007 941 3200 986 natura
3229 943 3310 987 est

121 1019 362 1089 ἐπιϐουλὴν
387 1018 480 1071 τοῦ
504 1018 702 1088 ἐχθροῦ
739 1020 805 1083 ³ο,
835 1018 1029 1087 φθόνου
1069 1020 1326 1087 πρόσοδον
1358 1020 1452 1072 τοῦ
1497 1020 1632 1073 Θεοῦ

1734 1039 1979 1093 pugnare
2006 1040 2128 1078 cum
2160 1025 2343 1093 aliquo
2386 1023 2531 1076 nulla
2572 1025 2636 1077 de
2662 1038 2863 1089 lcausa,
2895 1039 2961 1078 ex
2998 1039 3056 1077 se
3092 1023 3314 1079 malitiae

123 1112 393 1179 ποιούμενος
422 1108 491 1161 τὰ
537 1109 872 1179 χαρίσματα.
914 1110 1100 1163 Ταῦτα
1150 1108 1273 1162 ίδὼν
1304 1111 1331 1162 ὁ
1359 1112 1469 1172 τοῖς
1495 1113 1634 1180 ἡμε-

1738 1131 1922 1169 semen
1953 1115 2234 1170 seminans
2267 1132 2280 1167 :
2312 1124 2363 1168 et
2384 1130 2620 1183 pugnam
2659 1123 2915 1183 tanquam
2947 1114 3310 1168 contumelio-

118 1209 259 1274 τέροις
295 1205 371 1257 ἀεὶ
404 1203 713 1273 βασκαίνων
752 1203 794 1233 ³¹
845 1203 1030 1265 καλοῖς
1070 1203 1477 1271 ἀπροφάσιστον
1512 1203 1635 1256 καθ’

1737 1222 1853 1260 sam
1898 1207 2053 1278 fugit,
2108 1224 2227 1276 quae
2263 1216 2409 1262 certa
2464 1209 2528 1262 de
2566 1223 2728 1261 causa
2783 1208 2997 1270 accidit,
3033 1214 3148 1260 rata
3198 1207 3312 1261 haec

120 1296 241 1363 ἡμῶν
270 1295 455 1364 ἔχθραν
491 1292 854 1363 ἀνελάμϐανε.
892 1292 1041 1345 Φιλεῖ
1065 1293 1172 1360 γὰρ
1204 1293 1311 1345 τῶν
1352 1293 1636 1363 βασκάνων

1737 1314 1856 1356 esse
1902 1300 2291 1355 imbecillitatis
2333 1308 2733 1369 argumentum.
2784 1300 3041 1353 Inimicus
3097 1314 3128 1352 e
3172 1299 3313 1353 coelo

122 1388 289 1455 ἡφύσις
311 1386 563 1455 πολεμεῖν
583 1385 863 1449 ἀναιτίως,
888 1386 946 1450 ἐξ
967 1384 1165 1454 ἐαυτῆς
1192 1386 1637 1455 σπερματίζουσα

1738 1389 1957 1457 lapsus,
2016 1400 2205 1444 contra
2267 1391 2515 1444 homines
2567 1391 2619 1442 in
2671 1399 2812 1445 terra
2861 1390 3063 1444 bellum
3121 1390 3308 1458 gerit:

124 1480 194 1546 τῆς
225 1478 398 1539 κακίας
429 1478 531 1548 τὴν
556 1479 707 1546 ὕλην,
742 1478 835 1529 καὶ
861 1478 959 1549 τὴν
990 1478 1132 1531 κατὰ
1156 1478 1428 1548 πρόφασιν
1460 1480 1638 1549 μάχην

1740 1491 1868 1551 post
1894 1496 2084 1536 casum
2114 1497 2339 1549 regnum
2372 1496 2728 1551 persequens,
2760 1482 2906 1549 quod
2957 1480 3135 1535 adhuc
3162 1489 3314 1535 stans

128 1572 179 1631 ὡς
226 1570 533 1640 ὲφύϐριστον
578 1573 962 1639 παραιτεῖται,
1019 1568 1147 1640 [8Ξ5
1204 1568 1298 1640 IL]
1359 1569 1640 1633 ἀσθενείας

1743 1581 1928 1627 tenere
1996 1586 2102 1625 non
2156 1572 2347 1637 valuit,
2384 1581 2436 1625 et
2489 1581 2678 1625 contra
2726 1569 2893 1623 Evam
2933 1585 3083 1623 arma
3123 1571 3313 1633 movit,

127 1663 278 1729 τιύτην
309 1663 348 1693 ³³
368 1663 696 1732 λογιζομένη
734 1662 999 1731 ὑπάρχειν
1025 1662 1266 1732 ἔλεγχον.

1743 1660 2107 1716 fraudulentis
2149 1662 2295 1715 illam
2343 1661 2466 1715 telis
2512 1659 2832 1723 vulnerans,
2878 1671 2931 1712 et
2974 1659 3093 1712 sine
3131 1658 3318 1712 dolore

189 1754 356 1820 Ῥιφεὶς
385 1755 439 1806 δὲ
474 1754 587 1806 τῶν
619 1752 729 1806 ἅνω
755 1755 783 1805 ό
809 1754 1000 1824 ἐχθρὸς
1030 1753 1286 1823 ἐπολέμει
1324 1756 1435 1817 τοῖς
1468 1753 1637 1817 κάτω,
1676 1817 1711 1824 __
1744 1768 1776 1821 p

1744 1752 2055 1821 prostravit,
2106 1761 2364 1820 tanquam
2422 1751 2598 1821 gladio
2645 1752 2765 1820 ejus
2812 1750 2991 1805 verbis
3041 1759 3220 1811 utens,
3264 1755 3318 1802 et

132 1842 345 1909 βασιλείαν
384 1844 617 1895 ἐκδικῶν
653 1843 790 1912 μετά
837 1844 1065 1908 πτῶσιν,
1100 1844 1167 1913 ἢν
1214 1844 1357 1912 ἔχειν
1387 1844 1431 1875 ⁸³
1475 1844 1643 1907 ἑστὼς
1676 1817 1719 1877 Β

1748 1844 1832 1898 sui
1853 1844 2004 1898 exitii
2032 1844 2414 1899 administrant
2450 1844 2593 1897 illam
2619 1843 2861 1912 capiens.
2890 1841 3042 1896 Unde
3066 1856 3188 1895 cum
3222 1854 3320 1894 cm-

132 1934 202 1983 οὖκ
224 1932 445 1999 nativa-co.
499 1934 613 1986 Καὶ
679 1932 819 1986 κατά
863 1934 961 2003 τῆς
1010 1932 1155 1997 Elia;
1195 1935 1640 2005 ἐστρατοπέδευε,

1749 1936 1872 1992 dem
1907 1938 2247 1991 incruentam
2286 1936 2629 2005 perfecisset,
2657 1951 2834 2004 neque
2858 1934 3134 1988 homicida
3162 1940 3320 2001 puta-

134 2023 294 2089 βέλεσιν
320 2024 479 2094 αὐτὴν
536 2025 912 2088 κατατοξεύων
961 2025 1196 2093 ἀπάτης,
1242 2026 1336 2078 καὶ
1384 2026 1645 2095 ἐπληττεν

1748 2028 1927 2093 batur,
1966 2029 2056 2082 sed
2089 2036 2149 2081 ut
2199 2027 2376 2081 bonus
2419 2026 2769 2081 consiliarius
2807 2024 3146 2086 credebatur,
3185 2022 3322 2077 sim-

137 2116 378 2179 ὰνιυδύνως,
406 2116 479 2178 ὡς
518 2116 663 2184 ξίφει
694 2116 974 2185 χρώμενος
1012 2118 1077 2185 τῇ
1117 2115 1333 2185 ἐκείνης
1368 2116 1644 2186 προθέσει,
1692 2132 1713 2179 ,3,

1748 2118 1990 2187 plicitate
2022 2118 2184 2187 gladii
2213 2118 2433 2171 vulnera
2464 2116 2711 2173 molliora
2747 2115 2997 2179 reddens,
3033 2122 3085 2168 et
3106 2113 3319 2173 dulcem

138 2206 335 2272 κάκείνην
353 2205 643 2275 λαμϐάνων
660 2208 757 2275 τῆς
781 2205 982 2268 οἰκείας
1003 2207 1334 2276 ἀναιρέσεως
1350 2208 1487 2260 ὑπου
1497 2208 1643 2277 ργόν.

1748 2209 1951 2264 doloris
1981 2223 2206 2263 sensum
2254 2207 2539 2261 exhibens.
2595 2205 2715 2275 Ipsa
2751 2219 2879 2259 vero
2918 2218 3085 2257 manu
3127 2211 3322 2257 contu-

144 2294 284 2358 Ἳιῦεν,
301 2298 462 2368 ἐπειδὴ
484 2298 594 2367 τὴν
632 2298 845 2366 σφαγὴν
872 2296 1209 2365 ἀναίμακτον
1240 2298 1505 2365 ἐπετέλει,
1528 2300 1648 2351 οὐδὲ

1749 2299 1893 2354 maci
1923 2297 2249 2353 defectionis
2288 2298 2531 2352 scribens
2562 2286 2757 2366 legem,
2794 2295 3087 2365 acquisivit
3114 2309 3324 2363 praeva-

154 2392 349 2457 φονευτὴς
369 2392 673 2460 ἐνομίζετο,
703 2391 815 2443 ἀλλ’
847 2390 924 2454 ὡς
961 2390 1164 2459 ἀγαθὸς
1198 2391 1497 2462 σύμϐουλος
1527 2395 1649 2445 ἐπι-

1750 2389 1979 2446 ricando
2012 2389 2114 2444 sibi
2143 2388 2432 2457 pulchrum
2464 2386 2724 2453 fructum,
2750 2394 2804 2441 et
2829 2386 2959 2439 ﬂere
2988 2386 3178 2440 mortis
3212 2401 3327 2439 ma-

158 2480 329 2543 ετεύετο,
354 2486 404 2552 τῇ
444 2483 762 2554 ἁπαλότητι
787 2484 833 2514 ³⁸
862 2484 962 2553 τῆς
1002 2484 1278 2554 μαχαίρας
1324 2485 1653 2555 μαλακύνων

1752 2491 1959 2538 turum.
1995 2481 2105 2535 Eva
2136 2488 2318 2534 autem
2351 2494 2475 2533 cum
2511 2486 2710 2531 temere
2744 2478 2809 2531 de
2848 2477 2993 2547 ligno
3029 2485 3321 2546 guStasset.

153 2572 200 2622 ti
231 2573 468 2642 τραύματα
507 2575 611 2627 καὶ
662 2574 916 2642 γλυκεῖαν
970 2575 1185 2639 δεικνὺς
1228 2554 1333 2645 τῆς
1362 2554 1654 2647 ἀλγηδόνος

1841 2587 1872 2627 e
1903 2571 2066 2641 hujus
2104 2578 2333 2624 mortem
2367 2577 2578 2638 petens,
2609 2568 2880 2623 incoctum
2908 2568 3113 2636 peccati
3142 2567 3323 2621 cibum
3422 2554 3428 2563 ’

147 2661 217 2729 τὴν
234 2664 462 2734 αἴσθησιν.
529 2667 594 2717 'ii
626 2664 682 2717 δὲ
717 2666 761 2697 ⁸⁵
794 2665 880 2719 διὰ
914 2666 1096 2735 χειρὸς
1121 2666 1381 2731 ἀπειθοῦς
1414 2668 1657 2721 ἀποστα-

1756 2663 1966 2729 habuit,
1983 2671 2036 2717 et
2054 2660 2565 2730 fameliquescentis
2587 2658 2845 2725 nutritus,
2862 2658 3072 2713 etillius
3095 2659 3327 2712 inductis

145 2754 233 2817 σίας
278 2757 549 2826 γράφουσα
594 2756 784 2827 νόμον,
817 2758 1018 2827 ἐτρύγα
1052 2759 1260 2829 καρπὸν
1285 2758 1656 2830 ὼραῖζόμενον

1757 2753 2081 2818 nuditatem,
2107 2766 2406 2821 purpuram
2434 2763 2555 2805 esse
2575 2749 2812 2819 regalem
2847 2749 3037 2820 5060
3073 2748 3217 2805 ﬁcus
3233 2747 3321 2803 fo-

142 2846 385 2915 παραϐάσει
418 2849 521 2900 καὶ
557 2849 623 2917 τῇ
652 2848 696 2877 ³³
740 2848 893 2917 ἀκμῇ
929 2847 1325 2917 πεπαινόμενον
1373 2847 1467 2901 τοῦ
1492 2848 1659 2902 θανά-

1760 2844 1829 2898 lia
1858 2843 2264 2899 existimarunt.
2316 2840 2461 2896 Deus
2495 2855 2562 2894 ex
2601 2841 2710 2895 alto
2742 2849 3021 2909 peccatum
3070 2840 3326 2911 inspexit,

142 2952 229 2991 του.
259 2937 351 3008 Τῆς
395 2939 549 3002 Ebur;
584 2938 875 3009 προπετῶς
930 2939 1277 3009 γευσαμένης
1317 2940 1411 2993 τοῦ
1470 2940 1650 3006 ξύλου,

1760 2942 1813 2988 et
1836 2934 2129 2988 connivere
2159 2931 2356 2995 noluit,
2389 2930 2648 3000 injuriam
2671 2930 2861 3000 primae
2886 2939 3148 2985 creatura:
3172 2943 3327 2985 suam

144 3028 260 3090 αὐτὸς
288 3030 363 3082 τὸν
396 3031 623 3098 ἐκείνης
661 3030 985 3099 ὀρεγόμενος
1015 3028 1235 3099 ὄλεθρον
1281 3030 1524 3083 ἄπεπτον
1543 3024 1658 3099 εἶχε

1762 3040 1885 3081 esse
1917 3033 2091 3089 ratus,
2124 3031 2175 3077 et
2205 3023 2461 3093 judicans
2493 3021 2663 3086 venit,
2692 3035 3006 3090 quanquam
3040 3020 3116 3075 rei
3145 3023 3210 3075 ad
3241 3020 3332 3090 ju-

139 3117 209 3183 τῆς
238 3120 404 3183 κακίας
434 3120 547 3189 τὴν
606 3118 827 3189 βρῶσιν,
864 3118 958 3172 καὶ
1004 3117 1159 3187 λιμῷ
1208 3120 1306 3189 τῆς
1353 3110 1726 3217 τηκομένηςζἲ

1764 3118 1967 3173 dicium
1992 3116 2173 3171 venire
2202 3130 2308 3170 non
2334 3116 2621 3178 auderent,
2644 3113 2935 3184 fugientes,
2964 3121 3016 3167 et
3042 3112 3209 3182 priori
3235 3112 3334 3167 de-

137 3212 408 3278 :paedpsvo;
458 3212 636 3284 [1512
669 3210 760 3283 R.]
793 3211 887 3265 καὶ
935 3211 1032 3281 τὴν
1084 3210 1298 3281 ἐκείνης
1347 3210 1661 3281 ἐνδυόμενος
1690 3203 1724 3217 “

1764 3210 1891 3265 licto
1922 3209 2067 3263 aliud
2101 3208 2483 3277 adjungentes.
2516 3205 2839 3274 Cogitarunt
2866 3203 2960 3258 Dei
2994 3203 3335 3272 praesentiam

136 3298 379 3367 γύμνωσιν,
406 3303 732 3373 πορφυρίδα
771 3292 1053 3372 βασιλικὴν
1087 3301 1159 3355 τὰ
1194 3302 1293 3371 τῆς
1330 3303 1501 3371 συκῆς
1542 3302 1662 3355 ἐλο-

1764 3304 1886 3359 loco
1912 3317 2034 3358 esse
2084 3300 2589 3370 circumscriplam.
2622 3298 2794 3351 Adam
2823 3299 2986 3351 abies
3012 3296 3035 3350 ἲ
3062 3295 3182 3351 Non
3209 3305 3339 3351 sunt

136 3392 276 3456 ’ίὲςετο
302 3395 485 3463 φύλλα.
536 3390 687 3446 Εἷδεν
716 3392 922 3446 ἀνωθεν
948 3392 1048 3463 τὴν
1075 3393 1288 3447 ἀδικίαν
1330 3394 1358 3444 ό
1388 3391 1538 3457 Θεὸς,
1570 3392 1665 3444 καὶ

1766 3396 1882 3451 haec
1910 3393 2074 3449 verba
2117 3391 2265 3458 irati,
2316 3393 2408 3446 sed
2452 3389 2827 3445 misericordis
2862 3407 2874 3441 :
2904 3403 3011 3441 non
3047 3403 3148 3443 vox
3178 3402 3338 3455 repu-

140 3486 335 3554 πσριδείν
390 3488 491 3541 οὐκ
546 3486 839 3557 ἠνέσχετο,
894 3484 993 3555 τὴν
1063 3483 1220 3554 ὓϐριν
1288 3483 1384 3537 τοῦ
1446 3484 1663 3556 πρώτου

1765 3484 1989 3551 diantis,
2046 3483 2139 3538 sed
2188 3482 2520 3538 miserentis.
2552 3481 2811 3535 Mutatam
2847 3479 3057 3547 imperii
3103 3479 3335 3539 formam

141 3576 400 3646 πλάσματος
432 3577 640 3632 ἐαυτοῦ
686 3575 1054 3646 λογιζόμενος.
1083 3577 1195 3629 Καὶ
1250 3576 1468 3630 κάτεισι
1517 3575 1667 3629 δικά-

1767 3578 1946 3641 video,
1966 3576 2244 3646 dignitatis
2264 3575 2429 3629 alium
2449 3573 2717 3628 ordinem.
2741 3572 2843 3626 Ubi
2862 3589 2913 3625 es
2932 3573 2958 3625 γ
2979 3572 3164 3625 Vocem
3190 3582 3337 3625 tuam

140 3670 357 3731 σων,κᾶ.ν
411 3669 560 3739 πρὸς
590 3669 689 3737 τὴν
744 3666 899 3737 δίκην
944 3668 1044 3720 ούκ
1091 3665 1356 3737 ἐθάρρουν
1408 3664 1580 3718 ἐλθεῖν
1615 3666 1666 3717 οἱ

1771 3669 1949 3724 audivi
1966 3667 2286 3721 ambulantis
2300 3674 2350 3721 et
2366 3664 2614 3719 abscondi
2631 3680 2710 3717 me
2732 3661 2749 3700 ι
2772 3681 2786 3719 :
2809 3671 2863 3717 et
2876 3678 2973 3717 cur
2992 3664 3233 3716 timerem
3248 3677 3338 3715 sa-

138 3759 397 3827 ὑπεύθυνοι,
425 3761 669 3831 φυγάδες
692 3760 962 3830 γινόμενοι
992 3759 1086 3813 καὶ
1112 3760 1223 3822 τοῖς
1240 3757 1475 3825 φθάσασι
1494 3772 1666 3826 προσ-

1769 3762 1841 3817 tis
1873 3770 1991 3816 erat
2008 3760 2090 3814 vel
2104 3758 2299 3829 pedum
2316 3768 2530 3812 tuorum
2548 3754 2827 3824 strepitus.
2848 3753 3167 3808 Tantienim
3189 3751 3336 3822 judi-

134 3850 327 3914 τιθέντες
369 3854 460 3904 καὶ
497 3850 631 3905 ἄλλο
660 3849 1055 3920 πλημμέλημα.
1096 3847 1337 3918 Τοπικὴν
1368 3846 1669 3914 ἐλογίζοντο

1771 3853 1850 3909 eis
1862 3852 2047 3907 omnia
2062 3850 2373 3907 clamabant
2385 3848 2720 3914 membra,‘et
2739 3862 2863 3899 cum
2885 3860 2994 3900 rem
3010 3860 3129 3900 cum
3144 3844 3235 3899 tali
3247 3857 3346 3898 reo

133 3942 204 3992 τοῦ
226 3943 343 3996 Θεοῦ
372 3944 468 4013 τῆν
511 3941 821 4010 ἐπίσκεψιν.
848 3941 1021 4009 Ἀδὰμ
1057 3938 1176 3993 ποῦ
1200 3935 1289 4003 el;
1329 3938 1429 3992 οὐκ
1452 3938 1670 4008 ὀργιζο-

1771 3944 1975 3999 habeas
1993 3958 2100 4000 non
2122 3942 2295 3996 habeo
2314 3956 2491 3995 causa:
2513 3938 3099 4005 dicendaelihertatem.
3115 3934 3347 4005 Suscipe

135 4032 266 4099 μένου
294 4034 400 4087 ἀλλ’
431 4033 716 4096 ἐλεοῦντος
743 4034 776 4102 ἡ
820 4033 1000 4103 φωνή·
1027 4032 1127 4084 οὐκ
1190 4029 1670 4100 ἀποστρεφομένου

1775 4034 2023 4089 timorem
2079 4033 2175 4102 qui
2214 4041 2498 4102 peccatum
2547 4044 2728 4084 meum
2783 4036 2998 4097 purget,
3046 4034 3102 4081 et
3143 4025 3237 4094 qui
3270 4024 3343 4079 sit

132 4122 221 4175 ἀλλ’
248 4126 518 4189 ἐλεοῦντος
541 4127 575 4195 ἡ
607 4124 818 4193 κλῆσις.
848 4121 1304 4191 Παρηλλαγμένον
1344 4119 1525 4189 βλέπω
1574 4120 1672 4187 τῆς

1772 4136 2039 4196 patronus
2090 4135 2196 4181 tua:
2226 4126 2475 4196 iustitiae.
2510 4121 2742 4177 Vincere
2770 4130 2824 4176 te
2868 4119 3079 4175 ostendi
3132 4118 3344 4187 fugiens

135 4214 371 4282 βασιλείας
418 4218 479 4271 τὸ
525 4218 730 4287 σχῆμα,
783 4214 1183 4284 ἐνηλλαγμένην
1236 4215 1335 4284 τῆς
1377 4212 1535 4276 ἀξίας
1576 4210 1673 4282 τὴν

1774 4219 2101 4274 sententiam
2148 4228 2295 4273 tuam
2326 4234 2341 4271 :
2373 4216 2601 4271 crimina
2646 4212 2774 4281 fuga
2824 4211 3025 4276 detexi,
3053 4210 3346 4264 ostendens

133 4307 397 4372 τάξινᾞώ
420 4305 476 4363 εἴ
488 4325 509 4373 ;
522 4306 633 4375 τῆς
664 4304 867 4377 φωνῆς
886 4323 1003 4360 σου
1019 4304 1255 4373 ἤκουσα
1280 4302 1675 4372 περιπατοῦν-

1778 4326 2018 4366 errorem
2047 4310 2259 4365 defendi
2310 4323 2421 4362 non
2468 4320 2647 4375 posse.
2695 4303 2888 4357 Mulier
2929 4316 3095 4371 quam
3146 4298 3345 4354 dedisti

132 4412 232 4461 τος,
259 4400 347 4452 καὶ
384 4402 670 4469 ἐκρύϐην.
712 4396 953 4468 Ἦρκεσέ
993 4414 1081 4466 μοι
1126 4394 1265 4465 πρὸς
1318 4395 1519 4447 δειλίαν
1567 4393 1676 4446 τῶν

1778 4400 1912 4455 mihi
1935 4400 2163 4464 sociam,
2194 4399 2340 4454 dedit
2364 4397 2498 4451 mihi
2527 4396 2594 4450 de
2613 4396 2780 4465 ligno,
2803 4402 2856 4448 et
2884 4392 3116 4449 comedi.
3149 4390 3349 4447 Habuit

134 4489 279 4540 ποδῶν
324 4493 356 4561 ἡ
395 4493 586 4561 φωνή·
626 4488 870 4542 τοιούτου
913 4490 1022 4557 γὰρ
1066 4485 1321 4540 δικαστοῦ
1365 4486 1465 4539 ὅλα
1492 4486 1673 4556 φωνὴν
1706 4486 1721 4541 1

1779 4491 2097 4551 clementem
2120 4489 2380 4559 judicem,
2411 4497 2466 4543 et
2495 4487 2703 4542 invenit
2734 4500 2959 4540 causam
2986 4483 3348 4538 commisera-

132 4576 223 4648 ἔχει
272 4582 335 4635 τὰ
370 4584 533 4654 μέλη,
568 4584 698 4635 ὅταν
742 4580 877 4651 πρὸς
920 4577 1222 4633 ὑπεύθυνον
1258 4577 1358 4649 ἔχῃ
1403 4578 1665 4633 τοιοῦτον.

1780 4581 1929 4637 tione
1986 4580 2226 4648 dignam.
2288 4578 2370 4632 Ad
2419 4576 2863 4645 imbecillitatean
2907 4575 3031 4654 Evte
3077 4573 3347 4645 confugit,

133 4670 226 4723 οὐκ
259 4672 359 4742 ἐχω
373 4652 703 4745 παρρησίαν
734 4671 938 4741 φωνῆς.
969 4670 1133 4737 Δέξαι
1162 4669 1253 4723 τὸν
1282 4670 1445 4738 φόϐον
1484 4670 1579 4723 καλ⁵
1610 4670 1671 4723 τὸ

1779 4673 2008 4727 audiens
2044 4671 2292 4740 judicem
2335 4670 2615 4739 inquirere
2643 4685 2780 4724 rem.
2810 4666 2855 4723 0
2891 4652 3180 4737 patientem
3203 4665 3349 4736 judi-

133 4760 241 4830 ἐμὸν
266 4764 587 4833 βεϐαιοῦντα
624 4764 665 4795 ³⁷
698 4748 1078 4833 πλημμέλημα
1110 4760 1205 4813 καὶ
1253 4760 1351 4831 τῆς
1391 4760 1491 4831 σῆς
1518 4760 1669 4829 γινό-

1781 4778 1897 4818 cem
1936 4765 1950 4816 ι
1989 4761 2244 4816 Permisit
2273 4775 2489 4815 omnem
2536 4775 2757 4815 causam
2790 4759 2987 4814 referri
3020 4759 3087 4812 ad
3122 4773 3350 4828 serpen-

138 4868 267 4916 μενον
310 4854 707 4925 δικαιοκρισίας
787 4853 1106 4922 συνήγορον.
1170 4850 1427 4903 Νικῶσαν
1496 4850 1673 4916 ἔδειξα

1781 4863 1910 4920 tem,
1940 4862 1999 4908 ut
2025 4853 2200 4908 levius
2235 4860 2499 4908 statueret
2546 4852 2788 4922 deceptis
2822 4852 3029 4907 crimen
3068 4873 3080 4907 :
3114 4851 3347 4929 Maledig

136 4941 475 5007 δραπετεύσας
526 4945 625 5013 τὴν
652 4944 862 5013 ψῆφον
898 4939 1272 5010 ἀπεγύμνωσα
1306 4943 1372 5011 τῇ
1420 4943 1563 5012 φυγῇ
1604 4941 1673 4995 τὰ

1782 4955 1898 4999 ctus
1937 4954 1992 4997 tu
2043 4944 2182 4997 inter
2234 4944 2412 4998 omnia
2460 4944 2739 5010 animalia,
2771 4952 2821 4997 et
2851 4945 3043 4997 bestias
3069 4952 3226 4997 terra:
3260 4951 3300 4973 "
3331 4961 3345 4996 :

140 5035 449 5105 ἐγκλήματα,
484 5034 867 5104 ἀσυνηγόρητα
913 5031 1091 5098 δείξας
1114 5030 1180 5084 τά
1224 5031 1561 5101 πταίσματα.
1605 5032 1677 5087 Ἠ

1777 5044 1840 5091 ιιι
1868 5036 1959 5105 qui
1987 5035 2246 5089 adversus
2270 5050 2485 5089 onmem
2528 5043 2834 5090 creaturam
2868 5035 3049 5089 scelus
3081 5034 3303 5101 patrasti
3329 5052 3344 5089 :

140 5126 281 5194 γυνὴ,
316 5126 397 5194 ἢν
432 5126 660 5203 ἔδωκάς
678 5142 797 5194 μοι,
821 5121 974 5188 αὐτή
1018 5140 1120 5191 μοι
1157 5121 1358 5188 ἔδωκε,
1395 5122 1492 5176 καί
1526 5121 1673 5190 ἐφα-

1779 5126 1979 5183 οωιιιιῐι
2021 5125 2218 5195 injuria
2253 5126 2504 5190 affecisti,
2556 5125 2773 5180 invidiae
2817 5140 3027 5180 veneno
3062 5124 3294 5180 foedatus
3330 5143 3344 5179 :

141 5233 240 5281 νον.
278 5222 444 5291 Ἔσχε
482 5220 862 5289 φιλάνθρωπον
902 5215 1185 5286 δικαστὴν,
1232 5216 1328 5269 καὶ
1370 5210 1495 5287 εὗρε
1537 5216 1676 5287 πρό-

1780 5217 2002 5288 angelos
2029 5226 2122 5270 tua
2145 5216 2450 5271 defectione
2466 5217 2834 5285 contristastif,
2854 5217 3097 5270 minuere
3124 5216 3350 5270 studt-ns

143 5321 272 5369 φασιν
313 5312 595 5381 συμπαθῆ.
656 5310 779 5363 Ἐπὶ
826 5309 886 5362 τὸ
936 5307 1159 5370 ἀσθενὲς
1198 5307 1533 5377 καταφεύγει
1575 5308 1677 5376 τῆς

1779 5311 2062 5365 beatorum
2106 5325 2418 5373 numerum,
2448 5310 2673 5379 ignarus
2701 5308 2918 5364 sublato
2960 5307 3131 5377 pejori
3160 5322 3351 5362 succe-

143 5392 274 5462 Εΰας,
307 5400 585 5455 ὑπεκλύων
609 5400 702 5454 τοῦ
740 5397 993 5451 δικαστοῦ
1026 5397 1121 5465 τὴν
1160 5398 1431 5454 ἐπίτασιν.
1468 5399 1530 5451 Ὢ
1566 5416 1675 5468 μα⁸

1780 5401 1905 5458 dere
1933 5403 2151 5459 melius.
2176 5403 2398 5474 Augens
2433 5401 2644 5473 augebo
2673 5401 2891 5457 dolores
2933 5409 3079 5466 tuos,
3114 5407 3167 5455 et
3194 5399 3349 5455 dein-

202 5509 213 5545 ¹
255 5510 384 5567 Gen.
424 5529 509 5579 ιιι,
541 5515 592 5569 9.
670 5515 837 5578 ibid.,
866 5513 951 5567 Μ.

1371 5606 1602 5661 VARI/[3
1660 5606 2065 5665 LECTIONES.

199 5698 353 5777 3110';
382 5702 583 5777 ἐχθροῦ.
615 5703 841 5777 ornari;
895 5702 1384 5777 "jaaxaivwvaei
1495 5772 1513 5777 _
1548 5702 1593 5777 '_’
1624 5662 1896 5777 “tatdi
1937 5662 2155 5777 {tanta
2188 5724 2250 5770 ς.
2322 5662 2375 5739 γ³³
2402 5704 2545 5777 ἐχειν
2577 5722 2689 5763 om.
2728 5707 2795 5761 A.
2870 5706 2915 5739 ³⁵
2936 5704 3233 5774 ἀπαλότητι
3262 5701 3301 5757 Β
3334 5721 3348 5756 :

145 5765 378 5839 ἁπλότητι
405 5765 494 5834 ξ]
544 5772 585 5804 ³⁵
610 5771 691 5841 δὲ]
727 5770 788 5841 δὴ
808 5771 865 5826 Β.
942 5765 987 5804 ’δ
1018 5775 1083 5841 τῇ
1125 5787 1237 5826 om.
1269 5775 1333 5828 A.
1412 5773 1454 5805 ’τ’
1488 5765 1808 5843 βεϐαιοῦντα
1829 5774 1873 5827 Α
1907 5792 1921 5829 :
1955 5765 2265 5831 δικαιοῦντα
2293 5792 2353 5839 ς.
