4020 6412
638 364 745 428 227

1801 352 2063 414 PlIOTlI
2102 349 2608 412 PATRIARCUE
2635 350 2744 409 ΟΡ.

3797 360 3895 425 ΞΞΒ

640 500 791 554 cepe,
826 498 862 539 o
902 481 1115 537 Domini
1156 474 1690 535 commiserationem
1725 474 1739 525 !
1792 470 2092 540 indignatio
2130 470 2216 523 hu-

2339 466 2619 538 κροθύμου
2649 464 2903 518 δικαστοῦ
2932 468 2944 518 l
2981 467 3193 536 ἀφῆκεν
3225 469 3345 523 ὅλον
3375 472 3455 535 εἰς
3482 471 3574 525 τόν
3605 473 3727 543 ὅφιν
3778 493 3894 529 συν-

643 577 956 631 nianitatem
1024 572 1479 642 supergrediens.
1517 566 1653 635 legis
1700 564 1918 618 dolores
1968 562 2227 616 terminat

640 676 697 722 et
721 666 978 736 gemitus,
996 675 1054 717 ut
1075 665 1160 717 his
1178 663 1521 716 invalescens
1540 666 1767 711 mortem
1782 670 1844 708 ex
1864 652 2229 707 delectatione

642 768 826 822 exuat,
878 754 1284 809 multitudinem
1321 750 1546 805 humani
1578 748 1799 817 generis
1835 744 2222 799 comminatus.

640 850 988 904 Additionem
1023 843 1392 900 successionis
1434 841 1706 911 promittit
1748 838 1965 900 dolens,
1995 846 2224 889 matrem

642 940 830 993 mundi
863 939 1025 1006 elegit
1057 938 1253 999 iratus,
1302 932 1586 987 cadentem
1622 932 1843 983 trahens
1887 928 1938 979 in
1977 940 2227 994 progres-

644 1043 791 1085 sum.
844 1026 908 1080 In
951 1024 1218 1077 doloribus
1245 1024 1416 1089 paries
1449 1020 1589 1088 ﬁlios
1611 1023 1639 1053 ³
1670 1035 1684 1071 :
1716 1033 1813 1087 per
1843 1024 2089 1070 ventrem
2113 1012 2220 1069 do-

642 1128 755 1182 cet,
771 1134 866 1187 per
886 1131 1047 1184 quem
1076 1116 1127 1167 in
1150 1114 1412 1165 mundum
1433 1115 1599 1172 venit.
1620 1109 1843 1163 vetitum
1861 1107 2083 1175 capiens
2104 1104 2219 1157 fru-

645 1222 818 1272 etum,
867 1211 980 1277 ipsa
1030 1206 1285 1276 puniatur
1321 1214 1507 1273 partus
1546 1201 1865 1265 doloribus,
1914 1208 1969 1253 et
2012 1210 2224 1267 magna

648 1302 962 1370 cupiditatis
988 1300 1247 1353 damnum
1274 1297 1470 1367 507a
1505 1294 1857 1356 contrahens,
1888 1300 1943 1345 et
1974 1290 2221 1344 multitu-

648 1394 827 1447 dinem
881 1392 1099 1462 generis
1142 1403 1426 1459 oppouens
1482 1386 1761 1455 serpenti,
1810 1393 1865 1437 et
1927 1382 2225 1452 permultos

648 1495 999 1557 prosternens
1044 1486 1313 1539 laetantem
1362 1498 1457 1553 per
1491 1494 1683 1535 unum.
1725 1479 1913 1533 Parias
1956 1491 2081 1531 cum
2126 1476 2226 1529 do-

649 1579 764 1634 lore
811 1586 982 1639 caste,
1015 1592 1140 1631 cum
1190 1574 1309 1630 lzeta
1353 1573 1608 1645 peperisti
1656 1572 1778 1626 sine
1808 1572 2033 1628 damno,
2062 1579 2113 1621 et
2158 1565 2227 1619 ad

638 1668 805 1720 rirum
831 1674 979 1717 tuum
1018 1664 1283 1717 conversio
1327 1672 1441 1718 tua.
1472 1663 1757 1717 Subditam
1814 1660 1981 1714 Evam
2012 1660 2225 1713 Adamo

638 1757 790 1827 fecit.
852 1754 1099 1807 Libertas
1141 1754 1287 1807 enim
1337 1753 1549 1807 inulilis
1576 1755 1643 1809 iis
1675 1755 1767 1823 qui
1798 1768 1892 1821 per
1937 1767 1995 1806 se
2029 1764 2223 1819 sapere

640 1849 913 1902 nesciunt.
930 1848 1049 1917 ipse
1067 1847 1437 1902 dominabitur
1454 1848 1554 1911 tui,
1571 1848 1900 1915 halievirum
1916 1846 2221 1916 dominum,

638 1948 693 1994 et
723 1954 831 1993 non
863 1948 1192 2007 serpentem.
1224 1938 1429 1993 Deinde
1469 1938 1543 1993 ad
1581 1940 1859 1993 meliorem
1887 1938 2052 1992 vitam
2092 1952 2224 1990 con-

640 2046 819 2095 versa,
852 2034 993 2087 unde
1022 2042 1240 2101 sumpta
1290 2032 1492 2085 venisti
1541 2033 1593 2085 in
1624 2032 1911 2084 mundum.
1948 2030 2019 2084 Et
2050 2028 2223 2084 Adam

638 2124 801 2187 dixit,
820 2131 925 2177 etc.
950 2122 1099 2177 Nova
1123 2124 1407 2178 clementia
1424 2137 1546 2192 qua:
1571 2124 1802 2192 priorem
1828 2133 2065 2191 superat.
2095 2122 2225 2174 Aui—

637 2231 763 2271 mus
818 2216 1027 2286 paterni
1066 2216 1259 2286 plenus
1306 2216 1543 2282 amoris,
1597 2214 1759 2268 minae
1808 2214 1980 2283 plenae
2022 2228 2221 2267 conso-

636 2305 874 2361 lationis.
924 2304 1179 2375 Oportuit
1225 2305 1444 2375 quidem
1495 2312 1579 2368 te,
1632 2304 1839 2373 inquit,
1898 2302 2031 2356 mibi
2093 2304 2224 2356 obe-

635 2398 873 2453 dientem
910 2397 1159 2452 mulieris
1210 2397 1502 2451 consilium
1578 2410 1687 2450 non
1761 2394 2075 2457 attendisse,
2120 2408 2222 2447 nec

634 2489 830 2560 legem,
872 2505 1033 2560 quam
1079 2504 1197 2543 mea
1247 2503 1412 2542 manu
1462 2488 1681 2558 scripsi,
1718 2488 1902 2557 digitis
1955 2487 2079 2541 Eva:
2128 2487 2221 2541 de-

634 2578 803 2635 lere:
848 2594 971 2634 cum
1036 2593 1167 2634 vero
1237 2578 1585 2649 separatione
1644 2578 1921 2643 mulieris,
1986 2586 2040 2632 et
2096 2593 2221 2646 pec-

637 2678 762 2725 cato
813 2686 919 2724 non
974 2670 1267 2740 separeris,
1307 2671 1493 2739 accipe
1544 2670 1748 2739 legem,
1794 2686 1917 2739 qua:
1956 2671 2063 2724 tuis
2091 2684 2218 2739 pec-

633 2763 773 2816 catis
821 2760 1119 2817 conveniat
1152 2778 1167 2814 :
1197 2759 1486 2813 maledicta
1518 2766 1685 2812 terra.
1738 2760 1910 2813 Adam
1954 2760 2215 2828 peccavit,

634 2860 779 2906 terra
833 2864 1048 2919 pinnam
1103 2848 1242 2912 luit,
1296 2848 1420 2901 inde
1490 2848 1712 2917 incarpit
1756 2847 2025 2912 doctrina,
2074 2850 2220 2902 unde

635 2956 805 2996 causa
853 2939 1061 2994 fraudis
1085 2948 1267 2993 ortum
1318 2938 1491 2992 duxit.
1524 2938 1662 2992 Cum
1711 2940 1911 3009 plantis
1960 2940 2218 3008 deceptus

636 3047 759 3087 mea
790 3041 1061 3101 praecepta
1095 3030 1407 3101 neglexisti.
1440 3031 1673 3085 tribulos
1702 3040 1756 3085 et
1781 3033 1969 3102 spinas
1996 3033 2213 3087 habeat.

2330 560 2561 629 αχθῆναι
2611 558 2673 611 τὸ
2720 558 2915 621 αἴτιον,
2959 560 3044 611 ἵνα
3090 562 3421 633 κουφότερον
3448 568 3763 637 καταστήσῃ
3792 572 3899 632 τοῖς

2329 649 2763 704 ἑπιϐουλευθεῖσι
2799 651 2860 703 τὸ
2888 650 3160 721 ἔγκλημα.
3203 653 3665 723 Ἐπικατάρατος
3689 658 3901 712 aitde

2329 742 2573 795 πάντων
2603 740 2721 795 τῶν
2745 740 2983 809 κτηνῶν
3012 743 3108 795 καί
3130 744 3247 797 ἀπὸ
3275 746 3519 799 πάντων
3543 748 3658 801 τῶν
3687 752 3903 817 θηρίων

2327 830 2433 899 τῆς
2467 831 2598 902 τῆς.
2632 833 2720 896 Ὠς
2745 835 2886 885 κατά
2914 834 3095 903 πάσης
3145 835 3381 898 ἐκζέσας
3413 838 3513 905 τὴν
3540 838 3759 892 ἀδικίαν
3808 841 3901 908 τῆς

2330 928 2585 990 κτίσεως.
2625 926 2901 995 (lupino-3;
2954 928 3268 999 ἐνύϐρισας,
3310 928 3390 999 τῷ
3428 929 3491 999 ίῷ
3527 931 3790 1002 ῥυπώσας
3812 933 3901 985 τοῦ

2331 1020 2554 1087 φθόνου.
2598 1020 2891 1087 Ἀγγέλους
2931 1020 3209 1089 ἐλύπησας
3227 1024 3294 1091 τῇ
3321 1023 3653 1094 ἀποστασία,
3672 1026 3905 1095 νομίζων

2328 1112 2590 1164 ἐλαττοῦν
2613 1112 2722 1164 τῶν
2765 1112 3079 1181 ὑμνολόγων
3108 1111 3170 1165 τὸ
3221 1113 3439 1183 μέτρον,
3473 1115 3572 1169 οὑκ
3621 1117 3779 1180 εἰδὼς
3826 1120 3905 1171 ὅτι

2324 1202 2405 1272 τῷ
2458 1203 2726 1274 χωρισμῷ
2774 1203 2867 1255 τοῦ
2903 1204 3143 1273 χείρονος
3195 1205 3485 1269 πλεονάζει
3520 1208 3579 1260 τὸ
3636 1212 3904 1279 κρεῖττον.

2327 1296 2660 1361 Πληθύνων
2717 1294 3006 1361 πληθυνῶ
3044 1296 3153 1361 τὰς
3183 1298 3383 1363 λύπας
3415 1314 3553 1361 σου,
3602 1302 3695 1351 καὶ
3755 1300 3903 1369 ἑξῆς.

2327 1387 2498 1441 Βαϐαὶ
2546 1388 2644 1457 τῆς
2693 1387 3033 1455 Δεσποτικῆς
3085 1388 3471 1457 συμπαθείαςί
3512 1390 3908 1457 ’Δγανάκτησις

2326 1480 3167 1551 φιλανθρωπίαν.ὑπερϐαίνουσα
3207 1482 3375 1550 νόμου
3416 1481 3591 1544 λύπας
3617 1482 3791 1551 ὁρίζει
3814 1482 3907 1534 καὶ

2328 1574 2687 1640 στεναγμοὺς,
2735 1571 2821 1625 ἵνα
2852 1572 3081 1635 ταύταις
3126 1574 3540 1644 ὲγκαρτεροῦσα
3566 1574 3658 1627 τὸν
3691 1575 3755 1627 ἐκ
3806 1574 3905 1641 τῆς

2325 1664 2572 1735 τέρψεως
2597 1664 2936 1734 ἀποδῦσηται
2967 1664 3216 1717 θάνατον.
3269 1664 3593 1735 Πλατύτητα
3638 1664 3767 1736 [826
3818 1662 3903 1735 ιι]

2332 1754 2525 1821 γένους
2552 1753 2797 1807 ἀπειλῶν
2822 1754 3274 1822 είιαγγελίιῖζεται⁸
3304 1756 3627 1826 προσθήκην
3656 1755 3907 1825 διαδοχῆς

2334 1848 2681 1915 ὑπισχνεῖται
2706 1845 3077 1916 λυπούμενος’
3118 1847 3332 1917 μητέρα
3371 1847 3577 1917 κόσμου
3613 1848 3908 1915 χειροτονεῖ

2326 1937 2703 2009 ὀργιζόμενος,
2748 1939 2831 2001 είς
2885 1939 3173 2008 προκοπὴν
3231 1938 3382 2005 ἄγων
3427 1940 3526 2007 τὴν
3576 1937 3904 1990 πταίσασαν.

2337 2031 2435 2082 Ἐν
2459 2030 2684 2094 λύπαις
2714 2029 2855 2095 τέξῃ
2886 2027 3087 2082 τέκνα.
3121 2029 3219 2082 Διὰ
3253 2028 3491 2099 γαστρὸς
3546 2027 3819 2093 παιδεύει,
3844 2027 3906 2079 δι’

2323 2116 2391 2192 ἦς
2421 2120 2695 2191 προῆλθεν
2726 2120 2806 2182 είς
2838 2118 3070 2172 ὄλισθον.
3120 2118 3184 2171 Ἦ
3227 2119 3321 2172 τὸν
3348 2118 3730 2188 κεκωλυμένον
3775 2119 3907 2169 ὑπο-

2322 2212 2594 2282 δεξαμένη
2639 2212 2853 2284 καρπὺν
2890 2211 3032 2280 αὑτὴ
3071 2210 3418 2280 μαπιζέσθω
3462 2213 3572 2275 τοῖς
3623 2210 3721 2263 τοῦ
3746 2210 3905 2262 τόκου

2325 2305 2529 2368 πόνοις,
2580 2304 2675 2356 καὶ⁵
2727 2304 2825 2373 τῆς
2856 2301 3166 2373 προπετοῦς
3216 2301 3513 2371 ἐπιθυμίας
3558 2305 3659 2372 τὴν
3702 2303 3905 2373 βλάϐην

2326 2394 2712 2457 συστέλλουσα,
2741 2395 2835 2445 καὶ
2863 2394 2963 2462 τὴν
3002 2392 3319 2463 πλατύτητα
3348 2392 3445 2445 τοῦ
3476 2392 3666 2461 γένους
3700 2396 3905 2447 ἀντιτι-

2324 2488 2477 2541 θεῖσα
2506 2486 2585 2556 τῷ
2613 2487 2755 2555 δφει,
2786 2486 2879 2539 καὶ
2912 2485 2999 2540 διά
3026 2484 3237 2539 πολλῶν
3282 2485 3701 2540 καταϐάλλουσα
3740 2487 3791 2518 ⁸⁸
3817 2488 3902 2540 τὸν

2322 2577 2391 2630 δι’
2420 2577 2538 2641 ἐνὸς
2564 2578 3013 2647 καυχησάμενον.
3044 2576 3374 2647 Λυπουμένη
3401 2577 3555 2630 τίκτε
3586 2578 3902 2649 σωφρόνως,

2323 2668 2511 2737 ἐπειδὴ
2545 2668 2810 2738 χαίρουσα
2837 2666 3062 2729 τὲτοκας
3094 2667 3449 2737 ἀσυμφόρως.
3484 2667 3594 2721 Kal
3625 2668 3780 2736 πρὸς
3805 2669 3907 2723 τὸν

2320 2759 2511 2827 ἄνδρα
2539 2774 2657 2812 σου
2695 2759 2734 2826 ἠ
2782 2748 3137 2826 ἀποστροφή
3198 2774 3336 2811 σου.
3401 2758 3753 2823 ’Υπεξούσιον
3812 2750 3905 2830 τὴν

2323 2850 2468 2902 Εὕαν
2519 2850 2661 2903 ποιεῖ
2708 2848 2786 2918 τῷ
2831 2848 3019 2919 ἀνδρί·
3074 2849 3135 2901 τὸ
3178 2848 3285 2918 γὰρ
3340 2849 3578 2920 ἄναρχον
3625 2851 3904 2918 ἀνωφελὲς

2318 2944 2432 3003 τοῖς
2463 2940 2521 3007 ἐξ
2570 2941 2780 2993 ἑαυτῶν
2827 2942 3125 3010 σωφρονεῖν
3150 2941 3251 2993 οὐκ
3300 2940 3519 2995 εἰδόσιν.
3563 2941 3671 2994 Kal
3720 2944 3902 3006 αὐτός

2319 3044 2437 3085 σου
2471 3032 2799 3098 κυριεύσει.
2854 3030 3022 3100 Δέχου
3066 3030 3157 3083 τὸν
3208 3030 3376 3101 ἄνδρα
3430 3032 3620 3098 κύριον
3678 3032 3776 3084 καὶ
3832 3033 3902 3102 μὴ

637 3120 981 3192 Sapientium
1045 3120 1386 3174 medicorum
1436 3130 1540 3185 est,
1597 3122 1770 3176 morbi
1822 3124 2105 3178 materiam
2158 3124 2212 3179 in

2323 3122 2413 3174 τὸν
2446 3122 2570 3190 ὅφιν
2590 3121 2883 3191 δεσπότην,
2916 3120 3129 3174 ἐκεῖθεν
3158 3121 3501 3191 ὀδηγουμένη
3533 3122 3668 3193 πρὸς
3715 3124 3903 3193 κρείτ-

636 3214 890 3271 sanitatis
941 3213 1239 3267 remedium
1281 3220 1515 3278 mutare,
1552 3223 1607 3269 et
1655 3231 1777 3285 qua:
1828 3232 2027 3271 nocere
2055 3226 2212 3287 puta-

639 3305 861 3370 bantur,
902 3305 1053 3359 utilia
1100 3320 1223 3361 esse
1268 3305 1645 3361 laborantibus
1697 3310 2009 3365 ostendere.
2044 3309 2211 3363 Bitida

637 3394 824 3464 lingua
860 3407 1199 3466 serpentum,
1253 3397 1463 3465 spinas,
1512 3408 1566 3452 et
1598 3399 1829 3455 tribulos
1878 3400 2110 3467 imitata,
2143 3415 2211 3455 ex

636 3502 749 3541 uno
778 3497 901 3541 ortu
954 3490 1006 3541 in
1058 3496 1171 3543 tres
1212 3488 1387 3544 divisa
1441 3489 1718 3546 stimulos.
1747 3491 1899 3547 Hanc
1942 3493 2011 3547 ad
2051 3508 2209 3563 opem

635 3581 870 3648 sumpsit
916 3580 1164 3645 invidus,
1220 3588 1481 3651 tanquam
1538 3590 1729 3635 contra
1753 3581 2075 3638 Trinitatem
2111 3600 2211 3653 pu-

636 3679 926 3739 gnaturus,
976 3680 1028 3724 et
1059 3685 1154 3741 per
1195 3686 1364 3725 unam
1419 3672 1615 3726 Adami
1670 3675 1983 3744 imaginem,
2041 3684 2209 3729 letam

640 3758 897 3816 Deitatem
934 3762 1300 3818 calumniaus.
1336 3762 1490 3818 Unde
1525 3765 1597 3818 illi
1648 3781 1848 3834 parens
1880 3767 2210 3821 rebellis‘est

634 3853 771 3915 Deo,
797 3867 893 3922 per
922 3853 1129 3908 similes
1174 3870 1260 3909 res
1289 3855 1491 3924 accipit
1531 3856 1864 3922 doctrinam,
1896 3867 1955 3911 ut
1988 3858 2057 3911 ab
2107 3859 2209 3914 hac

632 3945 1028 4014 reprehensus,
1048 3945 1289 4014 serpenti
1313 3947 1505 3999 merito
1531 3946 1861 4017 indignetur,
1895 3949 2209 4004 inimicitias

634 4050 760 4090 cum
787 4036 881 4089 illo
933 4044 1194 4105 perpetuo
1241 4051 1455 4105 gerens.
1488 4037 1634 4091 Vidit
1676 4048 1983 4093 creaturam
2015 4042 2079 4094 ad
2124 4055 2209 4096 re-

634 4128 802 4183 medii
834 4127 1276 4197 desperationem
1327 4137 1614 4196 aegrotare,
1648 4144 1758 4183 uno
1791 4132 2084 4200 impietatis
2111 4131 2209 4187 fae-

631 4223 759 4273 dere
800 4218 1017 4283 victam,
1067 4226 1121 4271 et
1169 4218 1339 4271 alium
1382 4218 1605 4273 modum
1638 4235 1748 4274 non
1791 4234 1915 4275 esse
1950 4223 2205 4287 sanandi,

634 4310 740 4364 nisi
770 4310 838 4374 is,
871 4311 963 4379 qui
992 4325 1115 4365 cum
1146 4318 1373 4365 naturas
1397 4312 1743 4380 providisset,
1782 4328 1845 4367 ac
1878 4315 2205 4381 voluntates,

635 4398 959 4451 medicinam
988 4399 1332 4454 adhibuisset
1351 4401 1592 4471 aegrotis,
1626 4410 1755 4455 tunc
1785 4402 2004 4456 demum
2044 4406 2208 4458 sciret

2318 3232 2448 3267 τονα
2475 3214 2609 3284 βίον,
2638 3214 2760 3267 ὃθεν
2795 3212 3063 3282 ληφθεῖσα
3092 3212 3363 3283 προῆλθες
3410 3213 3488 3276 είς
3517 3214 3753 3281 γένεσιν.
3797 3214 3902 3267 Kal

2319 3306 2401 3372 τῷ
2465 3306 2649 3375 Ἀδὰμ
2701 3302 2896 3369 εἶπεν,
2936 3304 3031 3357 καὶ
3075 3304 3222 3375 ἑξῆς.
3275 3304 3443 3374 ’Ἄλλη
3492 3303 3900 3375 φιλανθρωπίας

2318 3400 2614 3464 ἀπόδειξις,
2636 3402 2734 3470 τῆς
2761 3398 3037 3469 προτέρας
3064 3399 3270 3451 νικῶσα
3313 3398 3404 3451 τὸν
3443 3399 3698 3453 ἔπαινον
3732 3400 3900 3469 θυμὸς

2320 3494 2595 3565 πατρικῆς
2623 3493 2811 3562 γέμων
2842 3492 3100 3562 στοργῆς,
3139 3492 3340 3563 ἀπειλὴ
3373 3494 3684 3565 μιμουμένη
3720 3494 3902 3565 παρά-

2318 3584 2531 3655 κλησιν.
2576 3584 2725 3638 Ἔδει
2765 3584 2864 3654 μέν
2889 3600 2972 3651 σε,
3013 3584 3179 3655 φησιν
3200 3625 3214 3649 ,
3250 3587 3371 3655 ἐμοὶ
3398 3585 3801 3656 πειθαρχοῦντα
3830 3588 3901 3658 μὴ

2316 3676 2573 3740 δέξασθαι
2631 3676 2887 3743 γυναικὸς
2944 3676 3279 3747 συμϐουλὴν,
3337 3679 3469 3748 μηδὲ
3508 3679 3601 3731 τὸν
3637 3680 3744 3732 ὑπὸ
3805 3680 3901 3749 τῆς

2318 3767 2463 3837 ὲμῆς
2514 3766 2697 3835 χειρὸς
2746 3766 3029 3837 γραφέντα
3058 3767 3225 3838 νόμον
3259 3768 3545 3833 δακτύλοις
3594 3770 3899 3840 ἀπαλεῖψαι

2316 3858 2416 3929 τῆς
2439 3856 2584 3920 Εὔας
2604 3874 2617 3888 ·
2649 3858 2769 3910 ἐπεὶ
2799 3858 2855 3909 δὲ
2896 3858 3079 3927 σχέσει
3110 3860 3333 3926 γυναίου
3360 3860 3586 3930 ἄσχετον
3616 3861 3772 3931 ἔσχες
3805 3862 3898 3916 τοῦ

2318 3949 2491 4003 κακοῦ
2523 3948 2622 4020 τὴν
2665 3949 2866 4021 ὁρμὴν,
2906 3949 3062 4020 δέχου
3098 3951 3264 4020 νόμον
3292 3954 3402 4014 τοῖς
3450 3954 3561 4016 σοῖς
3590 3954 3899 4023 ἁρμόζοντα

2317 4040 2677 4109 πταίσμασιν.
2778 4039 3248 4108 Ἐπικατάρατος
3302 4042 3341 4111 ἡ
3410 4042 3507 4113 γῆ.
3589 4044 3649 4097 ὐ
3726 4044 3899 4114 Ἀδὰμ

2315 4131 2553 4201 ἥμαρτε,
2580 4132 2675 4184 καὶ
2707 4132 2833 4201 ἡγῆ
2863 4132 2963 4202 τὴν
2994 4132 3153 4203 δίκην
3178 4135 3591 4203 είσπράττεται.
3616 4134 3780 4205 [1515
3810 4134 3897 4205 3.]

2333 4222 2577 4277 Ἐκεῖθεν
2605 4224 2780 4294 ἀρχὴν
2806 4224 3022 4293 δέχεται
3080 4228 3111 4293 ἠ
3155 4226 3395 4289 παιδεία,
3443 4228 3565 4280 ὃθεν
3596 4228 3894 4296 ἐϐλάστησε

2314 4316 2416 4385 τῆς
2449 4315 2666 4386 ἀπάτης
2713 4318 2774 4369 τὸ
2812 4316 3003 4371 αἴτιον.
3055 4316 3273 4387 Ἐπειδὴ
3299 4323 3411 4383 τοῖς
3450 4324 3637 4389 φυτοῖς
3668 4321 3896 4390 ὲφαλλό-

2319 4425 2477 4478 μενος
2502 4409 2610 4461 τῶν
2648 4408 2798 4479 ἐμῶν
2860 4409 3275 4481 ἀπεσκίρτησας
3324 4412 3576 4478 ἐντολῶν,
3632 4414 3896 4477 ἀκάνθαις

634 4502 855 4552 sanare,
906 4504 1030 4543 cum
1079 4490 1334 4545 sanitatis
1370 4504 1543 4559 capax
1594 4493 1821 4547 omnino
1869 4504 2035 4550 esset.
2082 4496 2208 4550 Ideo

2323 4498 2406 4551 ἔσο
2431 4498 2473 4537 ³ο
2505 4499 2864 4568 συνεχόμενος
2881 4499 2974 4551 καὶ
2994 4500 3282 4569 τριδόλοις.
3308 4503 3496 4569 Σοφῶν
3516 4504 3664 4556 ἐστιν
3697 4505 3895 4577 ἰατρῶν

633 4583 773 4639 dixit
800 4600 813 4637 :
855 4583 1093 4660 Domine,
1126 4585 1324 4638 inclina
1349 4586 1502 4640 caelos
1534 4598 1669 4653 tuos,
1713 4599 1762 4643 et
1793 4590 2040 4644 descende
2071 4601 2119 4655 Ρ,
2159 4604 2210 4645 ει

2323 4590 2413 4657 τῆς
2452 4590 2608 4642 νόσου
2658 4588 2765 4660 τὴν
2810 4588 2941 4660 ὕλην
2994 4592 3071 4653 είς
3122 4592 3416 4662 φάρμακον
3470 4595 3895 4663 μετασκευάζειν

636 4676 858 4730 similia.
897 4676 1145 4731 Imitatus
1185 4687 1268 4733 est
1301 4678 1593 4735 Joannem
1652 4682 1896 4736 Lazarus
1938 4693 1988 4737 (ι.
2027 4683 2122 4738 llle
2156 4685 2209 4737 in

2323 4683 2528 4751 ὑγείας,
2610 4682 2705 4734 καὶ
2756 4681 2824 4734 τὰ
2898 4682 3234 4752 νομιζόμενα
3309 4684 3570 4754 βλάπτειν
3640 4688 3893 4757 ἐπωφελῆ

634 4778 824 4822 ventre
847 4768 1038 4822 matris
1069 4771 1384 4836 exsultavit,
1405 4787 1645 4827 errorem
1659 4775 1988 4829 dissolutum
2018 4777 2083 4829 iri
2109 4791 2211 4831 ex-

2323 4778 2584 4830 Βεικνύειν
2636 4779 2750 4839 τοῖς
2790 4776 3075 4847 κάμνουσι.
3131 4778 3525 4851 Πολυσχιδὴςή
3582 4781 3678 4834 τοῦ
3720 4783 3896 4851 ὄφεως

635 4860 849 4915 sultans
888 4880 899 4914 :
935 4860 1025 4914 hic
1056 4860 1107 4913 iu
1136 4862 1373 4931 sepulcri
1406 4872 1558 4918 utero
1578 4880 1763 4919 eorum
1782 4867 1875 4935 qui
1906 4878 2209 4932 errasscnt,

2323 4870 2563 4937 γλῶσσα,
2617 4869 2862 4931 ἀκάνθας
2917 4869 3013 4921 καὶ
3069 4869 3351 4940 τριϐόλους
3387 4873 3727 4944 μιμουμένη,
3787 4873 3893 4925 ἀπὸ

637 4950 833 5021 5071)
888 4952 1259 5008 reversionem
1307 4952 1723 5009 demonstravit.
1765 4956 1829 5010 Et
1880 4959 2206 5013 miraculum

634 5042 905 5111 duplicem
954 5044 1144 5098 habuit
1173 5044 1393 5109 seriem,
1423 5054 1475 5097 et
1524 5048 1817 5114 potentiam
1866 5048 2080 5103 Domini
2109 5065 2206 5103 ex-

634 5134 937 5200 tollentem,
1002 5118 1063 5189 et
1102 5134 1418 5189 Judzeorum
1466 5135 1704 5206 linguam
1755 5138 2203 5195 confundentem.

634 5225 885 5281 Mortuus
917 5226 1127 5294 obedit,
1163 5236 1222 5282 et
1262 5227 1368 5280 vivi
1416 5243 1522 5281 non
1552 5228 1700 5284 item.
1737 5229 1935 5285 Inferis
1983 5232 2209 5286 maledi-

636 5327 854 5385 xerunt,
908 5320 1039 5389 quia
1072 5318 1341 5374 Lazarum
1388 5320 1705 5376 reddebant.
1732 5321 2203 5378 Conviciabantur

704 5518 734 5549 ³
767 5512 898 5569 Gen.
925 5532 1003 5583 Ill,
1034 5515 1119 5572 16.
1186 5530 1211 5569 ιι
1239 5518 1383 5576 Psal.
1430 5538 1539 5588 ιιιν,
1570 5524 1624 5589 4,
1658 5523 1707 5577 5.

1786 5536 1812 5573 q
1842 5524 1973 5579 Luc.
2006 5541 2047 5578 ι.
2079 5526 2169 5593 Al,
2203 5525 2293 5580 ιιι.

2320 4962 2452 5030 μιᾶς
2492 4959 2633 5029 φυῆς
2686 4960 2768 5023 είς
2813 4960 2939 5030 τρία
2989 4959 3345 5032 διαιρουμένη
3399 4963 3621 5035 κέντρα.
3679 4956 3893 5031 Ταύτην

2316 5050 2507 5103 ἔλαϐεν
2544 5052 2625 5113 είς
2677 5050 2999 5119 συμμαχίαν
3046 5052 3074 5103 ὁ
3123 5052 3393 5121 βάσκανος
3438 5054 3513 5116 ὡς
3560 5056 3696 5126 πρὸς
3726 5055 3893 5121 αὐτὴν

2326 5139 2630 5211 μαχόμενος
2654 5139 2753 5209 τὴν
2785 5139 3011 5209 Τριάδα,
3044 5142 3141 5193 καὶ
3160 5140 3248 5194 διὰ
3277 5143 3405 5211 μιᾶς
3430 5142 3522 5195 τοῦ
3558 5143 3730 5213 Ἀδὰμ
3750 5143 3890 5195 εἰκό⁸

2314 5249 2400 5295 νος
2430 5232 2549 5283 ὅλον
2573 5230 2669 5299 τῆς
2688 5231 2941 5298 θεότητος
2971 5230 3269 5302 ἐνυϐρίζων
3292 5233 3352 5285 τδ
3376 5235 3671 5304 πλήρωμα.
3702 5234 3891 5297 Ὅθεν,

2320 5318 2509 5390 ἐπειδὴ
2538 5318 2713 5391 ταύτῃ
2747 5320 2997 5385 πεισθεὶς
3034 5323 3250 5393 ἠπείθει
3280 5324 3419 5396 Θεῷ,
3449 5324 3538 5379 διά
3554 5326 3663 5380 τῶν
3691 5324 3895 5396 ὁμοίων

1912 5620 2147 5717 vinus
2204 5661 2605 5719 LECTIONES.

703 5763 750 5797 ⁸⁸
778 5764 901 5822 libri
929 5769 1326 5830 καταϐαλοῦσα.
1404 5777 1445 5808 ³⁹
1473 5774 1561 5827 ἔσο
1596 5776 1635 5829 Α
1664 5793 1676 5829 :
1708 5776 1847 5829 ἔστω
1874 5791 1925 5838 ς.
