4020 6406
154 367 239 430 229
1103 354 1631 419 BIBLIOTHECA.
1671 378 1740 390 —
1797 350 1961 412 COD.
1999 349 2366 411 CCLXXIII.
3281 344 3392 411 230

150 483 346 551 δέχεται
370 476 465 547 τὴν
511 474 782 538 παιδείαν,
829 474 917 527 ἵνα
945 470 1122 544 ταύτῃ
1164 469 1508 541 λυπούμενος
1542 466 1707 538 χαλε·

1817 463 2058 529 Christo,
2090 479 2289 519 novam
2312 479 2342 518 a
2372 463 2605 519 mortuis
2637 461 3048 519 suscitationem
3082 459 3387 515 iuduceuti.

148 570 298 642 πείνῃ
322 566 401 637 τῷ
428 566 573 635 δφει,
601 564 985 634 ἀκατόρθωτον
1019 563 1159 632 ἔχων
1190 561 1293 631 τὴν
1330 558 1467 630 πρὸς
1499 559 1708 611 ἐκεῖνον

1817 556 1973 612 Pueri
2015 557 2248 628 hymnos
2272 558 2380 611 Deo
2404 555 2790 621 decantabant,
2817 554 3161 625 prophetiam
3196 554 3388 621 loque-

145 659 331 731 φιλίαν.
382 656 618 709 Ἐὃλεπε
668 654 932 708 νοσοῦσαν
974 652 1075 723 τὴν
1122 652 1302 705 κτίσιν
1353 649 1572 713 ἀνίατα,
1626 648 1707 701 ἐνὶ

1817 651 2035 713 bantur,
2072 650 2321 704 eumdem
2350 659 2406 705 et
2439 665 2608 703 unum
2633 663 2758 703 esse
2793 648 2846 701 in
2873 647 3032 711 cmlo,
3061 654 3113 699 et
3141 645 3193 699 in
3220 654 3388 706 terra,

142 748 506 824 κρατουμένην
560 747 817 837 dcem-fa;
852 742 1321 837 (Iuventioruual.
1354 740 1562 837 τρόπον
1605 740 1708 837 οὐκ

1817 750 1867 796 et
1901 741 2036 797 locis
2067 758 2174 795 non
2216 742 2480 811 separari,
2531 756 2717 795 ramos
2763 740 3070 809 palmarum
3108 737 3387 798 tenebant,

144 840 269 896 εἶναι
302 840 647 913 διορθώσεως
675 831 886 909 ἕτερον,
928 839 975 889 εί
1007 835 1083 906 μὴ
1105 835 1320 903 φθάσας
1342 835 1371 887 6
1396 835 1588 903 φύσεις
1612 831 1708 886 καὶ

1817 849 1927 888 non
1960 834 2191 904 palmas.
2228 832 2481 889 Nondum
2508 834 2657 887 enim
2704 833 2840 904 legis
2884 831 3224 887 sterilitatem
3253 843 3391 897 prae-

139 933 348 1003 γνώμας
421 929 745 1001 θεραπεύων
798 926 899 998 τὴν
951 924 1196 997 ἰατρείαν
1255 924 1527 995 παράσχοι
1592 924 1707 985 τοῖς

1817 926 2097 996 tcrgrcssi,
2134 928 2323 996 gratia:
2367 927 2709 981 dulcedinem
2740 934 3046 994 gustarunt.
3073 922 3208 977 Cum
3234 921 3393 976 Citri-

140 1027 415 1094 κάμνουσι,
440 1023 565 1074 τότε
602 1019 929 1090 Θεραπεύειν
973 1017 1150 1082 εἰδὼς,
1174 1017 1303 1069 ὅταν
1339 1015 1467 1084 ὅλην
1494 1014 1633 1084 λάϐῃ
1661 1012 1707 1044 ⁴⁰

1817 1028 1934 1073 stus
1964 1033 2208 1072 amaram
2265 1020 2538 1089 serpentis
2582 1017 2819 1073 evellens
2851 1017 3112 1089 plantam,
3144 1015 3393 1070 incorru-

137 1116 224 1187 τὴν
242 1117 429 1184 ὑγείαν
461 1115 495 1184 ὴ
515 1115 689 1175 νότος.
721 1112 811 1165 Διὸ
836 1110 1019 1178 ἔλεγεν
1035 1127 1048 1141 ·
1074 1110 1269 1178 Κύριε,
1288 1108 1501 1162 κλῖνον
1531 1109 1708 1175 οὐρα-

1818 1111 2025 1181 ptionis
2058 1111 2324 1181 plantavit
2352 1111 2716 1166 dulcedinem.
3108 1128 3111 1129 '

137 1208 269 1272 γοὺς
296 1205 397 1259 καὶ
426 1203 712 1271 κατάϐηθι
736 1239 752 1263 ,
809 1201 901 1253 καὶ
935 1199 1104 1253 πολλά
1139 1197 1384 1253 τοιαῦτα.
1448 1199 1791 1269 Ἐμιμήσατο
1842 1200 2095 1270 Ἰωάννην
2141 1200 2170 1252 6
2218 1200 2467 1273 Λάζαρος
2537 1218 2551 1231 ο
2587 1203 2792 1262 ἐκεῖνος
2827 1201 2885 1254 ἐν
2948 1202 3013 1269 τῇ
3060 1197 3239 1268 κοιλίᾳ
3290 1195 3390 1263 τῆς

138 1299 391 1367 τεκούσης
462 1296 693 1366 ἐσκίρτα
756 1294 859 1364 τῆς
900 1294 1109 1362 πλάνης
1139 1293 1516 1364 ἀγαλλόμενος
1548 1292 1646 1363 τὴν
1674 1293 1991 1358 κατάλυσιν,
2022 1295 2117 1348 καὶ
2183 1285 2336 1357 οὗτος
2364 1294 2438 1357 ὡς
2463 1296 2520 1347 ἐν
2557 1296 2738 1365 μήτρᾳ
2770 1293 2846 1363 τῷ
2875 1293 3032 1362 τάφῳ
3060 1291 3169 1343 τῶν
3241 1288 3388 1341 πλα-

138 1392 389 1461 νηθέντων
439 1390 662 1458 ἐχόρευε
709 1388 809 1457 τὴν
870 1387 1190 1457 ἀνάκλησιν.
1240 1388 1349 1441 Καὶ
1397 1388 1592 1456 διπλῆν
1649 1382 1762 1455 εἶχε
1788 1386 1942 1453 τάξιν
1966 1387 2026 1439 τὸ
2055 1386 2261 1456 θαῦμα,
2292 1387 2386 1441 καὶ
2405 1387 2504 1456 τὴν
2538 1385 2874 1456 Δεσποτικὴν
2910 1382 3315 1454 μεγαλύνουσαν
3343 1378 3386 1408 ⁴¹

142 1485 297 1554 χεῖρα,
337 1483 436 1536 καὶ
495 1480 596 1547 τὴν
651 1479 763 1531 τῶν
787 1477 1057 1550 Ἐϐραίων
1087 1479 1469 1546 ἀμϐλύνουσαν
1510 1479 1785 1548 γλῶσσαν.
1843 1480 1902 1533 Ὀ
1956 1481 2149 1551 νεκρὸς
2202 1480 2537 1550 ἐπειθάρχει,
2585 1481 2677 1533 καὶ
2746 1481 2794 1532 οί
2846 1480 3044 1543 ζῶντες
3107 1474 3387 1545 ἠπείθουν.

154 1579 556 1647 Ἐὖλασφήμουν
619 1573 709 1627 τὸν
747 1570 870 1643 [8‘27
921 1571 1016 1644 H.]
1052 1573 1185 1645 ᾅδην
1238 1574 1312 1638 ὡς
1357 1574 1734 1645 προδεδωκότα
1773 1574 1864 1627 τὸν
1924 1574 2174 1644 Λάζαρον
2209 1614 2224 1636 ,
2282 1572 2583 1644 ἐλοιδόρουν
2628 1572 2718 1624 τὸν
2755 1572 2989 1643 Χριστὸν
3025 1569 3098 1630 ὡς
3147 1582 3393 1620 καινοτοο

148 1677 325 1746 μοῦντα
357 1674 466 1744 τὴν
522 1671 760 1740 ἔγερσιν.
814 1669 1107 1741 Θεολογίαν
1156 1665 1300 1740 εἶχεν
1338 1673 1366 1723 6
1399 1670 1507 1723 τῶν
1544 1668 1746 1723 παίδων
1785 1669 1952 1740 ὕμνος
1989 1686 2003 1700 ο
2041 1670 2381 1741 προφητείαν
2400 1668 2647 1721 ἐλάλουν·
2672 1666 2766 1719 ἕνα
2787 1665 2879 1719 καὶ
2911 1664 3002 1717 τὸν
3039 1662 3200 1718 αὑτὸν
3244 1660 3393 1730 ὡμο-

146 1772 311 1838 λόγουν
374 1770 494 1825 τῶν
534 1771 648 1824 ἀνω
713 1770 808 1824 καὶ
838 1769 949 1823 τῶν
997 1768 1183 1831 κάτω,
1227 1765 1321 1818 καὶ
1384 1764 1661 1835 χωρισμὸν
1720 1766 1820 1819 οὐκ
1890 1761 2033 1835 εῖχεν
2088 1766 2116 1819 6
2168 1765 2349 1827 τόπος.
2404 1762 2628 1817 Βάῖα·⁸¹
2662 1760 2919 1829 φοινίκων
2983 1758 3266 1827 ἐκράτουν,
3325 1755 3388 1807 οὐ

147 1862 403 1931 φοίνικας·
426 1859 582 1914 οὔπω
604 1860 713 1932 γὰρ
770 1861 868 1932 τὴν
893 1857 1175 1930 ἀκαρπίαν
1222 1854 1583 1927 παρελθόντες
1614 1855 1709 1908 τοῦ
1766 1856 1932 1926 νόμου
1967 1857 2077 1909 τῶν
2102 1855 2205 1926 τῆς
2266 1855 2489 1926 χάριτος
2556 1850 2933 1920 ἀπεγεύσαντο
2962 1849 3388 1918 γλυκασμάτων,

146 1950 308 2023 ἐπειδὴ
343 1953 371 2003 6
413 1950 732 2020 “Xptnbc
758 1948 913 2003 οὔπω
937 1948 1037 2019 τὴν
1096 1945 1301 2015 πικρὰν
1339 1944 1433 1999 τοῦ
1463 1946 1641 2015 ὄφεως
1697 1945 2082 2018 ἀναῤῥιζώσας
2133 1945 2358 2017 φυτείαν
2423 1946 2514 1999 τὸν
2568 1943 2669 2014 τῆς
2718 1941 3026 2013 ἀφθαρσίας
3077 1938 3390 2011 ἐγεώργησε

146 2045 462 2116 γλυκασμόν.

832 2148 998 2208 :or'.
1737 2131 1782 2192 Β
2452 2147 2778 2204 CCLXXII].

160 2243 507 2313 Θεοδῳιὶτου
564 2243 633 2313 ἐκ
679 2240 799 2295 τῶν
831 2247 873 2313 ε’
922 2242 1126 2313 ⁸λόγων
1166 2240 1253 2303 είς
1286 2236 1391 2291 τὸν
1422 2236 1491 2291 ἐν
1516 2236 1706 2305 ἁγίοις

472 2312 767 2380 Ἰωάννην
792 2312 903 2364 τὸν
923 2309 1377 2377 Χρυσόστομον.

243 2404 568 2474 ’Δνεγνὼσθη
628 2404 694 2455 ἐκ
741 2403 851 2455 τῶν
903 2400 998 2454 τοῦ
1048 2400 1319 2471 μακαρίου
1360 2395 1707 2467 Θεοδωρὴτου

169 2499 327 2567 λόγων,
355 2498 448 2560 οὓς
476 2500 561 2560 είς
595 2497 687 2549 τὸν
730 2496 788 2548 ἐν
834 2492 1012 2562 ἁγίοις
1076 2492 1331 2560 Ἰωάννην
1359 2490 1451 2542 τὸν
1493 2484 1706 2556 Χρυσό-

1870 2238 2183 2293 Theodoreti
2225 2239 2282 2293 in
2341 2250 2583 2293 sanctum
2616 2238 3047 2310 Chrysostomum
3093 2235 3215 2291 libri
3254 2235 3319 2291 V.

1876 2367 2010 2464 ἶλοεὶ
2054 2408 2086 2448 e
2112 2392 2269 2447 libris
2296 2393 2471 2447 sancti
2497 2392 2824 2447 Theodoreti
2848 2432 2862 2457 ,
2890 2406 3031 2462 quos
3057 2391 3111 2445 in
3137 2401 3389 2448 sanctum

1808 2483 2077 2538 Joannem
2142 2483 2601 2555 Chrysostomum
2658 2483 2918 2553 scripsit,
2979 2497 3214 2552 quorum
3287 2497 3392 2538 nos

166 2607 327 2660 στομον
356 2588 692 2652 συνετάξατο
712 2601 727 2615 ’
748 2579 823 2641 ὧν
850 2587 1010 2657 ἡμεῖς
1040 2582 1201 2635 πέντε
1220 2583 1356 2644 τέως
1386 2578 1619 2649 εἴδομεν,
1650 2577 1708 2643 ἐξ

1817 2586 2024 2632 tantum
2061 2576 2307 2647 quinque
2347 2576 2520 2631 libros
2553 2574 2816 2643 vidimus,
2850 2575 2994 2630 unde
3016 2575 3135 2630 haec
3189 2588 3388 2631 excer~

158 2676 219 2737 ὧν
253 2684 334 2737 καί
364 2699 530 2745 τινας
557 2680 790 2748 ἐκλογάς
818 2678 915 2741 τάς
946 2672 1393 2744 ὑποτεταγμένας
1425 2686 1710 2742 παρεγρα-

152 2773 470 2917 ψΰέιίῐῗίιτῶν
502 2862 665 2915 πέντε
689 2859 864 2928 λόγων
892 2858 921 2910 6
955 2855 1170 2928 πρῶτος
1196 2853 1354 2908 ἄλλον
1392 2852 1501 2924 πρὸ
1543 2849 1709 2908 αὑτοῦ

153 2954 273 3007 δοκεῖ
287 2952 639 3024 διαδέχεσθαι
651 2951 748 3021 ⁵δῆ
772 2951 938 3021 μέρος
954 2946 1119 3001 αὐτοῦ
1134 2943 1297 3000 εἶναι.
1318 2943 1466 3015 Πλὴν
1481 2945 1711 3014 διαλαμ-

154 3046 279 3101 ﬁve:
298 3046 425 3100 ὅθεν
446 3061 508 3098 τε
540 3043 877 3115 μετάκλητπ
900 3041 981 3103 είς
1005 3034 1570 3091 Κωνσταντινούπολιν
1582 3030 1710 3105 ἦκε,

149 3136 232 3189 καὶ
249 3136 391 3199 ὅπως
419 3134 598 3201 αὐτῆς
627 3131 918 3202 ἀρχιερεὺς
935 3128 1196 3195 κατέστη,
1220 3126 1318 3179 καὶ
1342 3124 1418 3188 ὡς
1435 3124 1534 3195 τὴν
1561 3125 1713 3193 ἱερω-

148 3225 293 3297 σύνην
335 3229 444 3280 καὶ
500 3222 918 3296 ἀρχιερωσύνην
975 3220 1057 3282 είς
1108 3219 1201 3271 τὸν
1246 3218 1475 3288 ἀρχαῖον
1504 3216 1712 3284 κόσμον

146 3319 429 3387 ικανάγειν
466 3316 729 3385 ἐπειρᾶτο
769 3312 974 3382 σπουδῇ
1032 3310 1221 3382 πάσῃ·
1283 3308 1380 3363 καὶ
1430 3306 1533 3360 ὅσα
1573 3306 1713 3376 πρὸς

145 3408 318 3462 Γαῖνᾶν
336 3406 515 3461 τοῦτο
539 3406 640 3475 μὲν
684 3407 712 3458 6
736 3404 981 3472 γενναῖος
1018 3397 1393 3470 ἐπιστομίζων
1432 3394 1707 3466 Ἰωάννης,

1808 2671 2039 2742 psimus.

1884 2849 2106 2906 Primus
2150 2848 2311 2914 liber,
2351 2849 2515 2904 alium
2549 2864 2649 2919 pro
2688 2848 2782 2903 illo
2825 2848 3043 2905 videtur
3076 2846 3390 2913 admittere,

1812 2944 1900 2997 vel
1936 2950 2144 3012 partem
2190 2940 2339 2995 illius
2372 2955 2516 3005 esse,
2560 2940 2665 2997 nisi
2708 2942 2853 3012 quod
2894 2942 3078 3008 addat,
3111 2942 3392 3011 quomodo

1812 3043 1936 3105 post
1957 3042 2186 3088 vocatus
2221 3030 2758 3103 Constantinopolim
2815 3035 3062 3098 venerit,
3110 3042 3273 3103 utque
3301 3048 3395 3088 ar-

1812 3125 2194 3194 chiepiscopus
2235 3125 2308 3178 sit
2345 3123 2698 3191 constitutus,
2730 3133 2785 3180 et
2820 3124 3100 3195 quomodo
3137 3124 3393 3182 sacerdo-

1814 3218 1947 3272 tium
1972 3259 1987 3283 ,
2019 3228 2073 3271 et
2097 3232 2372 3272 summum
2406 3217 2773 3272 sacerdotium
2815 3218 3099 3288 antiquam
3144 3232 3393 3272 normam

1811 3310 2040 3363 omnino
2084 3322 2340 3362 revocare
2370 3307 2636 3363 niteretur
2663 3327 2678 3364 :
2706 3318 2761 3364 et
2796 3324 2917 3379 qua:
2950 3318 3137 3363 contra
3162 3307 3393 3363 Cainam

1812 3399 2063 3471 egregius
2116 3398 2207 3453 ille
2237 3397 2476 3456 Joannes
2515 3400 2746 3457 dixerit:
2789 3402 2893 3457 hoc
2938 3417 3071 3457 vero
3118 3417 3216 3472 pro
3242 3416 3396 3457 com-

144 3500 346 3553 τοῦτοδέ
366 3500 527 3567 ὑπὲρ
546 3496 655 3549 τῶν
681 3495 878 3548 κοινῶν
899 3494 997 3563 τῆς
1026 3492 1305 3553 πολιτείας
1321 3486 1707 3558 διαπρεσϐευό-

1817 3488 1963 3540 muni
1997 3487 2308 3557 reipublicae
2335 3489 2553 3560 negotio
2588 3491 2827 3561 peregit,
2861 3499 2915 3546 ct
2951 3492 3022 3546 oh
3051 3491 3310 3546 invidiam
3336 3493 3392 3545 in

149 3604 284 3659 μενος
310 3589 680 3659 πραγμάτων
714 3582 1075 3654 διεπράξατω
1109 3582 1204 3634 καὶ
1235 3580 1311 3643 ὡς
1342 3578 1538 3647 φθόνος
1562 3575 1708 3647 αὐτῷ

1817 3577 2063 3633 exsilium
2094 3580 2286 3649 pulsus
2312 3590 2414 3646 est,
2441 3592 2493 3635 et
2517 3581 2694 3652 aliqua
2721 3596 2910 3637 eorum
2938 3597 3114 3653 usque
3141 3582 3207 3636 ad
3231 3582 3393 3637 ﬁnem

143 3681 225 3749 τὴν
281 3678 603 3750 ὑπερορίαν
662 3675 1000 3746 ἐψηφίσατοο
1056 3672 1149 3727 καί
1208 3688 1332 3724 τινα
1383 3668 1516 3723 τῶν.
1546 3668 1708 3739 μέχρι

1817 3686 2171 3741 prosequens,
2219 3688 2342 3741 qua:
2385 3673 2469 3727 vir
2523 3682 2745 3730 sanctus
2787 3672 3037 3743 perfecit.
3100 3672 3390 3728 Secundus

1810 3763 1949 3818 liber
1977 3764 2191 3831 aliquas
2215 3779 2415 3835 parvas
2443 3765 2654 3833 laudes,
2686 3782 3000 3838 quanquam
3022 3776 3076 3822 et
3107 3767 3224 3832 ipse
3258 3781 3397 3836 pau-

1817 3853 2061 3907 cioribus
2087 3854 2268 3908 brevis
2302 3854 2403 3920 sit,
2443 3855 2692 3927 adjungit
2718 3898 2734 3922 ,
2761 3856 2843 3911 sic
2869 3855 3169 3925 incipiens:
3194 3853 3395 3909 Iterum

1815 3947 1964 4001 nobis
2026 3946 2251 4002 Joannis
2311 3952 2589 4004 memoria.
2631 3951 2852 4006 Tertius
2904 3952 3069 4005 etiam
3133 3949 3393 4005 laudandi

1815 4038 2033 4093 modum
2066 4040 2299 4095 excedit.
2336 4040 2700 4113 Distinguitur
2721 4044 2788 4097 ah
2821 4043 2943 4097 aliis
2972 4042 3126 4096 libris
3151 4040 3395 4112 pulchri-

1814 4130 2006 4184 tudine
2028 4132 2321 4186 verborum
2356 4143 2408 4187 et
2439 4136 2743 4188 nominum.
2768 4134 2835 4188 Et
2859 4135 2939 4189 sic
2963 4135 3189 4204 incipit:
3217 4134 3395 4204 Argn-

1817 4232 2049 4277 mentum
2072 4263 2085 4288 ,
2120 4225 2221 4277 viri
2248 4225 2592 4280 disertissimi
2610 4270 2623 4286 .
2662 4227 2787 4279 tuba
2819 4226 3082 4294 indigens,
3117 4227 3172 4283 iu
3199 4225 3393 4294 puerili

1820 4313 2002 4381 lingua
2024 4313 2183 4366 video
2210 4316 2528 4382 periclitari,
2546 4326 2593 4368 ct
2620 4318 2776 4369 decus
2805 4316 3022 4385 pugilis,
3053 4315 3195 4369 mille
3210 4315 3391 4385 artiﬁ-

1818 4406 1913 4459 ciis
1973 4407 2342 4475 descriptum,
2398 4424 2533 4460 num:
2584 4407 2849 4462 imbecillo
2906 4409 3035 4461 mihi
3086 4410 3286 4477 artiﬁci
3322 4409 3397 4463 ad

138 3767 304 3831 τέλους
364 3766 610 3837 ἱστορῶν
669 3765 748 3835 τῷ
802 3762 1076 3834 Θεσπεσίῳ
1104 3762 1258 3832 ἀνδρῖ⁵
1311 3759 1711 3829 διηνυσμένων,

136 3859 196 3912 τά
235 3859 440 3925 πολλὰ,
475 3858 679 3929 μᾶλλον
712 3856 768 3909 δὲ
797 3857 866 3910 τὰ
896 3856 1124 3909 πλεῖστα
1149 3853 1507 3925 παρατρέχει.
1571 3849 1634 3906 Ὀ
1656 3849 1712 3904 δὲ

138 3948 319 4019 ἐφεξῆς
369 3950 543 4017 λόγος
586 3948 841 4011 ἐπαίνους
886 3947 1037 4009 τινὰς
1074 3945 1441 4014 ὀλιγοστίχους
1487 3943 1584 3997 καὶ⁸
1610 3944 1710 3997 αύ-

135 4038 212 4103 τὺς
266 4041 618 4109 ὀλιγόστιχος
653 4038 749 4102 ῶν,
794 4036 1152 4107 διαπεριίνει,
1199 4035 1500 4105 ἀρχόμενος
1558 4028 1660 4088 ὦδε
1688 4049 1704 4067 ο

135 4128 319 4184 Πάλιν
356 4129 521 4199 ἡμῖν
589 4127 871 4183 Ἰωάννου
912 4129 977 4181 τὸ
998 4127 1044 4159 ⁸⁵
1089 4127 1510 4197 μνημόσυνον.
1564 4126 1624 4178 '0
1653 4125 1709 4179 δὲ

136 4223 261 4290 μετὰ
305 4223 509 4275 τοῦτον
560 4220 852 4289 ἐγκωμίων
929 4219 1024 4287 μὲν
1066 4218 1159 4272 καὶ
1194 4217 1357 4281 αὐτὸς
1410 4217 1709 4288 ὑπέρχεται

134 4312 339 4381 νόμους,
375 4312 553 4385 [1516
575 4310 670 4383 R.]
705 4311 955 4381 διαφέρει
997 4311 1060 4363 δὲ
1109 4310 1217 4364 τῶν
1273 4310 1380 4381 πρὸ
1423 4309 1587 4363 αὐτοῦ
1637 4312 1702 4380 τῇ

131 4406 352 4476 καλλονῇ
378 4405 498 4458 τῶν
528 4422 588 4457 τε
618 4404 882 4474 ῥημάτων
911 4405 1006 4457 καὶ
1032 4402 1142 4457 τῶν
1173 4404 1480 4472 νοημάτων.
1514 4403 1706 4471 Προοι-

136 4496 380 4561 μιάζεται
408 4494 469 4548 δὲ
487 4495 631 4548 οὕτω
656 4512 669 4526 ·
692 4495 1215 4563 Πολυστόμουτὴν
1228 4492 1701 4559 παροῦσανςύπό-

1817 4495 2213 4551 describendum
2245 4499 2571 4567 impositum.
2612 4496 2726 4553 Hoc
2764 4507 2848 4553 est
2874 4500 3223 4568 prooemium.

130 4592 295 4644 θεσιν
333 4589 684 4659 σάλπιγγος
720 4589 1017 4658 δεομένην
1087 4589 1156 4642 ἐν
1202 4585 1451 4655 παιδικῇ
1483 4586 1601 4640 νῦν
1665 4586 1786 4654 ὁρῶ
1826 4591 2312 4647 κινδυνεύουσαν
2371 4592 2628 4663 γλώττῃ,
2681 4590 2781 4645 καί
2828 4592 3061 4660 κάλλος·
3121 4590 3392 4661 ἀθλητοῦ

127 4687 361 4752 μυρίαις
424 4685 935 4754 συγ-γραφόμενον
1004 4683 1242 4752 τέχναις
1315 4681 1565 4736 ἀσθενεῖ
1603 4682 1741 4747 νῦν,
1820 4687 1908 4751 εις
1960 4688 2200 4757 γραφὴν
2244 4688 2376 4757 ἐμοὶ
2425 4688 2669 4757 τεχνίτῃ
2713 4689 3130 4758 προκείμενον.
3183 4688 3258 4743 T6
3287 4688 3393 4759 μὲν

132 4777 417 4845 προοίμιον
444 4775 712 4830 τοιοῦτον.

198 4870 396 4933 Ἀλλος
429 4869 596 4922 αὑτὸν
646 4870 796 4922 ἕλκει
845 4868 1038 4940 βοηθὸν
1069 4868 1496 4941 ⁵ἁρπαζόμενος,
1553 4870 1708 4935 ἄλλος

1885 4870 2040 4925 Αιὶιιε
2089 4869 2242 4924 illum
2294 4870 2516 4942 rapiens
2576 4870 2630 4925 in
2680 4871 2945 4926 auxilium
2991 4871 3193 4939 trahit,
3246 4870 3391 4926 alius

137 4962 280 5016 καλεῖ
341 4961 712 5032 δικαζόμενος
778 4962 1023 5015 σύνδικον
1051 4977 1066 4993 ο
1132 4961 1292 5025 ἄλλος
1334 4962 1534 5015 πεινῶν
1567 4962 1708 5034 ὑπὲρ

1817 4962 2093 5033 iudicatus
2134 4970 2429 5032 patronum
2460 4974 2660 5029 vocat,
2695 4964 2835 5020 alius
2875 4963 3161 5019 famelicus
3200 4963 3387 5018 cibum

139 5054 331 5123 τροφῆς
391 5052 655 5118 ἱκετεύει,
712 5052 920 5123 γυμνὸς
966 5052 1105 5124 ὑπὲρ
1157 5052 1454 5123 ἐνδύματος
1481 5069 1495 5084 ·
1551 5052 1708 5116 ἄλλος

1817 5058 1955 5114 orat,
1979 5049 2160 5104 nudus
2191 5060 2420 5116 vestem,
2461 5053 2601 5107 alius
2626 5053 2780 5107 illum
2817 5052 3015 5125 508a
3046 5054 3216 5116 exuit,
3243 5053 3387 5108 alius

141 5144 284 5197 αὐτὸν
306 5144 543 5200 ἀποδύει
566 5162 580 5177 ·
614 5143 775 5208 ἀλλος
814 5144 1027 5198 πενθῶν
1047 5145 1128 5207 είς
1152 5144 1496 5215 παράκλησιν
1513 5144 1706 5197 δεῖται*

1817 5140 2003 5194 dolens
2066 5139 2501 5196 consolationem
2555 5143 2727 5212 petit,
2784 5142 2926 5197 alius
2996 5144 3194 5211 ligatus
3247 5142 3385 5197 solvi

139 5232 340 5305 δεσμῶν
373 5235 572 5307 ἔτερος
619 5234 981 5307 ἀπολυθῆναι
1020 5234 1138 5306 βοᾷ.
1174 5234 1367 5287 Ἐλκει
1417 5251 1502 5297 τις
1549 5233 1708 5287 αὐτὸν

1818 5231 2093 5300 postulat,
2123 5230 2265 5286 alius
2318 5232 2486 5286 trahit
2529 5233 2682 5287 illum
2714 5232 2781 5287 ad
2819 5235 3133 5289 morborum
3168 5234 3387 5304 inspec-

140 5323 282 5393 ἆλλος
318 5326 465 5399 πρὸς
514 5327 689 5382 νόσων
713 5325 1003 5396 ἐπίσκεψιν
1027 5342 1042 5358 ο
1096 5325 1245 5393 ξένος
1269 5328 1414 5379 αἰτεῖ
1456 5324 1708 5393 καταγώ-

1818 5323 2045 5390 t'ronem,
2084 5322 2405 5394 peregrinus
2440 5325 2737 5397 hospitium
2763 5325 3022 5396 eﬂlagitat
3045 5364 3060 5391 ,
3084 5325 3225 5382 alius
3266 5342 3388 5381 sese

1415 5542 1654 5601 VABIA‘}
1708 5542 2119 5611 LECT'IONES.

597 5660 642 5691 “
678 5659 1052 5731 μεγαλύνουσα
1084 5670 1139 5719 et
1168 5676 1323 5718 versu
1354 5676 1471 5731 seq.
1505 5658 1708 5731 ἀμϐλὺν

1818 5677 1854 5713 α
1875 5661 1941 5715 Α.
2011 5661 2056 5693 δ’
2080 5659 2207 5730 βαιά
2229 5658 2292 5716 Β.
2354 5660 2399 5694 ’⁵³
2428 5663 2456 5715 ό
2482 5674 2593 5718 om.
2617 5661 2683 5716 Α.
2756 5660 2802 5695 ⁸⁵
2835 5661 3080 5731 δέχεσθαι
3113 5677 3172 5724 ς.
3249 5660 3295 5691 ⁴⁵
3323 5657 3390 5710 τὸ

202 5657 246 5688 ⁸⁸
271 5658 434 5713 λάϐοι
462 5678 519 5723 ς.

151 5718 404 5784 Ἰωάννου
435 5718 498 5785 Δί
