3856 6298
651 288 749 352 231
1821 283 2076 342 ΡΙΙΟΤΙΙ
2108 285 2174 342 Pz‘

2320 284 2606 345 [ARCILE
2633 289 2740 349 (ΖΡ.
3754 325 3843 386 Ξ3Ξ

649 410 848 461 sistens
888 404 1129 460 debitum
1160 403 1445 474 deplorat,
1495 402 1635 457 alius
1664 401 1927 455 arbitrum
1955 409 2008 463 et
2035 399 2169 468 paeit

2327 415 2470 466 γιον·
2506 402 2693 473 ἕτερος
2724 404 3009 474 παραστάς
3039 407 3197 477 χρέος
3233 407 3475 480 ὀδύρεται
3505 435 3517 448 ·
3566 421 3710 490 ἄλλος
3759 436 3844 489 ὲπ-

647 509 886 555 catorem
948 497 1374 551 domesticarum
1435 495 1717 549 turbarum
1789 491 2018 558 accersit
2052 531 2066 552 .
2119 506 2170 544 nt

2324 492 2498 587 όπτην
2523 493 2616 544 καὶ
2629 493 2973 587 ⁸διαλλάκτην
3001 495 3109 549 τῶν
3143 498 3262 550 κατ’
3283 498 3426 556 οἷκον
3469 516 3844 587 μεταπέμπεται

646 605 839 646 servus
869 588 934 642 ad
969 588 1136 642 alinm
1171 587 1335 657 fugit,
1366 601 1607 640 amaram
1646 583 1857 638 Domini
1891 581 2169 650 indignatit

2329 583 2591 637 στάσεων.
2617 583 2754 638 Ούδὲ
2779 585 2961 649 δοῦλος
2989 588 3122 658 πρὸς
3144 589 3302 644 ἄλλον
3323 581 3845 670 καταφεύγειίδεσπόξ

647 697 770 734 nem
802 695 1102 748 exponens.
1129 677 1304 731 Vidua
1331 679 1557 730 clamat:
1591 674 1870 738 Miserere,
1903 673 2006 727 alia
2037 673 2170 725 vidui

2323 690 2418 774 του
2704 677 3102 774 ﬁniat-29611.30,-
3161 681 3550 774 ἀγανάκτησιν.
3587 695 3731 767 Χήρα
3768 706 3845 774 βοᾷ

647 776 813 822 tatem
847 767 1115 836 deplorat.
1151 766 1334 818 Multae
1376 779 1440 816 ac
1469 763 1631 815 varia:
1679 760 1824 814 Patri
1853 775 1953 831 ,_re
1983 767 2108 812 nata
2161 757 2170 811 i

2323 762 3038 862 τδ,-1Ελέησονςάλλη’τὴν
3069 757 3329 840 όρφανίῶ
3372 777 3632 848 ὀδύρεται.
3652 757 3845 862 "Magia:

647 860 917 928 singulos,
946 873 1043 928 pro
1067 857 1298 924 singulis
1335 853 1665 907 mutationes
1692 871 1704 906 :
1744 852 1952 921 rapitur
1980 849 2124 919 quis,
2164 869 2170 898 ‹

2325 856 2402 924 τῷ
2428 857 2600 928 ῐῐατρὶ
2625 859 2746 912 καθ’
2767 861 3009 932 ἑκάστην
3037 863 3170 932 πρὸς
3197 864 3459 933 ἑκάστους
3482 873 3614 944 ὑπὲρ
3642 849 3840 941 ἑκάστου

649 960 912 1018 patronus
938 949 1126 1002 l’ater:
1153 946 1324 999 fames
1350 952 1524 1008 vexat,
1553 952 1605 998 et
1634 942 1873 996 nutritor
1898 957 1960 994 ex
1992 950 2172 1008 patron

2322 946 2542 1046 τροπαί.
2594 946 2923 1018 ’Λρπάζεταί
2972 970 3072 1014 τις,
3127 954 3220 1006 καὶ
3270 960 3562 1029 συνήγορος
3590 942 3628 1019 ‘6
3659 971 3844 1046 Πατήρ·

647 1041 738 1094 ﬁt:
765 1041 960 1109 aliquis
991 1047 1249 1108 aegrotat,
1279 1045 1332 1089 et
1355 1037 1409 1089 in
1438 1035 1704 1089 medicum
1738 1043 1888 1102 paler
1923 1041 2161 1084 mutatur

2326 1039 2482 1137 λημὸς
2508 1041 2852 1137 ἐνοχλεῖὶκαὶ
2907 1043 3032 1114 [828
3064 1045 3157 1118 [-1.]
3201 1053 3434 1119 τροφεὺς
3472 1057 3536 1110 ἐκ
3584 1035 3845 1137 συνηγόρου

647 1133 837 1185 dolore
879 1131 1075 1199 aliquis
1126 1129 1386 1192 concidit,
1412 1137 1465 1181 et
1492 1125 1792 1180 nosocomii
1823 1131 2044 1177 curator
2073 1121 2170 1176 sol:

2325 1129 2565 1222 γίνεται·
2604 1134 2752 1184 νοσεῖ
2776 1150 2880 1196 τις,
2908 1137 3000 1188 καὶ
3035 1137 3114 1199 είς
3155 1139 3334 1207 ἰατρὸν
3361 1143 3390 1194 ὁ
3431 1150 3654 1214 τροφεὺς

649 1224 782 1276 tium
835 1221 1010 1274 alIert.
1067 1218 1121 1272 Si
1172 1219 1416 1287 hospites
1477 1215 1746 1279 curandi,
1781 1213 1962 1267 omnia
2016 1211 2172 1265 factus

2333 1220 2607 1275 ϐάλλεται·
2640 1223 2825 1276 πένθει
2847 1241 2932 1287 τις
2963 1227 3374 1296 περιπέπτωκε,
3407 1211 3497 1285 καὶ
3592 1211 3845 1314 νοσολόμος

649 1314 942 1382 benignum
977 1327 1034 1366 se
1063 1310 1308 1364 exhibet.
1343 1308 1408 1361 Et
1438 1308 1566 1377 quid
1603 1304 1812 1376 singula
1838 1303 2031 1357 attinet
2053 1341 2066 1362 ,
2096 1317 2165 1370 qu

2325 1311 2639 1380 εὑρίσκεται
2673 1315 3024 1385 παραμύθιον
3047 1333 3060 1345 ’
3101 1318 3265 1382 ξένων
3296 1321 3496 1393 ἐπέστη
3525 1332 3747 1396 φροντὶς,
3770 1303 3845 1392 'le

648 1420 745 1473 per
768 1419 984 1457 omnem
1022 1402 1139 1469 eius
1171 1402 1334 1455 vitam
1364 1410 1510 1471 gesta
1546 1407 1708 1461 sunt,
1741 1409 2171 1450 commemorare

2325 1401 2596 1471 ξενοδόχος
2647 1407 2675 1458 6
2727 1406 2903 1459 πάντα
2959 1409 3196 1476 γεγονὼς
3246 1413 3636 1473 ἀναδείκνυται.
3683 1425 3776 1478 Καὶ
3808 1431 3845 1483 τε

647 1510 770 1547 cum
822 1495 888 1548 de
934 1495 1053 1548 solo
1101 1492 1407 1548 sacerdotio
1462 1489 1663 1543 referre
1727 1502 2013 1557 nequeam,
2068 1495 2170 1539 tanl

2321 1493 2426 1564 χρὴ
2453 1495 2574 1547 καθ’
2605 1496 2833 1549 ἕκαστον
2865 1499 3042 1567 λέγειν
3062 1501 3141 1566 ⁸⁶;
3200 1504 3300 1556 ὅσα
3362 1506 3552 1573 χρόνου
3587 1512 3714 1585 μέρη
3765 1519 3838 1572 τὸν

647 1587 895 1641 homines
947 1601 1177 1654 operum
1236 1583 1558 1638 salutarium
1619 1580 1853 1635 varietas
1907 1578 2170 1648 supradicl

2322 1587 2531 1640 ἐκείνου
2567 1587 2682 1656 βίον
2723 1589 3100 1662 διεμέτρησεν,
3134 1593 3219 1646 ἵνα
3261 1595 3336 1663 μὴ
3362 1596 3455 1667 τὴν
3480 1578 3845 1679 ἀρχιερωσύνην

646 1694 753 1733 ηοη
787 1679 1026 1748 reliquit.
1072 1677 1116 1732 Ο
1153 1677 1427 1747 egregium
1473 1683 1590 1743 post
1626 1683 1852 1726 mortem
1899 1671 2121 1726 ducem!

2325 1679 2497 1749 μόνην
2522 1679 2685 1748 λέγω,
2722 1684 2957 1752 τοσαύτη
2993 1685 3117 1747 τοὺς
3140 1666 3466 1757 ἀνθρώπους
3495 1666 3664 1762 ἔργων
3699 1666 3844 1771 amr;-

645 1772 856 1825 tristem
887 1769 1049 1824 etiam
1083 1768 1333 1822 hostibus
1367 1775 1486 1836 post
1517 1764 1850 1833 sepulturam
1883 1761 2106 1814 militem
2133 1761 2145 1812 ι

2321 1768 2452 1838 ρίων
2481 1769 2721 1822 ποικιλία
2752 1773 3018 1842 προϊοῦσα
3053 1775 3111 1826 ού
3143 1775 3404 1832 διέλιπεν.
3452 1781 3515 1832 Ὢ
3550 1754 3841 1851 στρατιώτόυ

646 1861 816 1932 lyram
857 1860 1004 1912 omni
1039 1859 1323 1912 harmonia
1363 1856 1643 1926 przeditam
1669 1894 1682 1917 ,
1724 1862 1898 1906 morte
1924 1850 2033 1919 jam
2066 1851 2169 1904 solt

2319 1860 2414 1912 καὶ
2444 1860 2584 1929 μετὰ
2629 1861 2888 1933 τελευτὴν
2941 1865 3242 1935 άριστέωςί
3279 1871 3343 1920 Ὢ
3378 1850 3622 1942 λυπηρού
3651 1878 3752 1940 τοῖς
3772 1881 3839 1947 ἐχ-

647 1962 754 2005 tam
783 1952 796 2005 ί
834 1948 878 2004 Ο
913 1950 1182 2002 theatrum
1219 1956 1370 2002 tanto
1413 1947 1636 2001 tibicine
1671 1943 1954 1998 orbatum!
1989 1941 2032 1995 Ο
2060 1941 2170 1994 salu

2319 1950 2468 2020 θροῖς
2509 1953 2601 2005 καὶ
2654 1953 2791 2023 μετὰ
2844 1955 3015 2023 τάφον
3056 1958 3309 2012 ὁπλίτουί
3368 1958 3412 2013 ὣ
3451 1969 3792 2035 παναρμονίου
3811 1974 3839 2007 ⁵⁷

645 2051 812 2094 tarem
855 2041 1145 2095 hominum
1188 2053 1482 2108 sagenam,
1529 2037 1582 2090 in
1619 2037 1813 2091 coelum
1881 2034 2126 2103 raptam!

2318 2041 2486 2112 λύρας
2511 2043 2736 2115 τελευτῇ
2766 2045 3066 2116 λελυμένης
3097 2049 3109 2100 l
3155 2047 3200 2101 ὣ
3236 2032 3604 2123 δικαστηρίων
3628 2032 3841 2127 τηλικοῦ-

643 2133 890 2186 arborem
941 2133 996 2186 in
1039 2131 1237 2186 ccelum
1269 2131 1419 2200 jam,
1471 2139 1525 2184 et
1574 2139 1776 2184 terram
1807 2135 2086 2180 extensam
2115 2165 2127 2187 ,
2159 2145 2166 2173 ς

2320 2151 2406 2186 τον
2435 2134 2735 2206 ῥυθμιστὴν
2760 2136 3192 2209 ὲζημιωμένωνῐ
3227 2141 3274 2194 ὣ
3305 2145 3570 2214 σωτηρίου
3615 2151 3717 2211 τοῖς
3768 2153 3843 2203 ἀν.

644 2224 769 2277 huic
793 2224 1013 2293 quidem
1039 2238 1256 2292 corpus,
1287 2222 1362 2275 illi
1381 2237 1509 2276 vero
1539 2221 1776 2275 animam
1797 2219 2097 2273 tradentem
2120 2217 2133 2269 ι
2159 2215 2167 2267 |

2317 2224 2556 2294 Θρώποις
2604 2228 2685 2289 είς
2759 2227 2985 2298 ούρανὸν
3039 2230 3487 2304 άναρπασθείσης
3535 2238 3780 2308 σαγὴνηςῐ
3809 2242 3840 2293 ὢ

640 2314 930 2384 sepulchro
947 2314 1202 2368 Ecclesia}
1219 2328 1279 2367 os
1299 2312 1618 2367 conclusum
1635 2320 1736 2364 est.
1754 2308 2001 2374 Quantus
2013 2306 2163 2360 ocelli

2313 2313 2531 2384 δένδρου
2547 2317 2684 2386 πρὸς
2703 2317 2761 2369 ού
2770 2318 2929 2388 ρανὸν
2950 2319 3042 2372 καὶ
3064 2321 3166 2391 γῆν
3191 2324 3560 2393 μερισθέντος,
3583 2329 3669 2381 καὶ
3686 2306 3741 2400 τῇ
3761 2333 3834 2400 μὲν

637 2404 854 2473 pietatis
887 2405 1168 2458 hominum
1193 2413 1380 2471 raptus
1405 2404 1506 2458 est!
1535 2400 1653 2456 Non
1673 2410 2009 2462 mortuuses,
2031 2413 2159 2451 sane

2313 2403 2374 2457 τὸ
2398 2405 2557 2474 σῶμα
2592 2406 2670 2476 τῷ
2704 2407 2758 2458 δὲ
2782 2407 2878 2477 τὴν
2921 2407 3099 2478 ψυχὴν
3141 2413 3518 2483 παρασχόντος
3548 2417 3559 2468 !
3607 2419 3659 2470 ὲν
3709 2422 3835 2490 τάφῳ

642 2496 916 2561 Pater,sed
937 2505 996 2550 ut
1011 2495 1374 2561 soloceidisti;
1390 2512 1494 2550 neu
1511 2505 1560 2549 te
1574 2505 1632 2549 ut
1647 2503 1921 2548 mortuum
1940 2492 2165 2547 dolemu:

2315 2494 2375 2546 τὸ
2401 2495 2500 2564 τῆς
2551 2496 2876 2565 Ἐκκλησίας
2915 2502 3332 2569 συγκέκλεισται
3365 2505 3556 2575 στόμα.
3577 2502 3692 2572 Οἷος
3718 2514 3837 2565 εύσε-

637 2591 730 2645 sed
754 2600 810 2643 ut
831 2590 985 2644 nobis
1008 2590 1389 2645 absconditum
1427 2606 1440 2642 :
1474 2605 1580 2644 non
1605 2599 1655 2641 te
1687 2597 1746 2641 ut
1779 2594 2160 2654 mortuumquz

2317 2585 2466 2649 ϐείας
2492 2587 2607 2654 es”
2638 2588 2941 2660 ἀνθρώπων
2971 2593 3247 2663 ὀφθαλμὸς
3290 2597 3646 2668 ἀνηρπάσθηι
3683 2602 3736 2653 ού
3771 2603 3837 2654 τὲ-

637 2684 831 2748 rimus,
849 2683 938 2738 sed
959 2690 1016 2736 ut
1039 2682 1093 2734 in
1113 2683 1283 2736 caelos
1295 2682 1585 2736 elevatum.
1604 2679 1695 2734 Sic
1715 2679 1827 2733 fere
1847 2676 2154 2731 tertiuslibe

2317 2676 2539 2747 θνηκας,
2571 2673 2616 2732 ὦ
2659 2681 2895 2752 μακάριε
2924 2684 3128 2754 Πάτερ,
3156 2685 3274 2739 ἀλλ’
3309 2687 3385 2750 ὡς
3414 2689 3560 2758 ἦλιος
3592 2692 3720 2756 έδυς.
3755 2694 3837 2762 Οὐχ

637 2777 712 2839 ὡς
737 2776 1103 2841 ἀποθανόντος
1127 2776 1424 2846 ἀλγοῦμεν,
1469 2776 1582 2828 ἀλλ’
1647 2775 1723 2838 ὡς
1790 2775 1919 2844 ἡμῖν
1971 2771 2357 2867 κεκρυμμένου
2382 2788 2394 2801 ·
2425 2774 2522 2867 οὲχ
2551 2776 2624 2839 ὡς
2688 2779 2959 2833 τεθνεῶτα
3015 2777 3304 2852 ζητοῦμεν,
3333 2784 3448 2837 ἀλλ’
3491 2788 3560 2849 ὡς
3595 2789 3669 2850 εἰς
3709 2790 3839 2858 ούρα-

635 2870 760 2931 νοῦς
796 2869 1162 2937 μεταστάντα.
1204 2867 1364 2920 Ἀλλὰ
1393 2866 1617 2920 τοιαῦτα
1648 2867 1746 2936 μὲν
1781 2868 1873 2919 καὶ
1907 2867 1934 2918 6
1967 2863 2205 2934 τρίτος⁸⁹
2245 2860 2419 2930 λόγος.

713 2961 1014 3017 Laudantis
1044 2970 1225 3032 partes
1273 2962 1385 3033 agit
1427 2973 1684 3026 quartus,
1741 2962 1997 3015 nimirum
2058 2959 2201 3029 quod

2397 2962 2862 3034 Ἐγκωμιαστικοῦ
2891 2973 2946 3026 δὲ
2980 2974 3150 3027 τύπον
3177 2974 3270 3026 καὶ
3321 2975 3349 3026 ό
3399 2972 3656 3043 τέταρτος
3680 2973 3838 3026 διασώ-

633 3063 882 3122 oporteat
916 3063 1166 3122 parentes
1195 3053 1396 3118 colere,
1445 3053 1660 3107 laudem
1713 3053 1954 3118 trahens,
1983 3053 2125 3106 unde

2314 3051 2414 3119 ζει,
2455 3059 2518 3110 ἐκ
2544 3059 2634 3112 τοῦ
2662 3060 2770 3114 δεῖν
2790 3065 2954 3135 τιμᾷν
2985 3065 3229 3135 πατέρας
3272 3063 3382 3117 τῶν
3416 3063 3645 3118 ἐπαίνων
3696 3067 3837 3132 ἀπαρ-

636 3145 750 3199 Ιιιεο
805 3146 1146 3214 deprompta.
1209 3143 1448 3200 Joannes
1486 3146 1682 3199 horum
1719 3157 1996 3214 pastorum
2044 3162 2159 3198 nnu:

2311 3148 2538 3217 χόμενος
2562 3168 2573 3180 ·
2603 3147 2662 3204 οὗ
2694 3155 2810 3208 ἐστι
2851 3157 2945 3209 καὶ
2991 3157 3183 3211 ταῦτα.
3221 3157 3440 3210 Τούτων
3475 3158 3580 3210 τῶν
3608 3156 3834 3226 ποιμένων

635 3235 942 3290 intellectus
972 3236 1089 3290 sine
1120 3235 1352 3300 malitia,
1391 3250 1550 3289 mens
1583 3236 1821 3300 oculata,
1866 3235 2158 3306 Evangelia

2311 3235 2388 3302 εἷς
2432 3242 2526 3294 καὶ
2557 3245 2585 3297 ό
2620 3245 2873 3318 Ἰωάννης
2903 3251 2934 3318 ὴ
2973 3247 3179 3312 ἄκακος
3214 3250 3454 3315 σύνεσις,
3485 3252 3513 3304 ό
3559 3250 3834 3318 πολυόμμσσ

633 3327 984 3394 experientia:
1023 3327 1201 3392 liber,
1271 3341 1396 3380 cera
1445 3327 1923 3391 commutabilior,
1983 3329 2156 3397 pelagi

2315 3349 2484 3402 ματος
2515 3337 2658 3402 νοῦς,
2708 3339 2808 3408 τῆς
2839 3341 3198 3410 εύαγγελικῆς
3226 3343 3522 3413 ἐμπειρίας
3549 3345 3581 3413 ἡ
3610 3342 3783 3412 βίῦλος,
3817 3343 3837 3394 6

633 3418 934 3484 gratiarum
958 3457 972 3482 ,
1008 3427 1199 3472 contra
1241 3416 1397 3471 dolos
1429 3417 1667 3471 hostium
1703 3417 1990 3481 infractus.
2019 3419 2156 3474 Εο·;Ι‹

2312 3428 2484 3497 κηροῦ
2510 3430 2642 3500 πρὸς
2675 3432 2967 3500 διαλλαγάς
2998 3435 3461 3505 εύπλαστότερος,
3490 3437 3552 3488 τὸ
3599 3435 3721 3506 πρὸς
3748 3453 3825 3504 χα-

632 3508 728 3562 siae
759 3509 1183 3564 munimentum.
1206 3506 1402 3562 Nullus
1421 3509 1569 3563 illum
1595 3509 1946 3580 hypocriseos
1984 3525 2155 3580 serpe:

2317 3519 2560 3589 ρίσματα
2583 3521 2838 3591 πέλαγος,
2871 3524 2898 3574 ὀ
2923 3524 3061 3596 πρὸς
3107 3526 3291 3590 δόλους
3327 3526 3696 3597 πολεμούντων
3741 3528 3840 3580 ἀκέ-

633 3598 810 3652 latuit.
865 3598 1016 3654 Unde
1066 3599 1162 3654 tibi
1210 3600 1292 3654 vis
1340 3600 1694 3655 ostendamus
1750 3600 2017 3656 Joannem
2067 3601 2156 3656 (ξομ

2313 3626 2488 3679 ραιος,
2520 3611 2618 3680 τῆς
2653 3613 2975 3684 Ἐκκλησίας
2996 3616 3024 3667 6
3077 3616 3396 3686 περίϐολος.
3431 3618 3616 3680 Οὐδεὶς
3653 3615 3836 3684 ὑποκρί-

630 3689 822 3744 brem?
851 3691 920 3745 ab
961 3692 1367 3762 hospitalitate?
1408 3690 1608 3762 Ecquis
1637 3691 1850 3747 Joanne
1877 3694 2049 3764 magis
2081 3693 2150 3747 ho

2314 3715 2447 3762 σεως
2523 3702 2687 3754 αὑτὸν
2739 3703 3082 3758 διελάνθανεν
3130 3707 3272 3775 ὄφις.
3334 3707 3508 3762 Πόθεν
3567 3724 3646 3760 σοι
3695 3705 3837 3776 βούλει

631 3780 856 3850 pitalis?
888 3797 917 3836 a
939 3784 1203 3853 gravitate
1229 3785 1283 3838 in
1306 3784 1540 3839 honore?
1558 3784 1754 3855 Ecqua:
1775 3785 1925 3840 illum
1971 3797 2154 3854 potest:

2309 3789 2632 3860 δείξωμεν⁸⁰
2664 3793 2754 3846 τὶν
2788 3795 3039 3866 Ἰωάννην
3069 3797 3407 3868 πολύτιμον;
3439 3801 3504 3852 ὲκ
3547 3799 3832 3869 φιλοξενίας;

628 3873 962 3939 prostravit?
1013 3873 1208 3944 508b
1243 3877 1285 3928 A
1323 3877 1503 3931 studio
1534 3877 1588 3930 in
1619 3877 1962 3934 Ecclesiam?
2002 3878 2151 3948 anu:

2315 3884 2409 3937 καὶ
2432 3884 2517 3944 τίς
2555 3884 2798 3938 Ἰωάννου
2823 3886 3277 3958 φιλοξενώτεροςς
3334 3891 3400 3944 ὲκ
3428 3891 3528 3961 τῆς
3557 3893 3614 3945 ὲν
3647 3906 3836 3961 προστα-

636 3978 762 4016 nam
785 3964 973 4018 estilla
995 3967 1264 4020 concinna
1282 3968 1582 4022 modulatio
1601 3967 1939 4023 Psalmorum
1973 3970 2026 4023 in
2062 3972 2159 4026 han

2310 3975 2448 4038 σίαις
2485 3976 2878 4047 στερῥότητοςς
2921 3981 3014 4031 καὶ
3069 3980 3152 4042 τίς
3208 3982 3376 4034 αὑτὸν
3419 3983 3692 4036 δυναστεία
3734 3997 3833 4032 κατ-

626 4068 803 4123 usque
819 4054 963 4109 diem
984 4056 1198 4126 publice
1225 4058 1473 4112 instituta
1496 4058 1517 4112 ?
1542 4058 1646 4113 Sed
1675 4059 1789 4114 haec
1817 4073 2012 4129 quarto
2036 4062 2149 4117 libn

2311 4065 2523 4137 ᾐδεσεν;
2576 4067 2642 4120 ὲκ
2689 4067 2789 4136 τῆς
2820 4070 2946 4139 περὶ
2994 4069 3093 4139 τὴν
3146 4071 3446 4140 ἐκκλησίαν
3489 4074 3738 4140 σπουδῆς;
3765 4070 3834 4124 καὶ

624 4143 829 4216 τίνοςὴ
872 4148 970 4217 τῆς
1019 4147 1338 4218 ψαλμῳδίας
1389 4149 1498 4202 τῶν
1542 4149 1850 4221 δημοτικῶν
1894 4154 2190 4223 ταγμάτων
2229 4155 2393 4228 μέχρι
2419 4155 2514 4210 νῦν
2577 4155 2888 4226 εὐρυθμίας
2969 4159 3133 4212 Ἀλλά
3171 4161 3399 4215 τοιαῦτα
3453 4162 3554 4232 μὲν
3611 4156 3834 4218 uicino»:

625 4235 653 4285 6
683 4233 862 4302 λόγος.

696 4320 945 4391 Sequens
979 4324 1119 4380 liber
1169 4327 1389 4382 easdem
1443 4329 1613 4384 nectit
1657 4330 1882 4386 laudum
1915 4335 2192 4393 corollas:

2387 4337 2445 4390 Ὀ
2504 4337 2549 4390 δ’
2600 4336 2796 4408 ἐφεξῆς
2850 4339 2976 4402 τοὺς
3019 4339 3216 4404 αὐτοὺς
3275 4342 3376 4412 μὲν
3429 4343 3537 4396 τῶν
3589 4342 3831 4410 ἐγκωμίων

622 4412 826 4468 clarius
865 4431 994 4470 vero
1029 4419 1420 4489 cogitationum
1471 4436 1694 4476 suarum
1736 4423 1901 4493 jubar
1947 4427 2142 4494 exponi

2308 4428 2496 4481 πλέκει
2543 4431 2872 4498 στεφάνους,
2933 4429 3315 4501 λαμπρότερον
3347 4434 3403 4485 δέ
3461 4451 3578 4497 πως
3627 4434 3715 4504 τὴν
3749 4431 3831 4483 τῶν

628 4504 890 4561 Videntur
941 4509 1018 4563 illi
1067 4526 1259 4567 omnes
1304 4511 1425 4565 libri
1474 4514 1735 4584 quinque,
1767 4526 1890 4585 post
1923 4519 2151 4574 reversic

2308 4518 2590 4586 νοημάτων
2613 4519 2762 4586 ἰσχὺν
2785 4519 3148 4587 ἀπαγγέλλει.
3179 4522 3425 4576 Ἐοίκασι
3449 4524 3494 4576 δ’
3513 4517 3653 4576 οὗτοι
3670 4524 3831 4581 πάντες

623 4610 744 4650 nem
769 4597 838 4651 ab
888 4599 1083 4654 exsilio
1118 4602 1429 4671 compositi.
1477 4601 1601 4658 Haec
1627 4619 1846 4675 quoque
1895 4608 2018 4678 ejus
2062 4610 2146 4664 libi

2308 4609 2350 4661 οἱ
2381 4609 2543 4661 πέντε
2575 4608 2722 4677 λόγοι
2757 4611 2896 4680 μετὰ
2929 4613 3029 4680 τὴν
3058 4612 3166 4665 ἀπὸ
3211 4613 3308 4683 τῆς
3339 4616 3632 4688 ὑπερορίας
3675 4615 3831 4667 ἀνακο-

621 4682 928 4756 fragmenta
962 4699 1110 4745 sunt.

2309 4700 2463 4770 μιδὴν
2505 4701 2881 4771 συντετάχθαι.
2945 4703 3050 4755 Τοῦ
3107 4704 3162 4756 δὲ
3202 4682 3312 4773 νῦν,
3343 4682 3693 4776 λόγουμέρος
3726 4703 3832 4756 εἰσὶν

2224 4765 2270 4821 D
2300 4792 2354 4843 αἱ
2379 4792 2676 4860 ἰτερικοπαλ¹
2699 4793 2808 4844 τῶν
2843 4795 3220 4864 ὑποκειμένων
3245 4797 3529 4867 ῥημάτων.

691 4862 768 4917 Da
797 4864 958 4919 nobis
981 4904 996 4930 ,
1023 4880 1055 4919 ο
1088 4863 1269 4932 Pater,
1299 4878 1547 4923 mutuam
1579 4869 1747 4942 lyram
1778 4883 1923 4928 tuam
1951 4886 2003 4930 et
2036 4886 2187 4933 tuum

2371 4883 2529 4955 [1517
2558 4883 2652 4953 IL]
2683 4885 2903 4954 Χρῆσον
2931 4862 3084 4956 ἡμῖν,
3115 4882 3158 4940 ὧ
3196 4862 3398 4958 Πάτερ,
3427 4890 3524 4960 τὴν
3573 4889 3727 4958 λύραν
3755 4885 3831 4953 τὴν

620 4953 687 5006 ad
748 4963 896 5006 tuam
946 4953 1164 5009 laudem
1207 4960 1444 5012 concede
1503 4960 1786 5028 plectrum.
1851 4965 1965 5021 Etsi
2043 4970 2143 5022 Cﬂil

2307 4974 2432 5039 σήν·
2472 4974 2531 5025 τὸ
2577 4975 2666 5026 σὸν
2697 4976 2778 5035 εἰς
2824 4973 2922 5045 τὴν
2970 4975 3067 5046 σὴν
3125 4979 3402 5048 εὐφημίαν
3453 4980 3686 5033 δάνεισον
3725 4974 3830 5040 πλῆ-

621 5059 817 5098 manns
866 5053 1076 5100 natura:
1134 5048 1324 5103 solutae
1377 5050 1492 5120 lege
1547 5062 1714 5118 sunt,
1769 5056 1865 5109 sed
1935 5058 2046 5128 lyra
2096 5077 2144 5129 pr

2309 5083 2481 5134 K‘EQOV.
2525 5067 2584 5118 Εἰ
2615 5068 2722 5138 γὰρ
2763 5068 2858 5121 καὶ
2887 5069 2942 5121 αί
2975 5072 3151 5140 χεῖρες
3173 5070 3444 5140 ἐλύθησαν
3475 5071 3552 5142 τῷ
3598 5070 3730 5138 νόμῳ
3754 5068 3832 5134 τῆς

622 5149 840 5187 omnem
870 5143 1071 5188 terram
1112 5146 1271 5191 sonat
1321 5139 1466 5195 dono
1507 5143 1712 5212 gratiae.
1760 5143 1834 5199 Da
1868 5148 2023 5203 nobis
2047 5151 2145 5203 illa]

2308 5158 2536 5225 φύσεως,
2599 5158 2711 5210 ἀλλ’
2769 5159 2802 5227 ἡ
2850 5159 2989 5231 λύρα
3047 5161 3135 5214 διὰ
3178 5163 3361 5233 πάσης
3396 5163 3496 5232 τῆς
3547 5158 3831 5227 οἰκουμένης

627 5227 988 5280 immortalem
1017 5229 1282 5298 linguam.
1319 5231 1445 5287 Sola
1477 5235 1621 5290 enim
1652 5247 1744 5292 tua
1775 5238 1957 5309 lingua
1994 5259 2090 5311 par
2111 5262 2150 5298 οε

2309 5250 2427 5316 ηχεῖ
2453 5247 2527 5317 τῷ
2575 5247 2790 5319 δώρῳ⁶¹
2848 5251 2945 5320 τῆς
2968 5251 3210 5321 χάριτος.
3282 5253 3530 5322 Ἐγείνης
3589 5254 3707 5321 ἡμῖν
3755 5247 3832 5312 τῆς

621 5315 688 5368 ad
726 5318 1068 5373 enarrandas
1111 5335 1200 5375 res
1246 5330 1387 5377 tuas.
1427 5323 1722 5396 Propterea
1760 5327 1999 5386 Joannes
2022 5332 2142 5388 Joat

2305 5315 2568 5391 ἀθανάτου
2597 5315 2842 5412 γλόίττης
2878 5315 3104 5411 μετάδος
3130 5361 3142 5374 ·
3177 5345 3310 5413 μόνη
3342 5346 3453 5413 γάρ
3561 5315 3637 5413 οη⁷
3650 5339 3828 5410 γλῶττα

619 5420 741 5460 nem
792 5409 1116 5475 antecessit,
1161 5410 1329 5467 libere
1377 5413 1610 5483 loquens
1665 5419 2038 5477 temulantem.
2089 5425 2142 5486 ρι

2305 5429 2414 5479 τῶν
2445 5429 2555 5481 σῶν
2596 5432 3038 5502 κατορθωμάτων
3065 5435 3211 5501 ἀξία.
3253 5435 3351 5487 Διὰ
3403 5434 3575 5488 ταῦτα
3614 5427 3828 5495 Ἰωάννης

1882 5518 2121 5576 VARIE
2173 5522 2578 5585 LECTIONES.

684 5594 1197 5699 T'ZéK€:3-9'1‘.:.A;.
1253 5605 1771 5699 ⁸⁷..π9ξγαριιογὲουθ
1806 5630 1820 5667 τ
1858 5616 2234 5699 “severitates
2297 5639 2356 5683 ς·
2433 5622 2729 5693 ’δείξεων
2764 5625 2828 5679 Α.
2938 5627 2984 5661 ι’
3006 5626 3187 5698 τρίτος
3229 5627 3268 5682 Β
3305 5646 3316 5681 ε
3352 5629 3533 5699 τρίτος
3591 5625 3622 5695 ῆ
3667 5621 3828 5687 τέταίο

613 5677 700 5727 τος
744 5682 802 5728 ς.
840 5666 993 5737 λόγος
1015 5686 1122 5726 om.
1159 5673 1218 5728 B.
1299 5679 1343 5709 ⁵ο
1375 5666 1497 5733 libri
1522 5666 1817 5753 ’δείξομενξ
1878 5686 1919 5716 ⁸³
1959 5666 2322 5760 δῶῥῳῖλόγῷ
